  <div class='ocr_page' id='page_1' title='image "/cluster/home/n/w/nwhite01/storage/ocr_20150623/16/hvd.32044096580444/149.png"; bbox 0 0 4060 6158; ppageno 0'>
   <div class='ocr_carea' id='block_1_1' title="bbox 398 279 524 350">
    <p class='ocr_par' dir='ltr' id='par_1_1' title="bbox 398 279 524 350">
     <span class='ocr_line' id='line_1_1' title="bbox 398 279 524 350; baseline -0.024 0"><span class='ocrx_word' id='word_1_1' title='bbox 398 279 524 350; x_wconf 70' lang='lat'><strong>287</strong></span> 
     </span>
    </p>
   </div>
   <div class='ocr_carea' id='block_1_2' title="bbox 1836 274 2392 347">
    <p class='ocr_par' dir='ltr' id='par_1_2' title="bbox 1836 274 2392 347">
     <span class='ocr_line' id='line_1_2' title="bbox 1836 274 2392 347; baseline 0 -2"><span class='ocrx_word' id='word_1_2' title='bbox 1836 275 1902 345; x_wconf 80' lang='lat' dir='ltr'><strong>S.</strong></span> <span class='ocrx_word' id='word_1_3' title='bbox 1947 274 2392 347; x_wconf 71' lang='lat' dir='ltr'><strong>AMBROSII.</strong></span> 
     </span>
    </p>
   </div>
   <div class='ocr_carea' id='block_1_3' title="bbox 3719 280 3830 352">
    <p class='ocr_par' dir='ltr' id='par_1_3' title="bbox 3719 280 3830 352">
     <span class='ocr_line' id='line_1_3' title="bbox 3719 280 3830 352; baseline 0 0"><span class='ocrx_word' id='word_1_4' title='bbox 3719 280 3830 352; x_wconf 77' lang='lat'><strong>288</strong></span> 
     </span>
    </p>
   </div>
   <div class='ocr_carea' id='block_1_4' title="bbox 398 463 3820 571">
    <p class='ocr_par' dir='ltr' id='par_1_4' title="bbox 398 463 3820 571">
     <span class='ocr_line' id='line_1_4' title="bbox 398 463 3820 571; baseline -0.002 -12"><span class='ocrx_word' id='word_1_5' title='bbox 398 502 512 559; x_wconf 78' lang='lat' dir='ltr'><strong>est.</strong></span> <span class='ocrx_word' id='word_1_6' title='bbox 541 494 605 556; x_wconf 83' lang='lat' dir='ltr'><strong>Si</strong></span> <span class='ocrx_word' id='word_1_7' title='bbox 633 495 816 571; x_wconf 86' lang='lat' dir='ltr'><strong>igitur</strong></span> <span class='ocrx_word' id='word_1_8' title='bbox 859 490 1136 552; x_wconf 83' lang='lat' dir='ltr'><strong>Christus</strong></span> <span class='ocrx_word' id='word_1_9' title='bbox 1175 505 1293 552; x_wconf 85' lang='lat' dir='ltr'><strong>non</strong></span> <span class='ocrx_word' id='word_1_10' title='bbox 1339 489 1539 553; x_wconf 87' lang='lat' dir='ltr'><strong>docuit</strong></span> <span class='ocrx_word' id='word_1_11' title='bbox 1567 489 1725 569; x_wconf 85' lang='lat' dir='ltr'><strong>quod</strong></span> <span class='ocrx_word' id='word_1_12' title='bbox 1754 487 2061 567; x_wconf 80' lang='lat' dir='ltr'><strong>docemus,</strong></span> <span class='ocrx_word' id='word_1_13' title='bbox 2088 463 2150 537; x_wconf 55' lang='grc' dir='ltr'><strong><em>λ</em></strong></span> <span class='ocrx_word' id='word_1_14' title='bbox 2173 491 2538 568; x_wconf 85' lang='lat' dir='ltr'><strong>copulantur,</strong></span> <span class='ocrx_word' id='word_1_15' title='bbox 2565 498 2620 553; x_wconf 90' lang='lat' dir='ltr'><strong>et</strong></span> <span class='ocrx_word' id='word_1_16' title='bbox 2636 492 3258 570; x_wconf 81' lang='lat' dir='ltr'><strong>quibusdaminvicem</strong></span> <span class='ocrx_word' id='word_1_17' title='bbox 3270 493 3385 552; x_wconf 83' lang='lat' dir='ltr'><strong>sibi</strong></span> <span class='ocrx_word' id='word_1_18' title='bbox 3405 491 3658 552; x_wconf 74' lang='lat' dir='ltr'><strong>habenis</strong></span> <span class='ocrx_word' id='word_1_19' title='bbox 3673 508 3820 551; x_wconf 86' lang='lat' dir='ltr'><strong>amo-</strong></span> 
     </span>
    </p>
   </div>
   <div class='ocr_carea' id='block_1_5' title="bbox 401 572 2066 658">
    <p class='ocr_par' dir='ltr' id='par_1_5' title="bbox 401 572 2066 658">
     <span class='ocr_line' id='line_1_5' title="bbox 401 572 2066 658; baseline -0.004 -12"><span class='ocrx_word' id='word_1_20' title='bbox 401 582 573 646; x_wconf 74' lang='lat' dir='ltr'><strong>etiiim</strong></span> <span class='ocrx_word' id='word_1_21' title='bbox 601 601 713 642; x_wconf 89' lang='lat' dir='ltr'><strong>nos</strong></span> <span class='ocrx_word' id='word_1_22' title='bbox 742 572 803 640; x_wconf 86' lang='lat' dir='ltr'><strong>id</strong></span> <span class='ocrx_word' id='word_1_23' title='bbox 844 573 1192 642; x_wconf 86' lang='lat' dir='ltr'><strong>detestabile</strong></span> <span class='ocrx_word' id='word_1_24' title='bbox 1243 585 1602 658; x_wconf 85' lang='lat' dir='ltr'><strong>judicamus.</strong></span> <span class='ocrx_word' id='word_1_25' title='bbox 1666 579 2066 642; x_wconf 85' lang='lat' dir='ltr'><strong>Discutiamus</strong></span> 
     </span>
    </p>
   </div>
   <div class='ocr_carea' id='block_1_6' title="bbox 395 673 2063 752">
    <p class='ocr_par' dir='ltr' id='par_1_6' title="bbox 395 673 2063 752">
     <span class='ocr_line' id='line_1_6' title="bbox 395 673 2063 752; baseline -0.004 -17"><span class='ocrx_word' id='word_1_26' title='bbox 395 693 541 752; x_wconf 87' lang='lat' dir='ltr'><strong>ergo</strong></span> <span class='ocrx_word' id='word_1_27' title='bbox 572 679 764 732; x_wconf 90' lang='lat' dir='ltr'><strong>utrum</strong></span> <span class='ocrx_word' id='word_1_28' title='bbox 795 673 1073 730; x_wconf 79' lang='lat' dir='ltr'><strong>Christus</strong></span> <span class='ocrx_word' id='word_1_29' title='bbox 1101 675 1496 750; x_wconf 75' lang='lat' dir='ltr'><strong>integritatem</strong></span> <span class='ocrx_word' id='word_1_30' title='bbox 1526 675 1814 746; x_wconf 80' lang='lat' dir='ltr'><strong>docuerit,</strong></span> <span class='ocrx_word' id='word_1_31' title='bbox 1857 691 1931 730; x_wconf 90' lang='lat' dir='ltr'><strong>an</strong></span> <span class='ocrx_word' id='word_1_32' title='bbox 1964 690 2063 730; x_wconf 90' lang='lat' dir='ltr'><strong>re-</strong></span> 
     </span>
    </p>
   </div>
   <div class='ocr_carea' id='block_1_7' title="bbox 391 765 2066 840">
    <p class='ocr_par' dir='ltr' id='par_1_7' title="bbox 391 765 2066 840">
     <span class='ocr_line' id='line_1_7' title="bbox 391 765 2066 840; baseline -0.002 -17"><span class='ocrx_word' id='word_1_33' title='bbox 391 767 746 840; x_wconf 88' lang='lat' dir='ltr'><strong>pudiandam</strong></span> <span class='ocrx_word' id='word_1_34' title='bbox 766 766 1058 836; x_wconf 83' lang='lat' dir='ltr'><strong>putaverit</strong></span> <span class='ocrx_word' id='word_1_35' title='bbox 1081 781 1094 821; x_wconf 90' lang='lat'><strong>:</strong></span> <span class='ocrx_word' id='word_1_36' title='bbox 1120 765 1201 820; x_wconf 85' lang='lat' dir='ltr'><strong>Et</strong></span> <span class='ocrx_word' id='word_1_37' title='bbox 1223 771 1379 835; x_wconf 87' lang='lat' dir='ltr'><strong>sunt,</strong></span> <span class='ocrx_word' id='word_1_38' title='bbox 1406 765 1613 837; x_wconf 83' lang='lat' dir='ltr'><strong>inquit,</strong></span> <span class='ocrx_word' id='word_1_39' title='bbox 1633 765 1944 836; x_wconf 82' lang='lat' dir='ltr'><strong>spadones,</strong></span> <span class='ocrx_word' id='word_1_40' title='bbox 1967 780 2066 838; x_wconf 84' lang='lat' dir='ltr'><strong>qni</strong></span> 
     </span>
    </p>
   </div>
   <div class='ocr_carea' id='block_1_8' title="bbox 392 853 2068 930">
    <p class='ocr_par' dir='ltr' id='par_1_8' title="bbox 392 853 2068 930">
     <span class='ocr_line' id='line_1_8' title="bbox 392 853 2068 930; baseline -0.004 -16"><span class='ocrx_word' id='word_1_41' title='bbox 392 874 462 916; x_wconf 87' lang='lat' dir='ltr'><strong>se</strong></span> <span class='ocrx_word' id='word_1_42' title='bbox 509 859 674 930; x_wconf 86' lang='lat' dir='ltr'><strong>ipsos</strong></span> <span class='ocrx_word' id='word_1_43' title='bbox 727 859 1148 912; x_wconf 85' lang='lat' dir='ltr'><strong>castraverunt</strong></span> <span class='ocrx_word' id='word_1_44' title='bbox 1181 859 1432 927; x_wconf 79' lang='lat' dir='ltr'><strong>propter</strong></span> <span class='ocrx_word' id='word_1_45' title='bbox 1476 871 1724 927; x_wconf 80' lang='lat' dir='ltr'><strong>regnum</strong></span> <span class='ocrx_word' id='word_1_46' title='bbox 1785 853 2068 910; x_wconf 72' lang='lat' dir='ltr'><strong>caelorum</strong></span> 
     </span>
    </p>
   </div>
   <div class='ocr_carea' id='block_1_9' title="bbox 394 941 2064 1018">
    <p class='ocr_par' dir='ltr' id='par_1_9' title="bbox 394 941 2064 1018">
     <span class='ocr_line' id='line_1_9' title="bbox 394 941 2064 1018; baseline -0.002 -17"><span class='ocrx_word' id='word_1_47' title='bbox 394 947 634 1018; x_wconf 88' lang='lat' dir='ltr'><strong>(Matth.</strong></span> <span class='ocrx_word' id='word_1_48' title='bbox 675 961 800 1014; x_wconf 67' lang='lat' dir='ltr'><strong>xxx,</strong></span> <span class='ocrx_word' id='word_1_49' title='bbox 837 945 948 1014; x_wconf 76' lang='lat'><strong>12).</strong></span> <span class='ocrx_word' id='word_1_50' title='bbox 984 944 1090 998; x_wconf 87' lang='lat' dir='ltr'><strong>Est</strong></span> <span class='ocrx_word' id='word_1_51' title='bbox 1147 959 1292 1016; x_wconf 87' lang='lat' dir='ltr'><strong>ergo</strong></span> <span class='ocrx_word' id='word_1_52' title='bbox 1335 941 1622 1014; x_wconf 74' lang='lat' dir='ltr'><strong>praeclara</strong></span> <span class='ocrx_word' id='word_1_53' title='bbox 1671 943 1894 1014; x_wconf 88' lang='lat' dir='ltr'><strong>militia,</strong></span> <span class='ocrx_word' id='word_1_54' title='bbox 1927 959 2064 1014; x_wconf 61' lang='lat' dir='ltr'><strong>quae</strong></span> 
     </span>
    </p>
   </div>
   <div class='ocr_carea' id='block_1_10' title="bbox 390 1023 2070 1109">
    <p class='ocr_par' dir='ltr' id='par_1_10' title="bbox 390 1023 2070 1109">
     <span class='ocr_line' id='line_1_10' title="bbox 390 1023 2070 1109; baseline -0.004 -17"><span class='ocrx_word' id='word_1_55' title='bbox 390 1047 579 1109; x_wconf 86' lang='lat' dir='ltr'><strong>regno</strong></span> <span class='ocrx_word' id='word_1_56' title='bbox 611 1029 895 1090; x_wconf 76' lang='lat' dir='ltr'><strong>cmlorum</strong></span> <span class='ocrx_word' id='word_1_57' title='bbox 932 1025 1157 1088; x_wconf 81' lang='lat' dir='ltr'><strong>militat.</strong></span> <span class='ocrx_word' id='word_1_58' title='bbox 1192 1029 1391 1104; x_wconf 83' lang='lat' dir='ltr'><strong>Itaque</strong></span> <span class='ocrx_word' id='word_1_59' title='bbox 1436 1023 1558 1104; x_wconf 77' lang='lat' dir='ltr'><strong>jam</strong></span> <span class='ocrx_word' id='word_1_60' title='bbox 1605 1027 1745 1088; x_wconf 86' lang='lat' dir='ltr'><strong>tunc</strong></span> <span class='ocrx_word' id='word_1_61' title='bbox 1775 1023 2070 1087; x_wconf 76' lang='lat' dir='ltr'><strong>Dominus</strong></span> 
     </span>
    </p>
   </div>
   <div class='ocr_carea' id='block_1_11' title="bbox 391 1120 1951 1181">
    <p class='ocr_par' dir='ltr' id='par_1_11' title="bbox 391 1120 1951 1181">
     <span class='ocr_line' id='line_1_11' title="bbox 391 1120 1951 1181; baseline -0.004 0"><span class='ocrx_word' id='word_1_62' title='bbox 391 1125 590 1181; x_wconf 85' lang='lat' dir='ltr'><strong>docuit</strong></span> <span class='ocrx_word' id='word_1_63' title='bbox 626 1138 766 1180; x_wconf 89' lang='lat' dir='ltr'><strong>esse</strong></span> <span class='ocrx_word' id='word_1_64' title='bbox 806 1123 1023 1179; x_wconf 83' lang='lat' dir='ltr'><strong>debere</strong></span> <span class='ocrx_word' id='word_1_65' title='bbox 1047 1123 1389 1177; x_wconf 87' lang='lat' dir='ltr'><strong>intemerata</strong></span> <span class='ocrx_word' id='word_1_66' title='bbox 1420 1121 1614 1176; x_wconf 89' lang='lat' dir='ltr'><strong>studia</strong></span> <span class='ocrx_word' id='word_1_67' title='bbox 1637 1120 1951 1176; x_wconf 77' lang='lat' dir='ltr'><strong>castitatis.</strong></span> 
     </span>
    </p>
   </div>
   <div class='ocr_carea' id='block_1_12' title="bbox 458 1210 2062 1284">
    <p class='ocr_par' dir='ltr' id='par_1_12' title="bbox 458 1210 2062 1284">
     <span class='ocr_line' id='line_1_12' title="bbox 458 1210 2062 1284; baseline -0.003 -15"><span class='ocrx_word' id='word_1_68' title='bbox 458 1213 549 1270; x_wconf 77' lang='lat'><strong>29.</strong></span> <span class='ocrx_word' id='word_1_69' title='bbox 609 1213 780 1269; x_wconf 88' lang='lat' dir='ltr'><strong>Unde</strong></span> <span class='ocrx_word' id='word_1_70' title='bbox 838 1215 896 1269; x_wconf 92' lang='lat' dir='ltr'><strong>et</strong></span> <span class='ocrx_word' id='word_1_71' title='bbox 925 1213 1178 1284; x_wconf 85' lang='lat' dir='ltr'><strong>apostoli</strong></span> <span class='ocrx_word' id='word_1_72' title='bbox 1217 1228 1346 1268; x_wconf 89' lang='lat' dir='ltr'><strong>eam</strong></span> <span class='ocrx_word' id='word_1_73' title='bbox 1392 1211 1629 1266; x_wconf 68' lang='lat' dir='ltr'><strong>caeteris</strong></span> <span class='ocrx_word' id='word_1_74' title='bbox 1673 1210 2062 1282; x_wconf 68' lang='lat' dir='ltr'><strong>praeeminere</strong></span> 
     </span>
    </p>
   </div>
   <div class='ocr_carea' id='block_1_13' title="bbox 388 1301 2058 1369">
    <p class='ocr_par' dir='ltr' id='par_1_13' title="bbox 388 1301 2058 1369">
     <span class='ocr_line' id='line_1_13' title="bbox 388 1301 2058 1369; baseline -0.004 -9"><span class='ocrx_word' id='word_1_75' title='bbox 388 1305 738 1360; x_wconf 82' lang='lat' dir='ltr'><strong>cernentes:</strong></span> <span class='ocrx_word' id='word_1_76' title='bbox 776 1301 846 1358; x_wconf 88' lang='lat' dir='ltr'><strong>Si</strong></span> <span class='ocrx_word' id='word_1_77' title='bbox 867 1303 950 1357; x_wconf 85' lang='lat' dir='ltr'><strong>ita</strong></span> <span class='ocrx_word' id='word_1_78' title='bbox 981 1305 1276 1369; x_wconf 81' lang='lat' dir='ltr'><strong>est,aiunt</strong></span> <span class='ocrx_word' id='word_1_79' title='bbox 1308 1317 1484 1356; x_wconf 87' lang='lat' dir='ltr'><strong>causa</strong></span> <span class='ocrx_word' id='word_1_80' title='bbox 1522 1301 1642 1355; x_wconf 82' lang='lat' dir='ltr'><strong>viri</strong></span> <span class='ocrx_word' id='word_1_81' title='bbox 1681 1316 1809 1355; x_wconf 87' lang='lat' dir='ltr'><strong>cum</strong></span> <span class='ocrx_word' id='word_1_82' title='bbox 1842 1313 2058 1368; x_wconf 79' lang='lat' dir='ltr'><strong>uxore,</strong></span> 
     </span>
    </p>
   </div>
   <div class='ocr_carea' id='block_1_14' title="bbox 391 1380 2060 1464">
    <p class='ocr_par' dir='ltr' id='par_1_14' title="bbox 391 1380 2060 1464">
     <span class='ocr_line' id='line_1_14' title="bbox 391 1380 2060 1464; baseline -0.004 -17"><span class='ocrx_word' id='word_1_83' title='bbox 391 1404 503 1448; x_wconf 86' lang='lat' dir='ltr'><strong>non</strong></span> <span class='ocrx_word' id='word_1_84' title='bbox 527 1390 769 1464; x_wconf 74' lang='lat' dir='ltr'><strong>expedit</strong></span> <span class='ocrx_word' id='word_1_85' title='bbox 793 1390 1018 1446; x_wconf 88' lang='lat' dir='ltr'><strong>nubere</strong></span> <span class='ocrx_word' id='word_1_86' title='bbox 1039 1387 1217 1460; x_wconf 89' lang='lat' dir='ltr'><strong>(Ibid.</strong></span> <span class='ocrx_word' id='word_1_87' title='bbox 1244 1388 1354 1461; x_wconf 87' lang='grc'><strong>10).</strong></span> <span class='ocrx_word' id='word_1_88' title='bbox 1374 1390 1500 1456; x_wconf 89' lang='lat' dir='ltr'><strong>Quo</strong></span> <span class='ocrx_word' id='word_1_89' title='bbox 1521 1383 1678 1445; x_wconf 87' lang='lat' dir='ltr'><strong>dicto</strong></span> <span class='ocrx_word' id='word_1_90' title='bbox 1701 1387 1758 1444; x_wconf 91' lang='lat' dir='ltr'><strong>et</strong></span> <span class='ocrx_word' id='word_1_91' title='bbox 1784 1380 2060 1461; x_wconf 77' lang='lat' dir='ltr'><strong>graviora</strong></span> 
     </span>
    </p>
   </div>
   <div class='ocr_carea' id='block_1_15' title="bbox 387 1476 2062 1552">
    <p class='ocr_par' dir='ltr' id='par_1_15' title="bbox 387 1476 2062 1552">
     <span class='ocr_line' id='line_1_15' title="bbox 387 1476 2062 1552; baseline -0.003 -17"><span class='ocrx_word' id='word_1_92' title='bbox 387 1479 803 1552; x_wconf 68' lang='lat' dir='ltr'><strong>iudicaverunt</strong></span> <span class='ocrx_word' id='word_1_93' title='bbox 829 1495 1009 1536; x_wconf 89' lang='lat' dir='ltr'><strong>onera</strong></span> <span class='ocrx_word' id='word_1_94' title='bbox 1048 1480 1271 1535; x_wconf 85' lang='lat' dir='ltr'><strong>vinculi</strong></span> <span class='ocrx_word' id='word_1_95' title='bbox 1313 1479 1672 1551; x_wconf 84' lang='lat' dir='ltr'><strong>conjugalis,</strong></span> <span class='ocrx_word' id='word_1_96' title='bbox 1708 1481 1766 1534; x_wconf 89' lang='lat' dir='ltr'><strong>et</strong></span> <span class='ocrx_word' id='word_1_97' title='bbox 1803 1492 1944 1534; x_wconf 87' lang='lat' dir='ltr'><strong>vere</strong></span> <span class='ocrx_word' id='word_1_98' title='bbox 1975 1476 2062 1531; x_wconf 85' lang='lat' dir='ltr'><strong>in-</strong></span> 
     </span>
    </p>
   </div>
   <div class='ocr_carea' id='block_1_16' title="bbox 385 1566 2060 1643">
    <p class='ocr_par' dir='ltr' id='par_1_16' title="bbox 385 1566 2060 1643">
     <span class='ocr_line' id='line_1_16' title="bbox 385 1566 2060 1643; baseline -0.003 -18"><span class='ocrx_word' id='word_1_99' title='bbox 385 1568 679 1643; x_wconf 86' lang='lat' dir='ltr'><strong>tegritatis</strong></span> <span class='ocrx_word' id='word_1_100' title='bbox 723 1569 970 1642; x_wconf 76' lang='lat' dir='ltr'><strong>gratiam</strong></span> <span class='ocrx_word' id='word_1_101' title='bbox 1019 1569 1424 1641; x_wconf 77' lang='lat' dir='ltr'><strong>praetulerunt.</strong></span> <span class='ocrx_word' id='word_1_102' title='bbox 1475 1568 1592 1624; x_wconf 89' lang='lat' dir='ltr'><strong>Sed</strong></span> <span class='ocrx_word' id='word_1_103' title='bbox 1643 1567 1929 1623; x_wconf 87' lang='lat' dir='ltr'><strong>Dominus</strong></span> <span class='ocrx_word' id='word_1_104' title='bbox 1959 1566 2060 1638; x_wconf 88' lang='lat' dir='ltr'><strong>qui</strong></span> 
     </span>
    </p>
   </div>
   <div class='ocr_carea' id='block_1_17' title="bbox 386 1656 2060 1731">
    <p class='ocr_par' dir='ltr' id='par_1_17' title="bbox 386 1656 2060 1731">
     <span class='ocr_line' id='line_1_17' title="bbox 386 1656 2060 1731; baseline -0.003 -17"><span class='ocrx_word' id='word_1_105' title='bbox 386 1661 568 1714; x_wconf 86' lang='lat' dir='ltr'><strong>sciret</strong></span> <span class='ocrx_word' id='word_1_106' title='bbox 605 1659 1042 1730; x_wconf 72' lang='lat' dir='ltr'><strong>praedicandam</strong></span> <span class='ocrx_word' id='word_1_107' title='bbox 1066 1659 1342 1714; x_wconf 89' lang='lat' dir='ltr'><strong>omnibus</strong></span> <span class='ocrx_word' id='word_1_108' title='bbox 1375 1657 1790 1731; x_wconf 84' lang='lat' dir='ltr'><strong>integritatem,</strong></span> <span class='ocrx_word' id='word_1_109' title='bbox 1825 1656 2060 1711; x_wconf 88' lang='lat' dir='ltr'><strong>imitan-</strong></span> 
     </span>
    </p>
   </div>
   <div class='ocr_carea' id='block_1_18' title="bbox 385 1744 2059 1820">
    <p class='ocr_par' dir='ltr' id='par_1_18' title="bbox 385 1744 2059 1820">
     <span class='ocr_line' id='line_1_18' title="bbox 385 1744 2059 1820; baseline -0.004 -16"><span class='ocrx_word' id='word_1_110' title='bbox 385 1748 519 1804; x_wconf 85' lang='lat' dir='ltr'><strong>dam</strong></span> <span class='ocrx_word' id='word_1_111' title='bbox 558 1749 766 1820; x_wconf 85' lang='lat' dir='ltr'><strong>paucis</strong></span> <span class='ocrx_word' id='word_1_112' title='bbox 799 1765 814 1804; x_wconf 85' lang='lat'><strong>:</strong></span> <span class='ocrx_word' id='word_1_113' title='bbox 847 1747 981 1804; x_wconf 90' lang='lat' dir='ltr'><strong>Non</strong></span> <span class='ocrx_word' id='word_1_114' title='bbox 1011 1763 1232 1818; x_wconf 89' lang='lat' dir='ltr'><strong>omnes,</strong></span> <span class='ocrx_word' id='word_1_115' title='bbox 1266 1747 1472 1820; x_wconf 89' lang='lat' dir='ltr'><strong>inquit,</strong></span> <span class='ocrx_word' id='word_1_116' title='bbox 1525 1747 1762 1818; x_wconf 85' lang='lat' dir='ltr'><strong>capiunt</strong></span> <span class='ocrx_word' id='word_1_117' title='bbox 1815 1744 2059 1800; x_wconf 79' lang='lat' dir='ltr'><strong>verbum</strong></span> 
     </span>
    </p>
   </div>
   <div class='ocr_carea' id='block_1_19' title="bbox 2170 582 2676 642">
    <p class='ocr_par' dir='ltr' id='par_1_19' title="bbox 2170 582 2676 642">
     <span class='ocr_line' id='line_1_19' title="bbox 2170 582 2676 642; baseline 0.004 -2"><span class='ocrx_word' id='word_1_118' title='bbox 2170 585 2256 640; x_wconf 88' lang='lat' dir='ltr'><strong>ris</strong></span> <span class='ocrx_word' id='word_1_119' title='bbox 2269 582 2497 642; x_wconf 86' lang='lat' dir='ltr'><strong>astricti</strong></span> <span class='ocrx_word' id='word_1_120' title='bbox 2519 588 2676 642; x_wconf 90' lang='lat' dir='ltr'><strong>sunt.</strong></span> 
     </span>
    </p>
   </div>
   <div class='ocr_carea' id='block_1_20' title="bbox 2241 674 3830 749">
    <p class='ocr_par' dir='ltr' id='par_1_20' title="bbox 2241 674 3830 749">
     <span class='ocr_line' id='line_1_20' title="bbox 2241 674 3830 749; baseline 0 -18"><span class='ocrx_word' id='word_1_121' title='bbox 2241 677 2330 732; x_wconf 83' lang='lat'><strong>83.</strong></span> <span class='ocrx_word' id='word_1_122' title='bbox 2363 677 2524 732; x_wconf 91' lang='lat' dir='ltr'><strong>Bona</strong></span> <span class='ocrx_word' id='word_1_123' title='bbox 2555 677 2738 749; x_wconf 81' lang='lat' dir='ltr'><strong>igitur</strong></span> <span class='ocrx_word' id='word_1_124' title='bbox 2782 677 3017 733; x_wconf 88' lang='lat' dir='ltr'><strong>vincula</strong></span> <span class='ocrx_word' id='word_1_125' title='bbox 3059 675 3430 748; x_wconf 86' lang='lat' dir='ltr'><strong>nuptiarum,</strong></span> <span class='ocrx_word' id='word_1_126' title='bbox 3476 674 3582 731; x_wconf 86' lang='lat' dir='ltr'><strong>sed</strong></span> <span class='ocrx_word' id='word_1_127' title='bbox 3640 679 3830 731; x_wconf 84' lang='lat' dir='ltr'><strong>tamen</strong></span> 
     </span>
    </p>
   </div>
   <div class='ocr_carea' id='block_1_21' title="bbox 2169 764 3842 840">
    <p class='ocr_par' dir='ltr' id='par_1_21' title="bbox 2169 764 3842 840">
     <span class='ocr_line' id='line_1_21' title="bbox 2169 764 3842 840; baseline 0 -20"><span class='ocrx_word' id='word_1_128' title='bbox 2169 767 2405 822; x_wconf 87' lang='lat' dir='ltr'><strong>vincula</strong></span> <span class='ocrx_word' id='word_1_129' title='bbox 2441 782 2453 822; x_wconf 93' lang='lat'>:</span> <span class='ocrx_word' id='word_1_130' title='bbox 2488 767 2707 822; x_wconf 87' lang='lat' dir='ltr'><strong>bonum</strong></span> <span class='ocrx_word' id='word_1_131' title='bbox 2737 766 3082 840; x_wconf 80' lang='lat' dir='ltr'><strong>conjugium</strong></span> <span class='ocrx_word' id='word_1_132' title='bbox 3114 767 3246 836; x_wconf 77' lang='lat'><strong>(27),</strong></span> <span class='ocrx_word' id='word_1_133' title='bbox 3273 767 3382 822; x_wconf 91' lang='lat' dir='ltr'><strong>sed</strong></span> <span class='ocrx_word' id='word_1_134' title='bbox 3409 770 3605 822; x_wconf 90' lang='lat' dir='ltr'><strong>tamen</strong></span> <span class='ocrx_word' id='word_1_135' title='bbox 3626 782 3657 820; x_wconf 88' lang='lat' dir='ltr'><strong>a</strong></span> <span class='ocrx_word' id='word_1_136' title='bbox 3682 764 3842 838; x_wconf 33' lang='lat' dir='ltr'><strong>jugo&#39;</strong></span> 
     </span>
    </p>
   </div>
   <div class='ocr_carea' id='block_1_22' title="bbox 2169 854 3831 929">
    <p class='ocr_par' dir='ltr' id='par_1_22' title="bbox 2169 854 3831 929">
     <span class='ocr_line' id='line_1_22' title="bbox 2169 854 3831 929; baseline -0.002 -19"><span class='ocrx_word' id='word_1_137' title='bbox 2169 858 2438 926; x_wconf 86' lang='lat' dir='ltr'><strong>tractum,</strong></span> <span class='ocrx_word' id='word_1_138' title='bbox 2465 855 2686 929; x_wconf 85' lang='lat' dir='ltr'><strong>etjugo</strong></span> <span class='ocrx_word' id='word_1_139' title='bbox 2721 857 2919 911; x_wconf 87' lang='lat' dir='ltr'><strong>mundi</strong></span> <span class='ocrx_word' id='word_1_140' title='bbox 2945 873 2960 925; x_wconf 83' lang='lat'><strong>;</strong></span> <span class='ocrx_word' id='word_1_141' title='bbox 3007 859 3069 911; x_wconf 91' lang='lat' dir='ltr'><strong>ut</strong></span> <span class='ocrx_word' id='word_1_142' title='bbox 3099 856 3226 910; x_wconf 89' lang='lat' dir='ltr'><strong>viro</strong></span> <span class='ocrx_word' id='word_1_143' title='bbox 3254 855 3450 926; x_wconf 88' lang='lat' dir='ltr'><strong>potius</strong></span> <span class='ocrx_word' id='word_1_144' title='bbox 3482 855 3677 926; x_wconf 86' lang='lat' dir='ltr'><strong>cupiat</strong></span> <span class='ocrx_word' id='word_1_145' title='bbox 3706 854 3831 925; x_wconf 89' lang='lat' dir='ltr'><strong>pla-</strong></span> 
     </span>
    </p>
   </div>
   <div class='ocr_carea' id='block_1_23' title="bbox 2171 943 3835 1018">
    <p class='ocr_par' dir='ltr' id='par_1_23' title="bbox 2171 943 3835 1018">
     <span class='ocr_line' id='line_1_23' title="bbox 2171 943 3835 1018; baseline -0.002 -17"><span class='ocrx_word' id='word_1_146' title='bbox 2171 959 2325 1014; x_wconf 88' lang='lat' dir='ltr'><strong>cere,</strong></span> <span class='ocrx_word' id='word_1_147' title='bbox 2361 962 2535 1018; x_wconf 91' lang='lat' dir='ltr'><strong>quam</strong></span> <span class='ocrx_word' id='word_1_148' title='bbox 2557 946 2699 1002; x_wconf 90' lang='lat' dir='ltr'><strong>Deo.</strong></span> <span class='ocrx_word' id='word_1_149' title='bbox 2744 945 2903 1000; x_wconf 83' lang='lat' dir='ltr'><strong>Bona</strong></span> <span class='ocrx_word' id='word_1_150' title='bbox 2940 943 3114 1002; x_wconf 88' lang='lat' dir='ltr'><strong>etiam</strong></span> <span class='ocrx_word' id='word_1_151' title='bbox 3150 943 3395 1001; x_wconf 75' lang='lat' dir='ltr'><strong>vulnera</strong></span> <span class='ocrx_word' id='word_1_152' title='bbox 3427 943 3751 1013; x_wconf 84' lang='lat' dir='ltr'><strong>cbaritatis,</strong></span> <span class='ocrx_word' id='word_1_153' title='bbox 3777 945 3835 998; x_wconf 89' lang='lat' dir='ltr'><strong>et</strong></span> 
     </span>
    </p>
   </div>
   <div class='ocr_carea' id='block_1_24' title="bbox 2171 1026 3830 1106">
    <p class='ocr_par' dir='ltr' id='par_1_24' title="bbox 2171 1026 3830 1106">
     <span class='ocr_line' id='line_1_24' title="bbox 2171 1026 3830 1106; baseline -0.003 -15"><span class='ocrx_word' id='word_1_154' title='bbox 2171 1026 2397 1091; x_wconf 77' lang='lat' dir='ltr'><strong>osculis</strong></span> <span class='ocrx_word' id='word_1_155' title='bbox 2448 1029 2816 1106; x_wconf 71' lang='lat' dir='ltr'><strong>praeferenda</strong></span> <span class='ocrx_word' id='word_1_156' title='bbox 2850 1045 2862 1092; x_wconf 81' lang='lat'><strong>:</strong></span> <span class='ocrx_word' id='word_1_157' title='bbox 2905 1029 3088 1092; x_wconf 83' lang='lat' dir='ltr'><strong>Utilia</strong></span> <span class='ocrx_word' id='word_1_158' title='bbox 3122 1033 3301 1103; x_wconf 87' lang='lat' dir='ltr'><strong>enim,</strong></span> <span class='ocrx_word' id='word_1_159' title='bbox 3355 1029 3601 1088; x_wconf 73' lang='lat' dir='ltr'><strong>Vulnera</strong></span> <span class='ocrx_word' id='word_1_160' title='bbox 3634 1033 3830 1101; x_wconf 88' lang='lat' dir='ltr'><strong>amici,</strong></span> 
     </span>
    </p>
   </div>
   <div class='ocr_carea' id='block_1_25' title="bbox 2171 1119 3832 1194">
    <p class='ocr_par' dir='ltr' id='par_1_25' title="bbox 2171 1119 3832 1194">
     <span class='ocr_line' id='line_1_25' title="bbox 2171 1119 3832 1194; baseline -0.002 -16"><span class='ocrx_word' id='word_1_161' title='bbox 2171 1139 2338 1194; x_wconf 86' lang='lat' dir='ltr'><strong>quam</strong></span> <span class='ocrx_word' id='word_1_162' title='bbox 2382 1123 2713 1180; x_wconf 84' lang='lat' dir='ltr'><strong>voluntaria</strong></span> <span class='ocrx_word' id='word_1_163' title='bbox 2754 1125 2949 1182; x_wconf 87' lang='lat' dir='ltr'><strong>oscula</strong></span> <span class='ocrx_word' id='word_1_164' title='bbox 2993 1125 3227 1180; x_wconf 86' lang='lat' dir='ltr'><strong>inimici</strong></span> <span class='ocrx_word' id='word_1_165' title='bbox 3267 1124 3478 1193; x_wconf 77' lang='lat' dir='ltr'><strong>(Prov.</strong></span> <span class='ocrx_word' id='word_1_166' title='bbox 3524 1136 3718 1186; x_wconf 72' lang='lat' dir='ltr'><strong>xxv&quot;,</strong></span> <span class='ocrx_word' id='word_1_167' title='bbox 3753 1119 3832 1189; x_wconf 73' lang='lat'><strong>6).</strong></span> 
     </span>
    </p>
   </div>
   <div class='ocr_carea' id='block_1_26' title="bbox 2172 1210 3836 1286">
    <p class='ocr_par' dir='ltr' id='par_1_26' title="bbox 2172 1210 3836 1286">
     <span class='ocr_line' id='line_1_26' title="bbox 2172 1210 3836 1286; baseline -0.001 -18"><span class='ocrx_word' id='word_1_168' title='bbox 2172 1212 2438 1286; x_wconf 85' lang='lat' dir='ltr'><strong>Denique</strong></span> <span class='ocrx_word' id='word_1_169' title='bbox 2468 1215 2678 1270; x_wconf 84' lang='lat' dir='ltr'><strong>Petrus</strong></span> <span class='ocrx_word' id='word_1_170' title='bbox 2705 1213 2978 1270; x_wconf 81' lang='lat' dir='ltr'><strong>vulnerat</strong></span> <span class='ocrx_word' id='word_1_171' title='bbox 3007 1214 3245 1285; x_wconf 72' lang='lat' dir='ltr'><strong>(.lIattIi.</strong></span> <span class='ocrx_word' id='word_1_172' title='bbox 3288 1229 3450 1281; x_wconf 78' lang='lat' dir='ltr'><strong>xxw,</strong></span> <span class='ocrx_word' id='word_1_173' title='bbox 3491 1211 3604 1281; x_wconf 80' lang='grc'><strong>51),</strong></span> <span class='ocrx_word' id='word_1_174' title='bbox 3645 1210 3836 1266; x_wconf 78' lang='lat' dir='ltr'><strong>Judas</strong></span> 
     </span>
    </p>
   </div>
   <div class='ocr_carea' id='block_1_27' title="bbox 2169 1299 3835 1374">
    <p class='ocr_par' dir='ltr' id='par_1_27' title="bbox 2169 1299 3835 1374">
     <span class='ocr_line' id='line_1_27' title="bbox 2169 1299 3835 1374; baseline -0.001 -18"><span class='ocrx_word' id='word_1_175' title='bbox 2169 1302 2473 1357; x_wconf 87' lang='lat' dir='ltr'><strong>osculatur</strong></span> <span class='ocrx_word' id='word_1_176' title='bbox 2492 1303 2670 1372; x_wconf 89' lang='lat' dir='ltr'><strong>(Ibid.</strong></span> <span class='ocrx_word' id='word_1_177' title='bbox 2693 1304 2784 1374; x_wconf 81' lang='lat'><strong>49)</strong></span> <span class='ocrx_word' id='word_1_178' title='bbox 2801 1320 2816 1373; x_wconf 86' lang='lat'><strong>;</strong></span> <span class='ocrx_word' id='word_1_179' title='bbox 2835 1303 2996 1359; x_wconf 89' lang='lat' dir='ltr'><strong>illum</strong></span> <span class='ocrx_word' id='word_1_180' title='bbox 3017 1302 3222 1360; x_wconf 87' lang='lat' dir='ltr'><strong>oscula</strong></span> <span class='ocrx_word' id='word_1_181' title='bbox 3240 1301 3652 1370; x_wconf 89' lang='lat' dir='ltr'><strong>condemnant,</strong></span> <span class='ocrx_word' id='word_1_182' title='bbox 3675 1299 3835 1354; x_wconf 89' lang='lat' dir='ltr'><strong>hunc</strong></span> 
     </span>
    </p>
   </div>
   <div class='ocr_carea' id='block_1_28' title="bbox 2167 1384 3837 1463">
    <p class='ocr_par' dir='ltr' id='par_1_28' title="bbox 2167 1384 3837 1463">
     <span class='ocr_line' id='line_1_28' title="bbox 2167 1384 3837 1463; baseline -0.001 -17"><span class='ocrx_word' id='word_1_183' title='bbox 2167 1384 2384 1446; x_wconf 87' lang='lat' dir='ltr'><strong>vulnus</strong></span> <span class='ocrx_word' id='word_1_184' title='bbox 2415 1391 2720 1462; x_wconf 81' lang='lat' dir='ltr'><strong>emendat;</strong></span> <span class='ocrx_word' id='word_1_185' title='bbox 2758 1393 2918 1448; x_wconf 90' lang='lat' dir='ltr'><strong>illius</strong></span> <span class='ocrx_word' id='word_1_186' title='bbox 2958 1391 3186 1448; x_wconf 82' lang='lat' dir='ltr'><strong>osculis</strong></span> <span class='ocrx_word' id='word_1_187' title='bbox 3223 1390 3576 1463; x_wconf 84' lang='lat' dir='ltr'><strong>proditionis</strong></span> <span class='ocrx_word' id='word_1_188' title='bbox 3608 1404 3837 1444; x_wconf 81' lang='lat' dir='ltr'><strong>venena</strong></span> 
     </span>
    </p>
   </div>
   <div class='ocr_carea' id='block_1_29' title="bbox 2167 1465 3836 1552">
    <p class='ocr_par' dir='ltr' id='par_1_29' title="bbox 2167 1465 3836 1552">
     <span class='ocr_line' id='line_1_29' title="bbox 2167 1465 3836 1552; baseline 0 -18"><span class='ocrx_word' id='word_1_189' title='bbox 2167 1479 2527 1551; x_wconf 84' lang='lat' dir='ltr'><strong>funduntur,</strong></span> <span class='ocrx_word' id='word_1_190' title='bbox 2571 1475 2744 1537; x_wconf 83' lang='lat' dir='ltr'><strong>istius</strong></span> <span class='ocrx_word' id='word_1_191' title='bbox 2793 1475 3053 1538; x_wconf 88' lang='lat' dir='ltr'><strong>lacrimis</strong></span> <span class='ocrx_word' id='word_1_192' title='bbox 3108 1480 3278 1552; x_wconf 89' lang='lat' dir='ltr'><strong>culpa</strong></span> <span class='ocrx_word' id='word_1_193' title='bbox 3341 1465 3588 1535; x_wconf 78' lang='lat' dir='ltr'><strong>lavatur.</strong></span> <span class='ocrx_word' id='word_1_194' title='bbox 3637 1479 3836 1550; x_wconf 87' lang='lat' dir='ltr'><strong>Itaque</strong></span> 
     </span>
    </p>
   </div>
   <div class='ocr_carea' id='block_1_30' title="bbox 2167 1563 3838 1642">
    <p class='ocr_par' dir='ltr' id='par_1_30' title="bbox 2167 1563 3838 1642">
     <span class='ocr_line' id='line_1_30' title="bbox 2167 1563 3838 1642; baseline -0.001 -19"><span class='ocrx_word' id='word_1_195' title='bbox 2167 1572 2229 1623; x_wconf 92' lang='lat' dir='ltr'><strong>ut</strong></span> <span class='ocrx_word' id='word_1_196' title='bbox 2277 1571 2617 1626; x_wconf 90' lang='lat' dir='ltr'><strong>ostenderet</strong></span> <span class='ocrx_word' id='word_1_197' title='bbox 2680 1587 2878 1627; x_wconf 87' lang='lat' dir='ltr'><strong>sermo</strong></span> <span class='ocrx_word' id='word_1_198' title='bbox 2925 1570 3309 1642; x_wconf 83' lang='lat' dir='ltr'><strong>propheticus</strong></span> <span class='ocrx_word' id='word_1_199' title='bbox 3367 1565 3524 1624; x_wconf 89' lang='lat' dir='ltr'><strong>bona</strong></span> <span class='ocrx_word' id='word_1_200' title='bbox 3588 1563 3838 1622; x_wconf 82' lang='lat' dir='ltr'><strong>vulnera</strong></span> 
     </span>
    </p>
   </div>
   <div class='ocr_carea' id='block_1_31' title="bbox 2167 1655 3832 1729">
    <p class='ocr_par' dir='ltr' id='par_1_31' title="bbox 2167 1655 3832 1729">
     <span class='ocr_line' id='line_1_31' title="bbox 2167 1655 3832 1729; baseline -0.001 -17"><span class='ocrx_word' id='word_1_201' title='bbox 2167 1655 2518 1729; x_wconf 87' lang='lat' dir='ltr'><strong>charitatis,</strong></span> <span class='ocrx_word' id='word_1_202' title='bbox 2571 1660 2836 1715; x_wconf 79' lang='lat' dir='ltr'><strong>Ecclesia</strong></span> <span class='ocrx_word' id='word_1_203' title='bbox 2895 1661 3036 1716; x_wconf 80' lang='lat' dir='ltr'><strong>dicit</strong></span> <span class='ocrx_word' id='word_1_204' title='bbox 3110 1661 3168 1714; x_wconf 91' lang='lat' dir='ltr'><strong>in</strong></span> <span class='ocrx_word' id='word_1_205' title='bbox 3235 1657 3495 1714; x_wconf 85' lang='lat' dir='ltr'><strong>Canticis</strong></span> <span class='ocrx_word' id='word_1_206' title='bbox 3565 1656 3832 1712; x_wconf 85' lang='lat' dir='ltr'><strong>cantico-</strong></span> 
     </span>
    </p>
   </div>
   <div class='ocr_carea' id='block_1_32' title="bbox 2165 1745 3834 1822">
    <p class='ocr_par' dir='ltr' id='par_1_32' title="bbox 2165 1745 3834 1822">
     <span class='ocr_line' id='line_1_32' title="bbox 2165 1745 3834 1822; baseline -0.001 -20"><span class='ocrx_word' id='word_1_207' title='bbox 2165 1761 2294 1802; x_wconf 85' lang='lat' dir='ltr'><strong>rum</strong></span> <span class='ocrx_word' id='word_1_208' title='bbox 2335 1763 2347 1804; x_wconf 93' lang='lat'><strong>:</strong></span> <span class='ocrx_word' id='word_1_209' title='bbox 2386 1747 2531 1814; x_wconf 84' lang='lat' dir='ltr'><strong>Quia</strong></span> <span class='ocrx_word' id='word_1_210' title='bbox 2589 1749 2894 1805; x_wconf 81' lang='lat' dir='ltr'><strong>vulnerata</strong></span> <span class='ocrx_word' id='word_1_211' title='bbox 2944 1749 3264 1805; x_wconf 82' lang='lat' dir='ltr'><strong>cliaritatis</strong></span> <span class='ocrx_word' id='word_1_212' title='bbox 3301 1763 3410 1822; x_wconf 84' lang='lat' dir='ltr'><strong>ego</strong></span> <span class='ocrx_word' id='word_1_213' title='bbox 3461 1763 3588 1802; x_wconf 79' lang='lat' dir='ltr'><strong>sum</strong></span> <span class='ocrx_word' id='word_1_214' title='bbox 3634 1745 3834 1817; x_wconf 84' lang='lat' dir='ltr'><strong>(Cant.</strong></span> 
     </span>
    </p>
   </div>
   <div class='ocr_carea' id='block_1_33' title="bbox 384 1835 2046 1917">
    <p class='ocr_par' dir='ltr' id='par_1_33' title="bbox 384 1835 2046 1911">
     <span class='ocr_line' id='line_1_33' title="bbox 384 1835 2046 1911; baseline -0.002 -18"><span class='ocrx_word' id='word_1_215' title='bbox 384 1837 565 1902; x_wconf 89' lang='lat' dir='ltr'><strong>istud,</strong></span> <span class='ocrx_word' id='word_1_216' title='bbox 599 1838 710 1894; x_wconf 89' lang='lat' dir='ltr'><strong>sed</strong></span> <span class='ocrx_word' id='word_1_217' title='bbox 731 1837 948 1911; x_wconf 83' lang='lat' dir='ltr'><strong>quibus</strong></span> <span class='ocrx_word' id='word_1_218' title='bbox 975 1837 1172 1892; x_wconf 88' lang='lat' dir='ltr'><strong>datum</strong></span> <span class='ocrx_word' id='word_1_219' title='bbox 1197 1842 1288 1892; x_wconf 90' lang='lat' dir='ltr'><strong>est</strong></span> <span class='ocrx_word' id='word_1_220' title='bbox 1309 1837 1486 1905; x_wconf 88' lang='lat' dir='ltr'><strong>(Ibid.</strong></span> <span class='ocrx_word' id='word_1_221' title='bbox 1523 1836 1632 1906; x_wconf 87' lang='grc'><strong>11),</strong></span> <span class='ocrx_word' id='word_1_222' title='bbox 1657 1835 1772 1890; x_wconf 87' lang='lat' dir='ltr'><strong>hoc</strong></span> <span class='ocrx_word' id='word_1_223' title='bbox 1803 1837 1914 1905; x_wconf 92' lang='lat' dir='ltr'><strong>est,</strong></span> <span class='ocrx_word' id='word_1_224' title='bbox 1940 1841 2046 1890; x_wconf 80' lang='lat' dir='ltr'><strong>non</strong></span> 
     </span>
    </p>
   </div>
   <div class='ocr_carea' id='block_1_34' title="bbox 2180 1835 2347 1917">
    <p class='ocr_par' dir='ltr' id='par_1_34' title="bbox 2180 1838 2347 1917">
     <span class='ocr_line' id='line_1_34' title="bbox 2180 1838 2347 1917; baseline 0.012 -28"><span class='ocrx_word' id='word_1_225' title='bbox 2180 1852 2225 1906; x_wconf 77' lang='lat' dir='ltr'><strong>ri,</strong></span> <span class='ocrx_word' id='word_1_226' title='bbox 2239 1838 2347 1917; x_wconf 43' lang='lat' dir='ltr'><strong>Ab).</strong></span> 
     </span>
    </p>
   </div>
   <div class='ocr_carea' id='block_1_35' title="bbox 385 1925 2058 1998">
    <p class='ocr_par' dir='ltr' id='par_1_35' title="bbox 385 1925 2058 1998">
     <span class='ocr_line' id='line_1_35' title="bbox 385 1925 2058 1998; baseline -0.003 -16"><span class='ocrx_word' id='word_1_227' title='bbox 385 1930 478 1983; x_wconf 89' lang='lat' dir='ltr'><strong>est</strong></span> <span class='ocrx_word' id='word_1_228' title='bbox 499 1928 831 1982; x_wconf 89' lang='lat' dir='ltr'><strong>communis</strong></span> <span class='ocrx_word' id='word_1_229' title='bbox 863 1928 1156 1998; x_wconf 81' lang='lat' dir='ltr'><strong>plurimis,</strong></span> <span class='ocrx_word' id='word_1_230' title='bbox 1189 1929 1244 1982; x_wconf 92' lang='lat' dir='ltr'><strong>et</strong></span> <span class='ocrx_word' id='word_1_231' title='bbox 1275 1925 1540 1998; x_wconf 87' lang='lat' dir='ltr'><strong>vulgaris</strong></span> <span class='ocrx_word' id='word_1_232' title='bbox 1573 1925 1919 1996; x_wconf 82' lang='lat' dir='ltr'><strong>integritas:</strong></span> <span class='ocrx_word' id='word_1_233' title='bbox 1947 1938 2058 1978; x_wconf 92' lang='lat' dir='ltr'><strong>nec</strong></span> 
     </span>
    </p>
   </div>
   <div class='ocr_carea' id='block_1_36' title="bbox 381 2015 2058 2088">
    <p class='ocr_par' dir='ltr' id='par_1_36' title="bbox 381 2015 2058 2088">
     <span class='ocr_line' id='line_1_36' title="bbox 381 2015 2058 2088; baseline -0.003 -17"><span class='ocrx_word' id='word_1_234' title='bbox 381 2031 490 2088; x_wconf 90' lang='lat' dir='ltr'><strong>pro</strong></span> <span class='ocrx_word' id='word_1_235' title='bbox 522 2016 854 2072; x_wconf 76' lang='lat' dir='ltr'><strong>infirmitate</strong></span> <span class='ocrx_word' id='word_1_236' title='bbox 904 2017 1273 2088; x_wconf 85' lang='lat' dir='ltr'><strong>permittitur,</strong></span> <span class='ocrx_word' id='word_1_237' title='bbox 1299 2017 1404 2071; x_wconf 90' lang='lat' dir='ltr'><strong>sed</strong></span> <span class='ocrx_word' id='word_1_238' title='bbox 1437 2032 1544 2086; x_wconf 91' lang='lat' dir='ltr'><strong>pro</strong></span> <span class='ocrx_word' id='word_1_239' title='bbox 1593 2015 1806 2068; x_wconf 85' lang='lat' dir='ltr'><strong>virtute</strong></span> <span class='ocrx_word' id='word_1_240' title='bbox 1846 2027 2058 2067; x_wconf 84' lang='lat' dir='ltr'><strong>conce-</strong></span> 
     </span>
    </p>
   </div>
   <div class='ocr_carea' id='block_1_37' title="bbox 384 2100 2059 2177">
    <p class='ocr_par' dir='ltr' id='par_1_37' title="bbox 384 2100 2059 2177">
     <span class='ocr_line' id='line_1_37' title="bbox 384 2100 2059 2177; baseline -0.003 -18"><span class='ocrx_word' id='word_1_241' title='bbox 384 2103 560 2160; x_wconf 85' lang='lat' dir='ltr'><strong>ditur.</strong></span> <span class='ocrx_word' id='word_1_242' title='bbox 587 2105 853 2177; x_wconf 83' lang='lat' dir='ltr'><strong>Denique</strong></span> <span class='ocrx_word' id='word_1_243' title='bbox 887 2119 1018 2160; x_wconf 86' lang='lat' dir='ltr'><strong>cum</strong></span> <span class='ocrx_word' id='word_1_244' title='bbox 1042 2105 1294 2160; x_wconf 79' lang='lat' dir='ltr'><strong>dixisset</strong></span> <span class='ocrx_word' id='word_1_245' title='bbox 1319 2121 1332 2160; x_wconf 76' lang='grc' dir='ltr'>ε</span> <span class='ocrx_word' id='word_1_246' title='bbox 1361 2105 1438 2159; x_wconf 83' lang='lat' dir='ltr'><strong>Et</strong></span> <span class='ocrx_word' id='word_1_247' title='bbox 1469 2109 1606 2159; x_wconf 90' lang='lat' dir='ltr'><strong>sunt</strong></span> <span class='ocrx_word' id='word_1_248' title='bbox 1636 2103 1934 2174; x_wconf 83' lang='lat' dir='ltr'><strong>spadones</strong></span> <span class='ocrx_word' id='word_1_249' title='bbox 1958 2100 2059 2174; x_wconf 89' lang='lat' dir='ltr'><strong>qui</strong></span> 
     </span>
    </p>
   </div>
   <div class='ocr_carea' id='block_1_38' title="bbox 383 2191 2056 2267">
    <p class='ocr_par' dir='ltr' id='par_1_38' title="bbox 383 2191 2056 2267">
     <span class='ocr_line' id='line_1_38' title="bbox 383 2191 2056 2267; baseline -0.004 -18"><span class='ocrx_word' id='word_1_250' title='bbox 383 2209 452 2249; x_wconf 88' lang='lat' dir='ltr'><strong>se</strong></span> <span class='ocrx_word' id='word_1_251' title='bbox 507 2193 671 2265; x_wconf 88' lang='lat' dir='ltr'><strong>ipsos</strong></span> <span class='ocrx_word' id='word_1_252' title='bbox 724 2201 923 2249; x_wconf 80' lang='lat' dir='ltr'><strong>castra</strong></span> <span class='ocrx_word' id='word_1_253' title='bbox 938 2201 1146 2250; x_wconf 82' lang='lat' dir='ltr'><strong>verunt</strong></span> <span class='ocrx_word' id='word_1_254' title='bbox 1183 2200 1431 2267; x_wconf 79' lang='lat' dir='ltr'><strong>propter</strong></span> <span class='ocrx_word' id='word_1_255' title='bbox 1480 2209 1725 2265; x_wconf 78' lang='lat' dir='ltr'><strong>regnum</strong></span> <span class='ocrx_word' id='word_1_256' title='bbox 1775 2191 2056 2246; x_wconf 75' lang='lat' dir='ltr'><strong>caelorum</strong></span> 
     </span>
    </p>
   </div>
   <div class='ocr_carea' id='block_1_39' title="bbox 383 2281 2056 2353">
    <p class='ocr_par' dir='ltr' id='par_1_39' title="bbox 383 2281 2056 2353">
     <span class='ocr_line' id='line_1_39' title="bbox 383 2281 2056 2353; baseline -0.003 -16"><span class='ocrx_word' id='word_1_257' title='bbox 383 2281 562 2351; x_wconf 88' lang='lat' dir='ltr'><strong>(Ibid.</strong></span> <span class='ocrx_word' id='word_1_258' title='bbox 607 2282 735 2353; x_wconf 70' lang='lat'><strong>12);</strong></span> <span class='ocrx_word' id='word_1_259' title='bbox 775 2287 838 2338; x_wconf 92' lang='lat' dir='ltr'><strong>ut</strong></span> <span class='ocrx_word' id='word_1_260' title='bbox 867 2285 1207 2342; x_wconf 86' lang='lat' dir='ltr'><strong>ostenderet</strong></span> <span class='ocrx_word' id='word_1_261' title='bbox 1237 2283 1348 2339; x_wconf 86' lang='lat' dir='ltr'><strong>hoc</strong></span> <span class='ocrx_word' id='word_1_262' title='bbox 1389 2299 1506 2338; x_wconf 93' lang='lat' dir='ltr'><strong>non</strong></span> <span class='ocrx_word' id='word_1_263' title='bbox 1564 2281 1884 2337; x_wconf 87' lang='lat' dir='ltr'><strong>mediocris</strong></span> <span class='ocrx_word' id='word_1_264' title='bbox 1915 2292 2056 2334; x_wconf 88' lang='lat' dir='ltr'><strong>esse</strong></span> 
     </span>
    </p>
   </div>
   <div class='ocr_carea' id='block_1_40' title="bbox 380 2369 1978 2445">
    <p class='ocr_par' dir='ltr' id='par_1_40' title="bbox 380 2369 1978 2445">
     <span class='ocr_line' id='line_1_40' title="bbox 380 2369 1978 2445; baseline 0.001 -20"><span class='ocrx_word' id='word_1_265' title='bbox 380 2369 618 2427; x_wconf 87' lang='lat' dir='ltr'><strong>virtutis</strong></span> <span class='ocrx_word' id='word_1_266' title='bbox 652 2389 664 2428; x_wconf 90' lang='lat'>:</span> <span class='ocrx_word' id='word_1_267' title='bbox 703 2370 816 2437; x_wconf 83' lang='lat' dir='ltr'><strong>Qui</strong></span> <span class='ocrx_word' id='word_1_268' title='bbox 826 2379 1043 2444; x_wconf 88' lang='lat' dir='ltr'><strong>potest,</strong></span> <span class='ocrx_word' id='word_1_269' title='bbox 1071 2373 1276 2445; x_wconf 87' lang='lat' dir='ltr'><strong>inquit,</strong></span> <span class='ocrx_word' id='word_1_270' title='bbox 1303 2387 1516 2442; x_wconf 86' lang='lat' dir='ltr'><strong>capere</strong></span> <span class='ocrx_word' id='word_1_271' title='bbox 1538 2371 1730 2443; x_wconf 84' lang='lat' dir='ltr'><strong>capiat</strong></span> <span class='ocrx_word' id='word_1_272' title='bbox 1751 2370 1978 2441; x_wconf 91' lang='lat' dir='ltr'><strong>(Ibid.).</strong></span> 
     </span>
    </p>
   </div>
   <div class='ocr_carea' id='block_1_41' title="bbox 450 2458 2054 2532">
    <p class='ocr_par' dir='ltr' id='par_1_41' title="bbox 450 2458 2054 2532">
     <span class='ocr_line' id='line_1_41' title="bbox 450 2458 2054 2532; baseline -0.001 -17"><span class='ocrx_word' id='word_1_273' title='bbox 450 2458 540 2515; x_wconf 83' lang='lat'><strong>30.</strong></span> <span class='ocrx_word' id='word_1_274' title='bbox 578 2460 646 2514; x_wconf 84' lang='lat' dir='ltr'><strong>Et</strong></span> <span class='ocrx_word' id='word_1_275' title='bbox 669 2461 801 2516; x_wconf 88' lang='lat' dir='ltr'><strong>ideo</strong></span> <span class='ocrx_word' id='word_1_276' title='bbox 833 2465 967 2532; x_wconf 80' lang='lat' dir='ltr'><strong>post</strong></span> <span class='ocrx_word' id='word_1_277' title='bbox 999 2462 1112 2516; x_wconf 91' lang='lat' dir='ltr'><strong>hoc</strong></span> <span class='ocrx_word' id='word_1_278' title='bbox 1154 2461 1401 2516; x_wconf 78' lang='lat' dir='ltr'><strong>verbum</strong></span> <span class='ocrx_word' id='word_1_279' title='bbox 1435 2460 1762 2515; x_wconf 69' lang='lat' dir='ltr'><strong>offeruntur</strong></span> <span class='ocrx_word' id='word_1_280' title='bbox 1792 2461 1956 2530; x_wconf 87' lang='lat' dir='ltr'><strong>pueri</strong></span> <span class='ocrx_word' id='word_1_281' title='bbox 1979 2460 2054 2514; x_wconf 90' lang='lat' dir='ltr'><strong>ad</strong></span> 
     </span>
    </p>
   </div>
   <div class='ocr_carea' id='block_1_42' title="bbox 383 2548 2052 2622">
    <p class='ocr_par' dir='ltr' id='par_1_42' title="bbox 383 2548 2052 2622">
     <span class='ocr_line' id='line_1_42' title="bbox 383 2548 2052 2622; baseline -0.001 -18"><span class='ocrx_word' id='word_1_282' title='bbox 383 2548 874 2617; x_wconf 85' lang='lat' dir='ltr'><strong>benedicendum,</strong></span> <span class='ocrx_word' id='word_1_283' title='bbox 909 2550 1030 2622; x_wconf 88' lang='lat' dir='ltr'><strong>qui,</strong></span> <span class='ocrx_word' id='word_1_284' title='bbox 1065 2549 1416 2620; x_wconf 60' lang='lat' dir='ltr'><strong>corruptelae</strong></span> <span class='ocrx_word' id='word_1_285' title='bbox 1455 2553 1731 2620; x_wconf 83' lang='lat' dir='ltr'><strong>expertes</strong></span> <span class='ocrx_word' id='word_1_286' title='bbox 1753 2592 1766 2616; x_wconf 92' lang='lat'><strong>,</strong></span> <span class='ocrx_word' id='word_1_287' title='bbox 1803 2549 2052 2620; x_wconf 82' lang='lat' dir='ltr'><strong>integri-</strong></span> 
     </span>
    </p>
   </div>
   <div class='ocr_carea' id='block_1_43' title="bbox 383 2637 2052 2702">
    <p class='ocr_par' dir='ltr' id='par_1_43' title="bbox 383 2637 2052 2702">
     <span class='ocr_line' id='line_1_43' title="bbox 383 2637 2052 2702; baseline 0.001 -12"><span class='ocrx_word' id='word_1_288' title='bbox 383 2637 519 2692; x_wconf 86' lang='lat' dir='ltr'><strong>tatis</strong></span> <span class='ocrx_word' id='word_1_289' title='bbox 541 2653 754 2692; x_wconf 89' lang='lat' dir='ltr'><strong>munus</strong></span> <span class='ocrx_word' id='word_1_290' title='bbox 786 2637 1151 2692; x_wconf 86' lang='lat' dir='ltr'><strong>immaculata</strong></span> <span class='ocrx_word' id='word_1_291' title='bbox 1185 2641 1352 2694; x_wconf 63' lang='lat' dir='ltr'><strong>aetate</strong></span> <span class='ocrx_word' id='word_1_292' title='bbox 1393 2641 1722 2693; x_wconf 85' lang='lat' dir='ltr'><strong>servarent.</strong></span> <span class='ocrx_word' id='word_1_293' title='bbox 1757 2638 1894 2702; x_wconf 80' lang='lat'><strong>221</strong></span> <span class='ocrx_word' id='word_1_294' title='bbox 1935 2639 2052 2692; x_wconf 87' lang='lat' dir='ltr'><strong>Ta-</strong></span> 
     </span>
    </p>
   </div>
   <div class='ocr_carea' id='block_1_44' title="bbox 379 2725 2051 2799">
    <p class='ocr_par' dir='ltr' id='par_1_44' title="bbox 379 2725 2051 2799">
     <span class='ocr_line' id='line_1_44' title="bbox 379 2725 2051 2799; baseline 0 -19"><span class='ocrx_word' id='word_1_295' title='bbox 379 2725 523 2780; x_wconf 86' lang='lat' dir='ltr'><strong>lium</strong></span> <span class='ocrx_word' id='word_1_296' title='bbox 553 2726 708 2780; x_wconf 89' lang='lat' dir='ltr'><strong>enim</strong></span> <span class='ocrx_word' id='word_1_297' title='bbox 740 2730 833 2781; x_wconf 87' lang='lat' dir='ltr'><strong>est</strong></span> <span class='ocrx_word' id='word_1_298' title='bbox 874 2742 1127 2799; x_wconf 83' lang='lat' dir='ltr'><strong>regnum</strong></span> <span class='ocrx_word' id='word_1_299' title='bbox 1173 2727 1476 2796; x_wconf 80' lang='lat' dir='ltr'><strong>caelorum,</strong></span> <span class='ocrx_word' id='word_1_300' title='bbox 1511 2727 1610 2799; x_wconf 90' lang='lat' dir='ltr'><strong>qui</strong></span> <span class='ocrx_word' id='word_1_301' title='bbox 1655 2728 1713 2781; x_wconf 90' lang='lat' dir='ltr'><strong>in</strong></span> <span class='ocrx_word' id='word_1_302' title='bbox 1764 2726 2051 2798; x_wconf 87' lang='lat' dir='ltr'><strong>puerilem</strong></span> 
     </span>
    </p>
   </div>
   <div class='ocr_carea' id='block_1_45' title="bbox 381 2814 2050 2887">
    <p class='ocr_par' dir='ltr' id='par_1_45' title="bbox 381 2814 2050 2887">
     <span class='ocr_line' id='line_1_45' title="bbox 381 2814 2050 2887; baseline 0.001 -18"><span class='ocrx_word' id='word_1_303' title='bbox 381 2814 801 2869; x_wconf 68' lang='lat' dir='ltr'><strong>castimoniam”</strong></span> <span class='ocrx_word' id='word_1_304' title='bbox 833 2819 1109 2887; x_wconf 81' lang='lat' dir='ltr'><strong>tanquam</strong></span> <span class='ocrx_word' id='word_1_305' title='bbox 1158 2816 1216 2870; x_wconf 90' lang='lat' dir='ltr'><strong>in</strong></span> <span class='ocrx_word' id='word_1_306' title='bbox 1266 2819 1532 2870; x_wconf 89' lang='lat' dir='ltr'><strong>naturam</strong></span> <span class='ocrx_word' id='word_1_307' title='bbox 1575 2815 1880 2870; x_wconf 82' lang='lat' dir='ltr'><strong>infantium</strong></span> <span class='ocrx_word' id='word_1_308' title='bbox 1913 2831 2050 2870; x_wconf 86' lang='lat' dir='ltr'><strong>cor-</strong></span> 
     </span>
    </p>
   </div>
   <div class='ocr_carea' id='block_1_46' title="bbox 377 2903 2048 2977">
    <p class='ocr_par' dir='ltr' id='par_1_46' title="bbox 377 2903 2048 2977">
     <span class='ocr_line' id='line_1_46' title="bbox 377 2903 2048 2977; baseline 0 -17"><span class='ocrx_word' id='word_1_309' title='bbox 377 2903 626 2974; x_wconf 80' lang='lat' dir='ltr'><strong>ruptelae</strong></span> <span class='ocrx_word' id='word_1_310' title='bbox 663 2905 1033 2977; x_wconf 81' lang='lat' dir='ltr'><strong>ignoratione</strong></span> <span class='ocrx_word' id='word_1_311' title='bbox 1064 2907 1478 2962; x_wconf 83' lang='lat' dir='ltr'><strong>remeaverint.</strong></span> <span class='ocrx_word' id='word_1_312' title='bbox 1535 2904 1639 2960; x_wconf 90' lang='lat' dir='ltr'><strong>Est</strong></span> <span class='ocrx_word' id='word_1_313' title='bbox 1686 2921 1833 2976; x_wconf 84' lang='lat' dir='ltr'><strong>ergo</strong></span> <span class='ocrx_word' id='word_1_314' title='bbox 1873 2905 2048 2960; x_wconf 90' lang='lat' dir='ltr'><strong>etiam</strong></span> 
     </span>
    </p>
   </div>
   <div class='ocr_carea' id='block_1_47' title="bbox 381 2993 2048 3069">
    <p class='ocr_par' dir='ltr' id='par_1_47' title="bbox 381 2993 2048 3069">
     <span class='ocr_line' id='line_1_47' title="bbox 381 2993 2048 3069; baseline 0.001 -22"><span class='ocrx_word' id='word_1_315' title='bbox 381 2993 610 3048; x_wconf 89' lang='lat' dir='ltr'><strong>coelein</strong></span> <span class='ocrx_word' id='word_1_316' title='bbox 679 3010 826 3050; x_wconf 91' lang='lat' dir='ltr'><strong>voce</strong></span> <span class='ocrx_word' id='word_1_317' title='bbox 889 2995 1134 3066; x_wconf 88' lang='lat' dir='ltr'><strong>probata</strong></span> <span class='ocrx_word' id='word_1_318' title='bbox 1189 2995 1538 3069; x_wconf 85' lang='lat' dir='ltr'><strong>virginitas,</strong></span> <span class='ocrx_word' id='word_1_319' title='bbox 1605 2994 2048 3066; x_wconf 81' lang='lat' dir='ltr'><strong>Dominicisque</strong></span> 
     </span>
    </p>
   </div>
   <div class='ocr_carea' id='block_1_48' title="bbox 380 3083 1075 3156">
    <p class='ocr_par' dir='ltr' id='par_1_48' title="bbox 380 3083 1075 3156">
     <span class='ocr_line' id='line_1_48' title="bbox 380 3083 1075 3156; baseline 0.003 -18"><span class='ocrx_word' id='word_1_320' title='bbox 380 3083 707 3152; x_wconf 71' lang='lat' dir='ltr'><strong>eXpetenda</strong></span> <span class='ocrx_word' id='word_1_321' title='bbox 734 3085 1075 3156; x_wconf 79' lang='lat' dir='ltr'><strong>praeceptis.</strong></span> 
     </span>
    </p>
   </div>
   <div class='ocr_carea' id='block_1_49' title="bbox 445 3169 2151 3276">
    <p class='ocr_par' dir='ltr' id='par_1_49' title="bbox 445 3169 2151 3276">
     <span class='ocr_line' id='line_1_49' title="bbox 445 3169 2151 3276; baseline 0 -50"><span class='ocrx_word' id='word_1_322' title='bbox 445 3169 535 3227; x_wconf 85' lang='grc'><strong>31.</strong></span> <span class='ocrx_word' id='word_1_323' title='bbox 561 3171 687 3238; x_wconf 89' lang='lat' dir='ltr'><strong>Quo</strong></span> <span class='ocrx_word' id='word_1_324' title='bbox 704 3173 836 3230; x_wconf 91' lang='lat' dir='ltr'><strong>loco</strong></span> <span class='ocrx_word' id='word_1_325' title='bbox 856 3175 1266 3248; x_wconf 86' lang='lat' dir='ltr'><strong>magisterium</strong></span> <span class='ocrx_word' id='word_1_326' title='bbox 1295 3177 1510 3233; x_wconf 67' lang='lat' dir='ltr'><strong>divinae</strong></span> <span class='ocrx_word' id='word_1_327' title='bbox 1525 3175 1693 3232; x_wconf 89' lang='lat' dir='ltr'><strong>vocis</strong></span> <span class='ocrx_word' id='word_1_328' title='bbox 1725 3174 2043 3229; x_wconf 88' lang='lat' dir='ltr'><strong>imitemur.</strong></span> <span class='ocrx_word' id='word_1_329' title='bbox 2077 3203 2151 3276; x_wconf 54' lang='grc' dir='ltr'><strong>θ</strong></span> 
     </span>
    </p>
   </div>
   <div class='ocr_carea' id='block_1_50' title="bbox 376 3260 2046 3340">
    <p class='ocr_par' dir='ltr' id='par_1_50' title="bbox 376 3260 2046 3340">
     <span class='ocr_line' id='line_1_50' title="bbox 376 3260 2046 3340; baseline 0.004 -24"><span class='ocrx_word' id='word_1_330' title='bbox 376 3260 528 3317; x_wconf 85' lang='lat' dir='ltr'><strong>Nam</strong></span> <span class='ocrx_word' id='word_1_331' title='bbox 549 3279 683 3319; x_wconf 90' lang='lat' dir='ltr'><strong>cum</strong></span> <span class='ocrx_word' id='word_1_332' title='bbox 714 3265 772 3320; x_wconf 91' lang='lat' dir='ltr'><strong>in</strong></span> <span class='ocrx_word' id='word_1_333' title='bbox 811 3266 1226 3336; x_wconf 88' lang='lat' dir='ltr'><strong>superioribus</strong></span> <span class='ocrx_word' id='word_1_334' title='bbox 1276 3266 1625 3340; x_wconf 85' lang='lat' dir='ltr'><strong>conjugium</strong></span> <span class='ocrx_word' id='word_1_335' title='bbox 1673 3282 2046 3322; x_wconf 89' lang='lat' dir='ltr'><strong>memorave-</strong></span> 
     </span>
    </p>
   </div>
   <div class='ocr_carea' id='block_1_51' title="bbox 377 3351 2045 3425">
    <p class='ocr_par' dir='ltr' id='par_1_51' title="bbox 377 3351 2045 3425">
     <span class='ocr_line' id='line_1_51' title="bbox 377 3351 2045 3425; baseline 0.002 -17"><span class='ocrx_word' id='word_1_336' title='bbox 377 3351 453 3408; x_wconf 80' lang='lat' dir='ltr'><strong>rit</strong></span> <span class='ocrx_word' id='word_1_337' title='bbox 479 3367 598 3408; x_wconf 89' lang='lat' dir='ltr'><strong>non</strong></span> <span class='ocrx_word' id='word_1_338' title='bbox 630 3367 768 3408; x_wconf 87' lang='lat' dir='ltr'><strong>esse</strong></span> <span class='ocrx_word' id='word_1_339' title='bbox 799 3355 1170 3425; x_wconf 88' lang='lat' dir='ltr'><strong>solvendum,</strong></span> <span class='ocrx_word' id='word_1_340' title='bbox 1213 3357 1332 3410; x_wconf 81' lang='lat' dir='ltr'><strong>nisi</strong></span> <span class='ocrx_word' id='word_1_341' title='bbox 1382 3371 1456 3411; x_wconf 81' lang='lat' dir='ltr'><strong>ex</strong></span> <span class='ocrx_word' id='word_1_342' title='bbox 1488 3371 1666 3412; x_wconf 86' lang='lat' dir='ltr'><strong>causa</strong></span> <span class='ocrx_word' id='word_1_343' title='bbox 1700 3357 2045 3412; x_wconf 81' lang='lat' dir='ltr'><strong>fornicatio-</strong></span> 
     </span>
    </p>
   </div>
   <div class='ocr_carea' id='block_1_52' title="bbox 374 3441 2044 3518">
    <p class='ocr_par' dir='ltr' id='par_1_52' title="bbox 374 3441 2044 3518">
     <span class='ocr_line' id='line_1_52' title="bbox 374 3441 2044 3518; baseline 0.004 -24"><span class='ocrx_word' id='word_1_344' title='bbox 374 3441 490 3510; x_wconf 89' lang='lat' dir='ltr'><strong>nis,</strong></span> <span class='ocrx_word' id='word_1_345' title='bbox 517 3441 575 3496; x_wconf 90' lang='lat' dir='ltr'><strong>in</strong></span> <span class='ocrx_word' id='word_1_346' title='bbox 605 3443 1038 3512; x_wconf 85' lang='lat' dir='ltr'><strong>posterioribus</strong></span> <span class='ocrx_word' id='word_1_347' title='bbox 1062 3444 1419 3515; x_wconf 82' lang='lat' dir='ltr'><strong>integritatis</strong></span> <span class='ocrx_word' id='word_1_348' title='bbox 1437 3445 1686 3518; x_wconf 84' lang='lat' dir='ltr'><strong>gratiam</strong></span> <span class='ocrx_word' id='word_1_349' title='bbox 1707 3446 2044 3518; x_wconf 85' lang='lat' dir='ltr'><strong>donumque</strong></span> 
     </span>
    </p>
   </div>
   <div class='ocr_carea' id='block_1_53' title="bbox 373 3530 2044 3603">
    <p class='ocr_par' dir='ltr' id='par_1_53' title="bbox 373 3530 2044 3603">
     <span class='ocr_line' id='line_1_53' title="bbox 373 3530 2044 3603; baseline 0.004 -19"><span class='ocrx_word' id='word_1_350' title='bbox 373 3531 675 3586; x_wconf 85' lang='lat' dir='ltr'><strong>contexuit</strong></span> <span class='ocrx_word' id='word_1_351' title='bbox 703 3530 879 3602; x_wconf 87' lang='lat' dir='ltr'><strong>(Ibid.</strong></span> <span class='ocrx_word' id='word_1_352' title='bbox 910 3533 1001 3603; x_wconf 84' lang='lat'><strong>9);</strong></span> <span class='ocrx_word' id='word_1_353' title='bbox 1033 3535 1345 3590; x_wconf 90' lang='lat' dir='ltr'><strong>utdoceret</strong></span> <span class='ocrx_word' id='word_1_354' title='bbox 1365 3551 1483 3590; x_wconf 93' lang='lat' dir='ltr'><strong>non</strong></span> <span class='ocrx_word' id='word_1_355' title='bbox 1505 3533 1869 3590; x_wconf 85' lang='lat' dir='ltr'><strong>damnandas</strong></span> <span class='ocrx_word' id='word_1_356' title='bbox 1905 3549 2044 3591; x_wconf 86' lang='lat' dir='ltr'><strong>esse</strong></span> 
     </span>
    </p>
   </div>
   <div class='ocr_carea' id='block_1_54' title="bbox 372 3619 2045 3696">
    <p class='ocr_par' dir='ltr' id='par_1_54' title="bbox 372 3619 2045 3696">
     <span class='ocr_line' id='line_1_54' title="bbox 372 3619 2045 3696; baseline 0.004 -23"><span class='ocrx_word' id='word_1_357' title='bbox 372 3619 608 3690; x_wconf 89' lang='lat' dir='ltr'><strong>nuptias</strong></span> <span class='ocrx_word' id='word_1_358' title='bbox 633 3661 648 3689; x_wconf 94' lang='lat'><strong>,</strong></span> <span class='ocrx_word' id='word_1_359' title='bbox 679 3621 788 3676; x_wconf 89' lang='lat' dir='ltr'><strong>sed</strong></span> <span class='ocrx_word' id='word_1_360' title='bbox 820 3623 1197 3692; x_wconf 85' lang='lat' dir='ltr'><strong>probandus;</strong></span> <span class='ocrx_word' id='word_1_361' title='bbox 1246 3625 1466 3696; x_wconf 88' lang='lat' dir='ltr'><strong>nuptiis</strong></span> <span class='ocrx_word' id='word_1_362' title='bbox 1515 3628 1707 3680; x_wconf 88' lang='lat' dir='ltr'><strong>tamen</strong></span> <span class='ocrx_word' id='word_1_363' title='bbox 1757 3624 1909 3696; x_wconf 89' lang='lat' dir='ltr'><strong>ipsis</strong></span> <span class='ocrx_word' id='word_1_364' title='bbox 1960 3625 2045 3679; x_wconf 86' lang='lat' dir='ltr'><strong>in-</strong></span> 
     </span>
    </p>
   </div>
   <div class='ocr_carea' id='block_1_55' title="bbox 369 3707 2044 3784">
    <p class='ocr_par' dir='ltr' id='par_1_55' title="bbox 369 3707 2044 3784">
     <span class='ocr_line' id='line_1_55' title="bbox 369 3707 2044 3784; baseline 0.002 -21"><span class='ocrx_word' id='word_1_365' title='bbox 369 3707 664 3782; x_wconf 70' lang='lat' dir='ltr'><strong>tegritatis</strong></span> <span class='ocrx_word' id='word_1_366' title='bbox 695 3711 887 3766; x_wconf 88' lang='lat' dir='ltr'><strong>studia</strong></span> <span class='ocrx_word' id='word_1_367' title='bbox 913 3713 1305 3784; x_wconf 64' lang='lat' dir='ltr'><strong>praeferenda.</strong></span> <span class='ocrx_word' id='word_1_368' title='bbox 1340 3713 1486 3779; x_wconf 86' lang='lat' dir='ltr'><strong>Quis</strong></span> <span class='ocrx_word' id='word_1_369' title='bbox 1527 3715 1683 3769; x_wconf 88' lang='lat' dir='ltr'><strong>enim</strong></span> <span class='ocrx_word' id='word_1_370' title='bbox 1713 3717 1831 3768; x_wconf 88' lang='lat' dir='ltr'><strong>tam</strong></span> <span class='ocrx_word' id='word_1_371' title='bbox 1869 3729 2044 3767; x_wconf 88' lang='lat' dir='ltr'><strong>aver-</strong></span> 
     </span>
    </p>
   </div>
   <div class='ocr_carea' id='block_1_56' title="bbox 371 3801 2043 3876">
    <p class='ocr_par' dir='ltr' id='par_1_56' title="bbox 371 3801 2043 3876">
     <span class='ocr_line' id='line_1_56' title="bbox 371 3801 2043 3876; baseline 0.003 -25"><span class='ocrx_word' id='word_1_372' title='bbox 371 3811 480 3852; x_wconf 84' lang='lat' dir='ltr'><strong>sus</strong></span> <span class='ocrx_word' id='word_1_373' title='bbox 509 3813 542 3852; x_wconf 90' lang='lat' dir='ltr'><strong>a</strong></span> <span class='ocrx_word' id='word_1_374' title='bbox 579 3813 742 3868; x_wconf 90' lang='lat' dir='ltr'><strong>vero,</strong></span> <span class='ocrx_word' id='word_1_375' title='bbox 767 3801 864 3872; x_wconf 90' lang='lat' dir='ltr'><strong>qui</strong></span> <span class='ocrx_word' id='word_1_376' title='bbox 901 3803 1136 3872; x_wconf 88' lang='lat' dir='ltr'><strong>nuptias</strong></span> <span class='ocrx_word' id='word_1_377' title='bbox 1158 3803 1440 3858; x_wconf 82' lang='lat' dir='ltr'><strong>damnet?</strong></span> <span class='ocrx_word' id='word_1_378' title='bbox 1468 3802 1582 3858; x_wconf 89' lang='lat' dir='ltr'><strong>Sed</strong></span> <span class='ocrx_word' id='word_1_379' title='bbox 1613 3803 1750 3876; x_wconf 89' lang='lat' dir='ltr'><strong>quis</strong></span> <span class='ocrx_word' id='word_1_380' title='bbox 1771 3806 1888 3857; x_wconf 89' lang='lat' dir='ltr'><strong>tam</strong></span> <span class='ocrx_word' id='word_1_381' title='bbox 1902 3802 2043 3856; x_wconf 88' lang='lat' dir='ltr'><strong>alie-</strong></span> 
     </span>
    </p>
   </div>
   <div class='ocr_carea' id='block_1_57' title="bbox 370 3888 2046 3964">
    <p class='ocr_par' dir='ltr' id='par_1_57' title="bbox 370 3888 2046 3964">
     <span class='ocr_line' id='line_1_57' title="bbox 370 3888 2046 3964; baseline 0.002 -24"><span class='ocrx_word' id='word_1_382' title='bbox 370 3898 485 3940; x_wconf 87' lang='lat' dir='ltr'><strong>nus</strong></span> <span class='ocrx_word' id='word_1_383' title='bbox 537 3901 570 3940; x_wconf 87' lang='lat' dir='ltr'><strong>a</strong></span> <span class='ocrx_word' id='word_1_384' title='bbox 626 3888 871 3959; x_wconf 83' lang='lat' dir='ltr'><strong>ratione,</strong></span> <span class='ocrx_word' id='word_1_385' title='bbox 911 3892 1014 3962; x_wconf 88' lang='lat' dir='ltr'><strong>qui</strong></span> <span class='ocrx_word' id='word_1_386' title='bbox 1073 3891 1339 3964; x_wconf 84' lang='lat' dir='ltr'><strong>conjugii</strong></span> <span class='ocrx_word' id='word_1_387' title='bbox 1387 3907 1568 3948; x_wconf 87' lang='lat' dir='ltr'><strong>onera</strong></span> <span class='ocrx_word' id='word_1_388' title='bbox 1603 3905 1719 3947; x_wconf 86' lang='lat' dir='ltr'><strong>non</strong></span> <span class='ocrx_word' id='word_1_389' title='bbox 1779 3891 2046 3946; x_wconf 81' lang='lat' dir='ltr'><strong>sentiat?</strong></span> 
     </span>
    </p>
   </div>
   <div class='ocr_carea' id='block_1_58' title="bbox 369 3972 2047 4052">
    <p class='ocr_par' dir='ltr' id='par_1_58' title="bbox 369 3972 2047 4052">
     <span class='ocr_line' id='line_1_58' title="bbox 369 3972 2047 4052; baseline 0.002 -23"><span class='ocrx_word' id='word_1_390' title='bbox 369 3972 598 4030; x_wconf 87' lang='lat' dir='ltr'><strong>Etenim</strong></span> <span class='ocrx_word' id='word_1_391' title='bbox 629 3977 844 4032; x_wconf 88' lang='lat' dir='ltr'><strong>mulier</strong></span> <span class='ocrx_word' id='word_1_392' title='bbox 898 3979 1140 4052; x_wconf 89' lang='lat' dir='ltr'><strong>innupta</strong></span> <span class='ocrx_word' id='word_1_393' title='bbox 1187 3985 1246 4035; x_wconf 88' lang='lat' dir='ltr'><strong>et</strong></span> <span class='ocrx_word' id='word_1_394' title='bbox 1294 3981 1462 4052; x_wconf 81' lang='lat' dir='ltr'><strong>virgo</strong></span> <span class='ocrx_word' id='word_1_395' title='bbox 1503 3981 1723 4051; x_wconf 77' lang='lat' dir='ltr'><strong>negitat</strong></span> <span class='ocrx_word' id='word_1_396' title='bbox 1755 3997 1880 4052; x_wconf 63' lang='lat' dir='ltr'><strong>qua?</strong></span> <span class='ocrx_word' id='word_1_397' title='bbox 1908 3983 2047 4034; x_wconf 87' lang='lat' dir='ltr'><strong>sunt</strong></span> 
     </span>
    </p>
   </div>
   <div class='ocr_carea' id='block_1_59' title="bbox 369 4061 2045 4142">
    <p class='ocr_par' dir='ltr' id='par_1_59' title="bbox 369 4061 2045 4142">
     <span class='ocr_line' id='line_1_59' title="bbox 369 4061 2045 4142; baseline 0.001 -22"><span class='ocrx_word' id='word_1_398' title='bbox 369 4061 626 4134; x_wconf 85' lang='lat' dir='ltr'><strong>Domini,</strong></span> <span class='ocrx_word' id='word_1_399' title='bbox 662 4071 721 4120; x_wconf 90' lang='lat' dir='ltr'><strong>ut</strong></span> <span class='ocrx_word' id='word_1_400' title='bbox 751 4067 809 4120; x_wconf 88' lang='lat' dir='ltr'><strong>si</strong></span> <span class='ocrx_word' id='word_1_401' title='bbox 836 4075 1042 4123; x_wconf 83' lang='lat' dir='ltr'><strong>sancta</strong></span> <span class='ocrx_word' id='word_1_402' title='bbox 1071 4084 1319 4142; x_wconf 84' lang='lat' dir='ltr'><strong>corpore</strong></span> <span class='ocrx_word' id='word_1_403' title='bbox 1351 4076 1409 4124; x_wconf 85' lang='lat' dir='ltr'><strong>et</strong></span> <span class='ocrx_word' id='word_1_404' title='bbox 1449 4070 1688 4141; x_wconf 84' lang='lat' dir='ltr'><strong>spiritu.</strong></span> <span class='ocrx_word' id='word_1_405' title='bbox 1723 4069 1876 4124; x_wconf 87' lang='lat' dir='ltr'><strong>Nam</strong></span> <span class='ocrx_word' id='word_1_406' title='bbox 1918 4083 2045 4140; x_wconf 66' lang='lat' dir='ltr'><strong>quas</strong></span> 
     </span>
    </p>
   </div>
   <div class='ocr_carea' id='block_1_60' title="bbox 369 4157 2043 4232">
    <p class='ocr_par' dir='ltr' id='par_1_60' title="bbox 369 4157 2043 4232">
     <span class='ocr_line' id='line_1_60' title="bbox 369 4157 2043 4232; baseline 0.001 -24"><span class='ocrx_word' id='word_1_407' title='bbox 369 4159 545 4226; x_wconf 81' lang='lat' dir='ltr'><strong>nupta</strong></span> <span class='ocrx_word' id='word_1_408' title='bbox 569 4159 680 4222; x_wconf 85' lang='lat' dir='ltr'><strong>est,</strong></span> <span class='ocrx_word' id='word_1_409' title='bbox 713 4157 936 4228; x_wconf 77' lang='lat' dir='ltr'><strong>cogitat</strong></span> <span class='ocrx_word' id='word_1_410' title='bbox 955 4173 1080 4229; x_wconf 71' lang='lat' dir='ltr'><strong>qua)</strong></span> <span class='ocrx_word' id='word_1_411' title='bbox 1099 4164 1237 4213; x_wconf 87' lang='lat' dir='ltr'><strong>sunt</strong></span> <span class='ocrx_word' id='word_1_412' title='bbox 1260 4159 1480 4228; x_wconf 87' lang='lat' dir='ltr'><strong>mundi,</strong></span> <span class='ocrx_word' id='word_1_413' title='bbox 1507 4157 1786 4232; x_wconf 86' lang='lat' dir='ltr'><strong>quomodo</strong></span> <span class='ocrx_word' id='word_1_414' title='bbox 1805 4157 2043 4230; x_wconf 84' lang='lat' dir='ltr'><strong>placeat</strong></span> 
     </span>
    </p>
   </div>
   <div class='ocr_carea' id='block_1_61' title="bbox 374 4243 1027 4316">
    <p class='ocr_par' dir='ltr' id='par_1_61' title="bbox 374 4243 1027 4316">
     <span class='ocr_line' id='line_1_61' title="bbox 374 4243 1027 4316; baseline 0.006 -18"><span class='ocrx_word' id='word_1_415' title='bbox 374 4243 504 4299; x_wconf 86' lang='lat' dir='ltr'><strong>viro</strong></span> <span class='ocrx_word' id='word_1_416' title='bbox 523 4243 581 4315; x_wconf 88' lang='grc' dir='ltr'><strong>(Ι</strong></span> <span class='ocrx_word' id='word_1_417' title='bbox 609 4244 745 4300; x_wconf 87' lang='lat' dir='ltr'><strong>Cor.</strong></span> <span class='ocrx_word' id='word_1_418' title='bbox 779 4256 882 4310; x_wconf 84' lang='lat' dir='ltr'><strong>vit.</strong></span> <span class='ocrx_word' id='word_1_419' title='bbox 915 4243 1027 4316; x_wconf 85' lang='grc'><strong>31).</strong></span> 
     </span>
    </p>
   </div>
   <div class='ocr_carea' id='block_1_62' title="bbox 396 4331 2038 4409">
    <p class='ocr_par' dir='ltr' id='par_1_62' title="bbox 396 4331 2038 4409">
     <span class='ocr_line' id='line_1_62' title="bbox 396 4331 2038 4409; baseline -0.001 -21"><span class='ocrx_word' id='word_1_420' title='bbox 396 4346 402 4352; x_wconf 88' lang='grc'>·</span> <span class='ocrx_word' id='word_1_421' title='bbox 435 4331 525 4390; x_wconf 77' lang='lat'><strong>8‘2.</strong></span> <span class='ocrx_word' id='word_1_422' title='bbox 560 4332 630 4388; x_wconf 88' lang='lat' dir='ltr'><strong>Et</strong></span> <span class='ocrx_word' id='word_1_423' title='bbox 661 4338 876 4406; x_wconf 64' lang='lat' dir='ltr'><strong>praeter</strong></span> <span class='ocrx_word' id='word_1_424' title='bbox 903 4333 1014 4392; x_wconf 81' lang='lat' dir='ltr'><strong>has</strong></span> <span class='ocrx_word' id='word_1_425' title='bbox 1060 4337 1387 4406; x_wconf 87' lang='lat' dir='ltr'><strong>molestias,</strong></span> <span class='ocrx_word' id='word_1_426' title='bbox 1449 4337 1722 4409; x_wconf 85' lang='lat' dir='ltr'><strong>quamvis</strong></span> <span class='ocrx_word' id='word_1_427' title='bbox 1759 4333 2038 4391; x_wconf 88' lang='lat' dir='ltr'><strong>nubendo</strong></span> 
     </span>
    </p>
   </div>
   <div class='ocr_carea' id='block_1_63' title="bbox 363 4423 2033 4494">
    <p class='ocr_par' dir='ltr' id='par_1_63' title="bbox 363 4423 2033 4494">
     <span class='ocr_line' id='line_1_63' title="bbox 363 4423 2033 4494; baseline 0.001 -17"><span class='ocrx_word' id='word_1_428' title='bbox 363 4436 482 4478; x_wconf 88' lang='lat' dir='ltr'><strong>non</strong></span> <span class='ocrx_word' id='word_1_429' title='bbox 510 4427 732 4494; x_wconf 87' lang='lat' dir='ltr'><strong>peccet,</strong></span> <span class='ocrx_word' id='word_1_430' title='bbox 768 4427 1180 4482; x_wconf 77' lang='lat' dir='ltr'><strong>contritionem</strong></span> <span class='ocrx_word' id='word_1_431' title='bbox 1204 4430 1396 4484; x_wconf 88' lang='lat' dir='ltr'><strong>tamen</strong></span> <span class='ocrx_word' id='word_1_432' title='bbox 1427 4423 1668 4483; x_wconf 80' lang='lat' dir='ltr'><strong>habebit</strong></span> <span class='ocrx_word' id='word_1_433' title='bbox 1689 4425 1888 4482; x_wconf 85' lang='lat' dir='ltr'><strong>carnis</strong></span> <span class='ocrx_word' id='word_1_434' title='bbox 1919 4424 2033 4478; x_wconf 82' lang='lat' dir='ltr'><strong>h‘u-</strong></span> 
     </span>
    </p>
   </div>
   <div class='ocr_carea' id='block_1_64' title="bbox 361 4509 2041 4590">
    <p class='ocr_par' dir='ltr' id='par_1_64' title="bbox 361 4509 2041 4590">
     <span class='ocr_line' id='line_1_64' title="bbox 361 4509 2041 4590; baseline 0.002 -24"><span class='ocrx_word' id='word_1_435' title='bbox 361 4509 626 4584; x_wconf 70' lang='lat' dir='ltr'><strong>iusmodi</strong></span> <span class='ocrx_word' id='word_1_436' title='bbox 661 4528 674 4569; x_wconf 93' lang='lat'><strong>:</strong></span> <span class='ocrx_word' id='word_1_437' title='bbox 708 4525 926 4587; x_wconf 87' lang='lat' dir='ltr'><strong>graves</strong></span> <span class='ocrx_word' id='word_1_438' title='bbox 957 4517 1115 4572; x_wconf 90' lang='lat' dir='ltr'><strong>enim</strong></span> <span class='ocrx_word' id='word_1_439' title='bbox 1144 4519 1348 4589; x_wconf 78' lang='lat' dir='ltr'><strong>partus</strong></span> <span class='ocrx_word' id='word_1_440' title='bbox 1377 4517 1636 4586; x_wconf 87' lang='lat' dir='ltr'><strong>labores,</strong></span> <span class='ocrx_word' id='word_1_441' title='bbox 1679 4517 1890 4590; x_wconf 85' lang='lat' dir='ltr'><strong>gravis</strong></span> <span class='ocrx_word' id='word_1_442' title='bbox 1918 4516 2041 4570; x_wconf 77' lang='lat' dir='ltr'><strong>cre-</strong></span> 
     </span>
    </p>
   </div>
   <div class='ocr_carea' id='block_1_65' title="bbox 2235 1907 3840 1982">
    <p class='ocr_par' dir='ltr' id='par_1_65' title="bbox 2235 1907 3840 1982">
     <span class='ocr_line' id='line_1_65' title="bbox 2235 1907 3840 1982; baseline -0.001 -20"><span class='ocrx_word' id='word_1_443' title='bbox 2235 1907 2326 1964; x_wconf 72' lang='lat'><strong>84.</strong></span> <span class='ocrx_word' id='word_1_444' title='bbox 2359 1908 2548 1964; x_wconf 91' lang='lat' dir='ltr'><strong>Nemo</strong></span> <span class='ocrx_word' id='word_1_445' title='bbox 2569 1925 2714 1982; x_wconf 84' lang='lat' dir='ltr'><strong>ergo</strong></span> <span class='ocrx_word' id='word_1_446' title='bbox 2748 1910 2840 1964; x_wconf 90' lang='lat' dir='ltr'><strong>vel</strong></span> <span class='ocrx_word' id='word_1_447' title='bbox 2873 1911 2972 1982; x_wconf 90' lang='lat' dir='ltr'><strong>qui</strong></span> <span class='ocrx_word' id='word_1_448' title='bbox 3005 1909 3351 1981; x_wconf 84' lang='lat' dir='ltr'><strong>conjugium</strong></span> <span class='ocrx_word' id='word_1_449' title='bbox 3386 1907 3585 1980; x_wconf 83' lang='lat' dir='ltr'><strong>elegit,</strong></span> <span class='ocrx_word' id='word_1_450' title='bbox 3626 1922 3840 1977; x_wconf 86' lang='lat' dir='ltr'><strong>repre-</strong></span> 
     </span>
    </p>
   </div>
   <div class='ocr_carea' id='block_1_66' title="bbox 2168 1995 3842 2071">
    <p class='ocr_par' dir='ltr' id='par_1_66' title="bbox 2168 1995 3842 2071">
     <span class='ocr_line' id='line_1_66' title="bbox 2168 1995 3842 2071; baseline 0 -21"><span class='ocrx_word' id='word_1_451' title='bbox 2168 1995 2385 2052; x_wconf 84' lang='lat' dir='ltr'><strong>hendat</strong></span> <span class='ocrx_word' id='word_1_452' title='bbox 2415 1997 2835 2071; x_wconf 86' lang='lat' dir='ltr'><strong>integritatem:</strong></span> <span class='ocrx_word' id='word_1_453' title='bbox 2873 1999 2964 2054; x_wconf 90' lang='lat' dir='ltr'><strong>vel</strong></span> <span class='ocrx_word' id='word_1_454' title='bbox 2995 2000 3096 2071; x_wconf 90' lang='lat' dir='ltr'><strong>qui</strong></span> <span class='ocrx_word' id='word_1_455' title='bbox 3127 1999 3520 2070; x_wconf 84' lang='lat' dir='ltr'><strong>integritatem</strong></span> <span class='ocrx_word' id='word_1_456' title='bbox 3543 1997 3842 2068; x_wconf 88' lang='lat' dir='ltr'><strong>sequitur,</strong></span> 
     </span>
    </p>
   </div>
   <div class='ocr_carea' id='block_1_67' title="bbox 2167 2086 3838 2160">
    <p class='ocr_par' dir='ltr' id='par_1_67' title="bbox 2167 2086 3838 2160">
     <span class='ocr_line' id='line_1_67' title="bbox 2167 2086 3838 2160; baseline 0.001 -21"><span class='ocrx_word' id='word_1_457' title='bbox 2167 2086 2517 2142; x_wconf 90' lang='lat' dir='ltr'><strong>condemnet</strong></span> <span class='ocrx_word' id='word_1_458' title='bbox 2557 2087 2922 2160; x_wconf 81' lang='lat' dir='ltr'><strong>conjugium.</strong></span> <span class='ocrx_word' id='word_1_459' title='bbox 2974 2089 3241 2160; x_wconf 87' lang='lat' dir='ltr'><strong>Namque</strong></span> <span class='ocrx_word' id='word_1_460' title='bbox 3288 2087 3473 2159; x_wconf 85' lang='lat' dir='ltr'><strong>hujus</strong></span> <span class='ocrx_word' id='word_1_461' title='bbox 3519 2086 3838 2149; x_wconf 61' lang='lat' dir='ltr'><strong>sententiae</strong></span> 
     </span>
    </p>
   </div>
   <div class='ocr_carea' id='block_1_68' title="bbox 2164 2174 3838 2247">
    <p class='ocr_par' dir='ltr' id='par_1_68' title="bbox 2164 2174 3838 2247">
     <span class='ocr_line' id='line_1_68' title="bbox 2164 2174 3838 2247; baseline 0.001 -19"><span class='ocrx_word' id='word_1_462' title='bbox 2164 2174 2544 2230; x_wconf 87' lang='lat' dir='ltr'><strong>adversarios</strong></span> <span class='ocrx_word' id='word_1_463' title='bbox 2591 2176 2940 2247; x_wconf 85' lang='lat' dir='ltr'><strong>interpretes</strong></span> <span class='ocrx_word' id='word_1_464' title='bbox 2981 2177 3094 2246; x_wconf 77' lang='lat'><strong>(‘28)</strong></span> <span class='ocrx_word' id='word_1_465' title='bbox 3138 2177 3436 2232; x_wconf 86' lang='lat' dir='ltr'><strong>damnavit</strong></span> <span class='ocrx_word' id='word_1_466' title='bbox 3479 2174 3838 2246; x_wconf 80' lang='lat' dir='ltr'><strong>jamdudum</strong></span> 
     </span>
    </p>
   </div>
   <div class='ocr_carea' id='block_1_69' title="bbox 2167 2251 3848 2338">
    <p class='ocr_par' dir='ltr' id='par_1_69' title="bbox 2167 2251 3848 2338">
     <span class='ocr_line' id='line_1_69' title="bbox 2167 2251 3848 2338; baseline 0 -21"><span class='ocrx_word' id='word_1_467' title='bbox 2167 2261 2457 2333; x_wconf 82' lang='lat' dir='ltr'><strong>Ecclesia,</strong></span> <span class='ocrx_word' id='word_1_468' title='bbox 2483 2280 2589 2320; x_wconf 89' lang='lat' dir='ltr'><strong>eos</strong></span> <span class='ocrx_word' id='word_1_469' title='bbox 2621 2251 2850 2320; x_wconf 80' lang='lat' dir='ltr'><strong>scilicet</strong></span> <span class='ocrx_word' id='word_1_470' title='bbox 2878 2267 2976 2338; x_wconf 92' lang='lat' dir='ltr'><strong>qui</strong></span> <span class='ocrx_word' id='word_1_471' title='bbox 3011 2267 3264 2321; x_wconf 87' lang='lat' dir='ltr'><strong>audeant</strong></span> <span class='ocrx_word' id='word_1_472' title='bbox 3293 2263 3531 2320; x_wconf 81' lang='lat' dir='ltr'><strong>solvere</strong></span> <span class='ocrx_word' id='word_1_473' title='bbox 3567 2263 3848 2334; x_wconf 82' lang='lat' dir='ltr'><strong>copulam</strong></span> 
     </span>
    </p>
   </div>
   <div class='ocr_carea' id='block_1_70' title="bbox 2168 2351 3846 2428">
    <p class='ocr_par' dir='ltr' id='par_1_70' title="bbox 2168 2351 3846 2428">
     <span class='ocr_line' id='line_1_70' title="bbox 2168 2351 3846 2428; baseline 0.001 -21"><span class='ocrx_word' id='word_1_474' title='bbox 2168 2351 2564 2425; x_wconf 79' lang='lat' dir='ltr'><strong>conjugalem.</strong></span> <span class='ocrx_word' id='word_1_475' title='bbox 2614 2355 2828 2410; x_wconf 83' lang='lat' dir='ltr'><strong>Audite</strong></span> <span class='ocrx_word' id='word_1_476' title='bbox 2877 2356 3031 2410; x_wconf 87' lang='lat' dir='ltr'><strong>enim</strong></span> <span class='ocrx_word' id='word_1_477' title='bbox 3079 2355 3217 2428; x_wconf 86' lang='lat' dir='ltr'><strong>quid</strong></span> <span class='ocrx_word' id='word_1_478' title='bbox 3252 2355 3408 2410; x_wconf 87' lang='lat' dir='ltr'><strong>dicat</strong></span> <span class='ocrx_word' id='word_1_479' title='bbox 3451 2356 3846 2408; x_wconf 81' lang='lat' dir='ltr'><strong>sacrosancto.</strong></span> 
     </span>
    </p>
   </div>
   <div class='ocr_carea' id='block_1_71' title="bbox 2167 2439 3843 2515">
    <p class='ocr_par' dir='ltr' id='par_1_71' title="bbox 2167 2439 3843 2515">
     <span class='ocr_line' id='line_1_71' title="bbox 2167 2439 3843 2515; baseline 0.001 -21"><span class='ocrx_word' id='word_1_480' title='bbox 2167 2439 2434 2496; x_wconf 85' lang='lat' dir='ltr'><strong>Ecclesia</strong></span> <span class='ocrx_word' id='word_1_481' title='bbox 2460 2459 2474 2498; x_wconf 91' lang='lat'><strong>:</strong></span> <span class='ocrx_word' id='word_1_482' title='bbox 2521 2443 2679 2514; x_wconf 82' lang='lat' dir='ltr'><strong>Veni,</strong></span> <span class='ocrx_word' id='word_1_483' title='bbox 2705 2444 3097 2512; x_wconf 85' lang='lat' dir='ltr'><strong>l&#39;ratermcus,</strong></span> <span class='ocrx_word' id='word_1_484' title='bbox 3119 2459 3364 2500; x_wconf 80' lang='lat' dir='ltr'><strong>examus</strong></span> <span class='ocrx_word' id='word_1_485' title='bbox 3393 2443 3455 2498; x_wconf 89' lang='lat' dir='ltr'><strong>in</strong></span> <span class='ocrx_word' id='word_1_486' title='bbox 3487 2455 3715 2515; x_wconf 81' lang='lat' dir='ltr'><strong>agrum,</strong></span> <span class='ocrx_word' id='word_1_487' title='bbox 3737 2457 3843 2496; x_wconf 80' lang='lat' dir='ltr'><strong>rc-</strong></span> 
     </span>
    </p>
   </div>
   <div class='ocr_carea' id='block_1_72' title="bbox 2167 2529 3847 2604">
    <p class='ocr_par' dir='ltr' id='par_1_72' title="bbox 2167 2529 3847 2604">
     <span class='ocr_line' id='line_1_72' title="bbox 2167 2529 3847 2604; baseline -0.001 -20"><span class='ocrx_word' id='word_1_488' title='bbox 2167 2529 2536 2602; x_wconf 87' lang='lat' dir='ltr'><strong>quiescamus</strong></span> <span class='ocrx_word' id='word_1_489' title='bbox 2589 2534 2650 2587; x_wconf 89' lang='lat' dir='ltr'><strong>in</strong></span> <span class='ocrx_word' id='word_1_490' title='bbox 2683 2533 2971 2602; x_wconf 83' lang='lat' dir='ltr'><strong>castellis,</strong></span> <span class='ocrx_word' id='word_1_491' title='bbox 3004 2533 3263 2588; x_wconf 84' lang='lat' dir='ltr'><strong>diluculo</strong></span> <span class='ocrx_word' id='word_1_492' title='bbox 3308 2547 3625 2604; x_wconf 84' lang='lat' dir='ltr'><strong>surgamus</strong></span> <span class='ocrx_word' id='word_1_493' title='bbox 3662 2531 3724 2584; x_wconf 87' lang='lat' dir='ltr'><strong>in</strong></span> <span class='ocrx_word' id='word_1_494' title='bbox 3760 2530 3847 2582; x_wconf 81' lang='lat' dir='ltr'><strong>ri-</strong></span> 
     </span>
    </p>
   </div>
   <div class='ocr_carea' id='block_1_73' title="bbox 2166 2617 3838 2692">
    <p class='ocr_par' dir='ltr' id='par_1_73' title="bbox 2166 2617 3838 2692">
     <span class='ocr_line' id='line_1_73' title="bbox 2166 2617 3838 2692; baseline 0 -20"><span class='ocrx_word' id='word_1_495' title='bbox 2166 2633 2330 2687; x_wconf 87' lang='lat' dir='ltr'><strong>neas,</strong></span> <span class='ocrx_word' id='word_1_496' title='bbox 2378 2621 2678 2676; x_wconf 78' lang='lat' dir='ltr'><strong>videamus</strong></span> <span class='ocrx_word' id='word_1_497' title='bbox 2723 2623 2780 2678; x_wconf 89' lang='lat' dir='ltr'><strong>si</strong></span> <span class='ocrx_word' id='word_1_498' title='bbox 2814 2623 3018 2678; x_wconf 74' lang='lat' dir='ltr'><strong>floruit</strong></span> <span class='ocrx_word' id='word_1_499' title='bbox 3055 2623 3196 2677; x_wconf 81' lang='lat' dir='ltr'><strong>vitis</strong></span> <span class='ocrx_word' id='word_1_500' title='bbox 3232 2621 3402 2692; x_wconf 76' lang='lat' dir='ltr'><strong>(Cen.</strong></span> <span class='ocrx_word' id='word_1_501' title='bbox 3454 2637 3554 2687; x_wconf 82' lang='lat' dir='ltr'><strong>vn,</strong></span> <span class='ocrx_word' id='word_1_502' title='bbox 3600 2620 3686 2686; x_wconf 87' lang='grc'><strong>11,</strong></span> <span class='ocrx_word' id='word_1_503' title='bbox 3717 2617 3838 2685; x_wconf 71' lang='grc'><strong>12).</strong></span> 
     </span>
    </p>
   </div>
   <div class='ocr_carea' id='block_1_74' title="bbox 2166 2705 3846 2781">
    <p class='ocr_par' dir='ltr' id='par_1_74' title="bbox 2166 2705 3846 2781">
     <span class='ocr_line' id='line_1_74' title="bbox 2166 2705 3846 2781; baseline 0.001 -21"><span class='ocrx_word' id='word_1_504' title='bbox 2166 2705 2382 2762; x_wconf 87' lang='lat' dir='ltr'><strong>Multos</strong></span> <span class='ocrx_word' id='word_1_505' title='bbox 2403 2724 2548 2780; x_wconf 85' lang='lat' dir='ltr'><strong>ager</strong></span> <span class='ocrx_word' id='word_1_506' title='bbox 2578 2710 2805 2765; x_wconf 83' lang='lat' dir='ltr'><strong>fructus</strong></span> <span class='ocrx_word' id='word_1_507' title='bbox 2847 2711 3024 2766; x_wconf 84' lang='lat' dir='ltr'><strong>habet</strong></span> <span class='ocrx_word' id='word_1_508' title='bbox 3061 2710 3194 2781; x_wconf 69' lang='lat'><strong>(29),</strong></span> <span class='ocrx_word' id='word_1_509' title='bbox 3237 2710 3344 2764; x_wconf 88' lang='lat' dir='ltr'><strong>sed</strong></span> <span class='ocrx_word' id='word_1_510' title='bbox 3374 2709 3472 2764; x_wconf 90' lang='lat' dir='ltr'><strong>ille</strong></span> <span class='ocrx_word' id='word_1_511' title='bbox 3503 2707 3710 2764; x_wconf 87' lang='lat' dir='ltr'><strong>melior</strong></span> <span class='ocrx_word' id='word_1_512' title='bbox 3742 2710 3846 2762; x_wconf 85' lang='lat' dir='ltr'><strong>est</strong></span> 
     </span>
    </p>
   </div>
   <div class='ocr_carea' id='block_1_75' title="bbox 2163 2795 3839 2868">
    <p class='ocr_par' dir='ltr' id='par_1_75' title="bbox 2163 2795 3839 2868">
     <span class='ocr_line' id='line_1_75' title="bbox 2163 2795 3839 2868; baseline -0.001 -17"><span class='ocrx_word' id='word_1_513' title='bbox 2163 2796 2264 2868; x_wconf 85' lang='lat' dir='ltr'><strong>qui</strong></span> <span class='ocrx_word' id='word_1_514' title='bbox 2294 2797 2671 2854; x_wconf 79' lang='lat' dir='ltr'><strong>etfructibus</strong></span> <span class='ocrx_word' id='word_1_515' title='bbox 2710 2801 2999 2855; x_wconf 84' lang='lat' dir='ltr'><strong>redundat</strong></span> <span class='ocrx_word' id='word_1_516' title='bbox 3029 2805 3084 2856; x_wconf 90' lang='lat' dir='ltr'><strong>et</strong></span> <span class='ocrx_word' id='word_1_517' title='bbox 3105 2799 3373 2856; x_wconf 85' lang='lat' dir='ltr'><strong>ﬂoribus.</strong></span> <span class='ocrx_word' id='word_1_518' title='bbox 3408 2798 3513 2852; x_wconf 74' lang='lat' dir='ltr'><strong>Est</strong></span> <span class='ocrx_word' id='word_1_519' title='bbox 3544 2813 3689 2868; x_wconf 90' lang='lat' dir='ltr'><strong>ergo</strong></span> <span class='ocrx_word' id='word_1_520' title='bbox 3722 2795 3839 2850; x_wconf 87' lang='lat' dir='ltr'><strong>Ec-</strong></span> 
     </span>
    </p>
   </div>
   <div class='ocr_carea' id='block_1_76' title="bbox 2165 2884 3843 2959">
    <p class='ocr_par' dir='ltr' id='par_1_76' title="bbox 2165 2884 3843 2959">
     <span class='ocr_line' id='line_1_76' title="bbox 2165 2884 3843 2959; baseline 0 -19"><span class='ocrx_word' id='word_1_521' title='bbox 2165 2884 2366 2940; x_wconf 60' lang='lat' dir='ltr'><strong>clesia:</strong></span> <span class='ocrx_word' id='word_1_522' title='bbox 2395 2901 2542 2958; x_wconf 89' lang='lat' dir='ltr'><strong>ager</strong></span> <span class='ocrx_word' id='word_1_523' title='bbox 2571 2888 2828 2944; x_wconf 82' lang='lat' dir='ltr'><strong>diversis</strong></span> <span class='ocrx_word' id='word_1_524' title='bbox 2881 2889 3172 2944; x_wconf 81' lang='lat' dir='ltr'><strong>fecundus</strong></span> <span class='ocrx_word' id='word_1_525' title='bbox 3221 2887 3430 2959; x_wconf 84' lang='lat' dir='ltr'><strong>cepiis.</strong></span> <span class='ocrx_word' id='word_1_526' title='bbox 3465 2886 3576 2941; x_wconf 77' lang='lat' dir='ltr'><strong>llic</strong></span> <span class='ocrx_word' id='word_1_527' title='bbox 3623 2900 3843 2940; x_wconf 84' lang='lat' dir='ltr'><strong>cernas</strong></span> 
     </span>
    </p>
   </div>
   <div class='ocr_carea' id='block_1_77' title="bbox 2163 2977 3836 3050">
    <p class='ocr_par' dir='ltr' id='par_1_77' title="bbox 2163 2977 3836 3050">
     <span class='ocr_line' id='line_1_77' title="bbox 2163 2977 3836 3050; baseline -0.002 -18"><span class='ocrx_word' id='word_1_528' title='bbox 2163 2977 2427 3048; x_wconf 82' lang='lat' dir='ltr'><strong>germina</strong></span> <span class='ocrx_word' id='word_1_529' title='bbox 2459 2977 2814 3050; x_wconf 87' lang='lat' dir='ltr'><strong>virginitatis</strong></span> <span class='ocrx_word' id='word_1_530' title='bbox 2855 2979 3000 3034; x_wconf 82' lang='lat' dir='ltr'><strong>ﬂore</strong></span> <span class='ocrx_word' id='word_1_531' title='bbox 3032 2979 3355 3047; x_wconf 72' lang='lat' dir='ltr'><strong>vernantis,</strong></span> <span class='ocrx_word' id='word_1_532' title='bbox 3396 2977 3518 3031; x_wconf 90' lang='lat' dir='ltr'><strong>illic</strong></span> <span class='ocrx_word' id='word_1_533' title='bbox 3549 2979 3836 3046; x_wconf 84' lang='lat' dir='ltr'><strong>tanquam</strong></span> 
     </span>
    </p>
   </div>
   <div class='ocr_carea' id='block_1_78' title="bbox 2162 3065 3838 3141">
    <p class='ocr_par' dir='ltr' id='par_1_78' title="bbox 2162 3065 3838 3141">
     <span class='ocr_line' id='line_1_78' title="bbox 2162 3065 3838 3141; baseline -0.003 -19"><span class='ocrx_word' id='word_1_534' title='bbox 2162 3067 2224 3122; x_wconf 84' lang='lat' dir='ltr'><strong>in</strong></span> <span class='ocrx_word' id='word_1_535' title='bbox 2279 3068 2506 3138; x_wconf 88' lang='lat' dir='ltr'><strong>campis</strong></span> <span class='ocrx_word' id='word_1_536' title='bbox 2551 3068 2720 3123; x_wconf 79' lang='lat' dir='ltr'><strong>silvae</strong></span> <span class='ocrx_word' id='word_1_537' title='bbox 2765 3069 3106 3124; x_wconf 89' lang='lat' dir='ltr'><strong>viduitatem</strong></span> <span class='ocrx_word' id='word_1_538' title='bbox 3157 3068 3445 3141; x_wconf 84' lang='lat' dir='ltr'><strong>gravitate</strong></span> <span class='ocrx_word' id='word_1_539' title='bbox 3488 3065 3838 3137; x_wconf 80' lang='lat' dir='ltr'><strong>pollentem,</strong></span> 
     </span>
    </p>
   </div>
   <div class='ocr_carea' id='block_1_79' title="bbox 2164 3152 3840 3232">
    <p class='ocr_par' dir='ltr' id='par_1_79' title="bbox 2164 3152 3840 3232">
     <span class='ocr_line' id='line_1_79' title="bbox 2164 3152 3840 3232; baseline 0 -21"><span class='ocrx_word' id='word_1_540' title='bbox 2164 3157 2303 3212; x_wconf 90' lang='lat' dir='ltr'><strong>alibi</strong></span> <span class='ocrx_word' id='word_1_541' title='bbox 2335 3160 2608 3230; x_wconf 87' lang='lat' dir='ltr'><strong>tanquam</strong></span> <span class='ocrx_word' id='word_1_542' title='bbox 2633 3158 2801 3214; x_wconf 89' lang='lat' dir='ltr'><strong>uberi</strong></span> <span class='ocrx_word' id='word_1_543' title='bbox 2825 3159 2996 3232; x_wconf 84' lang='lat' dir='ltr'><strong>fruge</strong></span> <span class='ocrx_word' id='word_1_544' title='bbox 3041 3159 3309 3232; x_wconf 87' lang='lat' dir='ltr'><strong>conjugii</strong></span> <span class='ocrx_word' id='word_1_545' title='bbox 3361 3155 3650 3212; x_wconf 85' lang='lat' dir='ltr'><strong>Ecclesiae</strong></span> <span class='ocrx_word' id='word_1_546' title='bbox 3679 3152 3840 3219; x_wconf 82' lang='lat'><strong>222</strong></span> 
     </span>
    </p>
   </div>
   <div class='ocr_carea' id='block_1_80' title="bbox 2163 3247 3848 3321">
    <p class='ocr_par' dir='ltr' id='par_1_80' title="bbox 2163 3247 3848 3321">
     <span class='ocr_line' id='line_1_80' title="bbox 2163 3247 3848 3321; baseline -0.003 -17"><span class='ocrx_word' id='word_1_547' title='bbox 2163 3251 2429 3321; x_wconf 88' lang='lat' dir='ltr'><strong>segetem</strong></span> <span class='ocrx_word' id='word_1_548' title='bbox 2459 3249 2780 3320; x_wconf 89' lang='lat' dir='ltr'><strong>replentem</strong></span> <span class='ocrx_word' id='word_1_549' title='bbox 2821 3251 3020 3306; x_wconf 90' lang='lat' dir='ltr'><strong>mundi</strong></span> <span class='ocrx_word' id='word_1_550' title='bbox 3062 3251 3296 3320; x_wconf 84' lang='lat' dir='ltr'><strong>horrea,</strong></span> <span class='ocrx_word' id='word_1_551' title='bbox 3328 3265 3398 3305; x_wconf 89' lang='lat' dir='ltr'><strong>ac</strong></span> <span class='ocrx_word' id='word_1_552' title='bbox 3444 3249 3624 3304; x_wconf 89' lang='lat' dir='ltr'><strong>veluti</strong></span> <span class='ocrx_word' id='word_1_553' title='bbox 3659 3247 3848 3300; x_wconf 55' lang='lat' dir='ltr'><strong>mari-</strong></span> 
     </span>
    </p>
   </div>
   <div class='ocr_carea' id='block_1_81' title="bbox 2161 3337 3832 3396">
    <p class='ocr_par' dir='ltr' id='par_1_81' title="bbox 2161 3337 3832 3396">
     <span class='ocr_line' id='line_1_81' title="bbox 2161 3337 3832 3396; baseline 0 -4"><span class='ocrx_word' id='word_1_554' title='bbox 2161 3340 2296 3392; x_wconf 83' lang='lat' dir='ltr'><strong>tatas</strong></span> <span class='ocrx_word' id='word_1_555' title='bbox 2328 3337 2517 3394; x_wconf 70' lang='lat' dir='ltr'><strong>vinea:</strong></span> <span class='ocrx_word' id='word_1_556' title='bbox 2543 3339 2760 3395; x_wconf 81' lang='lat' dir='ltr'><strong>fetibus</strong></span> <span class='ocrx_word' id='word_1_557' title='bbox 2805 3340 3119 3396; x_wconf 88' lang='lat' dir='ltr'><strong>toreularia</strong></span> <span class='ocrx_word' id='word_1_558' title='bbox 3159 3341 3389 3395; x_wconf 89' lang='lat' dir='ltr'><strong>Domini</strong></span> <span class='ocrx_word' id='word_1_559' title='bbox 3425 3340 3572 3395; x_wconf 75' lang='lat' dir='ltr'><strong>Jesu</strong></span> <span class='ocrx_word' id='word_1_560' title='bbox 3611 3337 3832 3394; x_wconf 87' lang='lat' dir='ltr'><strong>redun-</strong></span> 
     </span>
    </p>
   </div>
   <div class='ocr_carea' id='block_1_82' title="bbox 2162 3426 3797 3503">
    <p class='ocr_par' dir='ltr' id='par_1_82' title="bbox 2162 3426 3797 3503">
     <span class='ocr_line' id='line_1_82' title="bbox 2162 3426 3797 3503; baseline 0.001 -22"><span class='ocrx_word' id='word_1_561' title='bbox 2162 3426 2378 3498; x_wconf 89' lang='lat' dir='ltr'><strong>dantia,</strong></span> <span class='ocrx_word' id='word_1_562' title='bbox 2404 3428 2462 3482; x_wconf 92' lang='lat' dir='ltr'><strong>in</strong></span> <span class='ocrx_word' id='word_1_563' title='bbox 2479 3429 2698 3500; x_wconf 89' lang='lat' dir='ltr'><strong>quibus</strong></span> <span class='ocrx_word' id='word_1_564' title='bbox 2727 3429 2918 3484; x_wconf 81' lang='lat' dir='ltr'><strong>ﬁdelis</strong></span> <span class='ocrx_word' id='word_1_565' title='bbox 2943 3430 3210 3503; x_wconf 82' lang='lat' dir='ltr'><strong>conjugii</strong></span> <span class='ocrx_word' id='word_1_566' title='bbox 3231 3431 3462 3485; x_wconf 84' lang='lat' dir='ltr'><strong>fructus</strong></span> <span class='ocrx_word' id='word_1_567' title='bbox 3491 3427 3797 3484; x_wconf 85' lang='lat' dir='ltr'><strong>exuberat.</strong></span> 
     </span>
    </p>
   </div>
   <div class='ocr_carea' id='block_1_83' title="bbox 2775 3537 3182 3593">
    <p class='ocr_par' dir='ltr' id='par_1_83' title="bbox 2775 3537 3182 3593">
     <span class='ocr_line' id='line_1_83' title="bbox 2775 3537 3182 3593; baseline 0.002 -1"><span class='ocrx_word' id='word_1_568' title='bbox 2775 3537 3030 3592; x_wconf 84' lang='lat' dir='ltr'><strong>CAPUT</strong></span> <span class='ocrx_word' id='word_1_569' title='bbox 3060 3537 3182 3593; x_wconf 88' lang='lat' dir='ltr'><strong>Vll.</strong></span> 
     </span>
    </p>
   </div>
   <div class='ocr_carea' id='block_1_84' title="bbox 2171 3635 3837 3718">
    <p class='ocr_par' dir='ltr' id='par_1_84' title="bbox 2171 3635 3837 3718">
     <span class='ocr_line' id='line_1_84' title="bbox 2171 3635 3837 3718; baseline 0.002 -23"><span class='ocrx_word' id='word_1_570' title='bbox 2171 3635 2432 3718; x_wconf 85' lang='lat' dir='ltr'><strong>Tertium</strong></span> <span class='ocrx_word' id='word_1_571' title='bbox 2450 3650 2617 3718; x_wconf 80' lang='lat' dir='ltr'><strong>caput</strong></span> <span class='ocrx_word' id='word_1_572' title='bbox 2641 3659 3019 3718; x_wconf 72' lang='lat' dir='ltr'><strong>aggresssus,</strong></span> <span class='ocrx_word' id='word_1_573' title='bbox 3055 3662 3262 3718; x_wconf 84' lang='lat' dir='ltr'><strong>nempe</strong></span> <span class='ocrx_word' id='word_1_574' title='bbox 3290 3646 3707 3718; x_wconf 67' lang='lat' dir='ltr'><strong>virginitatem</strong></span> <span class='ocrx_word' id='word_1_575' title='bbox 3717 3659 3837 3718; x_wconf 72' lang='lat' dir='ltr'><strong>non</strong></span> 
     </span>
    </p>
   </div>
   <div class='ocr_carea' id='block_1_85' title="bbox 2233 3713 3841 3788">
    <p class='ocr_par' dir='ltr' id='par_1_85' title="bbox 2233 3713 3841 3788">
     <span class='ocr_line' id='line_1_85' title="bbox 2233 3713 3841 3788; baseline 0.001 -20"><span class='ocrx_word' id='word_1_576' title='bbox 2233 3729 2370 3788; x_wconf 79' lang='lat' dir='ltr'><strong>esse</strong></span> <span class='ocrx_word' id='word_1_577' title='bbox 2382 3713 2873 3784; x_wconf 47' lang='lat' dir='ltr'><strong>inuti/cmfiiegat</strong></span> <span class='ocrx_word' id='word_1_578' title='bbox 2889 3715 3062 3771; x_wconf 90' lang='lat' dir='ltr'><strong>ullum</strong></span> <span class='ocrx_word' id='word_1_579' title='bbox 3087 3713 3223 3772; x_wconf 73' lang='lat' dir='ltr'><strong>hinc</strong></span> <span class='ocrx_word' id='word_1_580' title='bbox 3253 3713 3598 3788; x_wconf 72' lang='lat' dir='ltr'><strong>reipublicae</strong></span> <span class='ocrx_word' id='word_1_581' title='bbox 3614 3713 3841 3788; x_wconf 51' lang='grc' dir='ltr'><strong>δαΐοιςνί</strong></span> 
     </span>
    </p>
   </div>
   <div class='ocr_carea' id='block_1_86' title="bbox 2232 3785 3840 3860">
    <p class='ocr_par' dir='ltr' id='par_1_86' title="bbox 2232 3785 3840 3860">
     <span class='ocr_line' id='line_1_86' title="bbox 2232 3785 3840 3860; baseline 0.001 -22"><span class='ocrx_word' id='word_1_582' title='bbox 2232 3785 2540 3860; x_wconf 79' lang='lat' dir='ltr'><strong>damnum,-</strong></span> <span class='ocrx_word' id='word_1_583' title='bbox 2582 3789 2722 3860; x_wconf 86' lang='lat' dir='ltr'><strong>quin</strong></span> <span class='ocrx_word' id='word_1_584' title='bbox 2763 3789 2878 3842; x_wconf 90' lang='lat' dir='ltr'><strong>imo</strong></span> <span class='ocrx_word' id='word_1_585' title='bbox 2923 3789 3025 3842; x_wconf 91' lang='lat' dir='ltr'><strong>ubi</strong></span> <span class='ocrx_word' id='word_1_586' title='bbox 3063 3791 3318 3843; x_wconf 77' lang='lat' dir='ltr'><strong>maxime</strong></span> <span class='ocrx_word' id='word_1_587' title='bbox 3344 3785 3462 3860; x_wconf 70' lang='lat' dir='ltr'><strong>ille</strong></span> <span class='ocrx_word' id='word_1_588' title='bbox 3499 3793 3694 3842; x_wconf 85' lang='lat' dir='ltr'><strong>status</strong></span> <span class='ocrx_word' id='word_1_589' title='bbox 3726 3785 3840 3860; x_wconf 77' lang='lat' dir='ltr'><strong>llo-</strong></span> 
     </span>
    </p>
   </div>
   <div class='ocr_carea' id='block_1_87' title="bbox 2231 3857 3834 3930">
    <p class='ocr_par' dir='ltr' id='par_1_87' title="bbox 2231 3857 3834 3930">
     <span class='ocr_line' id='line_1_87' title="bbox 2231 3857 3834 3930; baseline 0.001 -20"><span class='ocrx_word' id='word_1_590' title='bbox 2231 3863 2384 3930; x_wconf 70' lang='lat' dir='ltr'><strong>reat,</strong></span> <span class='ocrx_word' id='word_1_591' title='bbox 2418 3857 2508 3912; x_wconf 87' lang='lat' dir='ltr'><strong>ibi</strong></span> <span class='ocrx_word' id='word_1_592' title='bbox 2535 3857 3002 3930; x_wconf 72' lang='lat' dir='ltr'><strong>copiosissimam</strong></span> <span class='ocrx_word' id='word_1_593' title='bbox 3031 3861 3249 3915; x_wconf 76' lang='lat' dir='ltr'><strong>civium</strong></span> <span class='ocrx_word' id='word_1_594' title='bbox 3272 3876 3406 3914; x_wconf 84' lang='lat' dir='ltr'><strong>esse</strong></span> <span class='ocrx_word' id='word_1_595' title='bbox 3427 3857 3834 3930; x_wconf 82' lang='lat' dir='ltr'><strong>frequentiam</strong></span> 
     </span>
    </p>
   </div>
   <div class='ocr_carea' id='block_1_88' title="bbox 2231 3925 3836 4000">
    <p class='ocr_par' dir='ltr' id='par_1_88' title="bbox 2231 3925 3836 4000">
     <span class='ocr_line' id='line_1_88' title="bbox 2231 3925 3836 4000; baseline 0.001 -20"><span class='ocrx_word' id='word_1_596' title='bbox 2231 3925 2401 4000; x_wconf 76' lang='lat' dir='ltr'><strong>docet</strong></span> <span class='ocrx_word' id='word_1_597' title='bbox 2429 3948 2447 4000; x_wconf 63' lang='grc' dir='ltr'>ς</span> <span class='ocrx_word' id='word_1_598' title='bbox 2475 3925 2625 4000; x_wconf 77' lang='lat' dir='ltr'><strong>quod</strong></span> <span class='ocrx_word' id='word_1_599' title='bbox 2673 3936 2732 3984; x_wconf 86' lang='lat' dir='ltr'><strong>ut</strong></span> <span class='ocrx_word' id='word_1_600' title='bbox 2772 3947 2945 3984; x_wconf 84' lang='lat' dir='ltr'><strong>secus</strong></span> <span class='ocrx_word' id='word_1_601' title='bbox 2992 3938 3173 3992; x_wconf 84' lang='lat' dir='ltr'><strong>esset,</strong></span> <span class='ocrx_word' id='word_1_602' title='bbox 3210 3931 3363 3986; x_wconf 81' lang='lat' dir='ltr'><strong>hunc</strong></span> <span class='ocrx_word' id='word_1_603' title='bbox 3396 3925 3591 3984; x_wconf 69' lang='lat' dir='ltr'><strong>tamen</strong></span> <span class='ocrx_word' id='word_1_604' title='bbox 3629 3946 3699 3984; x_wconf 90' lang='lat' dir='ltr'><strong>eo</strong></span> <span class='ocrx_word' id='word_1_605' title='bbox 3717 3946 3836 4000; x_wconf 88' lang='lat' dir='ltr'><strong>non</strong></span> 
     </span>
    </p>
   </div>
   <div class='ocr_carea' id='block_1_89' title="bbox 2229 3997 3832 4069">
    <p class='ocr_par' dir='ltr' id='par_1_89' title="bbox 2229 3997 3832 4069">
     <span class='ocr_line' id='line_1_89' title="bbox 2229 3997 3832 4069; baseline 0.002 -19"><span class='ocrx_word' id='word_1_606' title='bbox 2229 3997 2717 4069; x_wconf 75' lang='lat' dir='ltr'><strong>improbandum;</strong></span> <span class='ocrx_word' id='word_1_607' title='bbox 2748 4018 2874 4056; x_wconf 89' lang='lat' dir='ltr'><strong>cmn</strong></span> <span class='ocrx_word' id='word_1_608' title='bbox 2899 4003 2952 4054; x_wconf 91' lang='lat' dir='ltr'><strong>in</strong></span> <span class='ocrx_word' id='word_1_609' title='bbox 2981 4002 3267 4057; x_wconf 83' lang='lat' dir='ltr'><strong>uxoribus</strong></span> <span class='ocrx_word' id='word_1_610' title='bbox 3288 4005 3452 4056; x_wconf 86' lang='lat' dir='ltr'><strong>caste</strong></span> <span class='ocrx_word' id='word_1_611' title='bbox 3481 3999 3832 4055; x_wconf 77' lang='lat' dir='ltr'><strong>viventibus</strong></span> 
     </span>
    </p>
   </div>
   <div class='ocr_carea' id='block_1_90' title="bbox 2229 4067 3834 4152">
    <p class='ocr_par' dir='ltr' id='par_1_90' title="bbox 2229 4067 3834 4152">
     <span class='ocr_line' id='line_1_90' title="bbox 2229 4067 3834 4152; baseline 0.002 -31"><span class='ocrx_word' id='word_1_612' title='bbox 2229 4067 2295 4152; x_wconf 77' lang='lat' dir='ltr'><strong>id</strong></span> <span class='ocrx_word' id='word_1_613' title='bbox 2305 4067 2418 4152; x_wconf 62' lang='lat' dir='ltr'><strong>non</strong></span> <span class='ocrx_word' id='word_1_614' title='bbox 2441 4069 2724 4152; x_wconf 64' lang='lat' dir='ltr'><strong>culpetur.</strong></span> <span class='ocrx_word' id='word_1_615' title='bbox 2746 4071 3068 4152; x_wconf 68' lang='lat' dir='ltr'><strong>Postquam</strong></span> <span class='ocrx_word' id='word_1_616' title='bbox 3084 4089 3243 4152; x_wconf 49' lang='lat' dir='ltr'><strong>verti</strong></span> <span class='ocrx_word' id='word_1_617' title='bbox 3257 4089 3458 4128; x_wconf 85' lang='lat' dir='ltr'><strong>eorum</strong></span> <span class='ocrx_word' id='word_1_618' title='bbox 3471 4073 3582 4152; x_wconf 71' lang='lat' dir='ltr'><strong>qui</strong></span> <span class='ocrx_word' id='word_1_619' title='bbox 3595 4073 3668 4152; x_wconf 63' lang='grc' dir='ltr'><strong>ΞῙιι</strong></span> <span class='ocrx_word' id='word_1_620' title='bbox 3680 4087 3834 4152; x_wconf 71' lang='lat' dir='ltr'><strong>ven-</strong></span> 
     </span>
    </p>
   </div>
   <div class='ocr_carea' id='block_1_91' title="bbox 2231 4141 3832 4216">
    <p class='ocr_par' dir='ltr' id='par_1_91' title="bbox 2231 4141 3832 4216">
     <span class='ocr_line' id='line_1_91' title="bbox 2231 4141 3832 4216; baseline 0.007 -24"><span class='ocrx_word' id='word_1_621' title='bbox 2231 4141 2345 4216; x_wconf 73' lang='lat' dir='ltr'><strong>tuti</strong></span> <span class='ocrx_word' id='word_1_622' title='bbox 2374 4141 2610 4212; x_wconf 82' lang='lat' dir='ltr'><strong>nuptias</strong></span> <span class='ocrx_word' id='word_1_623' title='bbox 2632 4143 2790 4216; x_wconf 80' lang='lat' dir='ltr'><strong>_Iiinc</strong></span> <span class='ocrx_word' id='word_1_624' title='bbox 2823 4141 2962 4216; x_wconf 77' lang='lat' dir='ltr'><strong>ﬁeri</strong></span> <span class='ocrx_word' id='word_1_625' title='bbox 3003 4143 3386 4216; x_wconf 80' lang='lat' dir='ltr'><strong>difﬁciliores</strong></span> <span class='ocrx_word' id='word_1_626' title='bbox 3423 4141 3788 4216; x_wconf 72' lang='lat' dir='ltr'><strong>objiéiebant</strong></span> <span class='ocrx_word' id='word_1_627' title='bbox 3816 4183 3832 4203; x_wconf 72' lang='grc' dir='ltr'><strong>ρ</strong></span> 
     </span>
    </p>
   </div>
   <div class='ocr_carea' id='block_1_92' title="bbox 2229 4209 3830 4288">
    <p class='ocr_par' dir='ltr' id='par_1_92' title="bbox 2229 4209 3830 4288">
     <span class='ocr_line' id='line_1_92' title="bbox 2229 4209 3830 4288; baseline 0.001 -24"><span class='ocrx_word' id='word_1_628' title='bbox 2229 4209 2571 4288; x_wconf 71' lang='lat' dir='ltr'><strong>demonstra</strong></span> <span class='ocrx_word' id='word_1_629' title='bbox 2584 4214 2665 4267; x_wconf 74' lang='lat' dir='ltr'><strong>vit</strong></span> <span class='ocrx_word' id='word_1_630' title='bbox 2683 4215 3058 4288; x_wconf 63' lang='lat' dir='ltr'><strong>inanitatem,</strong></span> <span class='ocrx_word' id='word_1_631' title='bbox 3079 4215 3160 4268; x_wconf 89' lang='lat' dir='ltr'><strong>iis</strong></span> <span class='ocrx_word' id='word_1_632' title='bbox 3174 4215 3272 4288; x_wconf 87' lang='lat' dir='ltr'><strong>qui</strong></span> <span class='ocrx_word' id='word_1_633' title='bbox 3319 4209 3592 4288; x_wconf 74' lang='lat' dir='ltr'><strong>virgines</strong></span> <span class='ocrx_word' id='word_1_634' title='bbox 3608 4214 3830 4288; x_wconf 79' lang='lat' dir='ltr'><strong>serius</strong></span> 
     </span>
    </p>
   </div>
   <div class='ocr_carea' id='block_1_93' title="bbox 2235 4281 3834 4358">
    <p class='ocr_par' dir='ltr' id='par_1_93' title="bbox 2235 4281 3834 4358">
     <span class='ocr_line' id='line_1_93' title="bbox 2235 4281 3834 4358; baseline 0.001 -22"><span class='ocrx_word' id='word_1_635' title='bbox 2235 4281 2518 4358; x_wconf 74' lang='lat' dir='ltr'><strong>velandus</strong></span> <span class='ocrx_word' id='word_1_636' title='bbox 2547 4299 2682 4358; x_wconf 79' lang='lat' dir='ltr'><strong>esse</strong></span> <span class='ocrx_word' id='word_1_637' title='bbox 2710 4285 3168 4358; x_wconf 81' lang='lat' dir='ltr'><strong>contendebant,</strong></span> <span class='ocrx_word' id='word_1_638' title='bbox 3183 4281 3523 4358; x_wconf 55' lang='lat' dir='ltr'><strong>respondet</strong></span> <span class='ocrx_word' id='word_1_639' title='bbox 3551 4285 3649 4358; x_wconf 78' lang='lat' dir='ltr'><strong>hic</strong></span> <span class='ocrx_word' id='word_1_640' title='bbox 3673 4287 3834 4356; x_wconf 85' lang='lat' dir='ltr'><strong>cpis-</strong></span> 
     </span>
    </p>
   </div>
   <div class='ocr_carea' id='block_1_94' title="bbox 2228 4353 3832 4428">
    <p class='ocr_par' dir='ltr' id='par_1_94' title="bbox 2228 4353 3832 4428">
     <span class='ocr_line' id='line_1_94' title="bbox 2228 4353 3832 4428; baseline 0.001 -21"><span class='ocrx_word' id='word_1_641' title='bbox 2228 4353 2359 4428; x_wconf 76' lang='lat' dir='ltr'><strong>copi</strong></span> <span class='ocrx_word' id='word_1_642' title='bbox 2388 4355 2622 4428; x_wconf 83' lang='lat' dir='ltr'><strong>requiri</strong></span> <span class='ocrx_word' id='word_1_643' title='bbox 2662 4357 3042 4428; x_wconf 83' lang='lat' dir='ltr'><strong>prudentium</strong></span> <span class='ocrx_word' id='word_1_644' title='bbox 3076 4377 3092 4412; x_wconf 90' lang='lat'><em>:</em></span> <span class='ocrx_word' id='word_1_645' title='bbox 3115 4361 3174 4411; x_wconf 83' lang='lat' dir='ltr'><strong>at</strong></span> <span class='ocrx_word' id='word_1_646' title='bbox 3206 4353 3389 4412; x_wconf 79' lang='lat' dir='ltr'><strong>solam</strong></span> <span class='ocrx_word' id='word_1_647' title='bbox 3427 4357 3664 4428; x_wconf 69' lang='lat' dir='ltr'><strong>{etatem</strong></span> <span class='ocrx_word' id='word_1_648' title='bbox 3687 4353 3832 4409; x_wconf 78' lang='lat' dir='ltr'><strong>eon-</strong></span> 
     </span>
    </p>
   </div>
   <div class='ocr_carea' id='block_1_95' title="bbox 2226 4423 3835 4499">
    <p class='ocr_par' dir='ltr' id='par_1_95' title="bbox 2226 4423 3835 4499">
     <span class='ocr_line' id='line_1_95' title="bbox 2226 4423 3835 4499; baseline 0.002 -23"><span class='ocrx_word' id='word_1_649' title='bbox 2226 4423 2612 4499; x_wconf 72' lang='lat' dir='ltr'><strong>sitleruiidain</strong></span> <span class='ocrx_word' id='word_1_650' title='bbox 2631 4423 2742 4499; x_wconf 66' lang='lat' dir='ltr'><strong>non</strong></span> <span class='ocrx_word' id='word_1_651' title='bbox 2758 4443 2894 4482; x_wconf 82' lang='lat' dir='ltr'><strong>esse</strong></span> <span class='ocrx_word' id='word_1_652' title='bbox 2912 4435 3244 4499; x_wconf 66' lang='lat' dir='ltr'><strong>martyrum</strong></span> <span class='ocrx_word' id='word_1_653' title='bbox 3275 4427 3586 4499; x_wconf 70' lang='lat' dir='ltr'><strong>exemplis,</strong></span> <span class='ocrx_word' id='word_1_654' title='bbox 3601 4442 3668 4481; x_wconf 89' lang='lat' dir='ltr'><strong>ac</strong></span> <span class='ocrx_word' id='word_1_655' title='bbox 3684 4441 3835 4498; x_wconf 83' lang='lat' dir='ltr'><strong>puc-</strong></span> 
     </span>
    </p>
   </div>
   <div class='ocr_carea' id='block_1_96' title="bbox 2225 4483 3596 4571">
    <p class='ocr_par' dir='ltr' id='par_1_96' title="bbox 2225 4483 3596 4571">
     <span class='ocr_line' id='line_1_96' title="bbox 2225 4483 3596 4571; baseline 0.002 -22"><span class='ocrx_word' id='word_1_656' title='bbox 2225 4509 2428 4550; x_wconf 84' lang='lat' dir='ltr'><strong>rorum</strong></span> <span class='ocrx_word' id='word_1_657' title='bbox 2459 4497 2535 4550; x_wconf 79' lang='lat' dir='ltr'><strong>ad</strong></span> <span class='ocrx_word' id='word_1_658' title='bbox 2567 4498 2871 4553; x_wconf 78' lang='lat' dir='ltr'><strong>Christum</strong></span> <span class='ocrx_word' id='word_1_659' title='bbox 2901 4483 3328 4568; x_wconf 73' lang='lat' dir='ltr'><strong>accedentium,</strong></span> <span class='ocrx_word' id='word_1_660' title='bbox 3357 4483 3596 4571; x_wconf 50' lang='lat' dir='ltr'><strong>prbbat&#39;.</strong></span> 
     </span>
    </p>
   </div>
   <div class='ocr_carea' id='block_1_97' title="bbox 365 4566 3830 4677">
    <p class='ocr_par' dir='ltr' id='par_1_97' title="bbox 365 4566 3830 4677">
     <span class='ocr_line' id='line_1_97' title="bbox 365 4566 3830 4677; baseline 0 -21"><span class='ocrx_word' id='word_1_661' title='bbox 365 4566 650 4659; x_wconf 65' lang='lat' dir='ltr'><strong>aridorum</strong></span> <span class='ocrx_word' id='word_1_662' title='bbox 675 4566 743 4659; x_wconf 79' lang='lat' dir='ltr'><strong>eto</strong></span> <span class='ocrx_word' id='word_1_663' title='bbox 761 4566 1216 4662; x_wconf 60' lang='lat' dir='ltr'><strong>erudiendorurm</strong></span> <span class='ocrx_word' id='word_1_664' title='bbox 1240 4607 1563 4664; x_wconf 79' lang='lat' dir='ltr'><strong>liberorum</strong></span> <span class='ocrx_word' id='word_1_665' title='bbox 1587 4566 1878 4662; x_wconf 53' lang='lat' dir='ltr'><strong>molestia.</strong></span> <span class='ocrx_word' id='word_1_666' title='bbox 1905 4605 2039 4672; x_wconf 83' lang='lat' dir='ltr'><strong>Qui-</strong></span> <span class='ocrx_word' id='word_1_667' title='bbox 2075 4566 2142 4633; x_wconf 60' lang='grc'><strong><em>⁵</em></strong></span> <span class='ocrx_word' id='word_1_668' title='bbox 2159 4670 2192 4677; x_wconf 92' lang='lat'><strong>__</strong></span> <span class='ocrx_word' id='word_1_669' title='bbox 2223 4599 2473 4677; x_wconf 10' lang='lat' dir='ltr'><strong>35.7Nec</strong></span> <span class='ocrx_word' id='word_1_670' title='bbox 2505 4603 2836 4677; x_wconf 77' lang='lat' dir='ltr'><strong>improbum</strong></span> <span class='ocrx_word' id='word_1_671' title='bbox 2873 4606 3071 4677; x_wconf 88' lang='lat' dir='ltr'><strong>igitur,</strong></span> <span class='ocrx_word' id='word_1_672' title='bbox 3115 4621 3225 4660; x_wconf 91' lang='lat' dir='ltr'><strong>nec</strong></span> <span class='ocrx_word' id='word_1_673' title='bbox 3271 4621 3492 4660; x_wconf 86' lang='lat' dir='ltr'><strong>novum</strong></span> <span class='ocrx_word' id='word_1_674' title='bbox 3522 4603 3830 4677; x_wconf 80' lang='lat' dir='ltr'><strong>integrita-</strong></span> 
     </span>
    </p>
   </div>
   <div class='ocr_carea' id='block_1_98' title="bbox 363 4687 2038 4768">
    <p class='ocr_par' dir='ltr' id='par_1_98' title="bbox 363 4687 2038 4768">
     <span class='ocr_line' id='line_1_98' title="bbox 363 4687 2038 4768; baseline 0.004 -24"><span class='ocrx_word' id='word_1_675' title='bbox 363 4687 480 4746; x_wconf 85' lang='lat' dir='ltr'><strong>bus</strong></span> <span class='ocrx_word' id='word_1_676' title='bbox 509 4695 644 4748; x_wconf 90' lang='lat' dir='ltr'><strong>ante</strong></span> <span class='ocrx_word' id='word_1_677' title='bbox 665 4695 1054 4766; x_wconf 67' lang='lat' dir='ltr'><strong>praescripsit,</strong></span> <span class='ocrx_word' id='word_1_678' title='bbox 1079 4711 1152 4751; x_wconf 89' lang='lat' dir='ltr'><strong>ne</strong></span> <span class='ocrx_word' id='word_1_679' title='bbox 1182 4697 1318 4768; x_wconf 87' lang='lat' dir='ltr'><strong>quis</strong></span> <span class='ocrx_word' id='word_1_680' title='bbox 1356 4695 1702 4768; x_wconf 83' lang='lat' dir='ltr'><strong>hujusmodi</strong></span> <span class='ocrx_word' id='word_1_681' title='bbox 1738 4699 2038 4752; x_wconf 87' lang='lat' dir='ltr'><strong>avertere-</strong></span> 
     </span>
    </p>
   </div>
   <div class='ocr_carea' id='block_1_99' title="bbox 364 4779 2038 4857">
    <p class='ocr_par' dir='ltr' id='par_1_99' title="bbox 364 4779 2038 4857">
     <span class='ocr_line' id='line_1_99' title="bbox 364 4779 2038 4857; baseline 0.004 -24"><span class='ocrx_word' id='word_1_682' title='bbox 364 4780 462 4833; x_wconf 87' lang='lat' dir='ltr'><strong>tur</strong></span> <span class='ocrx_word' id='word_1_683' title='bbox 487 4779 757 4852; x_wconf 82' lang='lat' dir='ltr'><strong>injuriis;</strong></span> <span class='ocrx_word' id='word_1_684' title='bbox 785 4784 980 4839; x_wconf 68' lang='lat' dir='ltr'><strong>multaa</strong></span> <span class='ocrx_word' id='word_1_685' title='bbox 1011 4785 1166 4840; x_wconf 90' lang='lat' dir='ltr'><strong>enim</strong></span> <span class='ocrx_word' id='word_1_686' title='bbox 1199 4786 1256 4840; x_wconf 92' lang='lat' dir='ltr'><strong>in</strong></span> <span class='ocrx_word' id='word_1_687' title='bbox 1287 4789 1490 4857; x_wconf 83' lang='lat' dir='ltr'><strong>partus</strong></span> <span class='ocrx_word' id='word_1_688' title='bbox 1522 4784 1828 4841; x_wconf 90' lang='lat' dir='ltr'><strong>doloribus</strong></span> <span class='ocrx_word' id='word_1_689' title='bbox 1861 4799 2038 4840; x_wconf 89' lang='lat' dir='ltr'><strong>cons-</strong></span> 
     </span>
    </p>
   </div>
   <div class='ocr_carea' id='block_1_100' title="bbox 363 4866 2035 4944">
    <p class='ocr_par' dir='ltr' id='par_1_100' title="bbox 363 4866 2035 4944">
     <span class='ocr_line' id='line_1_100' title="bbox 363 4866 2035 4944; baseline 0.003 -21"><span class='ocrx_word' id='word_1_690' title='bbox 363 4866 570 4938; x_wconf 63' lang='lat' dir='ltr'><strong>titutae,</strong></span> <span class='ocrx_word' id='word_1_691' title='bbox 595 4869 878 4944; x_wconf 85' lang='lat' dir='ltr'><strong>conjugio</strong></span> <span class='ocrx_word' id='word_1_692' title='bbox 900 4889 967 4928; x_wconf 87' lang='lat' dir='ltr'><strong>se</strong></span> <span class='ocrx_word' id='word_1_693' title='bbox 1007 4875 1343 4930; x_wconf 88' lang='lat' dir='ltr'><strong>renuntiare</strong></span> <span class='ocrx_word' id='word_1_694' title='bbox 1375 4875 1577 4930; x_wconf 87' lang='lat' dir='ltr'><strong>dicunt</strong></span> <span class='ocrx_word' id='word_1_695' title='bbox 1609 4890 1622 4931; x_wconf 89' lang='lat'>:</span> <span class='ocrx_word' id='word_1_696' title='bbox 1659 4873 1819 4930; x_wconf 89' lang='lat' dir='ltr'><strong>multi</strong></span> <span class='ocrx_word' id='word_1_697' title='bbox 1851 4874 2035 4930; x_wconf 88' lang='lat' dir='ltr'><strong>etiam</strong></span> 
     </span>
    </p>
   </div>
   <div class='ocr_carea' id='block_1_101' title="bbox 362 4957 2036 5034">
    <p class='ocr_par' dir='ltr' id='par_1_101' title="bbox 362 4957 2036 5034">
     <span class='ocr_line' id='line_1_101' title="bbox 362 4957 2036 5034; baseline 0.005 -24"><span class='ocrx_word' id='word_1_698' title='bbox 362 4957 718 5013; x_wconf 85' lang='lat' dir='ltr'><strong>matrimonii</strong></span> <span class='ocrx_word' id='word_1_699' title='bbox 765 4975 942 5015; x_wconf 86' lang='lat' dir='ltr'><strong>onera</strong></span> <span class='ocrx_word' id='word_1_700' title='bbox 986 4977 1103 5016; x_wconf 92' lang='lat' dir='ltr'><strong>non</strong></span> <span class='ocrx_word' id='word_1_701' title='bbox 1152 4963 1432 5034; x_wconf 81' lang='lat' dir='ltr'><strong>ferentes,</strong></span> <span class='ocrx_word' id='word_1_702' title='bbox 1479 4963 1672 5019; x_wconf 87' lang='lat' dir='ltr'><strong>alieno</strong></span> <span class='ocrx_word' id='word_1_703' title='bbox 1721 4964 1796 5018; x_wconf 90' lang='lat' dir='ltr'><strong>ab</strong></span> <span class='ocrx_word' id='word_1_704' title='bbox 1847 4978 2036 5018; x_wconf 82' lang='lat' dir='ltr'><strong>uxore</strong></span> 
     </span>
    </p>
   </div>
   <div class='ocr_carea' id='block_1_102' title="bbox 362 5041 2029 5124">
    <p class='ocr_par' dir='ltr' id='par_1_102' title="bbox 362 5041 2029 5124">
     <span class='ocr_line' id='line_1_102' title="bbox 362 5041 2029 5124; baseline 0.005 -24"><span class='ocrx_word' id='word_1_705' title='bbox 362 5041 476 5116; x_wconf 73' lang='grc'><strong>(26)</strong></span> <span class='ocrx_word' id='word_1_706' title='bbox 523 5051 868 5104; x_wconf 83' lang='lat' dir='ltr'><strong>avertuntur</strong></span> <span class='ocrx_word' id='word_1_707' title='bbox 921 5049 1154 5107; x_wconf 78' lang='lat' dir='ltr'><strong>affectu.</strong></span> <span class='ocrx_word' id='word_1_708' title='bbox 1207 5051 1277 5107; x_wconf 86' lang='lat' dir='ltr'><strong>Et</strong></span> <span class='ocrx_word' id='word_1_709' title='bbox 1332 5053 1464 5108; x_wconf 87' lang='lat' dir='ltr'><strong>ideo</strong></span> <span class='ocrx_word' id='word_1_710' title='bbox 1523 5053 1844 5124; x_wconf 75' lang='lat' dir='ltr'><strong>Apostolus</strong></span> <span class='ocrx_word' id='word_1_711' title='bbox 1894 5055 2029 5108; x_wconf 86' lang='lat' dir='ltr'><strong>ante</strong></span> 
     </span>
    </p>
   </div>
   <div class='ocr_carea' id='block_1_103' title="bbox 361 5137 2038 5216">
    <p class='ocr_par' dir='ltr' id='par_1_103' title="bbox 361 5137 2038 5216">
     <span class='ocr_line' id='line_1_103' title="bbox 361 5137 2038 5216; baseline 0.003 -25"><span class='ocrx_word' id='word_1_712' title='bbox 361 5137 650 5210; x_wconf 69' lang='grc' dir='ltr'><strong>ιη’ωωίεῆ</strong></span> <span class='ocrx_word' id='word_1_713' title='bbox 689 5153 703 5193; x_wconf 88' lang='lat'><strong>:</strong></span> <span class='ocrx_word' id='word_1_714' title='bbox 738 5138 986 5211; x_wconf 82' lang='lat' dir='ltr'><strong>Ligatus</strong></span> <span class='ocrx_word' id='word_1_715' title='bbox 1015 5157 1083 5196; x_wconf 78' lang='lat' dir='ltr'><strong>es</strong></span> <span class='ocrx_word' id='word_1_716' title='bbox 1123 5143 1295 5197; x_wconf 84' lang='lat' dir='ltr'><strong>uxori</strong></span> <span class='ocrx_word' id='word_1_717' title='bbox 1323 5145 1352 5198; x_wconf 81' lang='lat'><strong>?</strong></span> <span class='ocrx_word' id='word_1_718' title='bbox 1389 5142 1530 5198; x_wconf 82' lang='lat' dir='ltr'><strong>Noli</strong></span> <span class='ocrx_word' id='word_1_719' title='bbox 1564 5158 1834 5216; x_wconf 78' lang='lat' dir='ltr'><strong>quaerere</strong></span> <span class='ocrx_word' id='word_1_720' title='bbox 1877 5141 2038 5197; x_wconf 88' lang='lat' dir='ltr'><strong>solu-</strong></span> 
     </span>
    </p>
   </div>
   <div class='ocr_carea' id='block_1_104' title="bbox 363 5224 2036 5304">
    <p class='ocr_par' dir='ltr' id='par_1_104' title="bbox 363 5224 2036 5304">
     <span class='ocr_line' id='line_1_104' title="bbox 363 5224 2036 5304; baseline 0.005 -26"><span class='ocrx_word' id='word_1_721' title='bbox 363 5224 582 5281; x_wconf 88' lang='lat' dir='ltr'><strong>tionem</strong></span> <span class='ocrx_word' id='word_1_722' title='bbox 629 5226 805 5294; x_wconf 91' lang='lat' dir='ltr'><strong>(Ibid.</strong></span> <span class='ocrx_word' id='word_1_723' title='bbox 865 5229 977 5297; x_wconf 72' lang='lat'><strong>27).</strong></span> <span class='ocrx_word' id='word_1_724' title='bbox 1033 5229 1104 5284; x_wconf 84' lang='lat' dir='ltr'><strong>Et</strong></span> <span class='ocrx_word' id='word_1_725' title='bbox 1146 5231 1300 5287; x_wconf 88' lang='lat' dir='ltr'><strong>bene</strong></span> <span class='ocrx_word' id='word_1_726' title='bbox 1339 5231 1420 5286; x_wconf 89' lang='lat' dir='ltr'><strong>ait</strong></span> <span class='ocrx_word' id='word_1_727' title='bbox 1465 5232 1710 5304; x_wconf 83' lang='lat' dir='ltr'><strong>Ligatus</strong></span> <span class='ocrx_word' id='word_1_728' title='bbox 1738 5247 1837 5298; x_wconf 80' lang='lat' dir='ltr'><strong>es;</strong></span> <span class='ocrx_word' id='word_1_729' title='bbox 1882 5247 2036 5303; x_wconf 89' lang='lat' dir='ltr'><strong>quo-</strong></span> 
     </span>
    </p>
   </div>
   <div class='ocr_carea' id='block_1_105' title="bbox 361 5312 2032 5376">
    <p class='ocr_par' dir='ltr' id='par_1_105' title="bbox 361 5312 2032 5376">
     <span class='ocr_line' id='line_1_105' title="bbox 361 5312 2032 5376; baseline 0.002 -4"><span class='ocrx_word' id='word_1_730' title='bbox 361 5312 494 5372; x_wconf 77' lang='lat' dir='ltr'><strong>dam</strong></span> <span class='ocrx_word' id='word_1_731' title='bbox 549 5315 705 5372; x_wconf 90' lang='lat' dir='ltr'><strong>enim</strong></span> <span class='ocrx_word' id='word_1_732' title='bbox 763 5317 856 5372; x_wconf 88' lang='lat' dir='ltr'><strong>vir</strong></span> <span class='ocrx_word' id='word_1_733' title='bbox 895 5321 952 5374; x_wconf 93' lang='lat' dir='ltr'><strong>et</strong></span> <span class='ocrx_word' id='word_1_734' title='bbox 988 5334 1142 5375; x_wconf 80' lang='lat' dir='ltr'><strong>uxor</strong></span> <span class='ocrx_word' id='word_1_735' title='bbox 1189 5335 1346 5376; x_wconf 83' lang='lat' dir='ltr'><strong>nexu</strong></span> <span class='ocrx_word' id='word_1_736' title='bbox 1402 5321 1556 5375; x_wconf 90' lang='lat' dir='ltr'><strong>inter</strong></span> <span class='ocrx_word' id='word_1_737' title='bbox 1611 5335 1678 5376; x_wconf 89' lang='lat' dir='ltr'><strong>se</strong></span> <span class='ocrx_word' id='word_1_738' title='bbox 1741 5321 2032 5376; x_wconf 88' lang='lat' dir='ltr'><strong>amatorio</strong></span> 
     </span>
    </p>
   </div>
   <div class='ocr_carea' id='block_1_106' title="bbox 430 5455 1720 5531">
    <p class='ocr_par' dir='ltr' id='par_1_106' title="bbox 430 5455 1720 5531">
     <span class='ocr_line' id='line_1_106' title="bbox 430 5455 1720 5531; baseline 0.002 -17"><span class='ocrx_word' id='word_1_739' title='bbox 430 5455 544 5531; x_wconf 76' lang='lat'><strong>(26)</strong></span> <span class='ocrx_word' id='word_1_740' title='bbox 577 5458 824 5524; x_wconf 89' lang='lat' dir='ltr'><strong>Quidam</strong></span> <span class='ocrx_word' id='word_1_741' title='bbox 849 5476 1019 5530; x_wconf 90' lang='lat' dir='ltr'><strong>mss.,</strong></span> <span class='ocrx_word' id='word_1_742' title='bbox 1055 5462 1242 5518; x_wconf 83' lang='lat' dir='ltr'><strong>alieni</strong></span> <span class='ocrx_word' id='word_1_743' title='bbox 1253 5462 1327 5519; x_wconf 91' lang='lat' dir='ltr'><strong>ab</strong></span> <span class='ocrx_word' id='word_1_744' title='bbox 1346 5461 1575 5531; x_wconf 83' lang='lat' dir='ltr'><strong>uxorio,</strong></span> <span class='ocrx_word' id='word_1_745' title='bbox 1608 5465 1720 5516; x_wconf 90' lang='lat' dir='ltr'><strong>etc.</strong></span> 
     </span>
    </p>
   </div>
   <div class='ocr_carea' id='block_1_107' title="bbox 432 5530 2038 5604">
    <p class='ocr_par' dir='ltr' id='par_1_107' title="bbox 432 5530 2038 5604">
     <span class='ocr_line' id='line_1_107' title="bbox 432 5530 2038 5604; baseline 0.002 -19"><span class='ocrx_word' id='word_1_746' title='bbox 432 5530 549 5604; x_wconf 74' lang='lat'><strong>(2‘7)</strong></span> <span class='ocrx_word' id='word_1_747' title='bbox 580 5531 712 5588; x_wconf 89' lang='lat' dir='ltr'><strong>Non</strong></span> <span class='ocrx_word' id='word_1_748' title='bbox 733 5533 906 5604; x_wconf 84' lang='lat' dir='ltr'><strong>pauci</strong></span> <span class='ocrx_word' id='word_1_749' title='bbox 925 5548 1098 5604; x_wconf 84' lang='lat' dir='ltr'><strong>mss.,</strong></span> <span class='ocrx_word' id='word_1_750' title='bbox 1129 5533 1361 5589; x_wconf 84' lang='lat' dir='ltr'><strong>vincula</strong></span> <span class='ocrx_word' id='word_1_751' title='bbox 1381 5537 1537 5598; x_wconf 87' lang='lat' dir='ltr'><strong>sunt,</strong></span> <span class='ocrx_word' id='word_1_752' title='bbox 1563 5530 1674 5588; x_wconf 76' lang='lat' dir='ltr'><strong>Sed</strong></span> <span class='ocrx_word' id='word_1_753' title='bbox 1691 5538 1885 5589; x_wconf 81' lang='lat' dir='ltr'><strong>tamen</strong></span> <span class='ocrx_word' id='word_1_754' title='bbox 1912 5537 2038 5590; x_wconf 78' lang='lat' dir='ltr'><strong>vin-</strong></span> 
     </span>
    </p>
   </div>
   <div class='ocr_carea' id='block_1_108' title="bbox 359 5601 1748 5668">
    <p class='ocr_par' dir='ltr' id='par_1_108' title="bbox 359 5601 1748 5668">
     <span class='ocr_line' id='line_1_108' title="bbox 359 5601 1748 5668; baseline 0.001 -12"><span class='ocrx_word' id='word_1_755' title='bbox 359 5601 490 5668; x_wconf 77' lang='lat' dir='ltr'><strong>pula</strong></span> <span class='ocrx_word' id='word_1_756' title='bbox 525 5621 542 5664; x_wconf 77' lang='lat'><strong>,-</strong></span> <span class='ocrx_word' id='word_1_757' title='bbox 577 5603 698 5659; x_wconf 88' lang='lat' dir='ltr'><strong>etsi</strong></span> <span class='ocrx_word' id='word_1_758' title='bbox 732 5601 964 5660; x_wconf 63' lang='lat' dir='ltr'><strong>vincula</strong></span> <span class='ocrx_word' id='word_1_759' title='bbox 981 5601 1320 5660; x_wconf 82' lang='lat' dir='ltr'><strong>charitatis.</strong></span> <span class='ocrx_word' id='word_1_760' title='bbox 1348 5605 1594 5668; x_wconf 88' lang='lat' dir='ltr'><strong>Bonum,</strong></span> <span class='ocrx_word' id='word_1_761' title='bbox 1636 5605 1748 5658; x_wconf 90' lang='lat' dir='ltr'><strong>etc.</strong></span> 
     </span>
    </p>
   </div>
   <div class='ocr_carea' id='block_1_109' title="bbox 435 5672 2038 5748">
    <p class='ocr_par' dir='ltr' id='par_1_109' title="bbox 435 5672 2038 5748">
     <span class='ocr_line' id='line_1_109' title="bbox 435 5672 2038 5748; baseline 0.005 -21"><span class='ocrx_word' id='word_1_762' title='bbox 435 5672 551 5745; x_wconf 74' lang='lat'><strong>(9.8)</strong></span> <span class='ocrx_word' id='word_1_763' title='bbox 601 5672 1000 5748; x_wconf 78' lang='lat' dir='ltr'><strong>Marcionen,</strong></span> <span class='ocrx_word' id='word_1_764' title='bbox 1042 5675 1435 5743; x_wconf 80' lang='lat' dir='ltr'><strong>Manichaeum</strong></span> <span class='ocrx_word' id='word_1_765' title='bbox 1477 5690 1550 5732; x_wconf 83' lang='lat' dir='ltr'><strong>ac</strong></span> <span class='ocrx_word' id='word_1_766' title='bbox 1571 5673 1876 5736; x_wconf 83' lang='lat' dir='ltr'><strong>Tatianum</strong></span> <span class='ocrx_word' id='word_1_767' title='bbox 1901 5717 1918 5748; x_wconf 95' lang='lat'><strong>,</strong></span> <span class='ocrx_word' id='word_1_768' title='bbox 1966 5690 2038 5736; x_wconf 89' lang='lat' dir='ltr'><strong>eo</strong></span> 
     </span>
    </p>
   </div>
   <div class='ocr_carea' id='block_1_110' title="bbox 2152 4670 3826 4745">
    <p class='ocr_par' dir='ltr' id='par_1_110' title="bbox 2152 4670 3826 4745">
     <span class='ocr_line' id='line_1_110' title="bbox 2152 4670 3826 4745; baseline 0.002 -20"><span class='ocrx_word' id='word_1_769' title='bbox 2152 4670 2230 4725; x_wconf 86' lang='lat' dir='ltr'><strong>tis</strong></span> <span class='ocrx_word' id='word_1_770' title='bbox 2251 4676 2345 4727; x_wconf 91' lang='lat' dir='ltr'><strong>est</strong></span> <span class='ocrx_word' id='word_1_771' title='bbox 2389 4670 2670 4730; x_wconf 71' lang='lat' dir='ltr'><strong>studium.</strong></span> <span class='ocrx_word' id='word_1_772' title='bbox 2703 4670 3021 4732; x_wconf 74' lang='lat' dir='ltr'><strong>Videamus</strong></span> <span class='ocrx_word' id='word_1_773' title='bbox 3057 4670 3130 4732; x_wconf 82' lang='lat' dir='ltr'><strong>ne</strong></span> <span class='ocrx_word' id='word_1_774' title='bbox 3171 4677 3320 4732; x_wconf 78' lang='lat' dir='ltr'><strong>forte</strong></span> <span class='ocrx_word' id='word_1_775' title='bbox 3351 4677 3557 4731; x_wconf 90' lang='lat' dir='ltr'><strong>inutile</strong></span> <span class='ocrx_word' id='word_1_776' title='bbox 3583 4670 3826 4745; x_wconf 72' lang='lat' dir='ltr'><strong>judice-</strong></span> 
     </span>
    </p>
   </div>
   <div class='ocr_carea' id='block_1_111' title="bbox 2151 4762 3832 4838">
    <p class='ocr_par' dir='ltr' id='par_1_111' title="bbox 2151 4762 3832 4838">
     <span class='ocr_line' id='line_1_111' title="bbox 2151 4762 3832 4838; baseline 0.002 -24"><span class='ocrx_word' id='word_1_777' title='bbox 2151 4762 2276 4830; x_wconf 84' lang='lat' dir='ltr'><strong>tur;</strong></span> <span class='ocrx_word' id='word_1_778' title='bbox 2337 4764 2654 4820; x_wconf 81' lang='lat' dir='ltr'><strong>nonnullos</strong></span> <span class='ocrx_word' id='word_1_779' title='bbox 2708 4765 2865 4820; x_wconf 89' lang='lat' dir='ltr'><strong>enim</strong></span> <span class='ocrx_word' id='word_1_780' title='bbox 2915 4767 3143 4822; x_wconf 84' lang='lat' dir='ltr'><strong>dixisse</strong></span> <span class='ocrx_word' id='word_1_781' title='bbox 3201 4765 3400 4821; x_wconf 89' lang='lat' dir='ltr'><strong>audivi</strong></span> <span class='ocrx_word' id='word_1_782' title='bbox 3448 4765 3606 4838; x_wconf 91' lang='lat' dir='ltr'><strong>quod</strong></span> <span class='ocrx_word' id='word_1_783' title='bbox 3653 4765 3832 4836; x_wconf 89' lang='lat' dir='ltr'><strong>periit</strong></span> 
     </span>
    </p>
   </div>
   <div class='ocr_carea' id='block_1_112' title="bbox 2150 4850 3830 4927">
    <p class='ocr_par' dir='ltr' id='par_1_112' title="bbox 2150 4850 3830 4927">
     <span class='ocr_line' id='line_1_112' title="bbox 2150 4850 3830 4927; baseline 0.004 -24"><span class='ocrx_word' id='word_1_784' title='bbox 2150 4850 2430 4917; x_wconf 88' lang='lat' dir='ltr'><strong>mundus,</strong></span> <span class='ocrx_word' id='word_1_785' title='bbox 2463 4853 2678 4909; x_wconf 78' lang='lat' dir='ltr'><strong>defecit</strong></span> <span class='ocrx_word' id='word_1_786' title='bbox 2708 4870 2900 4926; x_wconf 85' lang='lat' dir='ltr'><strong>genus</strong></span> <span class='ocrx_word' id='word_1_787' title='bbox 2937 4855 3278 4922; x_wconf 86' lang='lat' dir='ltr'><strong>humanum,</strong></span> <span class='ocrx_word' id='word_1_788' title='bbox 3319 4853 3602 4927; x_wconf 86' lang='lat' dir='ltr'><strong>conjugia</strong></span> <span class='ocrx_word' id='word_1_789' title='bbox 3663 4853 3830 4909; x_wconf 89' lang='lat' dir='ltr'><strong>labe-</strong></span> 
     </span>
    </p>
   </div>
   <div class='ocr_carea' id='block_1_113' title="bbox 2151 4936 3824 5016">
    <p class='ocr_par' dir='ltr' id='par_1_113' title="bbox 2151 4936 3824 5016">
     <span class='ocr_line' id='line_1_113' title="bbox 2151 4936 3824 5016; baseline 0.004 -24"><span class='ocrx_word' id='word_1_790' title='bbox 2151 4936 2304 4994; x_wconf 77' lang='lat' dir='ltr'><strong>facta</strong></span> <span class='ocrx_word' id='word_1_791' title='bbox 2352 4945 2509 4997; x_wconf 90' lang='lat' dir='ltr'><strong>sunt.</strong></span> <span class='ocrx_word' id='word_1_792' title='bbox 2565 4941 2778 5009; x_wconf 80' lang='lat' dir='ltr'><strong>Quaero</strong></span> <span class='ocrx_word' id='word_1_793' title='bbox 2809 4945 2944 5016; x_wconf 91' lang='lat' dir='ltr'><strong>quis</strong></span> <span class='ocrx_word' id='word_1_794' title='bbox 2973 4943 3209 5000; x_wconf 89' lang='lat' dir='ltr'><strong>tandem</strong></span> <span class='ocrx_word' id='word_1_795' title='bbox 3237 4943 3519 5016; x_wconf 83' lang='lat' dir='ltr'><strong>quaesivit</strong></span> <span class='ocrx_word' id='word_1_796' title='bbox 3548 4959 3824 5010; x_wconf 79' lang='lat' dir='ltr'><strong>uxorem,</strong></span> 
     </span>
    </p>
   </div>
   <div class='ocr_carea' id='block_1_114' title="bbox 2148 5028 3824 5102">
    <p class='ocr_par' dir='ltr' id='par_1_114' title="bbox 2148 5028 3824 5102">
     <span class='ocr_line' id='line_1_114' title="bbox 2148 5028 3824 5102; baseline 0.002 -20"><span class='ocrx_word' id='word_1_797' title='bbox 2148 5028 2252 5100; x_wconf 89' lang='lat' dir='ltr'><strong>qui</strong></span> <span class='ocrx_word' id='word_1_798' title='bbox 2279 5045 2399 5085; x_wconf 91' lang='lat' dir='ltr'><strong>non</strong></span> <span class='ocrx_word' id='word_1_799' title='bbox 2429 5031 2772 5088; x_wconf 85' lang='lat' dir='ltr'><strong>invenerit?</strong></span> <span class='ocrx_word' id='word_1_800' title='bbox 2817 5033 3062 5098; x_wconf 89' lang='lat' dir='ltr'><strong>Quando</strong></span> <span class='ocrx_word' id='word_1_801' title='bbox 3111 5033 3329 5089; x_wconf 83' lang='lat' dir='ltr'><strong>fuerint</strong></span> <span class='ocrx_word' id='word_1_802' title='bbox 3365 5032 3522 5088; x_wconf 88' lang='lat' dir='ltr'><strong>bella</strong></span> <span class='ocrx_word' id='word_1_803' title='bbox 3557 5048 3664 5102; x_wconf 90' lang='lat' dir='ltr'><strong>pro</strong></span> <span class='ocrx_word' id='word_1_804' title='bbox 3698 5031 3824 5086; x_wconf 85' lang='lat' dir='ltr'><strong>vir-</strong></span> 
     </span>
    </p>
   </div>
   <div class='ocr_carea' id='block_1_115' title="bbox 2149 5121 3822 5196">
    <p class='ocr_par' dir='ltr' id='par_1_115' title="bbox 2149 5121 3822 5196">
     <span class='ocr_line' id='line_1_115' title="bbox 2149 5121 3822 5196; baseline 0.001 -20"><span class='ocrx_word' id='word_1_805' title='bbox 2149 5121 2289 5194; x_wconf 87' lang='lat' dir='ltr'><strong>giae</strong></span> <span class='ocrx_word' id='word_1_806' title='bbox 2315 5124 2344 5178; x_wconf 64' lang='grc' dir='ltr'><em>ει</em></span> <span class='ocrx_word' id='word_1_807' title='bbox 2363 5123 2508 5189; x_wconf 89' lang='lat' dir='ltr'><strong>Quis</strong></span> <span class='ocrx_word' id='word_1_808' title='bbox 2537 5139 2794 5196; x_wconf 87' lang='lat' dir='ltr'><strong>unquam</strong></span> <span class='ocrx_word' id='word_1_809' title='bbox 2825 5141 2931 5195; x_wconf 92' lang='lat' dir='ltr'><strong>pro</strong></span> <span class='ocrx_word' id='word_1_810' title='bbox 2948 5123 3182 5196; x_wconf 90' lang='lat' dir='ltr'><strong>virgine</strong></span> <span class='ocrx_word' id='word_1_811' title='bbox 3215 5123 3292 5178; x_wconf 89' lang='lat' dir='ltr'><strong>sit</strong></span> <span class='ocrx_word' id='word_1_812' title='bbox 3323 5125 3667 5194; x_wconf 88' lang='lat' dir='ltr'><strong>peremptus</strong></span> <span class='ocrx_word' id='word_1_813' title='bbox 3689 5123 3719 5176; x_wconf 87' lang='lat'><strong>?</strong></span> <span class='ocrx_word' id='word_1_814' title='bbox 3737 5121 3822 5177; x_wconf 90' lang='lat' dir='ltr'><strong>De</strong></span> 
     </span>
    </p>
   </div>
   <div class='ocr_carea' id='block_1_116' title="bbox 2149 5211 3824 5284">
    <p class='ocr_par' dir='ltr' id='par_1_116' title="bbox 2149 5211 3824 5284">
     <span class='ocr_line' id='line_1_116' title="bbox 2149 5211 3824 5284; baseline -0.001 -18"><span class='ocrx_word' id='word_1_815' title='bbox 2149 5211 2450 5284; x_wconf 82' lang='lat' dir='ltr'><strong>conjugiis</strong></span> <span class='ocrx_word' id='word_1_816' title='bbox 2479 5216 2672 5268; x_wconf 89' lang='lat' dir='ltr'><strong>autem</strong></span> <span class='ocrx_word' id='word_1_817' title='bbox 2703 5212 2813 5268; x_wconf 91' lang='lat' dir='ltr'><strong>ista</strong></span> <span class='ocrx_word' id='word_1_818' title='bbox 2835 5215 3178 5280; x_wconf 85' lang='lat' dir='ltr'><strong>nascuntur,</strong></span> <span class='ocrx_word' id='word_1_819' title='bbox 3205 5213 3266 5268; x_wconf 90' lang='lat' dir='ltr'><strong>ut</strong></span> <span class='ocrx_word' id='word_1_820' title='bbox 3299 5211 3624 5283; x_wconf 89' lang='lat' dir='ltr'><strong>perimatur</strong></span> <span class='ocrx_word' id='word_1_821' title='bbox 3651 5211 3824 5264; x_wconf 88' lang='lat' dir='ltr'><strong>adul-</strong></span> 
     </span>
    </p>
   </div>
   <div class='ocr_carea' id='block_1_117' title="bbox 2149 5300 3821 5373">
    <p class='ocr_par' dir='ltr' id='par_1_117' title="bbox 2149 5300 3821 5373">
     <span class='ocr_line' id='line_1_117' title="bbox 2149 5300 3821 5373; baseline -0.001 -18"><span class='ocrx_word' id='word_1_822' title='bbox 2149 5303 2238 5355; x_wconf 88' lang='lat' dir='ltr'><strong>ter</strong></span> <span class='ocrx_word' id='word_1_823' title='bbox 2292 5301 2501 5356; x_wconf 78' lang='lat' dir='ltr'><strong>uxoris</strong></span> <span class='ocrx_word' id='word_1_824' title='bbox 2557 5302 2704 5372; x_wconf 81' lang='lat'><strong>(30),</strong></span> <span class='ocrx_word' id='word_1_825' title='bbox 2765 5305 2965 5373; x_wconf 88' lang='lat' dir='ltr'><strong>raptor</strong></span> <span class='ocrx_word' id='word_1_826' title='bbox 3028 5301 3252 5372; x_wconf 82' lang='lat' dir='ltr'><strong>praeliis</strong></span> <span class='ocrx_word' id='word_1_827' title='bbox 3297 5303 3624 5371; x_wconf 78' lang='lat' dir='ltr'><strong>appetatur.</strong></span> <span class='ocrx_word' id='word_1_828' title='bbox 3703 5300 3821 5354; x_wconf 89' lang='lat' dir='ltr'><strong>lsta</strong></span> 
     </span>
    </p>
   </div>
   <div class='ocr_carea' id='block_1_118' title="bbox 2147 5437 3817 5526">
    <p class='ocr_par' dir='ltr' id='par_1_118' title="bbox 2147 5437 3817 5526">
     <span class='ocr_line' id='line_1_118' title="bbox 2147 5437 3817 5526; baseline -0.002 -27"><span class='ocrx_word' id='word_1_829' title='bbox 2147 5443 2304 5526; x_wconf 74' lang='lat' dir='ltr'><strong>quod</strong></span> <span class='ocrx_word' id='word_1_830' title='bbox 2344 5443 2596 5526; x_wconf 54' lang='lat' dir='ltr'><strong>nuptias</strong></span> <span class='ocrx_word' id='word_1_831' title='bbox 2623 5443 3104 5526; x_wconf 74' lang='lat' dir='ltr'><strong>condemnarent,</strong></span> <span class='ocrx_word' id='word_1_832' title='bbox 3143 5437 3574 5500; x_wconf 82' lang='lat' dir='ltr'><strong>condemnatos</strong></span> <span class='ocrx_word' id='word_1_833' title='bbox 3599 5441 3672 5496; x_wconf 88' lang='lat' dir='ltr'><strong>ab</strong></span> <span class='ocrx_word' id='word_1_834' title='bbox 3707 5441 3817 5496; x_wconf 81' lang='lat' dir='ltr'><strong>Ec-</strong></span> 
     </span>
    </p>
   </div>
   <div class='ocr_carea' id='block_1_119' title="bbox 2147 5514 3813 5665">
    <p class='ocr_par' dir='ltr' id='par_1_119' title="bbox 2147 5514 3813 5665">
     <span class='ocr_line' id='line_1_119' title="bbox 2147 5514 3458 5586; baseline 0.002 -17"><span class='ocrx_word' id='word_1_835' title='bbox 2147 5514 2330 5570; x_wconf 85' lang='lat' dir='ltr'><strong>clesia</strong></span> <span class='ocrx_word' id='word_1_836' title='bbox 2355 5514 2480 5586; x_wconf 81' lang='lat' dir='ltr'><strong>jam</strong></span> <span class='ocrx_word' id='word_1_837' title='bbox 2502 5515 2642 5570; x_wconf 89' lang='lat' dir='ltr'><strong>alibi</strong></span> <span class='ocrx_word' id='word_1_838' title='bbox 2664 5516 3138 5574; x_wconf 85' lang='lat' dir='ltr'><strong>observavimus.</strong></span> <span class='ocrx_word' id='word_1_839' title='bbox 3452 5567 3458 5572; x_wconf 90' lang='lat'><strong>.</strong></span> 
     </span>
     <span class='ocr_line' id='line_1_120' title="bbox 2217 5583 3813 5665; baseline -0.003 -23"><span class='ocrx_word' id='word_1_840' title='bbox 2217 5585 2330 5665; x_wconf 55' lang='lat'><strong>(39)</strong></span> <span class='ocrx_word' id='word_1_841' title='bbox 2373 5586 2716 5665; x_wconf 61' lang='lat' dir='ltr'><strong>R3m._edit.</strong></span> <span class='ocrx_word' id='word_1_842' title='bbox 2749 5587 2904 5665; x_wconf 58' lang='lat' dir='ltr'><strong>sqla,</strong></span> <span class='ocrx_word' id='word_1_843' title='bbox 2932 5586 3113 5665; x_wconf 69' lang='lat' dir='ltr'><strong>Multi</strong></span> <span class='ocrx_word' id='word_1_844' title='bbox 3133 5585 3540 5665; x_wconf 73' lang='lat' dir='ltr'><strong>agri_l&#39;i_&#39;uctus</strong></span> <span class='ocrx_word' id='word_1_845' title='bbox 3574 5583 3813 5665; x_wconf 63' lang='lat' dir='ltr'><strong>babeiit.</strong></span> 
     </span>
    </p>
   </div>
   <div class='ocr_carea' id='block_1_120' title="bbox 2219 5654 3816 5733">
    <p class='ocr_par' dir='ltr' id='par_1_120' title="bbox 2219 5654 3816 5733">
     <span class='ocr_line' id='line_1_121' title="bbox 2219 5654 3816 5733; baseline -0.004 -19"><span class='ocrx_word' id='word_1_846' title='bbox 2219 5657 2332 5728; x_wconf 83' lang='lat'><strong>(30)</strong></span> <span class='ocrx_word' id='word_1_847' title='bbox 2407 5656 2522 5713; x_wconf 82' lang='lat' dir='ltr'><strong>Per</strong></span> <span class='ocrx_word' id='word_1_848' title='bbox 2551 5657 2747 5733; x_wconf 85' lang='lat' dir='ltr'><strong>legem</strong></span> <span class='ocrx_word' id='word_1_849' title='bbox 2789 5657 3005 5714; x_wconf 79' lang='lat' dir='ltr'><strong>Juliam</strong></span> <span class='ocrx_word' id='word_1_850' title='bbox 3060 5657 3135 5715; x_wconf 87' lang='lat' dir='ltr'><strong>de</strong></span> <span class='ocrx_word' id='word_1_851' title='bbox 3169 5654 3400 5714; x_wconf 54' lang='lat' dir='ltr'><strong>&#39;Adult.</strong></span> <span class='ocrx_word' id='word_1_852' title='bbox 3465 5654 3816 5714; x_wconf 87' lang='lat' dir='ltr'><strong>coercendis</strong></span> 
     </span>
    </p>
   </div>
  </div>
