  <div class='ocr_page' id='page_1' title='image "/cluster/home/n/w/nwhite01/storage/ocr_20150623/16/hvd.32044096580444/150.png"; bbox 0 0 4060 6158; ppageno 0'>
   <div class='ocr_carea' id='block_1_1' title="bbox 248 320 344 384">
    <p class='ocr_par' dir='ltr' id='par_1_1' title="bbox 248 320 344 384">
     <span class='ocr_line' id='line_1_1' title="bbox 248 320 344 384; baseline 0 0"><span class='ocrx_word' id='word_1_1' title='bbox 248 320 344 384; x_wconf 80' lang='lat'><strong>289</strong></span> 
     </span>
    </p>
   </div>
   <div class='ocr_carea' id='block_1_2' title="bbox 1405 322 2431 392">
    <p class='ocr_par' dir='ltr' id='par_1_2' title="bbox 1405 322 2431 392">
     <span class='ocr_line' id='line_1_2' title="bbox 1405 322 2431 392; baseline 0.007 -7"><span class='ocrx_word' id='word_1_2' title='bbox 1405 323 1662 388; x_wconf 83' lang='lat' dir='ltr'><strong>LIBER</strong></span> <span class='ocrx_word' id='word_1_3' title='bbox 1699 323 1812 387; x_wconf 86' lang='lat' dir='ltr'><strong>DE</strong></span> <span class='ocrx_word' id='word_1_4' title='bbox 1853 322 2431 392; x_wconf 77' lang='lat' dir='ltr'><strong>VIRGINITATE.</strong></span> 
     </span>
    </p>
   </div>
   <div class='ocr_carea' id='block_1_3' title="bbox 3538 335 3660 402">
    <p class='ocr_par' dir='ltr' id='par_1_3' title="bbox 3538 335 3660 402">
     <span class='ocr_line' id='line_1_3' title="bbox 3538 335 3660 402; baseline 0.016 -1"><span class='ocrx_word' id='word_1_5' title='bbox 3538 335 3660 402; x_wconf 82' lang='lat'><strong>290</strong></span> 
     </span>
    </p>
   </div>
   <div class='ocr_carea' id='block_1_4' title="bbox 246 510 3655 604">
    <p class='ocr_par' dir='ltr' id='par_1_4' title="bbox 246 510 3655 604">
     <span class='ocr_line' id='line_1_4' title="bbox 246 510 3655 604; baseline 0.005 -29"><span class='ocrx_word' id='word_1_6' title='bbox 246 519 554 591; x_wconf 82' lang='lat' dir='ltr'><strong>reipublicae</strong></span> <span class='ocrx_word' id='word_1_7' title='bbox 608 535 844 591; x_wconf 78' lang='lat' dir='ltr'><strong>semper</strong></span> <span class='ocrx_word' id='word_1_8' title='bbox 897 521 1109 576; x_wconf 87' lang='lat' dir='ltr'><strong>damno</strong></span> <span class='ocrx_word' id='word_1_9' title='bbox 1169 522 1426 579; x_wconf 87' lang='lat' dir='ltr'><strong>fuerunt.</strong></span> <span class='ocrx_word' id='word_1_10' title='bbox 1486 524 1602 579; x_wconf 85' lang='lat' dir='ltr'><strong>Pro</strong></span> <span class='ocrx_word' id='word_1_11' title='bbox 1643 510 1954 598; x_wconf 48' lang='lat' dir='ltr'><strong>virginal</strong></span> <span class='ocrx_word' id='word_1_12' title='bbox 1985 526 2121 598; x_wconf 78' lang='lat' dir='ltr'><strong>diae,</strong></span> <span class='ocrx_word' id='word_1_13' title='bbox 2155 528 2453 583; x_wconf 81' lang='lat' dir='ltr'><strong>examinet</strong></span> <span class='ocrx_word' id='word_1_14' title='bbox 2482 530 2790 601; x_wconf 70' lang='lat' dir='ltr'><strong>gravitatis</strong></span> <span class='ocrx_word' id='word_1_15' title='bbox 2823 532 3397 604; x_wconf 53' lang='lat' dir='ltr'><strong>canitiem,.morum</strong></span> <span class='ocrx_word' id='word_1_16' title='bbox 3446 551 3655 591; x_wconf 83' lang='lat' dir='ltr'><strong>senec-</strong></span> 
     </span>
    </p>
   </div>
   <div class='ocr_carea' id='block_1_5' title="bbox 244 609 1878 682">
    <p class='ocr_par' dir='ltr' id='par_1_5' title="bbox 244 609 1878 682">
     <span class='ocr_line' id='line_1_5' title="bbox 244 609 1878 682; baseline 0.005 -20"><span class='ocrx_word' id='word_1_17' title='bbox 244 626 389 663; x_wconf 84' lang='lat' dir='ltr'><strong>sacra</strong></span> <span class='ocrx_word' id='word_1_18' title='bbox 435 624 602 663; x_wconf 89' lang='lat' dir='ltr'><strong>nemo</strong></span> <span class='ocrx_word' id='word_1_19' title='bbox 647 609 954 664; x_wconf 87' lang='lat' dir='ltr'><strong>damnatus</strong></span> <span class='ocrx_word' id='word_1_20' title='bbox 999 613 1120 678; x_wconf 87' lang='lat' dir='ltr'><strong>est;</strong></span> <span class='ocrx_word' id='word_1_21' title='bbox 1181 612 1316 682; x_wconf 90' lang='lat' dir='ltr'><strong>quia</strong></span> <span class='ocrx_word' id='word_1_22' title='bbox 1376 614 1702 668; x_wconf 73' lang='lat' dir='ltr'><strong>castitatem</strong></span> <span class='ocrx_word' id='word_1_23' title='bbox 1760 631 1878 670; x_wconf 88' lang='lat' dir='ltr'><strong>non</strong></span> 
     </span>
    </p>
   </div>
   <div class='ocr_carea' id='block_1_6' title="bbox 241 698 1878 772">
    <p class='ocr_par' dir='ltr' id='par_1_6' title="bbox 241 698 1878 772">
     <span class='ocr_line' id='line_1_6' title="bbox 241 698 1878 772; baseline 0.004 -21"><span class='ocrx_word' id='word_1_24' title='bbox 241 714 385 769; x_wconf 65' lang='lat' dir='ltr'><strong>piens</strong></span> <span class='ocrx_word' id='word_1_25' title='bbox 414 698 659 767; x_wconf 85' lang='lat' dir='ltr'><strong>cohibet,</strong></span> <span class='ocrx_word' id='word_1_26' title='bbox 695 699 800 752; x_wconf 86' lang='lat' dir='ltr'><strong>sed</strong></span> <span class='ocrx_word' id='word_1_27' title='bbox 836 699 1044 770; x_wconf 82' lang='lat' dir='ltr'><strong>religio</strong></span> <span class='ocrx_word' id='word_1_28' title='bbox 1075 703 1272 772; x_wconf 91' lang='lat' dir='ltr'><strong>auget,</strong></span> <span class='ocrx_word' id='word_1_29' title='bbox 1319 701 1586 772; x_wconf 84' lang='lat' dir='ltr'><strong>fidesque</strong></span> <span class='ocrx_word' id='word_1_30' title='bbox 1627 718 1878 758; x_wconf 90' lang='lat' dir='ltr'><strong>conser-</strong></span> 
     </span>
    </p>
   </div>
   <div class='ocr_carea' id='block_1_7' title="bbox 239 791 337 840">
    <p class='ocr_par' dir='ltr' id='par_1_7' title="bbox 239 791 337 840">
     <span class='ocr_line' id='line_1_7' title="bbox 239 791 337 840; baseline 0.01 -1"><span class='ocrx_word' id='word_1_31' title='bbox 239 791 337 840; x_wconf 87' lang='lat' dir='ltr'><strong>vat.</strong></span> 
     </span>
    </p>
   </div>
   <div class='ocr_carea' id='block_1_8' title="bbox 291 875 1875 953">
    <p class='ocr_par' dir='ltr' id='par_1_8' title="bbox 291 875 1875 953">
     <span class='ocr_line' id='line_1_8' title="bbox 291 875 1875 953; baseline 0.004 -23"><span class='ocrx_word' id='word_1_32' title='bbox 291 876 367 930; x_wconf 84' lang='lat'><strong>36.</strong></span> <span class='ocrx_word' id='word_1_33' title='bbox 407 875 464 930; x_wconf 89' lang='lat' dir='ltr'><strong>Si</strong></span> <span class='ocrx_word' id='word_1_34' title='bbox 494 875 627 946; x_wconf 85' lang='lat' dir='ltr'><strong>quis</strong></span> <span class='ocrx_word' id='word_1_35' title='bbox 660 877 840 946; x_wconf 81' lang='lat' dir='ltr'><strong>igitur</strong></span> <span class='ocrx_word' id='word_1_36' title='bbox 888 880 1048 946; x_wconf 81' lang='lat' dir='ltr'><strong>putat</strong></span> <span class='ocrx_word' id='word_1_37' title='bbox 1088 879 1536 934; x_wconf 88' lang='lat' dir='ltr'><strong>consecratione</strong></span> <span class='ocrx_word' id='word_1_38' title='bbox 1577 881 1875 953; x_wconf 82' lang='lat' dir='ltr'><strong>virginum</strong></span> 
     </span>
    </p>
   </div>
   <div class='ocr_carea' id='block_1_9' title="bbox 235 964 1878 1040">
    <p class='ocr_par' dir='ltr' id='par_1_9' title="bbox 235 964 1878 1040">
     <span class='ocr_line' id='line_1_9' title="bbox 235 964 1878 1040; baseline 0.004 -22"><span class='ocrx_word' id='word_1_39' title='bbox 235 964 389 1018; x_wconf 86' lang='lat' dir='ltr'><strong>minui</strong></span> <span class='ocrx_word' id='word_1_40' title='bbox 418 980 608 1035; x_wconf 86' lang='lat' dir='ltr'><strong>genus</strong></span> <span class='ocrx_word' id='word_1_41' title='bbox 638 965 979 1032; x_wconf 87' lang='lat' dir='ltr'><strong>humanum,</strong></span> <span class='ocrx_word' id='word_1_42' title='bbox 1017 967 1356 1022; x_wconf 83' lang='lat' dir='ltr'><strong>consideret</strong></span> <span class='ocrx_word' id='word_1_43' title='bbox 1384 968 1520 1040; x_wconf 84' lang='lat' dir='ltr'><strong>quia</strong></span> <span class='ocrx_word' id='word_1_44' title='bbox 1551 969 1650 1023; x_wconf 89' lang='lat' dir='ltr'><strong>ubi</strong></span> <span class='ocrx_word' id='word_1_45' title='bbox 1674 986 1878 1040; x_wconf 64' lang='lat' dir='ltr'><strong>paucae</strong></span> 
     </span>
    </p>
   </div>
   <div class='ocr_carea' id='block_1_10' title="bbox 236 1053 1878 1130">
    <p class='ocr_par' dir='ltr' id='par_1_10' title="bbox 236 1053 1878 1130">
     <span class='ocr_line' id='line_1_10' title="bbox 236 1053 1878 1130; baseline 0.004 -25"><span class='ocrx_word' id='word_1_46' title='bbox 236 1053 492 1123; x_wconf 80' lang='lat' dir='ltr'><strong>virgines,</strong></span> <span class='ocrx_word' id='word_1_47' title='bbox 526 1053 605 1106; x_wconf 86' lang='lat' dir='ltr'><strong>ibi</strong></span> <span class='ocrx_word' id='word_1_48' title='bbox 639 1056 811 1107; x_wconf 90' lang='lat' dir='ltr'><strong>etiam</strong></span> <span class='ocrx_word' id='word_1_49' title='bbox 842 1055 1155 1124; x_wconf 78' lang='lat' dir='ltr'><strong>pauciores</strong></span> <span class='ocrx_word' id='word_1_50' title='bbox 1196 1056 1500 1125; x_wconf 86' lang='lat' dir='ltr'><strong>homines;</strong></span> <span class='ocrx_word' id='word_1_51' title='bbox 1551 1058 1651 1112; x_wconf 90' lang='lat' dir='ltr'><strong>ubi</strong></span> <span class='ocrx_word' id='word_1_52' title='bbox 1690 1059 1878 1130; x_wconf 89' lang='lat' dir='ltr'><strong>virgi-</strong></span> 
     </span>
    </p>
   </div>
   <div class='ocr_carea' id='block_1_11' title="bbox 234 1142 1878 1218">
    <p class='ocr_par' dir='ltr' id='par_1_11' title="bbox 234 1142 1878 1218">
     <span class='ocr_line' id='line_1_11' title="bbox 234 1142 1878 1218; baseline 0.004 -22"><span class='ocrx_word' id='word_1_53' title='bbox 234 1142 407 1196; x_wconf 87' lang='lat' dir='ltr'><strong>nitatis</strong></span> <span class='ocrx_word' id='word_1_54' title='bbox 435 1142 626 1195; x_wconf 87' lang='lat' dir='ltr'><strong>studia</strong></span> <span class='ocrx_word' id='word_1_55' title='bbox 658 1142 981 1212; x_wconf 84' lang='lat' dir='ltr'><strong>crebriora,</strong></span> <span class='ocrx_word' id='word_1_56' title='bbox 1013 1144 1093 1197; x_wconf 88' lang='lat' dir='ltr'><strong>ibi</strong></span> <span class='ocrx_word' id='word_1_57' title='bbox 1128 1160 1437 1200; x_wconf 89' lang='lat' dir='ltr'><strong>numerum</strong></span> <span class='ocrx_word' id='word_1_58' title='bbox 1484 1161 1720 1218; x_wconf 92' lang='lat' dir='ltr'><strong>quoque</strong></span> <span class='ocrx_word' id='word_1_59' title='bbox 1765 1147 1878 1202; x_wconf 89' lang='lat' dir='ltr'><strong>ho-</strong></span> 
     </span>
    </p>
   </div>
   <div class='ocr_carea' id='block_1_12' title="bbox 241 1230 1879 1306">
    <p class='ocr_par' dir='ltr' id='par_1_12' title="bbox 241 1230 1879 1306">
     <span class='ocr_line' id='line_1_12' title="bbox 241 1230 1879 1306; baseline 0.004 -22"><span class='ocrx_word' id='word_1_60' title='bbox 241 1231 432 1284; x_wconf 88' lang='lat' dir='ltr'><strong>minum</strong></span> <span class='ocrx_word' id='word_1_61' title='bbox 463 1246 601 1285; x_wconf 90' lang='lat' dir='ltr'><strong>esse</strong></span> <span class='ocrx_word' id='word_1_62' title='bbox 644 1230 950 1301; x_wconf 79' lang='lat' dir='ltr'><strong>majorem.</strong></span> <span class='ocrx_word' id='word_1_63' title='bbox 997 1232 1218 1288; x_wconf 86' lang='lat' dir='ltr'><strong>Discite</strong></span> <span class='ocrx_word' id='word_1_64' title='bbox 1249 1238 1499 1306; x_wconf 89' lang='lat' dir='ltr'><strong>quantas</strong></span> <span class='ocrx_word' id='word_1_65' title='bbox 1531 1236 1879 1291; x_wconf 83' lang='lat' dir='ltr'><strong>Alexandri-</strong></span> 
     </span>
    </p>
   </div>
   <div class='ocr_carea' id='block_1_13' title="bbox 233 1319 1877 1391">
    <p class='ocr_par' dir='ltr' id='par_1_13' title="bbox 233 1319 1877 1391">
     <span class='ocr_line' id='line_1_13' title="bbox 233 1319 1877 1391; baseline 0.005 -19"><span class='ocrx_word' id='word_1_66' title='bbox 233 1333 293 1373; x_wconf 83' lang='lat' dir='ltr'><strong>na</strong></span> <span class='ocrx_word' id='word_1_67' title='bbox 334 1319 458 1389; x_wconf 82' lang='lat' dir='ltr'><strong>(3t),</strong></span> <span class='ocrx_word' id='word_1_68' title='bbox 504 1320 807 1391; x_wconf 89' lang='lat' dir='ltr'><strong>totiusque</strong></span> <span class='ocrx_word' id='word_1_69' title='bbox 853 1319 1132 1390; x_wconf 83' lang='lat' dir='ltr'><strong>Orientis,</strong></span> <span class='ocrx_word' id='word_1_70' title='bbox 1181 1325 1240 1376; x_wconf 91' lang='lat' dir='ltr'><strong>et</strong></span> <span class='ocrx_word' id='word_1_71' title='bbox 1285 1323 1563 1378; x_wconf 82' lang='lat' dir='ltr'><strong>Africana</strong></span> <span class='ocrx_word' id='word_1_72' title='bbox 1607 1324 1877 1380; x_wconf 88' lang='lat' dir='ltr'><strong>Ecclesia</strong></span> 
     </span>
    </p>
   </div>
   <div class='ocr_carea' id='block_1_14' title="bbox 232 1409 1878 1479">
    <p class='ocr_par' dir='ltr' id='par_1_14' title="bbox 232 1409 1878 1479">
     <span class='ocr_line' id='line_1_14' title="bbox 232 1409 1878 1479; baseline 0.004 -18"><span class='ocrx_word' id='word_1_73' title='bbox 232 1409 516 1479; x_wconf 87' lang='lat' dir='ltr'><strong>quotannis</strong></span> <span class='ocrx_word' id='word_1_74' title='bbox 546 1424 787 1463; x_wconf 89' lang='lat' dir='ltr'><strong>sacrare</strong></span> <span class='ocrx_word' id='word_1_75' title='bbox 819 1411 1259 1466; x_wconf 87' lang='lat' dir='ltr'><strong>consueverint.</strong></span> <span class='ocrx_word' id='word_1_76' title='bbox 1293 1411 1615 1468; x_wconf 84' lang='lat' dir='ltr'><strong>Pauciores</strong></span> <span class='ocrx_word' id='word_1_77' title='bbox 1645 1413 1742 1467; x_wconf 91' lang='lat' dir='ltr'><strong>hic</strong></span> <span class='ocrx_word' id='word_1_78' title='bbox 1773 1414 1878 1469; x_wconf 92' lang='lat' dir='ltr'><strong>ho-</strong></span> 
     </span>
    </p>
   </div>
   <div class='ocr_carea' id='block_1_15' title="bbox 233 1497 1874 1572">
    <p class='ocr_par' dir='ltr' id='par_1_15' title="bbox 233 1497 1874 1572">
     <span class='ocr_line' id='line_1_15' title="bbox 233 1497 1874 1572; baseline 0.005 -23"><span class='ocrx_word' id='word_1_79' title='bbox 233 1498 396 1550; x_wconf 80' lang='lat' dir='ltr'><strong>mines</strong></span> <span class='ocrx_word' id='word_1_80' title='bbox 423 1497 734 1566; x_wconf 89' lang='lat' dir='ltr'><strong>prodeunt,</strong></span> <span class='ocrx_word' id='word_1_81' title='bbox 769 1514 944 1568; x_wconf 89' lang='lat' dir='ltr'><strong>quam</strong></span> <span class='ocrx_word' id='word_1_82' title='bbox 984 1499 1104 1553; x_wconf 91' lang='lat' dir='ltr'><strong>illic</strong></span> <span class='ocrx_word' id='word_1_83' title='bbox 1127 1499 1394 1572; x_wconf 86' lang='lat' dir='ltr'><strong>virgines</strong></span> <span class='ocrx_word' id='word_1_84' title='bbox 1427 1506 1874 1559; x_wconf 88' lang='lat' dir='ltr'><strong>consecrantur.</strong></span> 
     </span>
    </p>
   </div>
   <div class='ocr_carea' id='block_1_16' title="bbox 227 1583 1874 1658">
    <p class='ocr_par' dir='ltr' id='par_1_16' title="bbox 227 1583 1874 1658">
     <span class='ocr_line' id='line_1_16' title="bbox 227 1583 1874 1658; baseline 0.005 -20"><span class='ocrx_word' id='word_1_85' title='bbox 227 1583 298 1638; x_wconf 84' lang='lat' dir='ltr'><strong>Ex</strong></span> <span class='ocrx_word' id='word_1_86' title='bbox 340 1585 524 1655; x_wconf 85' lang='lat' dir='ltr'><strong>ipsius</strong></span> <span class='ocrx_word' id='word_1_87' title='bbox 574 1587 759 1658; x_wconf 86' lang='lat' dir='ltr'><strong>igitur</strong></span> <span class='ocrx_word' id='word_1_88' title='bbox 802 1587 966 1642; x_wconf 90' lang='lat' dir='ltr'><strong>orbis</strong></span> <span class='ocrx_word' id='word_1_89' title='bbox 1014 1590 1307 1644; x_wconf 87' lang='lat' dir='ltr'><strong>terrarum</strong></span> <span class='ocrx_word' id='word_1_90' title='bbox 1354 1606 1468 1645; x_wconf 92' lang='lat' dir='ltr'><strong>usu</strong></span> <span class='ocrx_word' id='word_1_91' title='bbox 1499 1607 1616 1645; x_wconf 90' lang='lat' dir='ltr'><strong>non</strong></span> <span class='ocrx_word' id='word_1_92' title='bbox 1650 1592 1874 1646; x_wconf 82' lang='lat' dir='ltr'><strong>inutilis</strong></span> 
     </span>
    </p>
   </div>
   <div class='ocr_carea' id='block_1_17' title="bbox 230 1673 1875 1752">
    <p class='ocr_par' dir='ltr' id='par_1_17' title="bbox 230 1673 1875 1752">
     <span class='ocr_line' id='line_1_17' title="bbox 230 1673 1875 1752; baseline 0.007 -27"><span class='ocrx_word' id='word_1_93' title='bbox 230 1673 512 1744; x_wconf 81' lang='lat' dir='ltr'><strong>virginitas</strong></span> <span class='ocrx_word' id='word_1_94' title='bbox 544 1675 936 1744; x_wconf 86' lang='lat' dir='ltr'><strong>existimatur,</strong></span> <span class='ocrx_word' id='word_1_95' title='bbox 952 1679 1279 1746; x_wconf 68' lang='lat' dir='ltr'><strong>praesertim</strong></span> <span class='ocrx_word' id='word_1_96' title='bbox 1296 1694 1427 1733; x_wconf 92' lang='lat' dir='ltr'><strong>cum</strong></span> <span class='ocrx_word' id='word_1_97' title='bbox 1459 1695 1566 1750; x_wconf 90' lang='lat' dir='ltr'><strong>per</strong></span> <span class='ocrx_word' id='word_1_98' title='bbox 1587 1681 1875 1752; x_wconf 75' lang='lat' dir='ltr'><strong>virginem</strong></span> 
     </span>
    </p>
   </div>
   <div class='ocr_carea' id='block_1_18' title="bbox 227 1762 1684 1831">
    <p class='ocr_par' dir='ltr' id='par_1_18' title="bbox 227 1762 1684 1831">
     <span class='ocr_line' id='line_1_18' title="bbox 227 1762 1684 1831; baseline 0.006 -16"><span class='ocrx_word' id='word_1_99' title='bbox 227 1762 366 1816; x_wconf 84' lang='lat' dir='ltr'><strong>salus</strong></span> <span class='ocrx_word' id='word_1_100' title='bbox 397 1765 646 1831; x_wconf 88' lang='lat' dir='ltr'><strong>venerit,</strong></span> <span class='ocrx_word' id='word_1_101' title='bbox 681 1765 885 1818; x_wconf 90' lang='lat' dir='ltr'><strong>orbem</strong></span> <span class='ocrx_word' id='word_1_102' title='bbox 917 1765 1300 1822; x_wconf 84' lang='lat' dir='ltr'><strong>fecundatura</strong></span> <span class='ocrx_word' id='word_1_103' title='bbox 1335 1769 1684 1824; x_wconf 83' lang='lat' dir='ltr'><strong>Romanum.</strong></span> 
     </span>
    </p>
   </div>
   <div class='ocr_carea' id='block_1_19' title="bbox 275 1850 1874 1930">
    <p class='ocr_par' dir='ltr' id='par_1_19' title="bbox 275 1850 1874 1930">
     <span class='ocr_line' id='line_1_19' title="bbox 275 1850 1874 1930; baseline 0.006 -25"><span class='ocrx_word' id='word_1_104' title='bbox 275 1851 353 1905; x_wconf 78' lang='lat'><strong>37.</strong></span> <span class='ocrx_word' id='word_1_105' title='bbox 392 1850 555 1915; x_wconf 87' lang='lat' dir='ltr'><strong>Quod</strong></span> <span class='ocrx_word' id='word_1_106' title='bbox 605 1853 657 1906; x_wconf 91' lang='lat' dir='ltr'><strong>si</strong></span> <span class='ocrx_word' id='word_1_107' title='bbox 688 1853 821 1923; x_wconf 90' lang='lat' dir='ltr'><strong>quis</strong></span> <span class='ocrx_word' id='word_1_108' title='bbox 853 1853 966 1908; x_wconf 88' lang='lat' dir='ltr'><strong>hoc</strong></span> <span class='ocrx_word' id='word_1_109' title='bbox 997 1855 1290 1924; x_wconf 88' lang='lat' dir='ltr'><strong>prohibet,</strong></span> <span class='ocrx_word' id='word_1_110' title='bbox 1338 1857 1649 1926; x_wconf 88' lang='lat' dir='ltr'><strong>prohibeat</strong></span> <span class='ocrx_word' id='word_1_111' title='bbox 1691 1858 1874 1930; x_wconf 90' lang='lat' dir='ltr'><strong>igitur</strong></span> 
     </span>
    </p>
   </div>
   <div class='ocr_carea' id='block_1_20' title="bbox 225 1940 1874 2016">
    <p class='ocr_par' dir='ltr' id='par_1_20' title="bbox 225 1940 1874 2016">
     <span class='ocr_line' id='line_1_20' title="bbox 225 1940 1874 2016; baseline 0.005 -23"><span class='ocrx_word' id='word_1_112' title='bbox 225 1940 438 2010; x_wconf 91' lang='lat' dir='ltr'><strong>pudicas</strong></span> <span class='ocrx_word' id='word_1_113' title='bbox 487 1957 713 1996; x_wconf 82' lang='lat' dir='ltr'><strong>uxores</strong></span> <span class='ocrx_word' id='word_1_114' title='bbox 761 1942 1003 2014; x_wconf 85' lang='lat' dir='ltr'><strong>degere,</strong></span> <span class='ocrx_word' id='word_1_115' title='bbox 1050 1943 1187 2014; x_wconf 87' lang='lat' dir='ltr'><strong>quia</strong></span> <span class='ocrx_word' id='word_1_116' title='bbox 1218 1945 1588 2016; x_wconf 82' lang='lat' dir='ltr'><strong>frequentius</strong></span> <span class='ocrx_word' id='word_1_117' title='bbox 1618 1950 1874 2016; x_wconf 90' lang='lat' dir='ltr'><strong>possunt</strong></span> 
     </span>
    </p>
   </div>
   <div class='ocr_carea' id='block_1_21' title="bbox 222 2030 1873 2106">
    <p class='ocr_par' dir='ltr' id='par_1_21' title="bbox 222 2030 1873 2106">
     <span class='ocr_line' id='line_1_21' title="bbox 222 2030 1873 2106; baseline 0.005 -24"><span class='ocrx_word' id='word_1_118' title='bbox 222 2044 401 2098; x_wconf 88' lang='lat' dir='ltr'><strong>parere</strong></span> <span class='ocrx_word' id='word_1_119' title='bbox 432 2030 890 2085; x_wconf 87' lang='lat' dir='ltr'><strong>incontinentes.</strong></span> <span class='ocrx_word' id='word_1_120' title='bbox 925 2032 1098 2087; x_wconf 87' lang='lat' dir='ltr'><strong>Nulla</strong></span> <span class='ocrx_word' id='word_1_121' title='bbox 1129 2035 1528 2106; x_wconf 86' lang='lat' dir='ltr'><strong>peregrinanti</strong></span> <span class='ocrx_word' id='word_1_122' title='bbox 1560 2036 1768 2091; x_wconf 88' lang='lat' dir='ltr'><strong>marito</strong></span> <span class='ocrx_word' id='word_1_123' title='bbox 1801 2037 1873 2090; x_wconf 84' lang='lat' dir='ltr'><strong>ﬂ-</strong></span> 
     </span>
    </p>
   </div>
   <div class='ocr_carea' id='block_1_22' title="bbox 219 2117 1875 2195">
    <p class='ocr_par' dir='ltr' id='par_1_22' title="bbox 219 2117 1875 2195">
     <span class='ocr_line' id='line_1_22' title="bbox 219 2117 1875 2195; baseline 0.005 -24"><span class='ocrx_word' id='word_1_124' title='bbox 219 2117 331 2172; x_wconf 88' lang='lat' dir='ltr'><strong>dem</strong></span> <span class='ocrx_word' id='word_1_125' title='bbox 373 2121 603 2187; x_wconf 79' lang='lat' dir='ltr'><strong>servet;</strong></span> <span class='ocrx_word' id='word_1_126' title='bbox 655 2135 729 2173; x_wconf 89' lang='lat' dir='ltr'><strong>ne</strong></span> <span class='ocrx_word' id='word_1_127' title='bbox 775 2119 1052 2175; x_wconf 87' lang='lat' dir='ltr'><strong>damnum</strong></span> <span class='ocrx_word' id='word_1_128' title='bbox 1103 2121 1276 2176; x_wconf 85' lang='lat' dir='ltr'><strong>faciat</strong></span> <span class='ocrx_word' id='word_1_129' title='bbox 1323 2124 1508 2193; x_wconf 82' lang='lat' dir='ltr'><strong>prolis</strong></span> <span class='ocrx_word' id='word_1_130' title='bbox 1551 2124 1783 2195; x_wconf 84' lang='lat' dir='ltr'><strong>futurae,</strong></span> <span class='ocrx_word' id='word_1_131' title='bbox 1819 2129 1875 2180; x_wconf 90' lang='lat' dir='ltr'><strong>et</strong></span> 
     </span>
    </p>
   </div>
   <div class='ocr_carea' id='block_1_23' title="bbox 219 2208 1393 2279">
    <p class='ocr_par' dir='ltr' id='par_1_23' title="bbox 219 2208 1393 2279">
     <span class='ocr_line' id='line_1_23' title="bbox 219 2208 1393 2279; baseline 0.008 -20"><span class='ocrx_word' id='word_1_132' title='bbox 219 2211 397 2276; x_wconf 88' lang='lat' dir='ltr'><strong>partus</strong></span> <span class='ocrx_word' id='word_1_133' title='bbox 428 2208 854 2279; x_wconf 83' lang='lat' dir='ltr'><strong>frequentioris</strong></span> <span class='ocrx_word' id='word_1_134' title='bbox 886 2210 1108 2264; x_wconf 90' lang='lat' dir='ltr'><strong>amittat</strong></span> <span class='ocrx_word' id='word_1_135' title='bbox 1141 2215 1393 2268; x_wconf 74' lang='lat' dir='ltr'><strong>aetatem.</strong></span> 
     </span>
    </p>
   </div>
   <div class='ocr_carea' id='block_1_24' title="bbox 275 2295 1872 2374">
    <p class='ocr_par' dir='ltr' id='par_1_24' title="bbox 275 2295 1872 2374">
     <span class='ocr_line' id='line_1_24' title="bbox 275 2295 1872 2374; baseline 0.006 -25"><span class='ocrx_word' id='word_1_136' title='bbox 275 2295 353 2349; x_wconf 86' lang='lat'><strong>38.</strong></span> <span class='ocrx_word' id='word_1_137' title='bbox 391 2295 503 2351; x_wconf 89' lang='lat' dir='ltr'><strong>Sed</strong></span> <span class='ocrx_word' id='word_1_138' title='bbox 536 2295 844 2351; x_wconf 84' lang='lat' dir='ltr'><strong>difficilior</strong></span> <span class='ocrx_word' id='word_1_139' title='bbox 872 2298 935 2351; x_wconf 83' lang='lat' dir='ltr'><strong>ﬁt</strong></span> <span class='ocrx_word' id='word_1_140' title='bbox 965 2299 1059 2352; x_wconf 90' lang='lat' dir='ltr'><strong>via</strong></span> <span class='ocrx_word' id='word_1_141' title='bbox 1089 2300 1572 2356; x_wconf 90' lang='lat' dir='ltr'><strong>adolescentibus</strong></span> <span class='ocrx_word' id='word_1_142' title='bbox 1602 2303 1675 2357; x_wconf 91' lang='lat' dir='ltr'><strong>ad</strong></span> <span class='ocrx_word' id='word_1_143' title='bbox 1719 2320 1872 2374; x_wconf 88' lang='lat' dir='ltr'><strong>nup-</strong></span> 
     </span>
    </p>
   </div>
   <div class='ocr_carea' id='block_1_25' title="bbox 221 2384 1873 2457">
    <p class='ocr_par' dir='ltr' id='par_1_25' title="bbox 221 2384 1873 2457">
     <span class='ocr_line' id='line_1_25' title="bbox 221 2384 1873 2457; baseline 0.006 -21"><span class='ocrx_word' id='word_1_144' title='bbox 221 2385 315 2437; x_wconf 86' lang='lat' dir='ltr'><strong>tias</strong></span> <span class='ocrx_word' id='word_1_145' title='bbox 344 2384 761 2455; x_wconf 87' lang='lat' dir='ltr'><strong>impetrandas.</strong></span> <span class='ocrx_word' id='word_1_146' title='bbox 794 2385 943 2452; x_wconf 88' lang='lat' dir='ltr'><strong>Quid</strong></span> <span class='ocrx_word' id='word_1_147' title='bbox 975 2387 1028 2442; x_wconf 90' lang='lat' dir='ltr'><strong>si</strong></span> <span class='ocrx_word' id='word_1_148' title='bbox 1051 2387 1198 2442; x_wconf 87' lang='lat' dir='ltr'><strong>forte</strong></span> <span class='ocrx_word' id='word_1_149' title='bbox 1230 2391 1632 2445; x_wconf 81' lang='lat' dir='ltr'><strong>commodior?</strong></span> <span class='ocrx_word' id='word_1_150' title='bbox 1661 2391 1873 2457; x_wconf 65' lang='lat' dir='ltr'><strong>Quaero</strong></span> 
     </span>
    </p>
   </div>
   <div class='ocr_carea' id='block_1_26' title="bbox 220 2472 1872 2551">
    <p class='ocr_par' dir='ltr' id='par_1_26' title="bbox 220 2472 1872 2551">
     <span class='ocr_line' id='line_1_26' title="bbox 220 2472 1872 2551; baseline 0.005 -25"><span class='ocrx_word' id='word_1_151' title='bbox 220 2472 350 2526; x_wconf 89' lang='lat' dir='ltr'><strong>enim</strong></span> <span class='ocrx_word' id='word_1_152' title='bbox 381 2491 509 2528; x_wconf 93' lang='lat' dir='ltr'><strong>cum</strong></span> <span class='ocrx_word' id='word_1_153' title='bbox 539 2475 639 2528; x_wconf 88' lang='lat' dir='ltr'><strong>his</strong></span> <span class='ocrx_word' id='word_1_154' title='bbox 670 2475 926 2546; x_wconf 86' lang='lat' dir='ltr'><strong>aliquem</strong></span> <span class='ocrx_word' id='word_1_155' title='bbox 973 2476 1191 2532; x_wconf 89' lang='lat' dir='ltr'><strong>habere</strong></span> <span class='ocrx_word' id='word_1_156' title='bbox 1241 2481 1569 2546; x_wconf 88' lang='lat' dir='ltr'><strong>tractatum,</strong></span> <span class='ocrx_word' id='word_1_157' title='bbox 1623 2481 1724 2551; x_wconf 91' lang='lat' dir='ltr'><strong>qui</strong></span> <span class='ocrx_word' id='word_1_158' title='bbox 1773 2498 1872 2535; x_wconf 90' lang='lat' dir='ltr'><strong>ar-</strong></span> 
     </span>
    </p>
   </div>
   <div class='ocr_carea' id='block_1_27' title="bbox 224 2563 1872 2641">
    <p class='ocr_par' dir='ltr' id='par_1_27' title="bbox 224 2563 1872 2641">
     <span class='ocr_line' id='line_1_27' title="bbox 224 2563 1872 2641; baseline 0.007 -27"><span class='ocrx_word' id='word_1_159' title='bbox 224 2563 404 2618; x_wconf 61' lang='lat' dir='ltr'><strong>cenda</strong></span> <span class='ocrx_word' id='word_1_160' title='bbox 450 2564 812 2636; x_wconf 85' lang='lat' dir='ltr'><strong>virginitatis</strong></span> <span class='ocrx_word' id='word_1_161' title='bbox 861 2567 1210 2620; x_wconf 89' lang='lat' dir='ltr'><strong>sententiam</strong></span> <span class='ocrx_word' id='word_1_162' title='bbox 1257 2573 1490 2638; x_wconf 88' lang='lat' dir='ltr'><strong>gerunt.</strong></span> <span class='ocrx_word' id='word_1_163' title='bbox 1541 2570 1740 2641; x_wconf 89' lang='lat' dir='ltr'><strong>Itaque</strong></span> <span class='ocrx_word' id='word_1_164' title='bbox 1770 2571 1872 2641; x_wconf 86' lang='lat' dir='ltr'><strong>qui</strong></span> 
     </span>
    </p>
   </div>
   <div class='ocr_carea' id='block_1_28' title="bbox 218 2652 1868 2728">
    <p class='ocr_par' dir='ltr' id='par_1_28' title="bbox 218 2652 1868 2728">
     <span class='ocr_line' id='line_1_28' title="bbox 218 2652 1868 2728; baseline 0.005 -25"><span class='ocrx_word' id='word_1_165' title='bbox 218 2655 333 2704; x_wconf 86' lang='lat' dir='ltr'><strong>sunt</strong></span> <span class='ocrx_word' id='word_1_166' title='bbox 378 2652 490 2722; x_wconf 85' lang='lat' dir='ltr'><strong>isti,</strong></span> <span class='ocrx_word' id='word_1_167' title='bbox 542 2653 846 2707; x_wconf 88' lang='lat' dir='ltr'><strong>discutere</strong></span> <span class='ocrx_word' id='word_1_168' title='bbox 895 2653 1182 2710; x_wconf 90' lang='lat' dir='ltr'><strong>debemus</strong></span> <span class='ocrx_word' id='word_1_169' title='bbox 1217 2672 1230 2710; x_wconf 90' lang='lat'>:</span> <span class='ocrx_word' id='word_1_170' title='bbox 1264 2660 1458 2711; x_wconf 89' lang='lat' dir='ltr'><strong>utrum</strong></span> <span class='ocrx_word' id='word_1_171' title='bbox 1504 2658 1604 2728; x_wconf 91' lang='lat' dir='ltr'><strong>qui</strong></span> <span class='ocrx_word' id='word_1_172' title='bbox 1649 2673 1868 2712; x_wconf 85' lang='lat' dir='ltr'><strong>uxores</strong></span> 
     </span>
    </p>
   </div>
   <div class='ocr_carea' id='block_1_29' title="bbox 220 2739 1870 2816">
    <p class='ocr_par' dir='ltr' id='par_1_29' title="bbox 220 2739 1870 2816">
     <span class='ocr_line' id='line_1_29' title="bbox 220 2739 1870 2816; baseline 0.006 -24"><span class='ocrx_word' id='word_1_173' title='bbox 220 2739 424 2811; x_wconf 84' lang='lat' dir='ltr'><strong>habent,</strong></span> <span class='ocrx_word' id='word_1_174' title='bbox 457 2759 530 2796; x_wconf 92' lang='lat' dir='ltr'><strong>an</strong></span> <span class='ocrx_word' id='word_1_175' title='bbox 564 2743 670 2814; x_wconf 89' lang='lat' dir='ltr'><strong>qui</strong></span> <span class='ocrx_word' id='word_1_176' title='bbox 700 2758 815 2796; x_wconf 90' lang='lat' dir='ltr'><strong>non</strong></span> <span class='ocrx_word' id='word_1_177' title='bbox 849 2743 1107 2798; x_wconf 83' lang='lat' dir='ltr'><strong>habent?</strong></span> <span class='ocrx_word' id='word_1_178' title='bbox 1155 2744 1216 2798; x_wconf 91' lang='lat' dir='ltr'><strong>Si</strong></span> <span class='ocrx_word' id='word_1_179' title='bbox 1248 2747 1348 2816; x_wconf 87' lang='lat' dir='ltr'><strong>qui</strong></span> <span class='ocrx_word' id='word_1_180' title='bbox 1381 2746 1616 2816; x_wconf 88' lang='lat' dir='ltr'><strong>habent,</strong></span> <span class='ocrx_word' id='word_1_181' title='bbox 1665 2747 1870 2802; x_wconf 88' lang='lat' dir='ltr'><strong>timere</strong></span> 
     </span>
    </p>
   </div>
   <div class='ocr_carea' id='block_1_30' title="bbox 220 2830 1871 2906">
    <p class='ocr_par' dir='ltr' id='par_1_30' title="bbox 220 2830 1871 2906">
     <span class='ocr_line' id='line_1_30' title="bbox 220 2830 1871 2906; baseline 0.005 -25"><span class='ocrx_word' id='word_1_182' title='bbox 220 2844 316 2883; x_wconf 89' lang='lat' dir='ltr'><strong>non</strong></span> <span class='ocrx_word' id='word_1_183' title='bbox 345 2830 590 2899; x_wconf 86' lang='lat' dir='ltr'><strong>debent;</strong></span> <span class='ocrx_word' id='word_1_184' title='bbox 626 2848 846 2886; x_wconf 85' lang='lat' dir='ltr'><strong>uxores</strong></span> <span class='ocrx_word' id='word_1_185' title='bbox 879 2834 1034 2886; x_wconf 88' lang='lat' dir='ltr'><strong>enim</strong></span> <span class='ocrx_word' id='word_1_186' title='bbox 1066 2849 1272 2888; x_wconf 88' lang='lat' dir='ltr'><strong>eorum</strong></span> <span class='ocrx_word' id='word_1_187' title='bbox 1301 2834 1424 2905; x_wconf 81' lang='lat' dir='ltr'><strong>jam</strong></span> <span class='ocrx_word' id='word_1_188' title='bbox 1446 2835 1713 2906; x_wconf 85' lang='lat' dir='ltr'><strong>virgines</strong></span> <span class='ocrx_word' id='word_1_189' title='bbox 1732 2851 1871 2890; x_wconf 90' lang='lat' dir='ltr'><strong>esse</strong></span> 
     </span>
    </p>
   </div>
   <div class='ocr_carea' id='block_1_31' title="bbox 219 2921 1873 2995">
    <p class='ocr_par' dir='ltr' id='par_1_31' title="bbox 219 2921 1873 2995">
     <span class='ocr_line' id='line_1_31' title="bbox 219 2921 1873 2995; baseline 0.004 -23"><span class='ocrx_word' id='word_1_190' title='bbox 219 2934 315 2972; x_wconf 89' lang='lat' dir='ltr'><strong>non</strong></span> <span class='ocrx_word' id='word_1_191' title='bbox 341 2924 613 2990; x_wconf 88' lang='lat' dir='ltr'><strong>possunt.</strong></span> <span class='ocrx_word' id='word_1_192' title='bbox 648 2921 707 2974; x_wconf 88' lang='lat' dir='ltr'><strong>Si</strong></span> <span class='ocrx_word' id='word_1_193' title='bbox 741 2921 838 2992; x_wconf 92' lang='lat' dir='ltr'><strong>qui</strong></span> <span class='ocrx_word' id='word_1_194' title='bbox 872 2937 989 2975; x_wconf 91' lang='lat' dir='ltr'><strong>non</strong></span> <span class='ocrx_word' id='word_1_195' title='bbox 1025 2922 1260 2990; x_wconf 88' lang='lat' dir='ltr'><strong>habent,</strong></span> <span class='ocrx_word' id='word_1_196' title='bbox 1295 2940 1411 2977; x_wconf 93' lang='lat' dir='ltr'><strong>non</strong></span> <span class='ocrx_word' id='word_1_197' title='bbox 1444 2925 1560 2978; x_wconf 89' lang='lat' dir='ltr'><strong>sibi</strong></span> <span class='ocrx_word' id='word_1_198' title='bbox 1591 2923 1873 2995; x_wconf 79' lang='lat' dir='ltr'><strong>injuriam</strong></span> 
     </span>
    </p>
   </div>
   <div class='ocr_carea' id='block_1_32' title="bbox 219 3005 1868 3084">
    <p class='ocr_par' dir='ltr' id='par_1_32' title="bbox 219 3005 1868 3084">
     <span class='ocr_line' id='line_1_32' title="bbox 219 3005 1868 3084; baseline 0.007 -26"><span class='ocrx_word' id='word_1_199' title='bbox 219 3005 422 3077; x_wconf 87' lang='lat' dir='ltr'><strong>faciant,</strong></span> <span class='ocrx_word' id='word_1_200' title='bbox 447 3009 610 3080; x_wconf 88' lang='lat' dir='ltr'><strong>quod</strong></span> <span class='ocrx_word' id='word_1_201' title='bbox 633 3009 768 3080; x_wconf 82' lang='lat' dir='ltr'><strong>ejus</strong></span> <span class='ocrx_word' id='word_1_202' title='bbox 791 3013 1012 3064; x_wconf 88' lang='lat' dir='ltr'><strong>tantum</strong></span> <span class='ocrx_word' id='word_1_203' title='bbox 1037 3011 1183 3075; x_wconf 77' lang='lat'><strong>223</strong></span> <span class='ocrx_word' id='word_1_204' title='bbox 1211 3013 1444 3082; x_wconf 89' lang='lat' dir='ltr'><strong>nuptias</strong></span> <span class='ocrx_word' id='word_1_205' title='bbox 1478 3015 1868 3084; x_wconf 86' lang='lat' dir='ltr'><strong>speraverint,</strong></span> 
     </span>
    </p>
   </div>
   <div class='ocr_carea' id='block_1_33' title="bbox 221 3100 1874 3173">
    <p class='ocr_par' dir='ltr' id='par_1_33' title="bbox 221 3100 1874 3173">
     <span class='ocr_line' id='line_1_33' title="bbox 221 3100 1874 3173; baseline 0.005 -23"><span class='ocrx_word' id='word_1_206' title='bbox 221 3109 328 3164; x_wconf 63' lang='lat' dir='ltr'><strong>qum</strong></span> <span class='ocrx_word' id='word_1_207' title='bbox 357 3103 609 3168; x_wconf 86' lang='lat' dir='ltr'><strong>nuptura</strong></span> <span class='ocrx_word' id='word_1_208' title='bbox 639 3114 757 3152; x_wconf 88' lang='lat' dir='ltr'><strong>non</strong></span> <span class='ocrx_word' id='word_1_209' title='bbox 789 3103 970 3153; x_wconf 88' lang='lat' dir='ltr'><strong>esset.</strong></span> <span class='ocrx_word' id='word_1_210' title='bbox 1007 3101 1096 3154; x_wconf 89' lang='lat' dir='ltr'><strong>An</strong></span> <span class='ocrx_word' id='word_1_211' title='bbox 1129 3100 1386 3156; x_wconf 84' lang='lat' dir='ltr'><strong>fortasse</strong></span> <span class='ocrx_word' id='word_1_212' title='bbox 1419 3106 1616 3172; x_wconf 91' lang='lat' dir='ltr'><strong>patres</strong></span> <span class='ocrx_word' id='word_1_213' title='bbox 1669 3120 1774 3173; x_wconf 90' lang='lat' dir='ltr'><strong>pro</strong></span> <span class='ocrx_word' id='word_1_214' title='bbox 1806 3104 1874 3158; x_wconf 83' lang='lat' dir='ltr'><strong>fi-</strong></span> 
     </span>
    </p>
   </div>
   <div class='ocr_carea' id='block_1_34' title="bbox 219 3181 1870 3266">
    <p class='ocr_par' dir='ltr' id='par_1_34' title="bbox 219 3181 1870 3266">
     <span class='ocr_line' id='line_1_34' title="bbox 219 3181 1870 3266; baseline 0.008 -32"><span class='ocrx_word' id='word_1_215' title='bbox 219 3181 398 3240; x_wconf 84' lang='lat' dir='ltr'><strong>liarum</strong></span> <span class='ocrx_word' id='word_1_216' title='bbox 431 3186 856 3258; x_wconf 75' lang='lat' dir='ltr'><strong>conjunctione</strong></span> <span class='ocrx_word' id='word_1_217' title='bbox 888 3188 1124 3242; x_wconf 88' lang='lat' dir='ltr'><strong>solliciti</strong></span> <span class='ocrx_word' id='word_1_218' title='bbox 1160 3192 1405 3246; x_wconf 90' lang='lat' dir='ltr'><strong>moleste</strong></span> <span class='ocrx_word' id='word_1_219' title='bbox 1453 3192 1649 3247; x_wconf 87' lang='lat' dir='ltr'><strong>ferunt</strong></span> <span class='ocrx_word' id='word_1_220' title='bbox 1687 3194 1870 3266; x_wconf 88' lang='lat' dir='ltr'><strong>virgi-</strong></span> 
     </span>
    </p>
   </div>
   <div class='ocr_carea' id='block_1_35' title="bbox 1982 617 3655 690">
    <p class='ocr_par' dir='ltr' id='par_1_35' title="bbox 1982 617 3655 690">
     <span class='ocr_line' id='line_1_35' title="bbox 1982 617 3655 690; baseline 0.007 -21"><span class='ocrx_word' id='word_1_221' title='bbox 1982 617 2120 684; x_wconf 90' lang='lat' dir='ltr'><strong>tam,</strong></span> <span class='ocrx_word' id='word_1_222' title='bbox 2143 617 2441 687; x_wconf 88' lang='lat' dir='ltr'><strong>pudicitiae</strong></span> <span class='ocrx_word' id='word_1_223' title='bbox 2458 633 2668 686; x_wconf 90' lang='lat' dir='ltr'><strong>annos,</strong></span> <span class='ocrx_word' id='word_1_224' title='bbox 2700 620 2930 675; x_wconf 90' lang='lat' dir='ltr'><strong>animos</strong></span> <span class='ocrx_word' id='word_1_225' title='bbox 2953 623 3269 690; x_wconf 86' lang='lat' dir='ltr'><strong>castitatis;</strong></span> <span class='ocrx_word' id='word_1_226' title='bbox 3301 627 3421 678; x_wconf 91' lang='lat' dir='ltr'><strong>tum</strong></span> <span class='ocrx_word' id='word_1_227' title='bbox 3444 625 3655 681; x_wconf 90' lang='lat' dir='ltr'><strong>deinde</strong></span> 
     </span>
    </p>
   </div>
   <div class='ocr_carea' id='block_1_36' title="bbox 1980 704 3652 776">
    <p class='ocr_par' dir='ltr' id='par_1_36' title="bbox 1980 704 3652 776">
     <span class='ocr_line' id='line_1_36' title="bbox 1980 704 3652 776; baseline 0.008 -19"><span class='ocrx_word' id='word_1_228' title='bbox 1980 704 2033 758; x_wconf 93' lang='lat' dir='ltr'><strong>si</strong></span> <span class='ocrx_word' id='word_1_229' title='bbox 2063 705 2268 759; x_wconf 88' lang='lat' dir='ltr'><strong>matris</strong></span> <span class='ocrx_word' id='word_1_230' title='bbox 2299 709 2419 760; x_wconf 91' lang='lat' dir='ltr'><strong>tuta</strong></span> <span class='ocrx_word' id='word_1_231' title='bbox 2451 707 2742 776; x_wconf 87' lang='lat' dir='ltr'><strong>custodia,</strong></span> <span class='ocrx_word' id='word_1_232' title='bbox 2777 710 3054 763; x_wconf 90' lang='lat' dir='ltr'><strong>comitum</strong></span> <span class='ocrx_word' id='word_1_233' title='bbox 3097 711 3298 766; x_wconf 89' lang='lat' dir='ltr'><strong>sobria</strong></span> <span class='ocrx_word' id='word_1_234' title='bbox 3344 713 3652 770; x_wconf 88' lang='lat' dir='ltr'><strong>sedulitas.</strong></span> 
     </span>
    </p>
   </div>
   <div class='ocr_carea' id='block_1_37' title="bbox 1979 792 3657 874">
    <p class='ocr_par' dir='ltr' id='par_1_37' title="bbox 1979 792 3657 874">
     <span class='ocr_line' id='line_1_37' title="bbox 1979 792 3657 874; baseline 0.007 -28"><span class='ocrx_word' id='word_1_235' title='bbox 1979 793 2041 847; x_wconf 77' lang='lat' dir='ltr'><strong>Si</strong></span> <span class='ocrx_word' id='word_1_236' title='bbox 2093 792 2223 848; x_wconf 57' lang='lat' dir='ltr'><strong>haec</strong></span> <span class='ocrx_word' id='word_1_237' title='bbox 2271 797 2492 864; x_wconf 85' lang='lat' dir='ltr'><strong>praesto</strong></span> <span class='ocrx_word' id='word_1_238' title='bbox 2540 799 2698 864; x_wconf 89' lang='lat' dir='ltr'><strong>sunt,</strong></span> <span class='ocrx_word' id='word_1_239' title='bbox 2747 812 2863 850; x_wconf 92' lang='lat' dir='ltr'><strong>non</strong></span> <span class='ocrx_word' id='word_1_240' title='bbox 2912 796 3080 852; x_wconf 87' lang='lat' dir='ltr'><strong>deest</strong></span> <span class='ocrx_word' id='word_1_241' title='bbox 3125 800 3343 870; x_wconf 89' lang='lat' dir='ltr'><strong>virgini</strong></span> <span class='ocrx_word' id='word_1_242' title='bbox 3383 801 3657 874; x_wconf 67' lang='lat' dir='ltr'><strong>longmva</strong></span> 
     </span>
    </p>
   </div>
   <div class='ocr_carea' id='block_1_38' title="bbox 1981 881 3654 956">
    <p class='ocr_par' dir='ltr' id='par_1_38' title="bbox 1981 881 3654 956">
     <span class='ocr_line' id='line_1_38' title="bbox 1981 881 3654 956; baseline 0.008 -22"><span class='ocrx_word' id='word_1_243' title='bbox 1981 881 2262 951; x_wconf 90' lang='lat' dir='ltr'><strong>canities;</strong></span> <span class='ocrx_word' id='word_1_244' title='bbox 2297 884 2350 937; x_wconf 87' lang='lat' dir='ltr'><strong>si</strong></span> <span class='ocrx_word' id='word_1_245' title='bbox 2383 884 2512 938; x_wconf 76' lang='lat' dir='ltr'><strong>haec</strong></span> <span class='ocrx_word' id='word_1_246' title='bbox 2545 885 2780 954; x_wconf 90' lang='lat' dir='ltr'><strong>desunt,</strong></span> <span class='ocrx_word' id='word_1_247' title='bbox 2815 885 3118 940; x_wconf 73' lang='lat' dir='ltr'><strong>differatur</strong></span> <span class='ocrx_word' id='word_1_248' title='bbox 3148 888 3342 956; x_wconf 88' lang='lat' dir='ltr'><strong>puella</strong></span> <span class='ocrx_word' id='word_1_249' title='bbox 3387 891 3654 947; x_wconf 86' lang='lat' dir='ltr'><strong>moribus</strong></span> 
     </span>
    </p>
   </div>
   <div class='ocr_carea' id='block_1_39' title="bbox 1980 972 2854 1041">
    <p class='ocr_par' dir='ltr' id='par_1_39' title="bbox 1980 972 2854 1041">
     <span class='ocr_line' id='line_1_39' title="bbox 1980 972 2854 1041; baseline 0.006 -18"><span class='ocrx_word' id='word_1_250' title='bbox 1980 985 2156 1041; x_wconf 91' lang='lat' dir='ltr'><strong>quam</strong></span> <span class='ocrx_word' id='word_1_251' title='bbox 2185 972 2366 1026; x_wconf 85' lang='lat' dir='ltr'><strong>annis</strong></span> <span class='ocrx_word' id='word_1_252' title='bbox 2399 973 2854 1029; x_wconf 87' lang='lat' dir='ltr'><strong>adolescentior.</strong></span> 
     </span>
    </p>
   </div>
   <div class='ocr_carea' id='block_1_40' title="bbox 2049 1059 3656 1135">
    <p class='ocr_par' dir='ltr' id='par_1_40' title="bbox 2049 1059 3656 1135">
     <span class='ocr_line' id='line_1_40' title="bbox 2049 1059 3656 1135; baseline 0.007 -22"><span class='ocrx_word' id='word_1_253' title='bbox 2049 1059 2140 1114; x_wconf 77' lang='grc'><strong>40.</strong></span> <span class='ocrx_word' id='word_1_254' title='bbox 2185 1059 2319 1115; x_wconf 88' lang='lat' dir='ltr'><strong>Non</strong></span> <span class='ocrx_word' id='word_1_255' title='bbox 2351 1075 2498 1133; x_wconf 90' lang='lat' dir='ltr'><strong>ergo</strong></span> <span class='ocrx_word' id='word_1_256' title='bbox 2531 1065 2677 1117; x_wconf 67' lang='lat' dir='ltr'><strong>aetas</strong></span> <span class='ocrx_word' id='word_1_257' title='bbox 2708 1062 2975 1134; x_wconf 83' lang='lat' dir='ltr'><strong>rejicitur</strong></span> <span class='ocrx_word' id='word_1_258' title='bbox 3010 1063 3332 1135; x_wconf 80' lang='lat' dir='ltr'><strong>ﬂorentior,</strong></span> <span class='ocrx_word' id='word_1_259' title='bbox 3377 1067 3486 1122; x_wconf 90' lang='lat' dir='ltr'><strong>sed</strong></span> <span class='ocrx_word' id='word_1_260' title='bbox 3526 1069 3656 1124; x_wconf 85' lang='lat' dir='ltr'><strong>ani-</strong></span> 
     </span>
    </p>
   </div>
   <div class='ocr_carea' id='block_1_41' title="bbox 1978 1149 3657 1229">
    <p class='ocr_par' dir='ltr' id='par_1_41' title="bbox 1978 1149 3657 1229">
     <span class='ocr_line' id='line_1_41' title="bbox 1978 1149 3657 1229; baseline 0.007 -29"><span class='ocrx_word' id='word_1_261' title='bbox 1978 1162 2112 1201; x_wconf 89' lang='lat' dir='ltr'><strong>mus</strong></span> <span class='ocrx_word' id='word_1_262' title='bbox 2143 1149 2529 1205; x_wconf 86' lang='lat' dir='ltr'><strong>examinatur.</strong></span> <span class='ocrx_word' id='word_1_263' title='bbox 2575 1153 2649 1205; x_wconf 77' lang='lat' dir='ltr'><strong>At</strong></span> <span class='ocrx_word' id='word_1_264' title='bbox 2693 1155 2852 1207; x_wconf 88' lang='lat' dir='ltr'><strong>certe</strong></span> <span class='ocrx_word' id='word_1_265' title='bbox 2895 1153 3172 1210; x_wconf 90' lang='lat' dir='ltr'><strong>Theclam</strong></span> <span class='ocrx_word' id='word_1_266' title='bbox 3203 1170 3320 1210; x_wconf 90' lang='lat' dir='ltr'><strong>non</strong></span> <span class='ocrx_word' id='word_1_267' title='bbox 3351 1159 3657 1229; x_wconf 89' lang='lat' dir='ltr'><strong>senectus,</strong></span> 
     </span>
    </p>
   </div>
   <div class='ocr_carea' id='block_1_42' title="bbox 1979 1235 3654 1315">
    <p class='ocr_par' dir='ltr' id='par_1_42' title="bbox 1979 1235 3654 1315">
     <span class='ocr_line' id='line_1_42' title="bbox 1979 1235 3654 1315; baseline 0.008 -26"><span class='ocrx_word' id='word_1_268' title='bbox 1979 1235 2087 1290; x_wconf 90' lang='lat' dir='ltr'><strong>sed</strong></span> <span class='ocrx_word' id='word_1_269' title='bbox 2119 1236 2309 1291; x_wconf 87' lang='lat' dir='ltr'><strong>virtus</strong></span> <span class='ocrx_word' id='word_1_270' title='bbox 2341 1239 2632 1308; x_wconf 88' lang='lat' dir='ltr'><strong>probavit.</strong></span> <span class='ocrx_word' id='word_1_271' title='bbox 2685 1239 2756 1295; x_wconf 87' lang='lat' dir='ltr'><strong>Et</strong></span> <span class='ocrx_word' id='word_1_272' title='bbox 2786 1240 2923 1298; x_wconf 92' lang='lat' dir='ltr'><strong>hinc</strong></span> <span class='ocrx_word' id='word_1_273' title='bbox 2953 1243 3094 1314; x_wconf 90' lang='lat' dir='ltr'><strong>quid</strong></span> <span class='ocrx_word' id='word_1_274' title='bbox 3124 1243 3292 1313; x_wconf 89' lang='lat' dir='ltr'><strong>plura</strong></span> <span class='ocrx_word' id='word_1_275' title='bbox 3323 1248 3654 1315; x_wconf 87' lang='lat' dir='ltr'><strong>contexam,</strong></span> 
     </span>
    </p>
   </div>
   <div class='ocr_carea' id='block_1_43' title="bbox 1979 1326 3658 1403">
    <p class='ocr_par' dir='ltr' id='par_1_43' title="bbox 1979 1326 3658 1403">
     <span class='ocr_line' id='line_1_43' title="bbox 1979 1326 3658 1403; baseline 0.007 -25"><span class='ocrx_word' id='word_1_276' title='bbox 1979 1341 2114 1379; x_wconf 88' lang='lat' dir='ltr'><strong>cum</strong></span> <span class='ocrx_word' id='word_1_277' title='bbox 2145 1326 2338 1380; x_wconf 90' lang='lat' dir='ltr'><strong>omnis</strong></span> <span class='ocrx_word' id='word_1_278' title='bbox 2370 1330 2514 1382; x_wconf 72' lang='lat' dir='ltr'><strong>aetas</strong></span> <span class='ocrx_word' id='word_1_279' title='bbox 2545 1328 2761 1384; x_wconf 88' lang='lat' dir='ltr'><strong>habilis</strong></span> <span class='ocrx_word' id='word_1_280' title='bbox 2794 1331 2934 1402; x_wconf 91' lang='lat' dir='ltr'><strong>Deo,</strong></span> <span class='ocrx_word' id='word_1_281' title='bbox 2980 1331 3240 1403; x_wconf 86' lang='lat' dir='ltr'><strong>perfecta</strong></span> <span class='ocrx_word' id='word_1_282' title='bbox 3273 1334 3350 1389; x_wconf 90' lang='lat' dir='ltr'><strong>sit</strong></span> <span class='ocrx_word' id='word_1_283' title='bbox 3380 1333 3658 1390; x_wconf 81' lang='lat' dir='ltr'><strong>Christo?</strong></span> 
     </span>
    </p>
   </div>
   <div class='ocr_carea' id='block_1_44' title="bbox 1980 1412 3653 1493">
    <p class='ocr_par' dir='ltr' id='par_1_44' title="bbox 1980 1412 3653 1493">
     <span class='ocr_line' id='line_1_44' title="bbox 1980 1412 3653 1493; baseline 0.007 -26"><span class='ocrx_word' id='word_1_284' title='bbox 1980 1412 2245 1484; x_wconf 90' lang='lat' dir='ltr'><strong>Denique</strong></span> <span class='ocrx_word' id='word_1_285' title='bbox 2276 1431 2393 1471; x_wconf 91' lang='lat' dir='ltr'><strong>non</strong></span> <span class='ocrx_word' id='word_1_286' title='bbox 2423 1417 2701 1473; x_wconf 89' lang='lat' dir='ltr'><strong>virtutem</strong></span> <span class='ocrx_word' id='word_1_287' title='bbox 2732 1420 2924 1475; x_wconf 87' lang='lat' dir='ltr'><strong>aetatis</strong></span> <span class='ocrx_word' id='word_1_288' title='bbox 2963 1422 3348 1491; x_wconf 90' lang='lat' dir='ltr'><strong>appendicem</strong></span> <span class='ocrx_word' id='word_1_289' title='bbox 3378 1422 3653 1493; x_wconf 85' lang='lat' dir='ltr'><strong>dicimus,</strong></span> 
     </span>
    </p>
   </div>
   <div class='ocr_carea' id='block_1_45' title="bbox 1977 1501 3656 1577">
    <p class='ocr_par' dir='ltr' id='par_1_45' title="bbox 1977 1501 3656 1577">
     <span class='ocr_line' id='line_1_45' title="bbox 1977 1501 3656 1577; baseline 0.008 -21"><span class='ocrx_word' id='word_1_290' title='bbox 1977 1501 2086 1556; x_wconf 87' lang='lat' dir='ltr'><strong>sed</strong></span> <span class='ocrx_word' id='word_1_291' title='bbox 2117 1503 2352 1558; x_wconf 90' lang='lat' dir='ltr'><strong>virtutis</strong></span> <span class='ocrx_word' id='word_1_292' title='bbox 2387 1507 2618 1560; x_wconf 77' lang='lat' dir='ltr'><strong>aetatem</strong></span> <span class='ocrx_word' id='word_1_293' title='bbox 2649 1507 2782 1577; x_wconf 71' lang='lat'><strong>(3&#39;2).</strong></span> <span class='ocrx_word' id='word_1_294' title='bbox 2819 1508 2942 1563; x_wconf 86' lang='lat' dir='ltr'><strong>Nec</strong></span> <span class='ocrx_word' id='word_1_295' title='bbox 2975 1510 3188 1565; x_wconf 90' lang='lat' dir='ltr'><strong>mirere</strong></span> <span class='ocrx_word' id='word_1_296' title='bbox 3218 1510 3278 1565; x_wconf 90' lang='lat' dir='ltr'><strong>in</strong></span> <span class='ocrx_word' id='word_1_297' title='bbox 3309 1511 3656 1570; x_wconf 86' lang='lat' dir='ltr'><strong>adolescen-</strong></span> 
     </span>
    </p>
   </div>
   <div class='ocr_carea' id='block_1_46' title="bbox 1979 1590 3656 1672">
    <p class='ocr_par' dir='ltr' id='par_1_46' title="bbox 1979 1590 3656 1672">
     <span class='ocr_line' id='line_1_46' title="bbox 1979 1590 3656 1672; baseline 0.008 -29"><span class='ocrx_word' id='word_1_298' title='bbox 1979 1590 2119 1644; x_wconf 89' lang='lat' dir='ltr'><strong>tulis</strong></span> <span class='ocrx_word' id='word_1_299' title='bbox 2170 1592 2630 1663; x_wconf 84' lang='lat' dir='ltr'><strong>professionem,</strong></span> <span class='ocrx_word' id='word_1_300' title='bbox 2665 1612 2798 1650; x_wconf 89' lang='lat' dir='ltr'><strong>cum</strong></span> <span class='ocrx_word' id='word_1_301' title='bbox 2847 1596 3068 1669; x_wconf 87' lang='lat' dir='ltr'><strong>legeris</strong></span> <span class='ocrx_word' id='word_1_302' title='bbox 3120 1599 3180 1653; x_wconf 92' lang='lat' dir='ltr'><strong>in</strong></span> <span class='ocrx_word' id='word_1_303' title='bbox 3217 1601 3482 1669; x_wconf 89' lang='lat' dir='ltr'><strong>parvulis</strong></span> <span class='ocrx_word' id='word_1_304' title='bbox 3513 1617 3656 1672; x_wconf 89' lang='lat' dir='ltr'><strong>pas-</strong></span> 
     </span>
    </p>
   </div>
   <div class='ocr_carea' id='block_1_47' title="bbox 1979 1680 3657 1752">
    <p class='ocr_par' dir='ltr' id='par_1_47' title="bbox 1979 1680 3657 1752">
     <span class='ocr_line' id='line_1_47' title="bbox 1979 1680 3657 1752; baseline 0.008 -20"><span class='ocrx_word' id='word_1_305' title='bbox 1979 1680 2241 1749; x_wconf 88' lang='lat' dir='ltr'><strong>sionem;</strong></span> <span class='ocrx_word' id='word_1_306' title='bbox 2275 1682 2559 1752; x_wconf 89' lang='lat' dir='ltr'><strong>scriptum</strong></span> <span class='ocrx_word' id='word_1_307' title='bbox 2593 1687 2686 1738; x_wconf 89' lang='lat' dir='ltr'><strong>est</strong></span> <span class='ocrx_word' id='word_1_308' title='bbox 2714 1685 2870 1740; x_wconf 89' lang='lat' dir='ltr'><strong>enim</strong></span> <span class='ocrx_word' id='word_1_309' title='bbox 2904 1701 2916 1741; x_wconf 89' lang='lat'>:</span> <span class='ocrx_word' id='word_1_310' title='bbox 2949 1686 3051 1741; x_wconf 81' lang='lat' dir='ltr'><strong>Ex</strong></span> <span class='ocrx_word' id='word_1_311' title='bbox 3086 1703 3190 1743; x_wconf 89' lang='lat' dir='ltr'><strong>ore</strong></span> <span class='ocrx_word' id='word_1_312' title='bbox 3237 1688 3551 1744; x_wconf 80' lang='lat' dir='ltr'><strong>infantium</strong></span> <span class='ocrx_word' id='word_1_313' title='bbox 3596 1696 3657 1746; x_wconf 87' lang='lat' dir='ltr'><strong>et</strong></span> 
     </span>
    </p>
   </div>
   <div class='ocr_carea' id='block_1_48' title="bbox 1975 1765 3657 1849">
    <p class='ocr_par' dir='ltr' id='par_1_48' title="bbox 1975 1765 3657 1849">
     <span class='ocr_line' id='line_1_48' title="bbox 1975 1765 3657 1849; baseline 0.008 -28"><span class='ocrx_word' id='word_1_314' title='bbox 1975 1765 2318 1823; x_wconf 83' lang='lat' dir='ltr'><strong>lactentium</strong></span> <span class='ocrx_word' id='word_1_315' title='bbox 2361 1771 2684 1842; x_wconf 77' lang='lat' dir='ltr'><strong>perfecisti</strong></span> <span class='ocrx_word' id='word_1_316' title='bbox 2725 1773 2956 1830; x_wconf 79' lang='lat' dir='ltr'><strong>laudem</strong></span> <span class='ocrx_word' id='word_1_317' title='bbox 3014 1776 3207 1844; x_wconf 86' lang='lat' dir='ltr'><strong>(Psal.</strong></span> <span class='ocrx_word' id='word_1_318' title='bbox 3253 1795 3376 1847; x_wconf 88' lang='lat' dir='ltr'><strong>vm,</strong></span> <span class='ocrx_word' id='word_1_319' title='bbox 3426 1778 3504 1849; x_wconf 83' lang='lat'><strong>3).</strong></span> <span class='ocrx_word' id='word_1_320' title='bbox 3563 1781 3657 1835; x_wconf 83' lang='lat' dir='ltr'><strong>An</strong></span> 
     </span>
    </p>
   </div>
   <div class='ocr_carea' id='block_1_49' title="bbox 1907 1856 3652 1951">
    <p class='ocr_par' dir='ltr' id='par_1_49' title="bbox 1907 1856 3652 1951">
     <span class='ocr_line' id='line_1_49' title="bbox 1907 1856 3652 1951; baseline 0.008 -42"><span class='ocrx_word' id='word_1_321' title='bbox 1907 1856 2310 1951; x_wconf 80' lang='lat' dir='ltr'><strong>Bdubitamus</strong></span> <span class='ocrx_word' id='word_1_322' title='bbox 2343 1860 2397 1914; x_wconf 91' lang='lat' dir='ltr'><strong>si</strong></span> <span class='ocrx_word' id='word_1_323' title='bbox 2427 1876 2561 1916; x_wconf 90' lang='lat' dir='ltr'><strong>eum</strong></span> <span class='ocrx_word' id='word_1_324' title='bbox 2591 1878 2782 1934; x_wconf 88' lang='lat' dir='ltr'><strong>usque</strong></span> <span class='ocrx_word' id='word_1_325' title='bbox 2810 1863 2883 1918; x_wconf 87' lang='lat' dir='ltr'><strong>ad</strong></span> <span class='ocrx_word' id='word_1_326' title='bbox 2915 1865 3334 1926; x_wconf 84' lang='lat' dir='ltr'><strong>continentiam</strong></span> <span class='ocrx_word' id='word_1_327' title='bbox 3366 1872 3652 1939; x_wconf 89' lang='lat' dir='ltr'><strong>sequatur</strong></span> 
     </span>
    </p>
   </div>
   <div class='ocr_carea' id='block_1_50' title="bbox 1972 1945 3656 2023">
    <p class='ocr_par' dir='ltr' id='par_1_50' title="bbox 1972 1945 3656 2023">
     <span class='ocr_line' id='line_1_50' title="bbox 1972 1945 3656 2023; baseline 0.008 -24"><span class='ocrx_word' id='word_1_328' title='bbox 1972 1945 2392 2018; x_wconf 87' lang='lat' dir='ltr'><strong>adolescentia,</strong></span> <span class='ocrx_word' id='word_1_329' title='bbox 2449 1966 2627 2020; x_wconf 89' lang='lat' dir='ltr'><strong>quem</strong></span> <span class='ocrx_word' id='word_1_330' title='bbox 2675 1967 2866 2023; x_wconf 89' lang='lat' dir='ltr'><strong>usque</strong></span> <span class='ocrx_word' id='word_1_331' title='bbox 2911 1953 2985 2008; x_wconf 91' lang='lat' dir='ltr'><strong>ad</strong></span> <span class='ocrx_word' id='word_1_332' title='bbox 3035 1958 3283 2010; x_wconf 90' lang='lat' dir='ltr'><strong>mortem</strong></span> <span class='ocrx_word' id='word_1_333' title='bbox 3340 1957 3656 2013; x_wconf 83' lang='lat' dir='ltr'><strong>confitetur</strong></span> 
     </span>
    </p>
   </div>
   <div class='ocr_carea' id='block_1_51' title="bbox 1975 2034 3652 2116">
    <p class='ocr_par' dir='ltr' id='par_1_51' title="bbox 1975 2034 3652 2116">
     <span class='ocr_line' id='line_1_51' title="bbox 1975 2034 3652 2116; baseline 0.01 -29"><span class='ocrx_word' id='word_1_334' title='bbox 1975 2034 2258 2090; x_wconf 82' lang='lat' dir='ltr'><strong>infantia?</strong></span> <span class='ocrx_word' id='word_1_335' title='bbox 2291 2036 2359 2090; x_wconf 86' lang='lat' dir='ltr'><strong>Et</strong></span> <span class='ocrx_word' id='word_1_336' title='bbox 2389 2039 2560 2108; x_wconf 90' lang='lat' dir='ltr'><strong>quasi</strong></span> <span class='ocrx_word' id='word_1_337' title='bbox 2593 2039 2938 2096; x_wconf 88' lang='lat' dir='ltr'><strong>incredibile</strong></span> <span class='ocrx_word' id='word_1_338' title='bbox 2985 2046 3280 2112; x_wconf 89' lang='lat' dir='ltr'><strong>putamus,</strong></span> <span class='ocrx_word' id='word_1_339' title='bbox 3333 2047 3386 2100; x_wconf 90' lang='lat' dir='ltr'><strong>si</strong></span> <span class='ocrx_word' id='word_1_340' title='bbox 3437 2046 3652 2116; x_wconf 70' lang='lat' dir='ltr'><strong>puellm</strong></span> 
     </span>
    </p>
   </div>
   <div class='ocr_carea' id='block_1_52' title="bbox 1975 2123 3657 2206">
    <p class='ocr_par' dir='ltr' id='par_1_52' title="bbox 1975 2123 3657 2206">
     <span class='ocr_line' id='line_1_52' title="bbox 1975 2123 3657 2206; baseline 0.009 -30"><span class='ocrx_word' id='word_1_341' title='bbox 1975 2123 2214 2178; x_wconf 90' lang='lat' dir='ltr'><strong>nubiles</strong></span> <span class='ocrx_word' id='word_1_342' title='bbox 2243 2123 2543 2180; x_wconf 88' lang='lat' dir='ltr'><strong>Christum</strong></span> <span class='ocrx_word' id='word_1_343' title='bbox 2573 2132 2900 2199; x_wconf 87' lang='lat' dir='ltr'><strong>sequantur</strong></span> <span class='ocrx_word' id='word_1_344' title='bbox 2929 2132 3002 2185; x_wconf 87' lang='lat' dir='ltr'><strong>ad</strong></span> <span class='ocrx_word' id='word_1_345' title='bbox 3025 2147 3278 2204; x_wconf 88' lang='lat' dir='ltr'><strong>regnum</strong></span> <span class='ocrx_word' id='word_1_346' title='bbox 3311 2134 3448 2204; x_wconf 83' lang='lat'><strong>(33),</strong></span> <span class='ocrx_word' id='word_1_347' title='bbox 3481 2152 3657 2206; x_wconf 88' lang='lat' dir='ltr'><strong>quem</strong></span> 
     </span>
    </p>
   </div>
   <div class='ocr_carea' id='block_1_53' title="bbox 1973 2213 3654 2295">
    <p class='ocr_par' dir='ltr' id='par_1_53' title="bbox 1973 2213 3654 2295">
     <span class='ocr_line' id='line_1_53' title="bbox 1973 2213 3654 2295; baseline 0.008 -29"><span class='ocrx_word' id='word_1_348' title='bbox 1973 2213 2146 2267; x_wconf 90' lang='lat' dir='ltr'><strong>etiam</strong></span> <span class='ocrx_word' id='word_1_349' title='bbox 2176 2215 2343 2284; x_wconf 89' lang='lat' dir='ltr'><strong>pueri</strong></span> <span class='ocrx_word' id='word_1_350' title='bbox 2377 2217 2785 2287; x_wconf 89' lang='lat' dir='ltr'><strong>sequebantur</strong></span> <span class='ocrx_word' id='word_1_351' title='bbox 2808 2220 2869 2272; x_wconf 88' lang='lat' dir='ltr'><strong>in</strong></span> <span class='ocrx_word' id='word_1_352' title='bbox 2902 2220 3172 2290; x_wconf 88' lang='lat' dir='ltr'><strong>deserto;</strong></span> <span class='ocrx_word' id='word_1_353' title='bbox 3206 2222 3362 2277; x_wconf 88' lang='lat' dir='ltr'><strong>sicut</strong></span> <span class='ocrx_word' id='word_1_354' title='bbox 3392 2223 3654 2295; x_wconf 88' lang='lat' dir='ltr'><strong>legimus</strong></span> 
     </span>
    </p>
   </div>
   <div class='ocr_carea' id='block_1_54' title="bbox 1973 2301 3655 2383">
    <p class='ocr_par' dir='ltr' id='par_1_54' title="bbox 1973 2301 3655 2383">
     <span class='ocr_line' id='line_1_54' title="bbox 1973 2301 3655 2383; baseline 0.01 -29"><span class='ocrx_word' id='word_1_355' title='bbox 1973 2301 2108 2373; x_wconf 87' lang='lat' dir='ltr'><strong>quia</strong></span> <span class='ocrx_word' id='word_1_356' title='bbox 2164 2305 2421 2357; x_wconf 87' lang='lat' dir='ltr'><strong>saturata</strong></span> <span class='ocrx_word' id='word_1_357' title='bbox 2471 2308 2610 2360; x_wconf 89' lang='lat' dir='ltr'><strong>sunt</strong></span> <span class='ocrx_word' id='word_1_358' title='bbox 2656 2306 2728 2361; x_wconf 89' lang='lat' dir='ltr'><strong>de</strong></span> <span class='ocrx_word' id='word_1_359' title='bbox 2776 2308 3039 2380; x_wconf 88' lang='lat' dir='ltr'><strong>quinque</strong></span> <span class='ocrx_word' id='word_1_360' title='bbox 3094 2311 3349 2380; x_wconf 90' lang='lat' dir='ltr'><strong>panibus</strong></span> <span class='ocrx_word' id='word_1_361' title='bbox 3401 2317 3655 2383; x_wconf 83' lang='lat' dir='ltr'><strong>quatuor</strong></span> 
     </span>
    </p>
   </div>
   <div class='ocr_carea' id='block_1_55' title="bbox 1972 2390 3654 2470">
    <p class='ocr_par' dir='ltr' id='par_1_55' title="bbox 1972 2390 3654 2470">
     <span class='ocr_line' id='line_1_55' title="bbox 1972 2390 3654 2470; baseline 0.009 -26"><span class='ocrx_word' id='word_1_362' title='bbox 1972 2390 2155 2444; x_wconf 88' lang='lat' dir='ltr'><strong>millia</strong></span> <span class='ocrx_word' id='word_1_363' title='bbox 2188 2390 2513 2463; x_wconf 90' lang='lat' dir='ltr'><strong>hominum,</strong></span> <span class='ocrx_word' id='word_1_364' title='bbox 2558 2397 2848 2466; x_wconf 76' lang='lat' dir='ltr'><strong>exceptis,</strong></span> <span class='ocrx_word' id='word_1_365' title='bbox 2884 2397 3090 2469; x_wconf 88' lang='lat' dir='ltr'><strong>inquit.</strong></span> <span class='ocrx_word' id='word_1_366' title='bbox 3115 2401 3327 2470; x_wconf 85' lang='lat' dir='ltr'><strong>pueris</strong></span> <span class='ocrx_word' id='word_1_367' title='bbox 3359 2407 3417 2456; x_wconf 88' lang='lat' dir='ltr'><strong>et</strong></span> <span class='ocrx_word' id='word_1_368' title='bbox 3446 2403 3654 2458; x_wconf 87' lang='lat' dir='ltr'><strong>mulie-</strong></span> 
     </span>
    </p>
   </div>
   <div class='ocr_carea' id='block_1_56' title="bbox 1975 2479 2719 2553">
    <p class='ocr_par' dir='ltr' id='par_1_56' title="bbox 1975 2479 2719 2553">
     <span class='ocr_line' id='line_1_56' title="bbox 1975 2479 2719 2553; baseline 0.005 -19"><span class='ocrx_word' id='word_1_369' title='bbox 1975 2479 2148 2534; x_wconf 81' lang='lat' dir='ltr'><strong>ribus</strong></span> <span class='ocrx_word' id='word_1_370' title='bbox 2173 2480 2413 2548; x_wconf 82' lang='lat' dir='ltr'><strong>(Matth.</strong></span> <span class='ocrx_word' id='word_1_371' title='bbox 2455 2499 2576 2553; x_wconf 71' lang='lat' dir='ltr'><strong>xxv,</strong></span> <span class='ocrx_word' id='word_1_372' title='bbox 2609 2481 2719 2553; x_wconf 73' lang='lat'><strong>21).</strong></span> 
     </span>
    </p>
   </div>
   <div class='ocr_carea' id='block_1_57' title="bbox 2048 2567 3654 2656">
    <p class='ocr_par' dir='ltr' id='par_1_57' title="bbox 2048 2567 3654 2656">
     <span class='ocr_line' id='line_1_57' title="bbox 2048 2567 3654 2656; baseline 0.012 -35"><span class='ocrx_word' id='word_1_373' title='bbox 2048 2567 2135 2622; x_wconf 74' lang='grc'><strong>41.</strong></span> <span class='ocrx_word' id='word_1_374' title='bbox 2178 2568 2372 2624; x_wconf 89' lang='lat' dir='ltr'><strong>Nolite</strong></span> <span class='ocrx_word' id='word_1_375' title='bbox 2421 2586 2568 2642; x_wconf 91' lang='lat' dir='ltr'><strong>ergo</strong></span> <span class='ocrx_word' id='word_1_376' title='bbox 2615 2589 2648 2626; x_wconf 90' lang='lat' dir='ltr'><strong>a</strong></span> <span class='ocrx_word' id='word_1_377' title='bbox 2691 2572 2930 2631; x_wconf 87' lang='lat' dir='ltr'><strong>Christo</strong></span> <span class='ocrx_word' id='word_1_378' title='bbox 2959 2592 3163 2634; x_wconf 89' lang='lat' dir='ltr'><strong>arcere</strong></span> <span class='ocrx_word' id='word_1_379' title='bbox 3197 2578 3482 2652; x_wconf 88' lang='lat' dir='ltr'><strong>infantes;</strong></span> <span class='ocrx_word' id='word_1_380' title='bbox 3516 2586 3654 2656; x_wconf 83' lang='lat' dir='ltr'><strong>quia</strong></span> 
     </span>
    </p>
   </div>
   <div class='ocr_carea' id='block_1_58' title="bbox 1979 2657 3654 2740">
    <p class='ocr_par' dir='ltr' id='par_1_58' title="bbox 1979 2657 3654 2740">
     <span class='ocr_line' id='line_1_58' title="bbox 1979 2657 3654 2740; baseline 0.011 -31"><span class='ocrx_word' id='word_1_381' title='bbox 1979 2659 2036 2710; x_wconf 90' lang='lat' dir='ltr'><strong>et</strong></span> <span class='ocrx_word' id='word_1_382' title='bbox 2065 2657 2181 2727; x_wconf 90' lang='lat' dir='ltr'><strong>ipsi</strong></span> <span class='ocrx_word' id='word_1_383' title='bbox 2210 2674 2314 2728; x_wconf 92' lang='lat' dir='ltr'><strong>pro</strong></span> <span class='ocrx_word' id='word_1_384' title='bbox 2345 2659 2566 2714; x_wconf 88' lang='lat' dir='ltr'><strong>Christi</strong></span> <span class='ocrx_word' id='word_1_385' title='bbox 2595 2662 2832 2718; x_wconf 90' lang='lat' dir='ltr'><strong>nomine</strong></span> <span class='ocrx_word' id='word_1_386' title='bbox 2864 2665 3104 2721; x_wconf 89' lang='lat' dir='ltr'><strong>subiere</strong></span> <span class='ocrx_word' id='word_1_387' title='bbox 3136 2671 3478 2740; x_wconf 76' lang='lat' dir='ltr'><strong>martyrium</strong></span> <span class='ocrx_word' id='word_1_388' title='bbox 3504 2689 3516 2728; x_wconf 90' lang='lat'><strong>:</strong></span> <span class='ocrx_word' id='word_1_389' title='bbox 3549 2673 3654 2728; x_wconf 80' lang='lat' dir='ltr'><strong>Ta-</strong></span> 
     </span>
    </p>
   </div>
   <div class='ocr_carea' id='block_1_59' title="bbox 1978 2744 3648 2834">
    <p class='ocr_par' dir='ltr' id='par_1_59' title="bbox 1978 2744 3648 2834">
     <span class='ocr_line' id='line_1_59' title="bbox 1978 2744 3648 2834; baseline 0.013 -37"><span class='ocrx_word' id='word_1_390' title='bbox 1978 2744 2121 2798; x_wconf 89' lang='lat' dir='ltr'><strong>lium</strong></span> <span class='ocrx_word' id='word_1_391' title='bbox 2155 2751 2246 2800; x_wconf 84' lang='lat' dir='ltr'><strong>cst</strong></span> <span class='ocrx_word' id='word_1_392' title='bbox 2277 2747 2434 2802; x_wconf 86' lang='lat' dir='ltr'><strong>enim</strong></span> <span class='ocrx_word' id='word_1_393' title='bbox 2462 2765 2711 2821; x_wconf 83' lang='lat' dir='ltr'><strong>regnum</strong></span> <span class='ocrx_word' id='word_1_394' title='bbox 2751 2753 3025 2808; x_wconf 72' lang='lat' dir='ltr'><strong>caelorum</strong></span> <span class='ocrx_word' id='word_1_395' title='bbox 3073 2757 3314 2824; x_wconf 83' lang='lat' dir='ltr'><strong>(Matth.</strong></span> <span class='ocrx_word' id='word_1_396' title='bbox 3366 2777 3488 2830; x_wconf 78' lang='lat' dir='ltr'><strong>xix,</strong></span> <span class='ocrx_word' id='word_1_397' title='bbox 3539 2762 3648 2834; x_wconf 75' lang='grc'>14).</span> 
     </span>
    </p>
   </div>
   <div class='ocr_carea' id='block_1_60' title="bbox 1979 2833 3654 2918">
    <p class='ocr_par' dir='ltr' id='par_1_60' title="bbox 1979 2833 3654 2918">
     <span class='ocr_line' id='line_1_60' title="bbox 1979 2833 3654 2918; baseline 0.013 -33"><span class='ocrx_word' id='word_1_398' title='bbox 1979 2833 2163 2889; x_wconf 87' lang='lat' dir='ltr'><strong>Vocat</strong></span> <span class='ocrx_word' id='word_1_399' title='bbox 2192 2851 2297 2890; x_wconf 92' lang='lat' dir='ltr'><strong>eos</strong></span> <span class='ocrx_word' id='word_1_400' title='bbox 2330 2837 2636 2909; x_wconf 89' lang='lat' dir='ltr'><strong>Dominus,</strong></span> <span class='ocrx_word' id='word_1_401' title='bbox 2671 2845 2726 2895; x_wconf 90' lang='lat' dir='ltr'><strong>et</strong></span> <span class='ocrx_word' id='word_1_402' title='bbox 2754 2843 2818 2896; x_wconf 92' lang='lat' dir='ltr'><strong>tu</strong></span> <span class='ocrx_word' id='word_1_403' title='bbox 2849 2843 3172 2912; x_wconf 84' lang='lat' dir='ltr'><strong>prohibes?</strong></span> <span class='ocrx_word' id='word_1_404' title='bbox 3202 2846 3284 2902; x_wconf 79' lang='lat' dir='ltr'><strong>De</strong></span> <span class='ocrx_word' id='word_1_405' title='bbox 3315 2847 3464 2918; x_wconf 88' lang='lat' dir='ltr'><strong>ipsis</strong></span> <span class='ocrx_word' id='word_1_406' title='bbox 3497 2852 3654 2907; x_wconf 90' lang='lat' dir='ltr'><strong>enim</strong></span> 
     </span>
    </p>
   </div>
   <div class='ocr_carea' id='block_1_61' title="bbox 1979 2922 3652 3008">
    <p class='ocr_par' dir='ltr' id='par_1_61' title="bbox 1979 2922 3652 3008">
     <span class='ocr_line' id='line_1_61' title="bbox 1979 2922 3652 3008; baseline 0.012 -32"><span class='ocrx_word' id='word_1_407' title='bbox 1979 2922 2264 2979; x_wconf 89' lang='lat' dir='ltr'><strong>Dominus</strong></span> <span class='ocrx_word' id='word_1_408' title='bbox 2297 2926 2376 2979; x_wconf 89' lang='lat' dir='ltr'><strong>ait</strong></span> <span class='ocrx_word' id='word_1_409' title='bbox 2409 2942 2422 2981; x_wconf 90' lang='lat'><em>:</em></span> <span class='ocrx_word' id='word_1_410' title='bbox 2457 2927 2656 2982; x_wconf 82' lang='lat' dir='ltr'><strong>Sinite</strong></span> <span class='ocrx_word' id='word_1_411' title='bbox 2689 2946 2790 2984; x_wconf 90' lang='lat' dir='ltr'><strong>eos</strong></span> <span class='ocrx_word' id='word_1_412' title='bbox 2827 2932 3034 2986; x_wconf 83' lang='lat' dir='ltr'><strong>venire</strong></span> <span class='ocrx_word' id='word_1_413' title='bbox 3065 2933 3142 2988; x_wconf 86' lang='lat' dir='ltr'><strong>ad</strong></span> <span class='ocrx_word' id='word_1_414' title='bbox 3169 2951 3262 2989; x_wconf 92' lang='lat' dir='ltr'><strong>me</strong></span> <span class='ocrx_word' id='word_1_415' title='bbox 3290 2936 3493 3008; x_wconf 86' lang='lat' dir='ltr'><strong>(Ibid.)</strong></span> <span class='ocrx_word' id='word_1_416' title='bbox 3526 2940 3652 2996; x_wconf 88' lang='lat' dir='ltr'><strong>No-</strong></span> 
     </span>
    </p>
   </div>
   <div class='ocr_carea' id='block_1_62' title="bbox 1976 3011 3648 3096">
    <p class='ocr_par' dir='ltr' id='par_1_62' title="bbox 1976 3011 3648 3096">
     <span class='ocr_line' id='line_1_62' title="bbox 1976 3011 3648 3096; baseline 0.013 -32"><span class='ocrx_word' id='word_1_417' title='bbox 1976 3011 2074 3065; x_wconf 85' lang='lat' dir='ltr'><strong>lite</strong></span> <span class='ocrx_word' id='word_1_418' title='bbox 2105 3012 2586 3070; x_wconf 88' lang='lat' dir='ltr'><strong>adolescontulas</strong></span> <span class='ocrx_word' id='word_1_419' title='bbox 2615 3033 2840 3088; x_wconf 89' lang='lat' dir='ltr'><strong>arcere,</strong></span> <span class='ocrx_word' id='word_1_420' title='bbox 2876 3021 2949 3075; x_wconf 91' lang='lat' dir='ltr'><strong>de</strong></span> <span class='ocrx_word' id='word_1_421' title='bbox 2971 3021 3188 3092; x_wconf 85' lang='lat' dir='ltr'><strong>quibus</strong></span> <span class='ocrx_word' id='word_1_422' title='bbox 3221 3027 3507 3096; x_wconf 88' lang='lat' dir='ltr'><strong>scriptum</strong></span> <span class='ocrx_word' id='word_1_423' title='bbox 3528 3034 3648 3086; x_wconf 88' lang='lat' dir='ltr'><strong>est:</strong></span> 
     </span>
    </p>
   </div>
   <div class='ocr_carea' id='block_1_63' title="bbox 1978 3100 3649 3188">
    <p class='ocr_par' dir='ltr' id='par_1_63' title="bbox 1978 3100 3649 3188">
     <span class='ocr_line' id='line_1_63' title="bbox 1978 3100 3649 3188; baseline 0.013 -36"><span class='ocrx_word' id='word_1_424' title='bbox 1978 3100 2311 3172; x_wconf 80' lang='lat' dir='ltr'><strong>Propterea</strong></span> <span class='ocrx_word' id='word_1_425' title='bbox 2341 3103 2796 3163; x_wconf 62' lang='lat' dir='ltr'><strong>adolescontulas</strong></span> <span class='ocrx_word' id='word_1_426' title='bbox 2826 3110 3169 3166; x_wconf 78' lang='lat' dir='ltr'><strong>dilexerunt</strong></span> <span class='ocrx_word' id='word_1_427' title='bbox 3201 3118 3260 3167; x_wconf 87' lang='lat' dir='ltr'><strong>te</strong></span> <span class='ocrx_word' id='word_1_428' title='bbox 3288 3114 3482 3182; x_wconf 85' lang='lat' dir='ltr'><strong>(Cant.</strong></span> <span class='ocrx_word' id='word_1_429' title='bbox 3507 3135 3547 3186; x_wconf 82' lang='grc' dir='ltr'><strong>ι,</strong></span> <span class='ocrx_word' id='word_1_430' title='bbox 3572 3120 3649 3188; x_wconf 77' lang='lat'><strong>2).</strong></span> 
     </span>
    </p>
   </div>
   <div class='ocr_carea' id='block_1_64' title="bbox 1979 3188 3646 3275">
    <p class='ocr_par' dir='ltr' id='par_1_64' title="bbox 1979 3188 3646 3275">
     <span class='ocr_line' id='line_1_64' title="bbox 1979 3188 3646 3275; baseline 0.011 -33"><span class='ocrx_word' id='word_1_431' title='bbox 1979 3188 2049 3243; x_wconf 88' lang='lat' dir='ltr'><strong>Et</strong></span> <span class='ocrx_word' id='word_1_432' title='bbox 2079 3189 2435 3247; x_wconf 88' lang='lat' dir='ltr'><strong>induxerunt</strong></span> <span class='ocrx_word' id='word_1_433' title='bbox 2464 3197 2519 3248; x_wconf 89' lang='lat' dir='ltr'><strong>te</strong></span> <span class='ocrx_word' id='word_1_434' title='bbox 2549 3194 2607 3248; x_wconf 91' lang='lat' dir='ltr'><strong>in</strong></span> <span class='ocrx_word' id='word_1_435' title='bbox 2639 3195 2876 3252; x_wconf 90' lang='lat' dir='ltr'><strong>domum</strong></span> <span class='ocrx_word' id='word_1_436' title='bbox 2906 3200 3110 3254; x_wconf 86' lang='lat' dir='ltr'><strong>matris</strong></span> <span class='ocrx_word' id='word_1_437' title='bbox 3142 3217 3269 3256; x_wconf 65' lang='lat' dir='ltr'><strong>sua:</strong></span> <span class='ocrx_word' id='word_1_438' title='bbox 3302 3203 3498 3274; x_wconf 86' lang='lat' dir='ltr'><strong>(Cant.</strong></span> <span class='ocrx_word' id='word_1_439' title='bbox 3524 3223 3646 3275; x_wconf 83' lang='lat' dir='ltr'><strong>vm,</strong></span> 
     </span>
    </p>
   </div>
   <div class='ocr_carea' id='block_1_65' title="bbox 220 3240 3651 3366">
    <p class='ocr_par' dir='ltr' id='par_1_65' title="bbox 220 3240 3651 3366">
     <span class='ocr_line' id='line_1_65' title="bbox 480 3240 3646 3275; baseline 0.006 -36"><span class='ocrx_word' id='word_1_440' title='bbox 480 3240 572 3258; x_wconf 30' lang='grc' dir='ltr'><strong><em>πο</em></strong></span> <span class='ocrx_word' id='word_1_441' title='bbox 681 3240 710 3241; x_wconf 42' lang='grc' dir='ltr'>η</span> <span class='ocrx_word' id='word_1_442' title='bbox 761 3240 766 3241; x_wconf 63' lang='lat'><strong><em>,</em></strong></span> <span class='ocrx_word' id='word_1_443' title='bbox 835 3240 848 3242; x_wconf 71' lang='grc'>,</span> <span class='ocrx_word' id='word_1_444' title='bbox 1161 3240 1402 3246; x_wconf 72' lang='lat'>___-___--</span> <span class='ocrx_word' id='word_1_445' title='bbox 1453 3240 1648 3247; x_wconf 80' lang='lat'><strong>_--__--</strong></span> <span class='ocrx_word' id='word_1_446' title='bbox 1702 3240 1842 3266; x_wconf 63' lang='grc'><strong>---0-</strong></span> <span class='ocrx_word' id='word_1_447' title='bbox 1984 3240 2046 3243; x_wconf 77' lang='lat'><strong>_-</strong></span> <span class='ocrx_word' id='word_1_448' title='bbox 2079 3240 2433 3247; x_wconf 54' lang='lat'><strong>-&quot;_----__-</strong></span> <span class='ocrx_word' id='word_1_449' title='bbox 2467 3240 2517 3248; x_wconf 61' lang='grc' dir='ltr'><strong><em>η</em></strong></span> <span class='ocrx_word' id='word_1_450' title='bbox 2549 3240 2607 3248; x_wconf 85' lang='grc'>-..</span> <span class='ocrx_word' id='word_1_451' title='bbox 2641 3240 2876 3252; x_wconf 57' lang='grc' dir='ltr'>μνη-υ...</span> <span class='ocrx_word' id='word_1_452' title='bbox 2907 3240 3110 3254; x_wconf 64' lang='grc' dir='ltr'>..η-...υ</span> <span class='ocrx_word' id='word_1_453' title='bbox 3142 3240 3268 3256; x_wconf 66' lang='grc' dir='ltr'>..μω</span> <span class='ocrx_word' id='word_1_454' title='bbox 3303 3240 3498 3274; x_wconf 52' lang='lat' dir='ltr'><strong>(om...</strong></span> <span class='ocrx_word' id='word_1_455' title='bbox 3533 3240 3646 3275; x_wconf 73' lang='grc' dir='ltr'>νιιι,</span> 
     </span>
     <span class='ocr_line' id='line_1_66' title="bbox 220 3240 3651 3366; baseline 0.007 -41"><span class='ocrx_word' id='word_1_456' title='bbox 220 3287 307 3327; x_wconf 89' lang='lat' dir='ltr'><strong>nes</strong></span> <span class='ocrx_word' id='word_1_457' title='bbox 337 3277 719 3331; x_wconf 81' lang='lat' dir='ltr'><strong>consecrari?</strong></span> <span class='ocrx_word' id='word_1_458' title='bbox 768 3277 891 3332; x_wconf 89' lang='lat' dir='ltr'><strong>Nec</strong></span> <span class='ocrx_word' id='word_1_459' title='bbox 940 3277 1000 3331; x_wconf 90' lang='lat' dir='ltr'><strong>hi</strong></span> <span class='ocrx_word' id='word_1_460' title='bbox 1038 3280 1194 3350; x_wconf 91' lang='lat' dir='ltr'><strong>quod</strong></span> <span class='ocrx_word' id='word_1_461' title='bbox 1225 3285 1539 3335; x_wconf 87' lang='lat' dir='ltr'><strong>vereantur</strong></span> <span class='ocrx_word' id='word_1_462' title='bbox 1569 3283 1787 3338; x_wconf 86' lang='lat' dir='ltr'><strong>habent</strong></span> <span class='ocrx_word' id='word_1_463' title='bbox 1817 3285 1870 3338; x_wconf 91' lang='lat' dir='ltr'><strong>si</strong></span> <span class='ocrx_word' id='word_1_464' title='bbox 1911 3240 2052 3348; x_wconf 63' lang='lat' dir='ltr'><strong>CQ).</strong></span> <span class='ocrx_word' id='word_1_465' title='bbox 2087 3279 2279 3334; x_wconf 70' lang='lat' dir='ltr'><strong>Nolite</strong></span> <span class='ocrx_word' id='word_1_466' title='bbox 2323 3285 2622 3351; x_wconf 77' lang='lat' dir='ltr'><strong>postremo</strong></span> <span class='ocrx_word' id='word_1_467' title='bbox 2669 3301 2701 3339; x_wconf 72' lang='grc' dir='ltr'><strong>ει</strong></span> <span class='ocrx_word' id='word_1_468' title='bbox 2751 3285 2971 3341; x_wconf 81' lang='lat' dir='ltr'><strong>Christi</strong></span> <span class='ocrx_word' id='word_1_469' title='bbox 3003 3289 3284 3346; x_wconf 78' lang='lat' dir='ltr'><strong>charitate</strong></span> <span class='ocrx_word' id='word_1_470' title='bbox 3316 3293 3488 3347; x_wconf 87' lang='lat' dir='ltr'><strong>etiam</strong></span> <span class='ocrx_word' id='word_1_471' title='bbox 3519 3312 3651 3366; x_wconf 83' lang='lat' dir='ltr'><strong>par-</strong></span> 
     </span>
    </p>
   </div>
   <div class='ocr_carea' id='block_1_66' title="bbox 219 3367 1870 3441">
    <p class='ocr_par' dir='ltr' id='par_1_66' title="bbox 219 3367 1870 3441">
     <span class='ocr_line' id='line_1_67' title="bbox 219 3367 1870 3441; baseline 0.01 -29"><span class='ocrx_word' id='word_1_472' title='bbox 219 3369 511 3432; x_wconf 87' lang='lat' dir='ltr'><strong>sequantur</strong></span> <span class='ocrx_word' id='word_1_473' title='bbox 543 3367 885 3422; x_wconf 89' lang='lat' dir='ltr'><strong>consilium.</strong></span> <span class='ocrx_word' id='word_1_474' title='bbox 918 3368 1074 3423; x_wconf 88' lang='lat' dir='ltr'><strong>Inter</strong></span> <span class='ocrx_word' id='word_1_475' title='bbox 1103 3385 1323 3441; x_wconf 87' lang='lat' dir='ltr'><strong>paucas</strong></span> <span class='ocrx_word' id='word_1_476' title='bbox 1367 3387 1494 3426; x_wconf 64' lang='lat' dir='ltr'><strong>suae</strong></span> <span class='ocrx_word' id='word_1_477' title='bbox 1543 3373 1717 3428; x_wconf 89' lang='lat' dir='ltr'><strong>citius</strong></span> <span class='ocrx_word' id='word_1_478' title='bbox 1767 3374 1870 3428; x_wconf 91' lang='lat' dir='ltr'><strong>eli-</strong></span> 
     </span>
    </p>
   </div>
   <div class='ocr_carea' id='block_1_67' title="bbox 219 3457 424 3521">
    <p class='ocr_par' dir='ltr' id='par_1_67' title="bbox 219 3457 424 3521">
     <span class='ocr_line' id='line_1_68' title="bbox 219 3457 424 3521; baseline 0.034 -18"><span class='ocrx_word' id='word_1_479' title='bbox 219 3457 424 3521; x_wconf 83' lang='lat' dir='ltr'><strong>gentur.</strong></span> 
     </span>
    </p>
   </div>
   <div class='ocr_carea' id='block_1_68' title="bbox 274 3541 1867 3619">
    <p class='ocr_par' dir='ltr' id='par_1_68' title="bbox 274 3541 1867 3619">
     <span class='ocr_line' id='line_1_69' title="bbox 274 3541 1867 3619; baseline 0.011 -25"><span class='ocrx_word' id='word_1_480' title='bbox 274 3541 349 3597; x_wconf 83' lang='lat'><strong>39.</strong></span> <span class='ocrx_word' id='word_1_481' title='bbox 389 3547 576 3600; x_wconf 79' lang='lat' dir='ltr'><strong>Aiunt</strong></span> <span class='ocrx_word' id='word_1_482' title='bbox 626 3547 799 3600; x_wconf 87' lang='lat' dir='ltr'><strong>etiam</strong></span> <span class='ocrx_word' id='word_1_483' title='bbox 847 3547 1112 3619; x_wconf 90' lang='lat' dir='ltr'><strong>plerique</strong></span> <span class='ocrx_word' id='word_1_484' title='bbox 1156 3550 1495 3606; x_wconf 89' lang='lat' dir='ltr'><strong>maturioris</strong></span> <span class='ocrx_word' id='word_1_485' title='bbox 1527 3556 1716 3611; x_wconf 85' lang='lat' dir='ltr'><strong>aetatis</strong></span> <span class='ocrx_word' id='word_1_486' title='bbox 1749 3557 1867 3611; x_wconf 90' lang='lat' dir='ltr'><strong>vir-</strong></span> 
     </span>
    </p>
   </div>
   <div class='ocr_carea' id='block_1_69' title="bbox 218 3633 1868 3709">
    <p class='ocr_par' dir='ltr' id='par_1_69' title="bbox 218 3633 1868 3709">
     <span class='ocr_line' id='line_1_70' title="bbox 218 3633 1868 3709; baseline 0.008 -22"><span class='ocrx_word' id='word_1_487' title='bbox 218 3633 365 3704; x_wconf 84' lang='lat' dir='ltr'><strong>gines</strong></span> <span class='ocrx_word' id='word_1_488' title='bbox 395 3651 530 3690; x_wconf 86' lang='lat' dir='ltr'><strong>esse</strong></span> <span class='ocrx_word' id='word_1_489' title='bbox 571 3635 872 3690; x_wconf 77' lang='lat' dir='ltr'><strong>velandus.</strong></span> <span class='ocrx_word' id='word_1_490' title='bbox 909 3637 1114 3708; x_wconf 87' lang='lat' dir='ltr'><strong>Neque</strong></span> <span class='ocrx_word' id='word_1_491' title='bbox 1147 3654 1260 3709; x_wconf 88' lang='lat' dir='ltr'><strong>ego</strong></span> <span class='ocrx_word' id='word_1_492' title='bbox 1290 3640 1485 3696; x_wconf 90' lang='lat' dir='ltr'><strong>abnuo</strong></span> <span class='ocrx_word' id='word_1_493' title='bbox 1524 3646 1868 3700; x_wconf 89' lang='lat' dir='ltr'><strong>sacerdota-</strong></span> 
     </span>
    </p>
   </div>
   <div class='ocr_carea' id='block_1_70' title="bbox 220 3721 1866 3805">
    <p class='ocr_par' dir='ltr' id='par_1_70' title="bbox 220 3721 1866 3805">
     <span class='ocr_line' id='line_1_71' title="bbox 220 3721 1866 3805; baseline 0.01 -31"><span class='ocrx_word' id='word_1_494' title='bbox 220 3721 296 3775; x_wconf 87' lang='lat' dir='ltr'><strong>lis-</strong></span> <span class='ocrx_word' id='word_1_495' title='bbox 325 3724 612 3779; x_wconf 87' lang='lat' dir='ltr'><strong>cautionis</strong></span> <span class='ocrx_word' id='word_1_496' title='bbox 661 3741 799 3779; x_wconf 89' lang='lat' dir='ltr'><strong>esse</strong></span> <span class='ocrx_word' id='word_1_497' title='bbox 847 3725 1086 3796; x_wconf 90' lang='lat' dir='ltr'><strong>debere,</strong></span> <span class='ocrx_word' id='word_1_498' title='bbox 1131 3732 1192 3782; x_wconf 91' lang='lat' dir='ltr'><strong>ut</strong></span> <span class='ocrx_word' id='word_1_499' title='bbox 1242 3745 1360 3784; x_wconf 91' lang='lat' dir='ltr'><strong>non</strong></span> <span class='ocrx_word' id='word_1_500' title='bbox 1409 3734 1630 3788; x_wconf 88' lang='lat' dir='ltr'><strong>temere</strong></span> <span class='ocrx_word' id='word_1_501' title='bbox 1672 3735 1866 3805; x_wconf 88' lang='lat' dir='ltr'><strong>puclla</strong></span> 
     </span>
    </p>
   </div>
   <div class='ocr_carea' id='block_1_71' title="bbox 223 3811 1864 3895">
    <p class='ocr_par' dir='ltr' id='par_1_71' title="bbox 223 3811 1864 3895">
     <span class='ocr_line' id='line_1_72' title="bbox 223 3811 1864 3895; baseline 0.009 -29"><span class='ocrx_word' id='word_1_502' title='bbox 223 3811 440 3868; x_wconf 73' lang='lat' dir='ltr'><strong>veletur.</strong></span> <span class='ocrx_word' id='word_1_503' title='bbox 475 3814 718 3886; x_wconf 87' lang='lat' dir='ltr'><strong>Spectet</strong></span> <span class='ocrx_word' id='word_1_504' title='bbox 761 3813 951 3884; x_wconf 88' lang='lat' dir='ltr'><strong>plane,</strong></span> <span class='ocrx_word' id='word_1_505' title='bbox 1006 3820 1233 3886; x_wconf 88' lang='lat' dir='ltr'><strong>spectet</strong></span> <span class='ocrx_word' id='word_1_506' title='bbox 1282 3823 1512 3875; x_wconf 71' lang='lat' dir='ltr'><strong>aetatem</strong></span> <span class='ocrx_word' id='word_1_507' title='bbox 1556 3826 1864 3895; x_wconf 87' lang='lat' dir='ltr'><strong>sacerdos,</strong></span> 
     </span>
    </p>
   </div>
   <div class='ocr_carea' id='block_1_72' title="bbox 223 3901 1870 3975">
    <p class='ocr_par' dir='ltr' id='par_1_72' title="bbox 223 3901 1870 3975">
     <span class='ocr_line' id='line_1_73' title="bbox 223 3901 1870 3975; baseline 0.012 -22"><span class='ocrx_word' id='word_1_508' title='bbox 223 3901 309 3955; x_wconf 86' lang='lat' dir='ltr'><strong>sed</strong></span> <span class='ocrx_word' id='word_1_509' title='bbox 338 3902 463 3957; x_wconf 82' lang='lat' dir='ltr'><strong>fidei</strong></span> <span class='ocrx_word' id='word_1_510' title='bbox 495 3903 590 3958; x_wconf 88' lang='lat' dir='ltr'><strong>vel</strong></span> <span class='ocrx_word' id='word_1_511' title='bbox 626 3903 892 3974; x_wconf 88' lang='lat' dir='ltr'><strong>pudoris.</strong></span> <span class='ocrx_word' id='word_1_512' title='bbox 926 3904 1160 3975; x_wconf 85' lang='lat' dir='ltr'><strong>Spectet</strong></span> <span class='ocrx_word' id='word_1_513' title='bbox 1180 3909 1572 3966; x_wconf 86' lang='lat' dir='ltr'><strong>maturitatem</strong></span> <span class='ocrx_word' id='word_1_514' title='bbox 1590 3929 1870 3971; x_wconf 89' lang='lat' dir='ltr'><strong>verecun-</strong></span> 
     </span>
    </p>
   </div>
   <div class='ocr_carea' id='block_1_73' title="bbox 223 4041 1868 4123">
    <p class='ocr_par' dir='ltr' id='par_1_73' title="bbox 223 4041 1868 4123">
     <span class='ocr_line' id='line_1_74' title="bbox 223 4041 1868 4123; baseline 0.012 -29"><span class='ocrx_word' id='word_1_515' title='bbox 223 4041 406 4123; x_wconf 65' lang='lat' dir='ltr'><strong>lirebat</strong></span> <span class='ocrx_word' id='word_1_516' title='bbox 448 4047 600 4123; x_wconf 83' lang='lat' dir='ltr'><strong>patri</strong></span> <span class='ocrx_word' id='word_1_517' title='bbox 650 4045 832 4123; x_wconf 59' lang='lat' dir='ltr'><strong>filiani</strong></span> <span class='ocrx_word' id='word_1_518' title='bbox 876 4049 934 4123; x_wconf 83' lang='lat' dir='ltr'><strong>et</strong></span> <span class='ocrx_word' id='word_1_519' title='bbox 970 4049 1300 4123; x_wconf 81' lang='lat' dir='ltr'><strong>quemlibet</strong></span> <span class='ocrx_word' id='word_1_520' title='bbox 1351 4052 1484 4123; x_wconf 80' lang='lat' dir='ltr'><strong>ejus</strong></span> <span class='ocrx_word' id='word_1_521' title='bbox 1541 4057 1868 4114; x_wconf 84' lang='lat' dir='ltr'><strong>adulterum</strong></span> 
     </span>
    </p>
   </div>
   <div class='ocr_carea' id='block_1_74' title="bbox 222 4113 1862 4190">
    <p class='ocr_par' dir='ltr' id='par_1_74' title="bbox 222 4113 1862 4190">
     <span class='ocr_line' id='line_1_75' title="bbox 222 4113 1862 4190; baseline 0.012 -25"><span class='ocrx_word' id='word_1_522' title='bbox 222 4113 528 4190; x_wconf 76' lang='lat' dir='ltr'><strong>ubicunque</strong></span> <span class='ocrx_word' id='word_1_523' title='bbox 562 4120 622 4171; x_wconf 91' lang='lat' dir='ltr'><strong>in</strong></span> <span class='ocrx_word' id='word_1_524' title='bbox 656 4118 769 4190; x_wconf 85' lang='lat' dir='ltr'><strong>hoc</strong></span> <span class='ocrx_word' id='word_1_525' title='bbox 802 4113 1020 4189; x_wconf 81' lang='lat' dir='ltr'><strong>flagitio</strong></span> <span class='ocrx_word' id='word_1_526' title='bbox 1053 4113 1462 4190; x_wconf 55' lang='lat' dir='ltr'><strong>deprehens&#39;os</strong></span> <span class='ocrx_word' id='word_1_527' title='bbox 1494 4113 1862 4186; x_wconf 56' lang='lat' dir='ltr'><strong>interficeret</strong></span> 
     </span>
    </p>
   </div>
   <div class='ocr_carea' id='block_1_75' title="bbox 223 4188 1868 4271">
    <p class='ocr_par' dir='ltr' id='par_1_75' title="bbox 223 4188 1868 4271">
     <span class='ocr_line' id='line_1_76' title="bbox 223 4188 1868 4271; baseline 0.012 -34"><span class='ocrx_word' id='word_1_528' title='bbox 223 4188 402 4241; x_wconf 86' lang='lat' dir='ltr'><strong>marito</strong></span> <span class='ocrx_word' id='word_1_529' title='bbox 432 4205 669 4271; x_wconf 79' lang='lat' dir='ltr'><strong>quoque</strong></span> <span class='ocrx_word' id='word_1_530' title='bbox 711 4189 864 4243; x_wconf 90' lang='lat' dir='ltr'><strong>idem</strong></span> <span class='ocrx_word' id='word_1_531' title='bbox 890 4188 993 4271; x_wconf 72' lang='lat' dir='ltr'><strong>jus</strong></span> <span class='ocrx_word' id='word_1_532' title='bbox 1026 4188 1175 4271; x_wconf 68' lang='lat' dir='ltr'><strong>erat,</strong></span> <span class='ocrx_word' id='word_1_533' title='bbox 1222 4195 1328 4248; x_wconf 90' lang='lat' dir='ltr'><strong>sed</strong></span> <span class='ocrx_word' id='word_1_534' title='bbox 1375 4198 1492 4271; x_wconf 75' lang='lat' dir='ltr'><strong>sub</strong></span> <span class='ocrx_word' id='word_1_535' title='bbox 1513 4203 1698 4271; x_wconf 27' lang='lat' dir='ltr'><strong>‘certa</strong></span> <span class='ocrx_word' id='word_1_536' title='bbox 1728 4217 1868 4271; x_wconf 88' lang='lat' dir='ltr'><strong>per-</strong></span> 
     </span>
    </p>
   </div>
   <div class='ocr_carea' id='block_1_76' title="bbox 226 4261 1869 4330">
    <p class='ocr_par' dir='ltr' id='par_1_76' title="bbox 226 4261 1869 4330">
     <span class='ocr_line' id='line_1_77' title="bbox 226 4261 1869 4330; baseline 0.013 -24"><span class='ocrx_word' id='word_1_537' title='bbox 226 4271 473 4330; x_wconf 81' lang='lat' dir='ltr'><strong>sonarum</strong></span> <span class='ocrx_word' id='word_1_538' title='bbox 522 4261 596 4314; x_wconf 85' lang='lat' dir='ltr'><strong>ad</strong></span> <span class='ocrx_word' id='word_1_539' title='bbox 646 4261 910 4315; x_wconf 80' lang='lat' dir='ltr'><strong>locorum</strong></span> <span class='ocrx_word' id='word_1_540' title='bbox 958 4263 1314 4320; x_wconf 83' lang='lat' dir='ltr'><strong>deﬁnitione.</strong></span> <span class='ocrx_word' id='word_1_541' title='bbox 1366 4266 1531 4330; x_wconf 90' lang='lat' dir='ltr'><strong>Quod</strong></span> <span class='ocrx_word' id='word_1_542' title='bbox 1575 4261 1768 4326; x_wconf 81' lang='lat' dir='ltr'><strong>autem</strong></span> <span class='ocrx_word' id='word_1_543' title='bbox 1797 4275 1869 4328; x_wconf 86' lang='lat' dir='ltr'><strong>ad</strong></span> 
     </span>
    </p>
   </div>
   <div class='ocr_carea' id='block_1_77' title="bbox 226 4329 1869 4414">
    <p class='ocr_par' dir='ltr' id='par_1_77' title="bbox 226 4329 1869 4414">
     <span class='ocr_line' id='line_1_78' title="bbox 226 4329 1869 4414; baseline 0.012 -36"><span class='ocrx_word' id='word_1_544' title='bbox 226 4329 396 4410; x_wconf 61' lang='lat' dir='ltr'><strong>[utalia</strong></span> <span class='ocrx_word' id='word_1_545' title='bbox 446 4331 501 4384; x_wconf 91' lang='lat' dir='ltr'><strong>in</strong></span> <span class='ocrx_word' id='word_1_546' title='bbox 547 4347 758 4414; x_wconf 66' lang='lat' dir='ltr'><strong>uxoris</strong></span> <span class='ocrx_word' id='word_1_547' title='bbox 794 4333 1010 4414; x_wconf 68' lang='lat' dir='ltr'><strong>alienae</strong></span> <span class='ocrx_word' id='word_1_548' title='bbox 1061 4339 1372 4414; x_wconf 53' lang='lat' dir='ltr'><strong>raptorem</strong></span> <span class='ocrx_word' id='word_1_549' title='bbox 1393 4329 1675 4414; x_wconf 76' lang='lat' dir='ltr'><strong>excitata,</strong></span> <span class='ocrx_word' id='word_1_550' title='bbox 1733 4345 1869 4414; x_wconf 90' lang='lat' dir='ltr'><strong>quis</strong></span> 
     </span>
    </p>
   </div>
   <div class='ocr_carea' id='block_1_78' title="bbox 226 4400 1869 4486">
    <p class='ocr_par' dir='ltr' id='par_1_78' title="bbox 226 4400 1869 4486">
     <span class='ocr_line' id='line_1_79' title="bbox 226 4400 1869 4486; baseline 0.013 -38"><span class='ocrx_word' id='word_1_551' title='bbox 226 4400 438 4486; x_wconf 69' lang='lat' dir='ltr'><strong>nescius</strong></span> <span class='ocrx_word' id='word_1_552' title='bbox 472 4406 564 4484; x_wconf 75' lang='lat' dir='ltr'><strong>est</strong></span> <span class='ocrx_word' id='word_1_553' title='bbox 594 4401 1061 4486; x_wconf 74' lang='lat' dir='ltr'><strong>famosissimum</strong></span> <span class='ocrx_word' id='word_1_554' title='bbox 1094 4400 1233 4486; x_wconf 73' lang='lat' dir='ltr'><strong>illud</strong></span> <span class='ocrx_word' id='word_1_555' title='bbox 1257 4408 1475 4486; x_wconf 77' lang='lat' dir='ltr'><strong>bellum</strong></span> <span class='ocrx_word' id='word_1_556' title='bbox 1500 4427 1616 4486; x_wconf 82' lang='lat' dir='ltr'><strong>quo</strong></span> <span class='ocrx_word' id='word_1_557' title='bbox 1637 4400 1869 4486; x_wconf 63' lang='lat' dir='ltr'><strong>Europa</strong></span> 
     </span>
    </p>
   </div>
   <div class='ocr_carea' id='block_1_79' title="bbox 227 4473 1865 4553">
    <p class='ocr_par' dir='ltr' id='par_1_79' title="bbox 227 4473 1865 4553">
     <span class='ocr_line' id='line_1_80' title="bbox 227 4473 1865 4553; baseline 0.013 -34"><span class='ocrx_word' id='word_1_558' title='bbox 227 4473 374 4553; x_wconf 73' lang='lat' dir='ltr'><strong>atque</strong></span> <span class='ocrx_word' id='word_1_559' title='bbox 407 4474 540 4526; x_wconf 74' lang='lat' dir='ltr'><strong>Asia</strong></span> <span class='ocrx_word' id='word_1_560' title='bbox 593 4473 760 4553; x_wconf 52' lang='lat' dir='ltr'><strong>inter</strong></span> <span class='ocrx_word' id='word_1_561' title='bbox 793 4491 860 4553; x_wconf 70' lang='lat' dir='ltr'><strong>se</strong></span> <span class='ocrx_word' id='word_1_562' title='bbox 909 4478 1365 4553; x_wconf 33' lang='lat' dir='ltr'><strong>toto-decennio</strong></span> <span class='ocrx_word' id='word_1_563' title='bbox 1425 4473 1650 4537; x_wconf 80' lang='lat' dir='ltr'><strong>collisae</strong></span> <span class='ocrx_word' id='word_1_564' title='bbox 1707 4473 1865 4553; x_wconf 75' lang='lat' dir='ltr'><strong>sunt,</strong></span> 
     </span>
    </p>
   </div>
   <div class='ocr_carea' id='block_1_80' title="bbox 226 4541 1869 4627">
    <p class='ocr_par' dir='ltr' id='par_1_80' title="bbox 226 4541 1869 4627">
     <span class='ocr_line' id='line_1_81' title="bbox 226 4541 1869 4627; baseline 0.012 -34"><span class='ocrx_word' id='word_1_565' title='bbox 226 4541 474 4627; x_wconf 69' lang='lat' dir='ltr'><strong>quodque</strong></span> <span class='ocrx_word' id='word_1_566' title='bbox 523 4545 1050 4627; x_wconf 37' lang='lat' dir='ltr'><strong>nonnisi-Troiani</strong></span> <span class='ocrx_word' id='word_1_567' title='bbox 1104 4552 1293 4627; x_wconf 72' lang='lat' dir='ltr'><strong>re_gni_</strong></span> <span class='ocrx_word' id='word_1_568' title='bbox 1323 4567 1391 4604; x_wconf 90' lang='lat' dir='ltr'><strong>ac</strong></span> <span class='ocrx_word' id='word_1_569' title='bbox 1438 4555 1616 4608; x_wconf 87' lang='lat' dir='ltr'><strong>totius</strong></span> <span class='ocrx_word' id='word_1_570' title='bbox 1672 4541 1869 4627; x_wconf 78' lang='lat' dir='ltr'><strong>gentis</strong></span> 
     </span>
    </p>
   </div>
   <div class='ocr_carea' id='block_1_81' title="bbox 232 4613 1867 4699">
    <p class='ocr_par' dir='ltr' id='par_1_81' title="bbox 232 4613 1867 4699">
     <span class='ocr_line' id='line_1_82' title="bbox 232 4613 1867 4699; baseline 0.016 -39"><span class='ocrx_word' id='word_1_571' title='bbox 232 4613 433 4699; x_wconf 61' lang='lat' dir='ltr'><strong>excidio</strong></span> <span class='ocrx_word' id='word_1_572' title='bbox 464 4615 658 4669; x_wconf 87' lang='lat' dir='ltr'><strong>sedari</strong></span> <span class='ocrx_word' id='word_1_573' title='bbox 688 4617 905 4699; x_wconf 71' lang='lat' dir='ltr'><strong>potuit;</strong></span> <span class='ocrx_word' id='word_1_574' title='bbox 932 4613 1068 4699; x_wconf 50' lang='lat' dir='ltr'><strong>&#39;non</strong></span> <span class='ocrx_word' id='word_1_575' title='bbox 1117 4613 1202 4674; x_wconf 73' lang='lat' dir='ltr'><strong>OH</strong></span> <span class='ocrx_word' id='word_1_576' title='bbox 1221 4621 1394 4676; x_wconf 91' lang='lat' dir='ltr'><strong>aliam</strong></span> <span class='ocrx_word' id='word_1_577' title='bbox 1424 4613 1867 4699; x_wconf 55' lang='lat' dir='ltr'><strong>causamuquam</strong></span> 
     </span>
    </p>
   </div>
   <div class='ocr_carea' id='block_1_82' title="bbox 233 4680 1869 4767">
    <p class='ocr_par' dir='ltr' id='par_1_82' title="bbox 233 4680 1869 4767">
     <span class='ocr_line' id='line_1_83' title="bbox 233 4680 1869 4767; baseline 0.013 -33"><span class='ocrx_word' id='word_1_578' title='bbox 233 4680 294 4732; x_wconf 89' lang='lat' dir='ltr'><strong>ob</strong></span> <span class='ocrx_word' id='word_1_579' title='bbox 325 4683 593 4739; x_wconf 88' lang='lat' dir='ltr'><strong>Helenam</strong></span> <span class='ocrx_word' id='word_1_580' title='bbox 623 4680 904 4767; x_wconf 39' lang='lat' dir='ltr'><strong>{Paride</strong></span> <span class='ocrx_word' id='word_1_581' title='bbox 943 4693 1550 4767; x_wconf 37' lang='lat' dir='ltr'><strong>raptam‘susccptum</strong></span> <span class='ocrx_word' id='word_1_582' title='bbox 1596 4680 1771 4767; x_wconf 56' lang='lat' dir='ltr'><strong>esse:</strong></span> <span class='ocrx_word' id='word_1_583' title='bbox 1780 4680 1869 4756; x_wconf 59' lang='lat' dir='ltr'><strong>1i};</strong></span> 
     </span>
    </p>
   </div>
   <div class='ocr_carea' id='block_1_83' title="bbox 233 4758 1870 4873">
    <p class='ocr_par' dir='ltr' id='par_1_83' title="bbox 233 4758 1870 4873">
     <span class='ocr_line' id='line_1_84' title="bbox 233 4758 1870 4873; baseline 0.015 -70"><span class='ocrx_word' id='word_1_584' title='bbox 233 4764 329 4873; x_wconf 43' lang='lat' dir='ltr'><strong>quo</strong></span> <span class='ocrx_word' id='word_1_585' title='bbox 370 4762 581 4824; x_wconf 58' lang='lat' dir='ltr'><strong>praeter</strong></span> <span class='ocrx_word' id='word_1_586' title='bbox 627 4758 945 4812; x_wconf 88' lang='lat' dir='ltr'><strong>Homerum</strong></span> <span class='ocrx_word' id='word_1_587' title='bbox 995 4758 1128 4814; x_wconf 84' lang='lat' dir='ltr'><strong>vide</strong></span> <span class='ocrx_word' id='word_1_588' title='bbox 1173 4758 1768 4833; x_wconf 60' lang='lat' dir='ltr'><strong>Dictyn&#39;Cretensem</strong></span> <span class='ocrx_word' id='word_1_589' title='bbox 1801 4789 1870 4827; x_wconf 89' lang='lat' dir='ltr'><strong>ac</strong></span> 
     </span>
     <span class='ocr_line' id='line_1_85' title="bbox 274 4829 1864 4873; baseline 0 0"><span class='ocrx_word' id='word_1_590' title='bbox 274 4830 469 4873; x_wconf 78' lang='lat' dir='ltr'><strong>aretem</strong></span> <span class='ocrx_word' id='word_1_591' title='bbox 506 4829 825 4873; x_wconf 70' lang='lat' dir='ltr'><strong>Phrvoinm</strong></span> <span class='ocrx_word' id='word_1_592' title='bbox 861 4830 1178 4873; x_wconf 65' lang='lat' dir='ltr'><strong>historinne</strong></span> <span class='ocrx_word' id='word_1_593' title='bbox 1253 4835 1384 4873; x_wconf 70' lang='lat' dir='ltr'><strong>linat</strong></span> <span class='ocrx_word' id='word_1_594' title='bbox 1432 4837 1487 4873; x_wconf 74' lang='lat' dir='ltr'><strong>in</strong></span> <span class='ocrx_word' id='word_1_595' title='bbox 1520 4841 1716 4873; x_wconf 59' lang='lat' dir='ltr'><strong>mutua</strong></span> <span class='ocrx_word' id='word_1_596' title='bbox 1752 4860 1864 4873; x_wconf 71' lang='grc' dir='ltr'>ηρ...</span> 
     </span>
    </p>
   </div>
   <div class='ocr_carea' id='block_1_84' title="bbox 274 4829 1869 4902">
    <p class='ocr_par' dir='ltr' id='par_1_84' title="bbox 274 4829 1869 4902">
     <span class='ocr_line' id='line_1_86' title="bbox 274 4829 1869 4902; baseline 0.014 -26"><span class='ocrx_word' id='word_1_597' title='bbox 274 4830 471 4902; x_wconf 74' lang='lat' dir='ltr'><strong>aretem</strong></span> <span class='ocrx_word' id='word_1_598' title='bbox 506 4829 828 4902; x_wconf 72' lang='lat' dir='ltr'><strong>Phrygium</strong></span> <span class='ocrx_word' id='word_1_599' title='bbox 861 4830 1198 4900; x_wconf 91' lang='lat' dir='ltr'><strong>historicos,</strong></span> <span class='ocrx_word' id='word_1_600' title='bbox 1252 4829 1387 4890; x_wconf 78' lang='lat' dir='ltr'><strong>licet</strong></span> <span class='ocrx_word' id='word_1_601' title='bbox 1431 4837 1491 4890; x_wconf 91' lang='lat' dir='ltr'><strong>in</strong></span> <span class='ocrx_word' id='word_1_602' title='bbox 1520 4841 1718 4896; x_wconf 89' lang='lat' dir='ltr'><strong>multis</strong></span> <span class='ocrx_word' id='word_1_603' title='bbox 1750 4860 1869 4898; x_wconf 92' lang='lat' dir='ltr'><strong>non</strong></span> 
     </span>
    </p>
   </div>
   <div class='ocr_carea' id='block_1_85' title="bbox 233 4899 1324 4970">
    <p class='ocr_par' dir='ltr' id='par_1_85' title="bbox 233 4899 1324 4970">
     <span class='ocr_line' id='line_1_87' title="bbox 233 4899 1324 4970; baseline 0.013 -26"><span class='ocrx_word' id='word_1_604' title='bbox 233 4899 401 4970; x_wconf 73' lang='lat' dir='ltr'><strong>minus</strong></span> <span class='ocrx_word' id='word_1_605' title='bbox 431 4899 690 4970; x_wconf 32' lang='lat' dir='ltr'><strong>ipsomet’</strong></span> <span class='ocrx_word' id='word_1_606' title='bbox 715 4901 968 4955; x_wconf 82' lang='lat' dir='ltr'><strong>Homero</strong></span> <span class='ocrx_word' id='word_1_607' title='bbox 1001 4902 1324 4959; x_wconf 80' lang='lat' dir='ltr'><strong>fabulosus.</strong></span> 
     </span>
    </p>
   </div>
   <div class='ocr_carea' id='block_1_86' title="bbox 239 4966 1867 5085">
    <p class='ocr_par' dir='ltr' id='par_1_86' title="bbox 239 4966 1867 5085">
     <span class='ocr_line' id='line_1_88' title="bbox 239 4966 1867 5085; baseline 0.014 -68"><span class='ocrx_word' id='word_1_608' title='bbox 239 4966 568 5085; x_wconf 20' lang='grc' dir='ltr'><strong>ὡςῗξέμιξοά.</strong></span> <span class='ocrx_word' id='word_1_609' title='bbox 610 4973 758 5044; x_wconf 73' lang='lat' dir='ltr'><strong>Reg.</strong></span> <span class='ocrx_word' id='word_1_610' title='bbox 791 4978 845 5026; x_wconf 90' lang='lat' dir='ltr'><strong>et</strong></span> <span class='ocrx_word' id='word_1_611' title='bbox 879 4973 1058 5043; x_wconf 84' lang='lat' dir='ltr'><strong>Fisc.,</strong></span> <span class='ocrx_word' id='word_1_612' title='bbox 1093 4975 1292 5030; x_wconf 85' lang='lat' dir='ltr'><strong>Dicite</strong></span> <span class='ocrx_word' id='word_1_613' title='bbox 1322 4985 1571 5050; x_wconf 85' lang='lat' dir='ltr'><strong>quantas</strong></span> <span class='ocrx_word' id='word_1_614' title='bbox 1597 4981 1867 5039; x_wconf 69' lang='lat' dir='ltr'><strong>Alexan-</strong></span> 
     </span>
    </p>
   </div>
   <div class='ocr_carea' id='block_1_87' title="bbox 273 5052 406 5092">
    <p class='ocr_par' dir='ltr' id='par_1_87' title="bbox 273 5052 406 5092">
     <span class='ocr_line' id='line_1_89' title="bbox 273 5052 406 5092; baseline 0.045 -6"><span class='ocrx_word' id='word_1_615' title='bbox 273 5052 406 5092; x_wconf 84' lang='lat' dir='ltr'><strong>rma.</strong></span> 
     </span>
    </p>
   </div>
   <div class='ocr_carea' id='block_1_88' title="bbox 291 5108 1796 5184">
    <p class='ocr_par' dir='ltr' id='par_1_88' title="bbox 291 5108 1796 5184">
     <span class='ocr_line' id='line_1_90' title="bbox 291 5108 1796 5184; baseline 0.012 -21"><span class='ocrx_word' id='word_1_616' title='bbox 426 5111 576 5184; x_wconf 74' lang='lat' dir='ltr'><strong>Mss.</strong></span> <span class='ocrx_word' id='word_1_617' title='bbox 613 5115 792 5184; x_wconf 81' lang='lat' dir='ltr'><strong>Fisc.,</strong></span> <span class='ocrx_word' id='word_1_618' title='bbox 826 5115 1080 5169; x_wconf 84' lang='lat' dir='ltr'><strong>dicimus</strong></span> <span class='ocrx_word' id='word_1_619' title='bbox 1101 5137 1117 5169; x_wconf 87' lang='lat'><em>:</em></span> <span class='ocrx_word' id='word_1_620' title='bbox 1137 5118 1248 5172; x_wconf 84' lang='lat' dir='ltr'><strong>sed</strong></span> <span class='ocrx_word' id='word_1_621' title='bbox 1284 5120 1562 5176; x_wconf 85' lang='lat' dir='ltr'><strong>virtutem</strong></span> <span class='ocrx_word' id='word_1_622' title='bbox 1595 5128 1796 5182; x_wconf 74' lang='lat' dir='ltr'><strong>animi.</strong></span> 
     </span>
    </p>
   </div>
   <div class='ocr_carea' id='block_1_89' title="bbox 283 5177 1871 5259">
    <p class='ocr_par' dir='ltr' id='par_1_89' title="bbox 283 5177 1871 5259">
     <span class='ocr_line' id='line_1_91' title="bbox 283 5177 1871 5259; baseline 0.02 -36"><span class='ocrx_word' id='word_1_623' title='bbox 283 5177 384 5259; x_wconf 38' lang='lat'><strong>(.33)</strong></span> <span class='ocrx_word' id='word_1_624' title='bbox 425 5183 732 5259; x_wconf 14' lang='lat' dir='ltr'><strong>Msstpon</strong></span> <span class='ocrx_word' id='word_1_625' title='bbox 777 5177 966 5259; x_wconf 80' lang='lat' dir='ltr'><strong>pauci,</strong></span> <span class='ocrx_word' id='word_1_626' title='bbox 1021 5187 1075 5240; x_wconf 87' lang='lat' dir='ltr'><strong>si</strong></span> <span class='ocrx_word' id='word_1_627' title='bbox 1102 5189 1314 5259; x_wconf 71' lang='lat' dir='ltr'><strong>pne/1.0</strong></span> <span class='ocrx_word' id='word_1_628' title='bbox 1346 5193 1579 5248; x_wconf 79' lang='lat' dir='ltr'><strong>nobiles</strong></span> 
     </span>
    </p>
   </div>
   <div class='ocr_carea' id='block_1_90' title="bbox 235 5243 1872 5324">
    <p class='ocr_par' dir='ltr' id='par_1_90' title="bbox 235 5243 1872 5324">
     <span class='ocr_line' id='line_1_92' title="bbox 235 5243 1872 5324; baseline 0.018 -29"><span class='ocrx_word' id='word_1_629' title='bbox 235 5243 310 5299; x_wconf 83' lang='lat' dir='ltr'><strong>alii</strong></span> <span class='ocrx_word' id='word_1_630' title='bbox 337 5243 498 5322; x_wconf 84' lang='lat' dir='ltr'><strong>atque</strong></span> <span class='ocrx_word' id='word_1_631' title='bbox 531 5257 737 5320; x_wconf 63' lang='lat' dir='ltr'><strong>edit...</strong></span> <span class='ocrx_word' id='word_1_632' title='bbox 778 5243 1041 5312; x_wconf 52' lang='lat' dir='ltr'><strong>&#39;nubiles.</strong></span> <span class='ocrx_word' id='word_1_633' title='bbox 1078 5243 1292 5314; x_wconf 47' lang='lat' dir='ltr'><strong>\l-‘erum</strong></span> 
     </span>
    </p>
   </div>
   <div class='ocr_carea' id='block_1_91' title="bbox 235 5325 1868 5410">
    <p class='ocr_par' dir='ltr' id='par_1_91' title="bbox 235 5325 1868 5410">
     <span class='ocr_line' id='line_1_93' title="bbox 235 5325 1868 5410; baseline 0.015 -38"><span class='ocrx_word' id='word_1_634' title='bbox 235 5330 360 5410; x_wconf 44' lang='lat' dir='ltr'><strong>gallo</strong></span> <span class='ocrx_word' id='word_1_635' title='bbox 389 5325 661 5410; x_wconf 68' lang='lat' dir='ltr'><strong>virgines</strong></span> <span class='ocrx_word' id='word_1_636' title='bbox 680 5330 807 5382; x_wconf 89' lang='lat' dir='ltr'><strong>viro</strong></span> <span class='ocrx_word' id='word_1_637' title='bbox 837 5331 1288 5410; x_wconf 53' lang='lat' dir='ltr'><strong>maiurmyulgo</strong></span> <span class='ocrx_word' id='word_1_638' title='bbox 1321 5337 1612 5410; x_wconf 73' lang='lat' dir='ltr'><strong>putentur,</strong></span> <span class='ocrx_word' id='word_1_639' title='bbox 1649 5341 1868 5410; x_wconf 88' lang='lat' dir='ltr'><strong>aliquid</strong></span> 
     </span>
    </p>
   </div>
   <div class='ocr_carea' id='block_1_92' title="bbox 236 5385 1870 5473">
    <p class='ocr_par' dir='ltr' id='par_1_92' title="bbox 236 5385 1870 5473">
     <span class='ocr_line' id='line_1_94' title="bbox 236 5385 1870 5473; baseline 0.015 -30"><span class='ocrx_word' id='word_1_640' title='bbox 236 5385 744 5473; x_wconf 62' lang='lat' dir='ltr'><strong>difﬁcultatishinc</strong></span> <span class='ocrx_word' id='word_1_641' title='bbox 791 5400 957 5453; x_wconf 81' lang='lat' dir='ltr'><strong>nasci</strong></span> <span class='ocrx_word' id='word_1_642' title='bbox 1011 5385 1870 5473; x_wconf 28' lang='lat' dir='ltr'><strong>potestuqubdtant-titantem;</strong></span> 
     </span>
    </p>
   </div>
   <div class='ocr_carea' id='block_1_93' title="bbox 239 5467 1870 5553">
    <p class='ocr_par' dir='ltr' id='par_1_93' title="bbox 239 5467 1870 5553">
     <span class='ocr_line' id='line_1_95' title="bbox 239 5467 1870 5553; baseline 0.017 -40"><span class='ocrx_word' id='word_1_643' title='bbox 239 5467 516 5553; x_wconf 55' lang='lat' dir='ltr'><strong>contentus</strong></span> <span class='ocrx_word' id='word_1_644' title='bbox 567 5470 742 5553; x_wconf 67' lang='lat' dir='ltr'><strong>fuerit</strong></span> <span class='ocrx_word' id='word_1_645' title='bbox 790 5467 1360 5553; x_wconf 53' lang='lat' dir='ltr'><strong>sanctusantistés;</strong></span> <span class='ocrx_word' id='word_1_646' title='bbox 1392 5480 1870 5553; x_wconf 87' lang='lat' dir='ltr'><strong>quandoquidem</strong></span> 
     </span>
    </p>
   </div>
   <div class='ocr_carea' id='block_1_94' title="bbox 241 5536 1869 5616">
    <p class='ocr_par' dir='ltr' id='par_1_94' title="bbox 241 5536 1869 5616">
     <span class='ocr_line' id='line_1_96' title="bbox 241 5536 1869 5616; baseline 0.015 -30"><span class='ocrx_word' id='word_1_647' title='bbox 241 5536 443 5616; x_wconf 51' lang='lat' dir='ltr'><strong>genita</strong></span> <span class='ocrx_word' id='word_1_648' title='bbox 460 5540 665 5616; x_wconf 39' lang='lat' dir='ltr'><strong>‘multo</strong></span> <span class='ocrx_word' id='word_1_649' title='bbox 713 5546 849 5614; x_wconf 88' lang='lat' dir='ltr'><strong>post</strong></span> <span class='ocrx_word' id='word_1_650' title='bbox 894 5543 969 5598; x_wconf 88' lang='lat' dir='ltr'><strong>ad</strong></span> <span class='ocrx_word' id='word_1_651' title='bbox 1012 5543 1311 5616; x_wconf 87' lang='lat' dir='ltr'><strong>virginum</strong></span> <span class='ocrx_word' id='word_1_652' title='bbox 1351 5536 1869 5611; x_wconf 69' lang='lat' dir='ltr'><strong>consecrationem</strong></span> 
     </span>
    </p>
   </div>
   <div class='ocr_carea' id='block_1_95' title="bbox 241 5596 1872 5694">
    <p class='ocr_par' dir='ltr' id='par_1_95' title="bbox 241 5596 1872 5694">
     <span class='ocr_line' id='line_1_97' title="bbox 241 5596 1872 5694; baseline 0.013 -32"><span class='ocrx_word' id='word_1_653' title='bbox 241 5596 428 5694; x_wconf 48' lang='lat' dir='ltr'><strong>{unica</strong></span> <span class='ocrx_word' id='word_1_654' title='bbox 458 5596 731 5694; x_wconf 68' lang='lat' dir='ltr'><strong>Synodus</strong></span> <span class='ocrx_word' id='word_1_655' title='bbox 756 5596 840 5685; x_wconf 77' lang='lat' dir='ltr'><strong>in,</strong></span> <span class='ocrx_word' id='word_1_656' title='bbox 887 5596 1325 5694; x_wconf 43' lang='lat' dir='ltr'><strong>caetratis;</strong></span> <span class='ocrx_word' id='word_1_657' title='bbox 1356 5596 1872 5694; x_wconf 63' lang='lat' dir='ltr'><strong>é5&quot;§ie&#39;.;5;&quot;.;&#39;s;&#39;ii</strong></span> 
     </span>
    </p>
   </div>
   <div class='ocr_carea' id='block_1_96' title="bbox 244 5679 1870 5788">
    <p class='ocr_par' dir='ltr' id='par_1_96' title="bbox 244 5679 1870 5788">
     <span class='ocr_line' id='line_1_98' title="bbox 244 5679 1870 5788; baseline 0.02 -58"><span class='ocrx_word' id='word_1_658' title='bbox 244 5679 414 5756; x_wconf 56' lang='lat' dir='ltr'><strong>(navit</strong></span> <span class='ocrx_word' id='word_1_659' title='bbox 442 5723 453 5739; x_wconf 92' lang='lat'><strong>.</strong></span> <span class='ocrx_word' id='word_1_660' title='bbox 485 5679 638 5766; x_wconf 72' lang='lat' dir='ltr'><strong>quod</strong></span> <span class='ocrx_word' id='word_1_661' title='bbox 667 5679 1130 5772; x_wconf 34' lang='lat' dir='ltr'><strong>temp&#39;us&#39;poste&#39;a</strong></span> <span class='ocrx_word' id='word_1_662' title='bbox 1151 5689 1271 5751; x_wconf 83' lang='lat' dir='ltr'><strong>Leo</strong></span> <span class='ocrx_word' id='word_1_663' title='bbox 1299 5679 1870 5788; x_wconf 31' lang='lat' dir='ltr'><strong>primusin&#39;antiquo</strong></span> 
     </span>
    </p>
   </div>
   <div class='ocr_carea' id='block_1_97' title="bbox 1976 3367 3650 3442">
    <p class='ocr_par' dir='ltr' id='par_1_97' title="bbox 1976 3367 3650 3442">
     <span class='ocr_line' id='line_1_99' title="bbox 1976 3367 3650 3442; baseline 0.012 -22"><span class='ocrx_word' id='word_1_664' title='bbox 1976 3367 2150 3422; x_wconf 88' lang='lat' dir='ltr'><strong>vulos</strong></span> <span class='ocrx_word' id='word_1_665' title='bbox 2180 3384 2478 3441; x_wconf 87' lang='lat' dir='ltr'><strong>separare,</strong></span> <span class='ocrx_word' id='word_1_666' title='bbox 2512 3387 2688 3442; x_wconf 88' lang='lat' dir='ltr'><strong>quem</strong></span> <span class='ocrx_word' id='word_1_667' title='bbox 2735 3375 2910 3430; x_wconf 88' lang='lat' dir='ltr'><strong>etiam</strong></span> <span class='ocrx_word' id='word_1_668' title='bbox 2963 3376 3117 3431; x_wconf 90' lang='lat' dir='ltr'><strong>intra</strong></span> <span class='ocrx_word' id='word_1_669' title='bbox 3164 3380 3370 3435; x_wconf 87' lang='lat' dir='ltr'><strong>matris</strong></span> <span class='ocrx_word' id='word_1_670' title='bbox 3419 3385 3650 3441; x_wconf 88' lang='lat' dir='ltr'><strong>uterum</strong></span> 
     </span>
    </p>
   </div>
   <div class='ocr_carea' id='block_1_98' title="bbox 1975 3456 3652 3536">
    <p class='ocr_par' dir='ltr' id='par_1_98' title="bbox 1975 3456 3652 3536">
     <span class='ocr_line' id='line_1_100' title="bbox 1975 3456 3652 3536; baseline 0.011 -26"><span class='ocrx_word' id='word_1_671' title='bbox 1975 3456 2168 3512; x_wconf 91' lang='lat' dir='ltr'><strong>adhuc</strong></span> <span class='ocrx_word' id='word_1_672' title='bbox 2217 3459 2395 3528; x_wconf 88' lang='lat' dir='ltr'><strong>positi</strong></span> <span class='ocrx_word' id='word_1_673' title='bbox 2465 3461 2858 3519; x_wconf 88' lang='lat' dir='ltr'><strong>exsultatione</strong></span> <span class='ocrx_word' id='word_1_674' title='bbox 2909 3465 3252 3536; x_wconf 89' lang='lat' dir='ltr'><strong>prophetica</strong></span> <span class='ocrx_word' id='word_1_675' title='bbox 3317 3469 3652 3529; x_wconf 88' lang='lat' dir='ltr'><strong>fatebantur</strong></span> 
     </span>
    </p>
   </div>
   <div class='ocr_carea' id='block_1_99' title="bbox 1974 3545 2352 3616">
    <p class='ocr_par' dir='ltr' id='par_1_99' title="bbox 1974 3545 2352 3616">
     <span class='ocr_line' id='line_1_101' title="bbox 1974 3545 2352 3616; baseline 0.008 -17"><span class='ocrx_word' id='word_1_676' title='bbox 1974 3545 2136 3616; x_wconf 87' lang='lat' dir='ltr'><strong>(an.</strong></span> <span class='ocrx_word' id='word_1_677' title='bbox 2172 3563 2209 3616; x_wconf 83' lang='grc' dir='ltr'><strong>ι,</strong></span> <span class='ocrx_word' id='word_1_678' title='bbox 2244 3547 2352 3616; x_wconf 73' lang='grc'>41).</span> 
     </span>
    </p>
   </div>
   <div class='ocr_carea' id='block_1_100' title="bbox 2494 3629 3127 3694">
    <p class='ocr_par' dir='ltr' id='par_1_100' title="bbox 2494 3629 3127 3694">
     <span class='ocr_line' id='line_1_102' title="bbox 2494 3629 3127 3694; baseline -0.006 0"><span class='ocrx_word' id='word_1_679' title='bbox 2494 3629 2643 3694; x_wconf 80' lang='grc'><strong>224</strong></span> <span class='ocrx_word' id='word_1_680' title='bbox 2682 3630 2934 3688; x_wconf 80' lang='lat' dir='ltr'><strong>CAPUT</strong></span> <span class='ocrx_word' id='word_1_681' title='bbox 2978 3634 3127 3690; x_wconf 85' lang='lat' dir='ltr'><strong>VIII.</strong></span> 
     </span>
    </p>
   </div>
   <div class='ocr_carea' id='block_1_101' title="bbox 1975 3713 3651 3790">
    <p class='ocr_par' dir='ltr' id='par_1_101' title="bbox 1975 3713 3651 3790">
     <span class='ocr_line' id='line_1_103' title="bbox 1975 3713 3651 3790; baseline 0.012 -23"><span class='ocrx_word' id='word_1_682' title='bbox 1975 3713 2247 3769; x_wconf 60' lang='lat' dir='ltr'><strong>ditatem</strong></span> <span class='ocrx_word' id='word_1_683' title='bbox 2281 3732 2516 3790; x_wconf 76' lang='lat' dir='ltr'><strong>omnem</strong></span> <span class='ocrx_word' id='word_1_684' title='bbox 2554 3721 2881 3790; x_wconf 0' lang='lat' dir='ltr'><strong>(quaerendo</strong></span> <span class='ocrx_word' id='word_1_685' title='bbox 2928 3723 3172 3780; x_wconf 83' lang='lat' dir='ltr'><strong>Christo</strong></span> <span class='ocrx_word' id='word_1_686' title='bbox 3215 3725 3473 3784; x_wconf 82' lang='lat' dir='ltr'><strong>habilem</strong></span> <span class='ocrx_word' id='word_1_687' title='bbox 3515 3747 3651 3787; x_wconf 85' lang='lat' dir='ltr'><strong>esse</strong></span> 
     </span>
    </p>
   </div>
   <div class='ocr_carea' id='block_1_102' title="bbox 2046 3785 3650 3870">
    <p class='ocr_par' dir='ltr' id='par_1_102' title="bbox 2046 3785 3650 3870">
     <span class='ocr_line' id='line_1_104' title="bbox 2046 3785 3650 3870; baseline 0.013 -33"><span class='ocrx_word' id='word_1_688' title='bbox 2046 3802 2222 3856; x_wconf 83' lang='lat' dir='ltr'><strong>supra</strong></span> <span class='ocrx_word' id='word_1_689' title='bbox 2255 3785 2469 3856; x_wconf 83' lang='lat' dir='ltr'><strong>docuit,</strong></span> <span class='ocrx_word' id='word_1_690' title='bbox 2495 3785 2598 3870; x_wconf 54' lang='lat' dir='ltr'><strong>hic</strong></span> <span class='ocrx_word' id='word_1_691' title='bbox 2618 3791 2832 3870; x_wconf 63' lang='lat' dir='ltr'><strong>nullum</strong></span> <span class='ocrx_word' id='word_1_692' title='bbox 2863 3793 3046 3870; x_wconf 76' lang='lat' dir='ltr'><strong>locum</strong></span> <span class='ocrx_word' id='word_1_693' title='bbox 3079 3797 3154 3850; x_wconf 84' lang='lat' dir='ltr'><strong>ad</strong></span> <span class='ocrx_word' id='word_1_694' title='bbox 3177 3785 3650 3870; x_wconf 16' lang='lat' dir='ltr'><strong>idgopportuniim</strong></span> 
     </span>
    </p>
   </div>
   <div class='ocr_carea' id='block_1_103' title="bbox 2047 3860 3649 3942">
    <p class='ocr_par' dir='ltr' id='par_1_103' title="bbox 2047 3860 3649 3942">
     <span class='ocr_line' id='line_1_105' title="bbox 2047 3860 3649 3942; baseline 0.012 -33"><span class='ocrx_word' id='word_1_695' title='bbox 2047 3860 2642 3942; x_wconf 38' lang='lat' dir='ltr'><strong>non‘esse&#39;os‘tentlit.</strong></span> <span class='ocrx_word' id='word_1_696' title='bbox 2681 3862 2803 3942; x_wconf 72' lang='lat' dir='ltr'><strong>Cur</strong></span> <span class='ocrx_word' id='word_1_697' title='bbox 2831 3866 3136 3921; x_wconf 87' lang='lat' dir='ltr'><strong>occidente</strong></span> <span class='ocrx_word' id='word_1_698' title='bbox 3168 3860 3475 3942; x_wconf 60' lang='lat' dir='ltr'><strong>sole&#39;aegri</strong></span> <span class='ocrx_word' id='word_1_699' title='bbox 3501 3873 3649 3928; x_wconf 67' lang='grc' dir='ltr'><strong>ειπε-</strong></span> 
     </span>
    </p>
   </div>
   <div class='ocr_carea' id='block_1_104' title="bbox 2040 3930 3649 4016">
    <p class='ocr_par' dir='ltr' id='par_1_104' title="bbox 2040 3930 3649 4016">
     <span class='ocr_line' id='line_1_106' title="bbox 2040 3930 3649 4016; baseline 0.012 -35"><span class='ocrx_word' id='word_1_700' title='bbox 2040 3934 2257 3982; x_wconf 83' lang='lat' dir='ltr'><strong>rantm&#39;</strong></span> <span class='ocrx_word' id='word_1_701' title='bbox 2285 3930 2361 3983; x_wconf 84' lang='lat' dir='ltr'><strong>ad</strong></span> <span class='ocrx_word' id='word_1_702' title='bbox 2392 3930 2715 4003; x_wconf 84' lang='lat' dir='ltr'><strong>Christum,</strong></span> <span class='ocrx_word' id='word_1_703' title='bbox 2749 3934 2805 3988; x_wconf 87' lang='lat' dir='ltr'><strong>is</strong></span> <span class='ocrx_word' id='word_1_704' title='bbox 2835 3941 3030 3990; x_wconf 81' lang='lat' dir='ltr'><strong>antem</strong></span> <span class='ocrx_word' id='word_1_705' title='bbox 3063 3930 3649 4016; x_wconf 52' lang='lat' dir='ltr'><strong>quaeraturbrtojam</strong></span> 
     </span>
    </p>
   </div>
   <div class='ocr_carea' id='block_1_105' title="bbox 1977 4071 3652 4154">
    <p class='ocr_par' dir='ltr' id='par_1_105' title="bbox 1977 4071 3652 4154">
     <span class='ocr_line' id='line_1_107' title="bbox 1977 4071 3652 4154; baseline 0.011 -31"><span class='ocrx_word' id='word_1_706' title='bbox 1977 4071 2322 4154; x_wconf 65' lang='lat' dir='ltr'><strong>Pontificali,</strong></span> <span class='ocrx_word' id='word_1_707' title='bbox 2357 4075 2414 4154; x_wconf 77' lang='lat' dir='ltr'><strong>et</strong></span> <span class='ocrx_word' id='word_1_708' title='bbox 2443 4072 2806 4154; x_wconf 77' lang='lat' dir='ltr'><strong>Major-ianus</strong></span> <span class='ocrx_word' id='word_1_709' title='bbox 2839 4078 3155 4154; x_wconf 83' lang='lat' dir='ltr'><strong>imperator</strong></span> <span class='ocrx_word' id='word_1_710' title='bbox 3191 4082 3436 4140; x_wconf 87' lang='lat' dir='ltr'><strong>Constit.</strong></span> <span class='ocrx_word' id='word_1_711' title='bbox 3468 4085 3522 4154; x_wconf 91' lang='lat'><strong>8,</strong></span> <span class='ocrx_word' id='word_1_712' title='bbox 3555 4103 3652 4142; x_wconf 79' lang='lat' dir='ltr'><strong>us-</strong></span> 
     </span>
    </p>
   </div>
   <div class='ocr_carea' id='block_1_106' title="bbox 1977 4143 3650 4223">
    <p class='ocr_par' dir='ltr' id='par_1_106' title="bbox 1977 4143 3650 4223">
     <span class='ocr_line' id='line_1_108' title="bbox 1977 4143 3650 4223; baseline 0.01 -27"><span class='ocrx_word' id='word_1_713' title='bbox 1977 4159 2090 4223; x_wconf 84' lang='lat' dir='ltr'><strong>que</strong></span> <span class='ocrx_word' id='word_1_714' title='bbox 2123 4143 2192 4196; x_wconf 92' lang='lat' dir='ltr'><strong>ad</strong></span> <span class='ocrx_word' id='word_1_715' title='bbox 2226 4144 2756 4223; x_wconf 74' lang='lat' dir='ltr'><strong>quadragenariam</strong></span> <span class='ocrx_word' id='word_1_716' title='bbox 2785 4143 3014 4223; x_wconf 52' lang='lat' dir='ltr'><strong>aetatem</strong></span> <span class='ocrx_word' id='word_1_717' title='bbox 3065 4153 3435 4223; x_wconf 86' lang='lat' dir='ltr'><strong>ampliarunt.</strong></span> <span class='ocrx_word' id='word_1_718' title='bbox 3483 4143 3650 4212; x_wconf 60' lang='lat' dir='ltr'><strong>Atta-</strong></span> 
     </span>
    </p>
   </div>
   <div class='ocr_carea' id='block_1_107' title="bbox 1976 4215 3649 4298">
    <p class='ocr_par' dir='ltr' id='par_1_107' title="bbox 1976 4215 3649 4298">
     <span class='ocr_line' id='line_1_109' title="bbox 1976 4215 3649 4298; baseline 0.01 -31"><span class='ocrx_word' id='word_1_719' title='bbox 1976 4217 2110 4298; x_wconf 65' lang='lat' dir='ltr'><strong>men</strong></span> <span class='ocrx_word' id='word_1_720' title='bbox 2138 4215 2483 4296; x_wconf 81' lang='lat' dir='ltr'><strong>meminisse</strong></span> <span class='ocrx_word' id='word_1_721' title='bbox 2516 4221 2744 4298; x_wconf 75' lang='lat' dir='ltr'><strong>oportet</strong></span> <span class='ocrx_word' id='word_1_722' title='bbox 2774 4219 2921 4298; x_wconf 82' lang='lat' dir='ltr'><strong>duas</strong></span> <span class='ocrx_word' id='word_1_723' title='bbox 2937 4215 3448 4298; x_wconf 71' lang='lat' dir='ltr'><strong>_con_secrationes</strong></span> <span class='ocrx_word' id='word_1_724' title='bbox 3499 4245 3649 4298; x_wconf 89' lang='lat' dir='ltr'><strong>quas</strong></span> 
     </span>
    </p>
   </div>
   <div class='ocr_carea' id='block_1_108' title="bbox 1981 4285 3714 4354">
    <p class='ocr_par' dir='ltr' id='par_1_108' title="bbox 1981 4285 3714 4354">
     <span class='ocr_line' id='line_1_110' title="bbox 1981 4285 3714 4354; baseline 0.01 -17"><span class='ocrx_word' id='word_1_725' title='bbox 1981 4285 2199 4339; x_wconf 84' lang='lat' dir='ltr'><strong>Lanoc.</strong></span> <span class='ocrx_word' id='word_1_726' title='bbox 2251 4285 2478 4354; x_wconf 86' lang='lat' dir='ltr'><strong>primus</strong></span> <span class='ocrx_word' id='word_1_727' title='bbox 2527 4285 2571 4340; x_wconf 49' lang='lat' dir='ltr'><strong>a&#39;</strong></span> <span class='ocrx_word' id='word_1_728' title='bbox 2605 4289 2780 4344; x_wconf 89' lang='lat' dir='ltr'><strong>nobis</strong></span> <span class='ocrx_word' id='word_1_729' title='bbox 2829 4291 2888 4344; x_wconf 92' lang='lat' dir='ltr'><strong>in</strong></span> <span class='ocrx_word' id='word_1_730' title='bbox 2937 4293 3290 4349; x_wconf 80' lang='lat' dir='ltr'><strong>Praefatione</strong></span> <span class='ocrx_word' id='word_1_731' title='bbox 3335 4297 3406 4350; x_wconf 90' lang='lat' dir='ltr'><strong>ad</strong></span> <span class='ocrx_word' id='word_1_732' title='bbox 3438 4285 3541 4353; x_wconf 45' lang='lat' dir='ltr'><strong>Iib‘.</strong></span> <span class='ocrx_word' id='word_1_733' title='bbox 3574 4299 3650 4353; x_wconf 87' lang='lat' dir='ltr'><strong>de</strong></span> <span class='ocrx_word' id='word_1_734' title='bbox 3710 4319 3714 4322; x_wconf 92' lang='grc'>·</span> 
     </span>
    </p>
   </div>
   <div class='ocr_carea' id='block_1_109' title="bbox 1989 4356 3650 4438">
    <p class='ocr_par' dir='ltr' id='par_1_109' title="bbox 1989 4356 3650 4438">
     <span class='ocr_line' id='line_1_111' title="bbox 1989 4356 3650 4438; baseline 0.009 -30"><span class='ocrx_word' id='word_1_735' title='bbox 1989 4356 2516 4438; x_wconf 36' lang='grc' dir='ltr'><strong>νίιῃίηίζψεδῇαῐῃ</strong></span> <span class='ocrx_word' id='word_1_736' title='bbox 2554 4359 2847 4438; x_wconf 66' lang='lat' dir='ltr'><strong>laudatus,</strong></span> <span class='ocrx_word' id='word_1_737' title='bbox 2895 4363 3014 4438; x_wconf 73' lang='lat' dir='ltr'><strong>I_.eo</strong></span> <span class='ocrx_word' id='word_1_738' title='bbox 3060 4365 3285 4438; x_wconf 79' lang='lat' dir='ltr'><strong>primus</strong></span> <span class='ocrx_word' id='word_1_739' title='bbox 3343 4369 3516 4438; x_wconf 89' lang='lat' dir='ltr'><strong>epist.</strong></span> <span class='ocrx_word' id='word_1_740' title='bbox 3575 4369 3650 4423; x_wconf 88' lang='lat' dir='ltr'><strong>ad</strong></span> 
     </span>
    </p>
   </div>
   <div class='ocr_carea' id='block_1_110' title="bbox 1976 4427 3648 4506">
    <p class='ocr_par' dir='ltr' id='par_1_110' title="bbox 1976 4427 3648 4506">
     <span class='ocr_line' id='line_1_112' title="bbox 1976 4427 3648 4506; baseline 0.008 -26"><span class='ocrx_word' id='word_1_741' title='bbox 1976 4427 2413 4506; x_wconf 75' lang='lat' dir='ltr'><strong>rustic.__Narb.</strong></span> <span class='ocrx_word' id='word_1_742' title='bbox 2466 4433 2533 4506; x_wconf 12' lang='lat' dir='ltr'><strong>et,</strong></span> <span class='ocrx_word' id='word_1_743' title='bbox 2569 4431 2806 4506; x_wconf 79' lang='lat' dir='ltr'><strong>Galsius</strong></span> <span class='ocrx_word' id='word_1_744' title='bbox 2833 4427 3009 4506; x_wconf 84' lang='lat' dir='ltr'><strong>epist.</strong></span> <span class='ocrx_word' id='word_1_745' title='bbox 3044 4427 3116 4489; x_wconf 75' lang='lat' dir='ltr'><strong>ad</strong></span> <span class='ocrx_word' id='word_1_746' title='bbox 3149 4437 3332 4506; x_wconf 85' lang='lat' dir='ltr'><strong>episc.</strong></span> <span class='ocrx_word' id='word_1_747' title='bbox 3369 4427 3648 4493; x_wconf 62' lang='lat' dir='ltr'><strong>Lucaniae</strong></span> 
     </span>
    </p>
   </div>
   <div class='ocr_carea' id='block_1_111' title="bbox 1979 4498 3649 4571">
    <p class='ocr_par' dir='ltr' id='par_1_111' title="bbox 1979 4498 3649 4571">
     <span class='ocr_line' id='line_1_113' title="bbox 1979 4498 3649 4571; baseline 0.007 -20"><span class='ocrx_word' id='word_1_748' title='bbox 1979 4498 2134 4552; x_wconf 73' lang='lat' dir='ltr'><strong>clune</strong></span> <span class='ocrx_word' id='word_1_749' title='bbox 2168 4498 2558 4570; x_wconf 87' lang='lat' dir='ltr'><strong>distinguunt,</strong></span> <span class='ocrx_word' id='word_1_750' title='bbox 2593 4503 2730 4556; x_wconf 93' lang='lat' dir='ltr'><strong>olim</strong></span> <span class='ocrx_word' id='word_1_751' title='bbox 2762 4498 3088 4571; x_wconf 76' lang='lat' dir='ltr'><strong>exstitisse,</strong></span> <span class='ocrx_word' id='word_1_752' title='bbox 3122 4498 3446 4561; x_wconf 70' lang='lat' dir='ltr'><strong>solemnem</strong></span> <span class='ocrx_word' id='word_1_753' title='bbox 3481 4509 3649 4563; x_wconf 89' lang='lat' dir='ltr'><strong>scili-</strong></span> 
     </span>
    </p>
   </div>
   <div class='ocr_carea' id='block_1_112' title="bbox 1908 4571 3645 4668">
    <p class='ocr_par' dir='ltr' id='par_1_112' title="bbox 1908 4571 3645 4668">
     <span class='ocr_line' id='line_1_114' title="bbox 1908 4571 3645 4668; baseline 0.008 -47"><span class='ocrx_word' id='word_1_754' title='bbox 1908 4573 2185 4668; x_wconf 42' lang='lat' dir='ltr'><strong>Dp‘et‘ac</strong></span> <span class='ocrx_word' id='word_1_755' title='bbox 2235 4571 2799 4668; x_wconf 57' lang='lat' dir='ltr'><strong>privatamultaque</strong></span> <span class='ocrx_word' id='word_1_756' title='bbox 2845 4575 2990 4655; x_wconf 81' lang='lat' dir='ltr'><strong>nihil</strong></span> <span class='ocrx_word' id='word_1_757' title='bbox 3048 4577 3353 4668; x_wconf 62' lang='lat' dir='ltr'><strong>pugnabit,</strong></span> <span class='ocrx_word' id='word_1_758' title='bbox 3414 4581 3466 4632; x_wconf 93' lang='lat' dir='ltr'><strong>si</strong></span> <span class='ocrx_word' id='word_1_759' title='bbox 3515 4596 3645 4668; x_wconf 65' lang='lat' dir='ltr'><strong>cap.</strong></span> 
     </span>
    </p>
   </div>
   <div class='ocr_carea' id='block_1_113' title="bbox 1977 4641 3648 4715">
    <p class='ocr_par' dir='ltr' id='par_1_113' title="bbox 1977 4641 3648 4715">
     <span class='ocr_line' id='line_1_115' title="bbox 1977 4641 3648 4715; baseline 0.008 -22"><span class='ocrx_word' id='word_1_760' title='bbox 1977 4641 2175 4715; x_wconf 76' lang='lat' dir='ltr'><strong>Carth.</strong></span> <span class='ocrx_word' id='word_1_761' title='bbox 2209 4645 2268 4715; x_wconf 81' lang='lat' dir='ltr'><strong>et</strong></span> <span class='ocrx_word' id='word_1_762' title='bbox 2299 4642 2516 4715; x_wconf 67' lang='lat' dir='ltr'><strong>Leonis</strong></span> <span class='ocrx_word' id='word_1_763' title='bbox 2548 4643 2635 4696; x_wconf 85' lang='lat' dir='ltr'><strong>Ma</strong></span> <span class='ocrx_word' id='word_1_764' title='bbox 2639 4641 2756 4714; x_wconf 74' lang='lat' dir='ltr'><strong>jori</strong></span> <span class='ocrx_word' id='word_1_765' title='bbox 2790 4646 3003 4715; x_wconf 90' lang='lat' dir='ltr'><strong>anique</strong></span> <span class='ocrx_word' id='word_1_766' title='bbox 3049 4641 3529 4705; x_wconf 74' lang='lat' dir='ltr'><strong>constitutionem</strong></span> <span class='ocrx_word' id='word_1_767' title='bbox 3574 4651 3648 4707; x_wconf 88' lang='lat' dir='ltr'><strong>de</strong></span> 
     </span>
    </p>
   </div>
   <div class='ocr_carea' id='block_1_114' title="bbox 1975 4712 3649 4784">
    <p class='ocr_par' dir='ltr' id='par_1_114' title="bbox 1975 4712 3649 4784">
     <span class='ocr_line' id='line_1_116' title="bbox 1975 4712 3649 4784; baseline 0.009 -21"><span class='ocrx_word' id='word_1_768' title='bbox 1975 4712 2156 4784; x_wconf 85' lang='lat' dir='ltr'><strong>priori</strong></span> <span class='ocrx_word' id='word_1_769' title='bbox 2204 4712 2750 4784; x_wconf 56' lang='lat' dir='ltr'><strong>intelligamus,&#39;de</strong></span> <span class='ocrx_word' id='word_1_770' title='bbox 2806 4712 3120 4784; x_wconf 71' lang='lat' dir='ltr'><strong>posteriori</strong></span> <span class='ocrx_word' id='word_1_771' title='bbox 3177 4734 3320 4774; x_wconf 83' lang='lat' dir='ltr'><strong>vero</strong></span> <span class='ocrx_word' id='word_1_772' title='bbox 3378 4725 3434 4775; x_wconf 87' lang='lat' dir='ltr'><strong>et</strong></span> <span class='ocrx_word' id='word_1_773' title='bbox 3491 4722 3649 4778; x_wconf 89' lang='lat' dir='ltr'><strong>hunc</strong></span> 
     </span>
    </p>
   </div>
   <div class='ocr_carea' id='block_1_115' title="bbox 1975 4783 3650 4874">
    <p class='ocr_par' dir='ltr' id='par_1_115' title="bbox 1975 4783 3650 4874">
     <span class='ocr_line' id='line_1_117' title="bbox 1975 4783 3650 4874; baseline 0.009 -40"><span class='ocrx_word' id='word_1_774' title='bbox 1975 4783 2278 4874; x_wconf 41' lang='lat' dir='ltr'><strong>ambrosii</strong></span> <span class='ocrx_word' id='word_1_775' title='bbox 2325 4783 2540 4874; x_wconf 55' lang='lat' dir='ltr'><strong>lopum‘,</strong></span> <span class='ocrx_word' id='word_1_776' title='bbox 2599 4787 2662 4874; x_wconf 66' lang='lat' dir='ltr'><strong>et</strong></span> <span class='ocrx_word' id='word_1_777' title='bbox 2711 4783 2911 4874; x_wconf 14' lang='lat' dir='ltr'><strong>alium,</strong></span> <span class='ocrx_word' id='word_1_778' title='bbox 2950 4787 3292 4874; x_wconf 66' lang='lat' dir='ltr'><strong>llieronymi</strong></span> <span class='ocrx_word' id='word_1_779' title='bbox 3342 4792 3515 4874; x_wconf 87' lang='lat' dir='ltr'><strong>epist.</strong></span> <span class='ocrx_word' id='word_1_780' title='bbox 3573 4794 3650 4874; x_wconf 80' lang='lat' dir='ltr'><strong>ad</strong></span> 
     </span>
    </p>
   </div>
   <div class='ocr_carea' id='block_1_116' title="bbox 1977 4853 3650 4920">
    <p class='ocr_par' dir='ltr' id='par_1_116' title="bbox 1977 4853 3650 4920">
     <span class='ocr_line' id='line_1_118' title="bbox 1977 4853 3650 4920; baseline 0.008 -14"><span class='ocrx_word' id='word_1_781' title='bbox 1977 4853 2315 4907; x_wconf 85' lang='lat' dir='ltr'><strong>Marcellam</strong></span> <span class='ocrx_word' id='word_1_782' title='bbox 2371 4855 2584 4908; x_wconf 70' lang='lat' dir='ltr'><strong>Asellte</strong></span> <span class='ocrx_word' id='word_1_783' title='bbox 2631 4855 2924 4911; x_wconf 84' lang='lat' dir='ltr'><strong>duodenis</strong></span> <span class='ocrx_word' id='word_1_784' title='bbox 2975 4853 3199 4914; x_wconf 80' lang='lat' dir='ltr'><strong>tantum</strong></span> <span class='ocrx_word' id='word_1_785' title='bbox 3265 4853 3438 4917; x_wconf 81' lang='lat' dir='ltr'><strong>annis</strong></span> <span class='ocrx_word' id='word_1_786' title='bbox 3496 4868 3650 4920; x_wconf 69' lang='lat' dir='ltr'><strong>natae</strong></span> 
     </span>
    </p>
   </div>
   <div class='ocr_carea' id='block_1_117' title="bbox 1976 4924 3650 5005">
    <p class='ocr_par' dir='ltr' id='par_1_117' title="bbox 1976 4924 3650 5005">
     <span class='ocr_line' id='line_1_119' title="bbox 1976 4924 3650 5005; baseline 0.008 -27"><span class='ocrx_word' id='word_1_787' title='bbox 1976 4924 2484 5005; x_wconf 71' lang='lat' dir='ltr'><strong>consecrationem</strong></span> <span class='ocrx_word' id='word_1_788' title='bbox 2515 4925 2828 5005; x_wconf 75' lang='lat' dir='ltr'><strong>referentis</strong></span> <span class='ocrx_word' id='word_1_789' title='bbox 2866 4943 2877 4982; x_wconf 93' lang='lat'><strong>:</strong></span> <span class='ocrx_word' id='word_1_790' title='bbox 2912 4930 3129 5005; x_wconf 79' lang='lat' dir='ltr'><strong>quibus</strong></span> <span class='ocrx_word' id='word_1_791' title='bbox 3159 4932 3291 4986; x_wconf 90' lang='lat' dir='ltr'><strong>addi</strong></span> <span class='ocrx_word' id='word_1_792' title='bbox 3315 4935 3489 4989; x_wconf 87' lang='lat' dir='ltr'><strong>etiam</strong></span> <span class='ocrx_word' id='word_1_793' title='bbox 3509 4951 3650 5005; x_wconf 85' lang='lat' dir='ltr'><strong>pos-</strong></span> 
     </span>
    </p>
   </div>
   <div class='ocr_carea' id='block_1_118' title="bbox 1977 4995 3648 5077">
    <p class='ocr_par' dir='ltr' id='par_1_118' title="bbox 1977 4995 3648 5077">
     <span class='ocr_line' id='line_1_120' title="bbox 1977 4995 3648 5077; baseline 0.008 -28"><span class='ocrx_word' id='word_1_794' title='bbox 1977 4999 2068 5049; x_wconf 90' lang='lat' dir='ltr'><strong>set</strong></span> <span class='ocrx_word' id='word_1_795' title='bbox 2103 4995 2720 5077; x_wconf 36' lang='lat' dir='ltr'><strong>Basiliiltfcstimogium</strong></span> <span class='ocrx_word' id='word_1_796' title='bbox 2745 4998 2817 5052; x_wconf 91' lang='lat' dir='ltr'><strong>ad</strong></span> <span class='ocrx_word' id='word_1_797' title='bbox 2841 4995 3274 5077; x_wconf 66' lang='lat' dir='ltr'><strong>professionem</strong></span> <span class='ocrx_word' id='word_1_798' title='bbox 3290 4995 3648 5077; x_wconf 74' lang='lat' dir='ltr'><strong>virginitatis</strong></span> 
     </span>
    </p>
   </div>
   <div class='ocr_carea' id='block_1_119' title="bbox 1977 5065 3650 5141">
    <p class='ocr_par' dir='ltr' id='par_1_119' title="bbox 1977 5065 3650 5141">
     <span class='ocr_line' id='line_1_121' title="bbox 1977 5065 3650 5141; baseline 0.007 -20"><span class='ocrx_word' id='word_1_799' title='bbox 1977 5065 2275 5141; x_wconf 26' lang='lat' dir='ltr'><strong>non-ultra</strong></span> <span class='ocrx_word' id='word_1_800' title='bbox 2303 5065 2496 5141; x_wconf 72' lang='lat' dir='ltr'><strong>16_ant</strong></span> <span class='ocrx_word' id='word_1_801' title='bbox 2528 5067 2594 5120; x_wconf 79' lang='grc'>17</span> <span class='ocrx_word' id='word_1_802' title='bbox 2623 5084 2812 5141; x_wconf 91' lang='lat' dir='ltr'><strong>annos</strong></span> <span class='ocrx_word' id='word_1_803' title='bbox 2841 5065 3027 5141; x_wconf 56' lang='lat' dir='ltr'><strong>&#39;epist.</strong></span> <span class='ocrx_word' id='word_1_804' title='bbox 3063 5089 3191 5128; x_wconf 88' lang='lat' dir='ltr'><strong>can.</strong></span> <span class='ocrx_word' id='word_1_805' title='bbox 3225 5065 3494 5131; x_wconf 41' lang='lat' dir='ltr'><strong>concflS</strong></span> <span class='ocrx_word' id='word_1_806' title='bbox 3525 5077 3650 5133; x_wconf 81' lang='lat' dir='ltr'><strong>exi-</strong></span> 
     </span>
    </p>
   </div>
   <div class='ocr_carea' id='block_1_120' title="bbox 1975 5135 3652 5209">
    <p class='ocr_par' dir='ltr' id='par_1_120' title="bbox 1975 5135 3652 5209">
     <span class='ocr_line' id='line_1_122' title="bbox 1975 5135 3652 5209; baseline 0.008 -19"><span class='ocrx_word' id='word_1_807' title='bbox 1975 5137 2193 5209; x_wconf 74' lang='lat' dir='ltr'><strong>gentis.</strong></span> <span class='ocrx_word' id='word_1_808' title='bbox 2227 5135 2392 5209; x_wconf 87' lang='lat' dir='ltr'><strong>Quod</strong></span> <span class='ocrx_word' id='word_1_809' title='bbox 2425 5136 2474 5189; x_wconf 91' lang='lat' dir='ltr'><strong>si</strong></span> <span class='ocrx_word' id='word_1_810' title='bbox 2510 5140 2832 5195; x_wconf 88' lang='lat' dir='ltr'><strong>contendas</strong></span> <span class='ocrx_word' id='word_1_811' title='bbox 2865 5135 3256 5200; x_wconf 58' lang='lat' dir='ltr'><strong>Ambrosiana</strong></span> <span class='ocrx_word' id='word_1_812' title='bbox 3275 5146 3452 5202; x_wconf 90' lang='lat' dir='ltr'><strong>verba</strong></span> <span class='ocrx_word' id='word_1_813' title='bbox 3475 5149 3652 5204; x_wconf 84' lang='lat' dir='ltr'><strong>etiam</strong></span> 
     </span>
    </p>
   </div>
   <div class='ocr_carea' id='block_1_121' title="bbox 1983 5207 3651 5285">
    <p class='ocr_par' dir='ltr' id='par_1_121' title="bbox 1983 5207 3651 5285">
     <span class='ocr_line' id='line_1_123' title="bbox 1983 5207 3651 5285; baseline 0.008 -22"><span class='ocrx_word' id='word_1_814' title='bbox 1983 5207 2054 5263; x_wconf 83' lang='lat' dir='ltr'><strong>de</strong></span> <span class='ocrx_word' id='word_1_815' title='bbox 2095 5207 2356 5285; x_wconf 77' lang='lat' dir='ltr'><strong>solemni</strong></span> <span class='ocrx_word' id='word_1_816' title='bbox 2406 5213 2856 5285; x_wconf 81' lang='lat' dir='ltr'><strong>consecratione</strong></span> <span class='ocrx_word' id='word_1_817' title='bbox 2904 5215 3093 5284; x_wconf 88' lang='lat' dir='ltr'><strong>accipi</strong></span> <span class='ocrx_word' id='word_1_818' title='bbox 3123 5217 3357 5285; x_wconf 90' lang='lat' dir='ltr'><strong>debere,</strong></span> <span class='ocrx_word' id='word_1_819' title='bbox 3394 5235 3510 5274; x_wconf 90' lang='lat' dir='ltr'><strong>non</strong></span> <span class='ocrx_word' id='word_1_820' title='bbox 3541 5219 3651 5275; x_wconf 84' lang='lat' dir='ltr'><strong>ad-</strong></span> 
     </span>
    </p>
   </div>
   <div class='ocr_carea' id='block_1_122' title="bbox 1980 5278 3650 5357">
    <p class='ocr_par' dir='ltr' id='par_1_122' title="bbox 1980 5278 3650 5357">
     <span class='ocr_line' id='line_1_124' title="bbox 1980 5278 3650 5357; baseline 0.01 -26"><span class='ocrx_word' id='word_1_821' title='bbox 1980 5278 2227 5357; x_wconf 79' lang='lat' dir='ltr'><strong>modum</strong></span> <span class='ocrx_word' id='word_1_822' title='bbox 2265 5280 2767 5357; x_wconf 73' lang='lat' dir='ltr'><strong>repugnabimus,_</strong></span> <span class='ocrx_word' id='word_1_823' title='bbox 2805 5300 2940 5339; x_wconf 92' lang='lat' dir='ltr'><strong>cum</strong></span> <span class='ocrx_word' id='word_1_824' title='bbox 2989 5278 3226 5357; x_wconf 80' lang='lat' dir='ltr'><strong>semper</strong></span> <span class='ocrx_word' id='word_1_825' title='bbox 3253 5289 3310 5342; x_wconf 89' lang='lat' dir='ltr'><strong>in</strong></span> <span class='ocrx_word' id='word_1_826' title='bbox 3346 5278 3650 5346; x_wconf 73' lang='lat' dir='ltr'><strong>Ecclesiae</strong></span> 
     </span>
    </p>
   </div>
   <div class='ocr_carea' id='block_1_123' title="bbox 1978 5349 3650 5430">
    <p class='ocr_par' dir='ltr' id='par_1_123' title="bbox 1978 5349 3650 5430">
     <span class='ocr_line' id='line_1_125' title="bbox 1978 5349 3650 5430; baseline 0.007 -26"><span class='ocrx_word' id='word_1_827' title='bbox 1978 5351 2266 5430; x_wconf 78' lang='lat' dir='ltr'><strong>potestate</strong></span> <span class='ocrx_word' id='word_1_828' title='bbox 2285 5349 2494 5430; x_wconf 70' lang='lat' dir='ltr'><strong>fuerit,</strong></span> <span class='ocrx_word' id='word_1_829' title='bbox 2521 5349 2810 5430; x_wconf 81' lang='lat' dir='ltr'><strong>justisde</strong></span> <span class='ocrx_word' id='word_1_830' title='bbox 2842 5358 3043 5430; x_wconf 78' lang='lat' dir='ltr'><strong>causis</strong></span> <span class='ocrx_word' id='word_1_831' title='bbox 3074 5349 3142 5430; x_wconf 78' lang='lat' dir='ltr'><strong>ac</strong></span> <span class='ocrx_word' id='word_1_832' title='bbox 3173 5375 3280 5428; x_wconf 90' lang='lat' dir='ltr'><strong>pro</strong></span> <span class='ocrx_word' id='word_1_833' title='bbox 3321 5364 3650 5430; x_wconf 89' lang='lat' dir='ltr'><strong>temporum</strong></span> 
     </span>
    </p>
   </div>
   <div class='ocr_carea' id='block_1_124' title="bbox 1977 5421 3649 5498">
    <p class='ocr_par' dir='ltr' id='par_1_124' title="bbox 1977 5421 3649 5498">
     <span class='ocr_line' id='line_1_126' title="bbox 1977 5421 3649 5498; baseline 0.005 -22"><span class='ocrx_word' id='word_1_834' title='bbox 1977 5421 2334 5498; x_wconf 78' lang='lat' dir='ltr'><strong>necessitate</strong></span> <span class='ocrx_word' id='word_1_835' title='bbox 2388 5421 2558 5498; x_wconf 74' lang='lat' dir='ltr'><strong>suam</strong></span> <span class='ocrx_word' id='word_1_836' title='bbox 2607 5428 2831 5482; x_wconf 89' lang='lat' dir='ltr'><strong>mutare</strong></span> <span class='ocrx_word' id='word_1_837' title='bbox 2881 5421 3273 5498; x_wconf 76' lang='lat' dir='ltr'><strong>disciplinam.</strong></span> <span class='ocrx_word' id='word_1_838' title='bbox 3319 5421 3530 5485; x_wconf 79' lang='lat' dir='ltr'><strong>Mirare</strong></span> <span class='ocrx_word' id='word_1_839' title='bbox 3561 5430 3649 5485; x_wconf 88' lang='lat' dir='ltr'><strong>in-</strong></span> 
     </span>
    </p>
   </div>
   <div class='ocr_carea' id='block_1_125' title="bbox 1973 5491 3649 5572">
    <p class='ocr_par' dir='ltr' id='par_1_125' title="bbox 1973 5491 3649 5572">
     <span class='ocr_line' id='line_1_127' title="bbox 1973 5491 3649 5572; baseline 0.006 -27"><span class='ocrx_word' id='word_1_840' title='bbox 1973 5492 2146 5572; x_wconf 75' lang='lat' dir='ltr'><strong>terim</strong></span> <span class='ocrx_word' id='word_1_841' title='bbox 2195 5491 2437 5572; x_wconf 85' lang='lat' dir='ltr'><strong>easdem</strong></span> <span class='ocrx_word' id='word_1_842' title='bbox 2480 5494 2614 5549; x_wconf 89' lang='lat' dir='ltr'><strong>illas</strong></span> <span class='ocrx_word' id='word_1_843' title='bbox 2658 5498 2950 5572; x_wconf 80' lang='lat' dir='ltr'><strong>adversus</strong></span> <span class='ocrx_word' id='word_1_844' title='bbox 2997 5491 3401 5572; x_wconf 82' lang='lat' dir='ltr'><strong>virginitatem</strong></span> <span class='ocrx_word' id='word_1_845' title='bbox 3437 5498 3649 5572; x_wconf 81' lang='lat' dir='ltr'><strong>objec-</strong></span> 
     </span>
    </p>
   </div>
   <div class='ocr_carea' id='block_1_126' title="bbox 1973 5564 3651 5627">
    <p class='ocr_par' dir='ltr' id='par_1_126' title="bbox 1973 5564 3651 5627">
     <span class='ocr_line' id='line_1_128' title="bbox 1973 5564 3651 5627; baseline 0.005 -10"><span class='ocrx_word' id='word_1_846' title='bbox 1973 5564 2168 5621; x_wconf 88' lang='lat' dir='ltr'><strong>tiones</strong></span> <span class='ocrx_word' id='word_1_847' title='bbox 2202 5567 2404 5620; x_wconf 88' lang='lat' dir='ltr'><strong>nostra</strong></span> <span class='ocrx_word' id='word_1_848' title='bbox 2435 5568 2716 5624; x_wconf 82' lang='lat' dir='ltr'><strong>memoria</strong></span> <span class='ocrx_word' id='word_1_849' title='bbox 2760 5574 3074 5626; x_wconf 78' lang='lat' dir='ltr'><strong>renovatae</strong></span> <span class='ocrx_word' id='word_1_850' title='bbox 3097 5564 3315 5627; x_wconf 64' lang='lat' dir='ltr'><strong>&#39;fuisse</strong></span> <span class='ocrx_word' id='word_1_851' title='bbox 3354 5570 3426 5625; x_wconf 87' lang='lat' dir='ltr'><strong>ab</strong></span> <span class='ocrx_word' id='word_1_852' title='bbox 3459 5564 3651 5626; x_wconf 65' lang='lat' dir='ltr'><strong>Iniere-</strong></span> 
     </span>
    </p>
   </div>
   <div class='ocr_carea' id='block_1_127' title="bbox 1953 5635 3651 5724">
    <p class='ocr_par' dir='ltr' id='par_1_127' title="bbox 1953 5635 3651 5724">
     <span class='ocr_line' id='line_1_129' title="bbox 1953 5635 3651 5724; baseline 0.01 -34"><span class='ocrx_word' id='word_1_853' title='bbox 1953 5635 2133 5724; x_wconf 70' lang='lat' dir='ltr'><strong>‘ticis,</strong></span> <span class='ocrx_word' id='word_1_854' title='bbox 2167 5635 2793 5724; x_wconf 41' lang='lat' dir='ltr'><strong>quasftmbro‘si‘usin</strong></span> <span class='ocrx_word' id='word_1_855' title='bbox 2823 5641 2936 5701; x_wconf 85' lang='lat' dir='ltr'><strong>hoc</strong></span> <span class='ocrx_word' id='word_1_856' title='bbox 2965 5656 3142 5722; x_wconf 87' lang='lat' dir='ltr'><strong>opere</strong></span> <span class='ocrx_word' id='word_1_857' title='bbox 3181 5645 3297 5700; x_wconf 89' lang='lat' dir='ltr'><strong>tam</strong></span> <span class='ocrx_word' id='word_1_858' title='bbox 3325 5639 3651 5724; x_wconf 61' lang='lat' dir='ltr'><strong>prudente:</strong></span> 
     </span>
    </p>
   </div>
   <div class='ocr_carea' id='block_1_128' title="bbox 1978 5707 2781 5798">
    <p class='ocr_par' dir='ltr' id='par_1_128' title="bbox 1978 5707 2781 5798">
     <span class='ocr_line' id='line_1_130' title="bbox 1978 5707 2781 5798; baseline 0.002 -28"><span class='ocrx_word' id='word_1_859' title='bbox 1978 5710 2154 5795; x_wconf 77' lang='lat' dir='ltr'><strong>atque</strong></span> <span class='ocrx_word' id='word_1_860' title='bbox 2173 5707 2403 5773; x_wconf 78' lang='lat' dir='ltr'><strong>invicte</strong></span> <span class='ocrx_word' id='word_1_861' title='bbox 2433 5707 2781 5798; x_wconf 62' lang='lat' dir='ltr'><strong>confutavit.</strong></span> 
     </span>
    </p>
   </div>
  </div>
