4060 6158
410 315 529 413 291

1851 305 1918 379 8.
1962 300 2407 378 AMBROSII.

3739 303 3849 377 292

487 519 629 577 die?
672 518 774 574 ubi
802 522 862 573 et
891 516 966 573 de
984 516 1280 589 jactantia
1318 514 1557 589 vitanda
1579 514 1952 589 praecipitur.
1993 511 2092 568 Ad
2117 495 2180 557 Α
2279 512 2368 568 46.
2409 512 2475 567 In
2502 511 2632 567 foro
2660 513 2761 567 aut
2789 511 2850 566 in
2880 510 3092 582 plateis
3121 509 3396 565 Christus
3426 524 3543 565 non
3560 512 3847 580 reperitur.

487 589 846 663 sequendum
887 586 1161 663 perdiem
1206 587 1510 663 Christum
1542 586 1912 663 exhortatio;
1963 600 2091 663 eum

494 655 634 716 vero
664 676 773 715 nec
801 661 864 714 in
887 655 1132 731 plateis,
1168 658 1269 714 ubi
1303 657 1610 713 vulnerari
1638 673 1704 712 ac
1732 655 1982 729 spoliari
2012 655 2096 710 di-

488 732 648 787 citur
675 731 926 803 Sponsa,
959 731 1246 802 reperiri.

487 818 577 875 42.
618 819 683 875 In
712 820 863 891 ipsis
894 818 1087 874 adhuc
1118 817 1407 874 Ecclesiae
1435 816 1744 889 principiis
1774 815 1965 871 turbae
1996 829 2097 870 re-

418 907 733 982 quirebant
777 923 932 963 eum.
981 907 1106 973 Qua
1153 907 1421 962 ratione?
1447 904 1594 970 Quia
1623 921 1851 975 manus,
1884 905 2095 976 inquit,

421 1000 731 1071 imponens
768 996 1017 1052 curabat
1063 1011 1165 1051 eos
1213 996 1378 1066 (Luc.
1426 1010 1506 1066 IV,
1556 993 1669 1064 40).
1711 994 1837 1048 Nec
1864 995 2098 1063 tempus

425 1087 500 1143 ad
527 1086 877 1155 sanandum,
911 1100 1021 1141 nec
1049 1085 1220 1141 locus
1265 1084 1571 1156 quaeritur.
1612 1082 1899 1137 Omnibus
1945 1080 2102 1136 enim

426 1176 578 1233 locis
609 1174 1005 1246 omnibusque
1034 1173 1401 1245 temporibus
1448 1187 1567 1228 non
1615 1175 1709 1227 est
1753 1169 2103 1242 praetermit-

426 1264 604 1321 tenda
666 1262 977 1319 medicina.
1042 1262 1198 1317 Intra
1254 1262 1492 1317 domum
1537 1260 1723 1316 Maria
1769 1260 1843 1315 ab
1891 1257 2104 1332 angelo

430 1353 805 1409 benedicitur
832 1352 997 1423 (Luc.
1031 1366 1070 1421 ι,
1102 1350 1195 1424 28)
1220 1366 1233 1407 :
1268 1351 1419 1406 intra
1450 1349 1688 1406 domum
1718 1348 1905 1403 David
1932 1347 2106 1420 ungi-

430 1445 526 1498 tur
554 1442 616 1497 in
643 1440 990 1513 prophetam
1019 1438 1076 1510 (I
1090 1440 1237 1512 Reg.
1270 1455 1392 1510 xvr,
1424 1438 1501 1510 3).
1535 1438 1768 1510 Ubique
1801 1438 1982 1493 Jesus
2013 1451 2108 1501 cu-

434 1534 546 1601 rat,
580 1529 798 1602 ubique
829 1533 997 1584 sanat
1031 1544 1043 1585 :
1076 1528 1136 1583 in
1168 1529 1398 1596 itinere,
1432 1527 1493 1582 in
1526 1526 1721 1598 domo,
1752 1527 1814 1582 in
1845 1526 2104 1581 deserto.

432 1620 496 1675 In
526 1619 734 1674 itinere
766 1622 1006 1674 curatur
1034 1632 1167 1690 quae
1198 1617 1489 1672 ﬁmbriam
1519 1616 1709 1689 tetigit
1752 1614 1989 1685 (Matth.
2023 1631 2106 1685 ix,

432 1709 555 1779 20);
586 1709 649 1764 in
679 1708 851 1764 domo
883 1706 1171 1778 principis
1201 1704 1538 1778 Synagogaa
1570 1705 1689 1759 ﬁlia
1719 1702 2111 1759 resuscitatur

434 1797 651 1869 (Marc.
683 1811 740 1863 v,
772 1795 903 1866 4t);
937 1796 997 1857 in
1028 1796 1266 1851 deserto
1316 1795 1487 1883 turba
1519 1796 1781 1883 sanatur.
1842 1791 2108 1883 Denique
2139 1820 2191 1883 B

435 1886 526 1941 sic
570 1885 761 1940 "habes
800 1900 813 1940 :
853 1885 995 1939 Cum
1039 1889 1231 1939 autem
1278 1882 1371 1938 sol
1395 1882 1736 1953 occidisset,
1779 1895 1982 1938 omnes
2011 1882 2105 1953 qui

434 1974 738 2033 habebant
768 1972 1039 2028 infirmos
1066 1972 1257 2027 variis
1282 1970 1689 2043 languoribus,
1724 1969 2017 2026 ducebant
2045 1968 2111 2023 il-

435 2063 528 2120 los
557 2063 632 2118 ad
676 2078 824 2118 eum.
875 2062 958 2117 At
1000 2060 1105 2116 ille
1144 2058 1401 2133 singulis
1438 2061 1538 2115 bis
1566 2076 1772 2115 manus
1805 2059 2115 2131 imponens

439 2151 687 2208 carabat
731 2166 833 2206 eos
875 2150 1038 2221 (Luc.
1073 2166 1155 2220 iv,
1186 2150 1299 2220 40).
1349 2148 1607 2205 Sanabat
1649 2163 1794 2222 ergo
1838 2151 1897 2204 et
1924 2148 1988 2203 in
2017 2147 2118 2203 de-

439 2242 624 2312 serto,
656 2243 715 2296 et
744 2239 1051 2296 occidente
1073 2238 1200 2312 jam
1230 2237 1381 2309 sole,
1411 2241 1469 2293 et
1499 2237 1747 2293 sanabat
1772 2251 1989 2292 manus
2020 2236 2123 2290 im-

438 2342 704 2403 ponens:
751 2331 815 2385 ut
843 2330 901 2383 et
930 2329 1118 2383 Deum
1146 2342 1214 2383 se
1244 2330 1303 2383 et
1332 2326 1632 2382 hominem
1662 2324 2118 2382 demonstraret.

439 2419 574 2477 Non
603 2418 895 2474 immerito
926 2418 1107 2492 igitur
1134 2416 1285 2473 facta
1312 2415 1437 2489 jam
1476 2416 1570 2472 die
1612 2415 1804 2471 turbae
1848 2414 2119 2488 require-

438 2508 581 2566 bant
610 2523 765 2564 eum.
1582 2492 1597 2501 ”

510 2597 599 2652 43.
642 2595 827 2652 Video
875 2596 1164 2651 ordinem.
1217 2593 1359 2650 Sole
1390 2594 1718 2665 occidente,
1771 2593 1921 2666 aegri
1952 2592 2121 2649 defe-

438 2689 651 2742 runtur
678 2684 752 2739 ad
781 2683 1082 2739 Christum
1106 2698 1119 2739 :
1145 2683 1298 2738 facta
1327 2687 1521 2739 autem
1549 2683 1664 2753 die,
1699 2682 1890 2737 turbae
1921 2682 2120 2754 requi-

442 2773 652 2830 rebant
700 2761 854 2828 eum.
905 2771 1151 2836 Quando
1201 2772 1358 2826 enim
1395 2771 1512 2826 nisi
1542 2786 1650 2842 per
1678 2771 1808 2825 dies
1839 2772 2127 2843 quaeritur

442 2860 762 2918 Christus?
805 2860 954 2915 Nam
984 2860 1085 2931 qui
1113 2860 1175 2914 in
1202 2859 1334 2915 luce
1363 2860 1640 2928 ambulat,
1690 2876 1810 2916 non
1836 2860 2060 2916 recedit
2087 2876 2122 2915 a

444 2949 703 3006 Christo.
753 2949 955 3020 Itaque
1000 2963 1122 3003 nox
1168 2948 1423 3003 habebat
1466 2948 1658 3003 adhuc
1708 2948 2122 3021 aagrotantidm

444 3038 723 3114 gemitus,
757 3038 887 3094 dies
914 3037 1041 3110 jam
1069 3036 1246 3093 ﬁdem
1266 3036 1480 3109 plebis,
1516 3037 1642 3110 jam
1668 3038 1925 3094 laetitiam
1946 3054 2120 3094 sana-

444 3133 638 3186 torum
667 3130 764 3185 :ut
783 3128 942 3200 quod
959 3126 1246 3197 scriptum
1267 3130 1378 3198 est,
1404 3127 1799 3198 compleretur
1820 3144 1833 3184 :
1857 3128 1957 3183 Ad
1983 3144 2118 3185 ves-
2153 3131 2205 3193 C

439 3234 650 3293 perum
699 3215 1109 3273 demorabitur
1144 3216 1340 3287 ﬂetus,
1395 3222 1453 3272 et
1488 3217 1564 3272 ad
1607 3217 1954 3274 matutinum
2011 3217 2147 3273 1.9-.

449 3308 581 3364 titia
614 3306 803 3379 (Psal.
837 3320 1004 3376 xxix,
1036 3304 1113 3376 6).
1146 3304 1289 3369 Quas
1315 3306 1472 3360 enim
1491 3307 1678 3362 turba
1696 3306 1889 3379 major
1908 3307 2116 3380 gratia,

446 3413 624 3471 quam
650 3399 715 3452 ut
743 3396 918 3452 etiam
947 3395 1007 3449 in
1037 3394 1340 3450 desertum
1369 3394 1567 3450 locum
1593 3394 1895 3451 Christum
1916 3412 2126 3469 sequa-

447 3488 583 3543 tur?

520 3575 611 3631 44.
631 3575 696 3630 In
720 3591 837 3647 quo
856 3573 953 3630 ille
982 3573 1156 3630 docet
1185 3590 1218 3629 a
1248 3573 1510 3645 perfecto
1534 3573 1750 3630 abesse
1773 3574 1989 3630 debere
2006 3574 2131 3647 jac-

454 3667 726 3736 tantiam;
750 3680 868 3721 non
890 3664 1046 3719 enim
1066 3664 1466 3719 sanandorum
1486 3663 1736 3735 copiam,
1759 3665 1868 3719 sed
1884 3680 2129 3735 operum

450 3752 796 3827 jactantiam
839 3751 1189 3808 declinabat.
1238 3752 1309 3806 Et
1351 3768 1461 3807 nos
1504 3753 1688 3824 igitur
1724 3753 1779 3807 si
1810 3753 1962 3808 salvi
1989 3769 2129 3809 esse

453 3843 886 3913 desideramus,
918 3841 1012 3896 vel
1043 3841 1097 3896 si
1122 3840 1248 3913 jam
1268 3856 1566 3897 meremur
1581 3842 1889 3897 sanitatem
1922 3843 2129 3913 procul

451 3950 487 3989 ει
515 3932 769 4003 luxuria,
800 3930 1009 4003 procul
1040 3947 1073 3985 a
1102 3930 1381 4001 lascivia;
1413 3934 1687 4003 tanquam
1726 3930 1788 3986 in
1808 3931 1973 3987 arido
1994 3932 2130 3987 vitae

451 4022 628 4078 istius
659 4025 717 4078 et
742 4020 954 4093 jejuno
984 4020 1113 4076 solo
1142 4019 1394 4091 quadam
1426 4020 1527 4075 siti
1557 4020 1827 4091 corporis
1874 4020 2133 4094 fugitan-

453 4116 572 4169 tem
601 4112 711 4183 (34)
743 4111 1089 4167 deliciarum
1119 4108 1422 4164 Christum
1452 4124 1793 4181 sequamur.

524 4203 615 4258 45.
656 4202 988 4273 Sequamur
1028 4216 1136 4271 per
1181 4199 1330 4255 dies.
1398 4199 1587 4255 Adest
1630 4199 1919 4256 Ecclesia
1977 4201 2128 4272 dies,

457 4307 635 4365 quem
664 4289 965 4346 Abraham
991 4288 1137 4343 vidit
1164 4292 1221 4344 et
1251 4288 1499 4361 gavisus
1531 4291 1624 4344 est
1653 4290 1843 4361 (Joan.
1866 4308 1992 4361 vni,
2014 4289 2127 4361 56).

2208 601 2474 673 Denique
2522 616 2633 656 nec
2680 600 2779 655 illa
2823 614 2957 655 eum
3006 599 3068 653 in
3113 598 3243 655 foro
3284 601 3340 654 et
3367 599 3427 653 in
3455 598 3658 669 plateis
3686 602 3853 670 potuit

2206 690 2489 760 reperire,
2521 705 2655 761 quae
2685 689 2832 743 dixit
2864 705 2877 744 :
2913 688 3273 761 Exsurgam,
3315 687 3430 752 ibo,
3465 692 3523 742 et
3553 688 3854 744 circumibo

2207 780 2532 848 civitatem,
2580 780 2643 833 in
2679 776 2812 833 foro
2849 782 2908 832 et
2947 778 3008 832 in
3044 776 3284 848 plateis,
3339 781 3397 830 et
3428 791 3675 848 quaeram
3706 793 3854 849 quem

2206 867 2423 923 dilexit
2470 867 2663 921 anima
2707 882 2855 922 mea.
2912 865 3175 931 Quaesivi
3222 881 3370 935 eum,
3420 870 3481 920 et
3521 881 3632 920 non
3662 865 3851 920 inveni

2209 972 2336 1012 eum
2370 972 2383 1012 :
2426 956 2630 1011 vocavi
2659 970 2806 1019 eum,
2852 960 2912 1010 et
2955 970 3068 1010 non
3120 953 3428 1011 obaudivit
3471 969 3581 1010 me.
3629 953 3854 1026 Nequa-

2210 1061 2386 1117 quam
2414 1045 2595 1117 igitur
2622 1044 2704 1099 ibi
2732 1057 3071 1115 quaeramus
3102 1041 3402 1098 Christum
3425 1085 3440 1113 ,
3482 1043 3583 1098 ubi
3619 1043 3862 1099 invenire

2209 1150 2327 1190 non
2356 1134 2684 1206 possimus.
2718 1133 2852 1188 Non
2899 1135 2995 1188 est
3039 1132 3312 1188 Christus
3352 1131 3857 1191 circumforaneae.

2208 1222 2484 1278 Christus
2515 1222 2671 1277 enim
2702 1224 2795 1277 est
2823 1237 2958 1293 pax,
2992 1221 3053 1276 in
3093 1220 3213 1276 folo
3260 1220 3429 1291 lites;
3467 1219 3733 1276 Christus
3765 1220 3857 1292 ju-

2216 1312 2375 1368 stitia
2404 1314 2516 1381 est,
2550 1311 2611 1366 in
2641 1310 2772 1366 foro
2801 1309 3083 1382 iniquitas
3109 1325 3121 1365 :
3148 1309 3425 1365 Christus
3462 1312 3729 1382 operator
3764 1312 3862 1381 est,

2212 1418 2280 1474 in
2302 1402 2433 1457 foro
2454 1400 2628 1455 inane
2668 1399 2847 1454 otium
2872 1398 3182 1455 :Christus
3217 1398 3477 1454 charitas
3513 1403 3624 1469 est,
3661 1399 3717 1454 in
3753 1398 3866 1455 foro

2217 1489 2566 1546 obtrectatio
2591 1487 2900 1544 :Christus
2937 1487 3086 1542 ﬁdes
3124 1491 3235 1557 est,
3273 1487 3335 1542 in
3371 1488 3502 1544 foro
3537 1488 3696 1543 fraus
3715 1491 3868 1559 atque

2219 1578 2465 1651 perﬁdia
2487 1594 2500 1633 :
2523 1577 2802 1632 Christus
2825 1578 2885 1632 in
2908 1576 3180 1632 Ecclesia
3200 1579 3312 1646 est,
3337 1576 3400 1632 in
3438 1576 3568 1632 foro
3606 1577 3771 1632 idola.
3808 1576 3871 1631 Et

2220 1670 2284 1723 ut
2312 1668 2411 1722 illa
2445 1666 2621 1722 vidua
2651 1682 2827 1738 quam
2864 1665 2926 1720 in
2954 1665 3068 1720 alio
3098 1665 3558 1737 perstrinximus
3585 1665 3731 1721 libro
3775 1665 3871 1735 (De

2228 1757 2443 1827 viduis,
2478 1772 2531 1811 c.
2567 1755 2602 1811 9
2623 1758 2680 1810 et
2699 1755 2873 1827 seq.),
2900 1757 3228 1827 cognoscat
3265 1770 3385 1809 non
3408 1754 3762 1810 obtrectandi
3790 1769 3869 1809 me

2224 1847 2482 1902 locutum
2518 1844 2618 1899 illa
2639 1844 2857 1915 studio,
2882 1844 2989 1899 sed
3007 1844 3285 1899 monendi
3308 1859 3321 1899 :
3347 1859 3561 1915 meque
3578 1859 3692 1899 non
3720 1859 3872 1914 aspe-

2223 1951 2375 2005 rum,
2417 1934 2526 1989 sed
2556 1933 2907 2003 sollicitum;
2958 1932 3145 2005 gratia
3186 1932 3687 1988 reconciliationis
3731 1930 3873 1986 acci-

2224 2024 2343 2096 piat
2375 2022 2489 2094 (35)
2528 2037 2541 2078 :
2582 2022 2643 2076 in
2678 2020 2948 2077 Ecclesia
2986 2021 3162 2075 vidua
3214 2020 3599 2093 justiticatur,
3655 2022 3711 2076 in
3758 2019 3871 2075 foro

2226 2111 2704 2168 circumvenitur.
2758 2109 3083 2182 Fugiamus
3110 2098 3280 2183 'ergo
3329 2109 3546 2182 forum,
3600 2109 3874 2183 fugiamus

2229 2200 2477 2274 plateas.

2294 2361 2385 2418 4’7.
2427 2360 2821 2418 Prudentium
2842 2365 3036 2417 autem
3060 2365 3253 2417 notam
3274 2377 3514 2418 assume
3537 2360 3663 2427 tibi,
3702 2365 3758 2415 ut
3787 2375 3878 2415 cu-

2225 2452 2447 2508 stodiat
2471 2458 2529 2508 te
2551 2468 2583 2506 a
2603 2450 2856 2506 muliere
2877 2450 3071 2506 aliena
3095 2456 3154 2506 et
3175 2450 3401 2506 mala...
3433 2450 3560 2506 Per
3575 2450 3877 2505 fenestram

2227 2542 2383 2597 enim
2413 2540 2489 2597 de
2502 2541 2683 2612 ,domo
2700 2556 2805 2596 sua
2829 2541 2889 2594 in
2903 2539 3138 2612 plateas
3154 2542 3452 2612 prospicit
3493 2540 3699 2611 (Prov.
3720 2555 3811 2608 vn,
3826 2537 3881 2593 4-

2225 2630 2300 2701 6).
2326 2629 2649 2702 Fugiamus
2671 2629 2917 2700 plateas.
2940 2628 3074 2684 Non
3096 2629 3252 2683 enim
3266 2628 3489 2701 injuria
3509 2626 3879 2683 tantummodo

2228 2722 2321 2774 est
2339 2735 2458 2774 non
2478 2719 2785 2774 invenisse
2807 2734 2983 2790 quem
3003 2734 3273 2790 quaeras;
3322 2718 3437 2775 sed
3455 2720 3626 2774 etiam
3644 2717 3881 2788 plerum-

2228 2823 2343 2880 que
2375 2807 2477 2863 ubi
2511 2824 2629 2863 non
2665 2811 2894 2878 oportet
2930 2807 3229 2879 qumsisse
3281 2803 3425 2879 (36),
3486 2807 3703 2862 vulnus
3751 2807 3835 2859 est
3868 2818 3881 2857 :

2230 2896 2529 2968 quaesisse
2566 2897 2625 2951 iu
2667 2894 2943 2952 domibus
2983 2896 3246 2951 virorum
3285 2896 3388 2968 qui
3433 2896 3550 2950 sibi
3586 2894 3732 2949 falso
3760 2893 3886 2947 doc-

2230 2990 2424 3043 torum
2458 3001 2673 3042 nomen
2692 2988 3036 3041 assumunt:
3064 2986 3363 3057 quaesisse
3393 2986 3713 3057 procacius
3732 2997 3885 3055 quam

2233 3075 2653 3132 verecundius.

2305 3219 2393 3275 48.
2434 3215 2594 3291 Ergo
2627 3233 2939 3273 caveamus
2971 3217 3240 3289 exemplo
3273 3215 3570 3273 Ecclesiae
3600 3217 3750 3272 illius
3770 3212 3885 3284 (3‘1),

2233 3326 2307 3365 ne
2337 3324 2448 3364 nos
2481 3307 2762 3363 custodes
2794 3307 3114 3377 inveniant,
3165 3306 3264 3378 qui
3298 3307 3671 3362 circumeunt
3706 3304 3887 3360 civita-

2230 3403 2381 3455 tem:
2409 3399 2794 3467 Invenerunt,
2818 3397 3026 3469 inquit,
3051 3411 3143 3451 me
3183 3395 3468 3451 custodes
3503 3396 3602 3469 qui
3627 3396 3887 3451 circume-

2234 3494 2335 3543 unt
2347 3487 2652 3543 civitatem
2671 3507 2687 3540 :
2698 3491 3130 3558 percusserunt
3149 3490 3207 3540 et
3237 3484 3488 3540 vulnera
3502 3491 3705 3541 verunt
3721 3499 3822 3554 me,
3837 3485 3887 3537 et

2234 3578 2495 3632 tulerunt
2507 3573 2750 3648 pallium
2771 3591 2959 3629 meum
2979 3574 3250 3629 custodes
3273 3591 3580 3632 murorum
3619 3574 3802 3645 (Cant.
3835 3586 3885 3638 v,

2231 3667 2308 3737 7).
2345 3666 2480 3721 Non
2508 3666 2568 3719 in
2599 3679 2687 3734 se,
2722 3664 2888 3733 filiae;
2923 3679 3060 3733 non,
3095 3664 3356 3735 inquam,
3392 3665 3459 3719 in
3488 3680 3577 3734 se,
3611 3663 3741 3718 tiliae
3771 3659 3887 3731 (38),

2232 3756 2341 3811 sed
2371 3756 2431 3809 in
2461 3754 2635 3809 nobis
2664 3753 3008 3808 vulneratur
3038 3752 3327 3808 Ecclesia.
3371 3753 3701 3808 Caveamus
3729 3750 3890 3822 igitur

2228 3861 2301 3901 ne
2346 3845 2551 3916 lapsus
2596 3846 2801 3897 noster
2846 3842 3062 3896 vulnus
3108 3842 3395 3898 Ecclesiee
3430 3844 3560 3913 flat;
3605 3858 3678 3897 ne
3707 3840 3831 3913 quis
3859 3853 3888 3891 a

2230 3934 2405 3990 nobis
2452 3931 2696 4004 pallium
2743 3930 2989 4001 auferat,
3041 3931 3155 3987 hoc
3188 3936 3298 4002 est,
3332 3933 3615 3987 amictum
3646 3928 3885 4002 pruden-

2229 4025 2348 4095 tiae,
2370 4023 2606 4093 insigne
2626 4020 2942 4093 patientiae,
2974 4037 3091 4092 quo
3120 4020 3408 4077 mollioris
3440 4021 3682 4077 ambitio
3713 4015 3884 4074 vestis

2233 4114 2499 4169 exuitur:
2530 4111 2640 4177 Qui
2667 4110 2826 4166 enim
2854 4109 3228 4165 mollioribus
3261 4110 3536 4166 vestibus
3565 4109 3887 4172 induuntur,

2233 4204 2297 4258 in
2329 4202 2599 4259 domibus
2628 4216 2835 4273 regum
2866 4206 3001 4254 sunt
3032 4199 3272 4270 (Matth.
3317 4216 3400 4270 xi,
3433 4200 3513 4270 8).
3561 4198 3746 4254 Nobis
3796 4208 3891 4248 au-

2234 4295 2353 4349 tem
2383 4291 2621 4363 pallium
2653 4289 2813 4345 dedit
2841 4288 3139 4359 Christus,
3191 4303 3309 4359 quo
3341 4288 3649 4359 apostolos
3679 4300 3816 4341 suos
3844 4282 3894 4335 et

456 4383 789 4455 Sequamur
836 4393 982 4452 ergo
1028 4394 1137 4450 per
1180 4378 1310 4433 dies
1359 4377 1689 4450 Christum;
1736 4395 1855 4436 non
1885 4381 2041 4436 enim
2070 4381 2130 4437 in
2156 4450 2198 4455 _
2240 4397 2458 4452 corpus
2491 4395 2665 4435 suum
2694 4378 2823 4449 ipse
2854 4376 3112 4433 vestivit.
3145 4376 3313 4442 Quod
3343 4376 3601 4449 denique
3642 4374 3807 4448 jubet
3842 4373 3892 4424 te

457 4450 734 4529 noctibus
764 4450 1077 4542 reperitur.
1109 4468 1176 4523 In
1207 4467 1409 4539 cubili,
1440 4469 1650 4541 inquit,
1694 4485 1822 4525 meo
1850 4471 1912 4525 in
1945 4472 2129 4528 nocti-
2156 4450 2212 4513 D
2240 4450 2400 4537 dare,
2433 4469 2487 4526 si
2517 4468 2653 4540 quis
2684 4481 2719 4522 a
2747 4478 2803 4522 te
2832 4467 3091 4521 tunicam
3118 4469 3295 4537 petat,
3346 4469 3409 4521 ut
3456 4466 3714 4521 dimittas
3760 4461 3811 4517 ei
3845 4460 3894 4513 et

457 4561 570 4619 bus
617 4561 867 4635 quaesivi
915 4575 1082 4633 quem
1130 4557 1347 4615 dilexit
1392 4559 1584 4613 anima
1629 4575 1758 4615 mea
1809 4580 1826 4614 :
1882 4562 2133 4633 quaesivi

460 4667 611 4722 eum,
644 4651 792 4716 225
824 4655 883 4704 et
912 4663 1025 4704 non
1054 4647 1264 4703 inveni
1293 4664 1421 4702 eum
1456 4663 1469 4703 :
1513 4650 1718 4703 vocavi
1746 4656 1987 4718 eum,et
2016 4650 2161 4707 non'

463 4740 773 4795 obaudivit
801 4754 894 4793 me
922 4737 1114 4809 (Caut.
1147 4753 1228 4807 ιιι,
1262 4735 1372 4808 12).

535 4881 647 4953 (3t)
686 4882 768 4936 Ita
800 4881 939 4953 edit.
974 4893 1182 4953 omnes
1214 4894 1282 4935 ac
1314 4895 1462 4953 mss.
1497 4880 1794 4952 nonnulli;
1844 4882 1939 4937 alii
1989 4898 2134 4939 vero

452 4952 704 5026 aliquot,
738 4958 797 5026 et
812 4952 1026 5026 Ijejuno
1054 4952 1179 5007 solo
1209 4952 1452 5024 quodam
1483 4954 1610 5026 siti,
1660 4956 1930 5026 corporis
1973 4955 2135 5026 fugi-

466 5024 688 5098 tantem
719 5024 1158 5098 delicias,_etc.;
1191 5039 1372 5098 unus,
1404 5029 1463 5079 et
1481 5024 1862 5098 jejunoqsolo,
1896 5024 2136 5098 quodin

465 5097 728 5171 appetitu
763 5094 1064 5171 _corporis,
1116 5098 1260 5171 etc.;_
1300 5094 1497 5171 alius,
1520 5094 1578 5150 et
1612 5094 1994 5171 jejuno‘SdIo,
2030 5115 2138 5171 quo

450 5165 580 5242 jam
605 5165 998 5242 petulantiam
1024 5167 1294 5242 corporis
1341 5165 1690 5239 fugitantes,
1737 5171 1849 5225 etc.
1899 5165 2138 5225 In'reli-

464 5236 827 5313 quisiautem
857 5236 1185 5313 nihilsani.

535 5309 659 5383 (35)Δ
687 5309 907 5383 omnes
938 5307 1076 5383 edit.
1110 5322 1179 5383 ac
1210 5307 1630 5383 m_ss._aliquot,
1658 5310 1917 5382 gratiam
1938 5327 2142 5368 recon-

467 5378 1095 5454 ciliat’ionisgaccipiat.
1137 5378 1205 5433 In
1234 5378 1529 5454 Ecclesia,
1565 5378 1700 5454 etei,
1736 5383 1980 5454 melius;
2031 5400 2138 5439 au-

464 5460 584 5512 tem
614 5452 848 5524 reliqui,
879 5451 1078 5523 gratia
1101 5451 1630 5524 reconciliationis,
1658 5457 1770 5508 etc.
1802 5451 2138 5510 Idem'enim

452 5528 560 5584 ‘est
586 5540 656 5581 ac
685 5523 1113 5584 si’scripsisse‘t
1134 5523 1193 5577 in
1214 5524 1715 5580 reconciliationis
1740 5526 2139 5583 testimonium

466 5598 718 5726 afcipiat
746 5594 905 5670 quod
934 5609 1067 5651 sum
1097 5594 1387 5666 dicturus,
1420 5595 1695 5652 nimirum
1743 5596 1803 5651 in
1847 5595 2137 5673 Ecclesia,

466 5685 501 5726 a
528 5686 583 5726 ο.
750 5724 753 5726 ,

445 5685 583 5731 .eto.

460 5724 653 5822 ,⁷⁷ζ86)
691 5724 949 5803 Adverte
994 5739 1325 5819 periculum
1368 5746 1573 5801 eorum
1617 5739 1720 5822 qui
1758 5739 2142 5823 presbyteros

2241 4560 2480 4633 pallium
2508 4557 2748 4628 (.tlattli.
2782 4573 2838 4623 v,
2871 4556 2983 4626 40),
3016 4555 3074 4609 id
3105 4558 3216 4627 est,
3248 4555 3490 4627 insigne
3518 4549 3893 4627 philosophia

2239 4654 2357 4705 tuae
2405 4647 2625 4716 tradas,
2678 4648 2734 4701 et
2783 4645 2955 4717 quasi
2998 4644 3213 4699 amictu
3255 4644 3586 4715 prudentiae
3634 4647 3746 4698 tum
3775 4649 3896 4693 cum

2238 4739 2341 4812 qui
2370 4740 2503 4792 ante
2532 4735 2729 4791 nudus
2761 4734 2957 4806 fuerit,
2992 4734 3463 4790 circumvestias.

2235 4885 2334 4937 aut
2363 4879 2627 4937 doctrina
2656 4877 3066 4933 ecclesiastica
3097 4877 3432 4947 destitutos,
3466 4879 3565 4931 aut
3614 4867 3897 4947 saeculari-

2234 4955 2351 5010 bus
2402 4950 3220 5023 cupiditatibus__corruptos,
3268 4952 3370 5023 aut
3415 4943 3669 5023 denique
3718 4943 3896 4998 innata

2236 5020 2497 5097 quadani
2517 5024 2697 5097 animi
2729 5020 2969 5097 mollitie
2999 5021 3247 5097 nimium
3275 5020 3654 5097 indulgentes
3699 5026 3896 5097 consu-

2236 5086 2390 5165 lunt;
2442 5111 2519 5150 ex
2565 5093 2660 5147 his
2706 5093 2863 5165 enim
2913 5092 3189 5165 quisquis
3235 5086 3650 5165 quaerit'viam
3680 5086 3894 5165 salutis,

2237 5158 2393 5225 haud
2424 5166 2601 5221 dubie
2632 5164 2844 5236 quaerit
2871 5158 2973 5218 ubi
3006 5158 3124 5218 no‘n
3170 5158 3418 5234 oportet.
3468 5161 3671 5236 Obiter
3719 5158 3897 5212 autem

2238 5253 2549 5295 monemus
2580 5230 2671 5290 ab"
2685 5235 2799 5290 hoc
2828 5234 2959 5289 loco
2989 5236 3049 5289 in
3079 5230 3229 5307 mss:
3261 5249 3380 5288 non
3402 5232 3609 5307 paucis
3639 5230 3895 5307 lacunam

2239 5327 2400 5381 esse,
2433 5324 2567 5381 quae
2597 5307 2781 5381 ferme
2813 5322 2931 5381 per
2948 5310 3070 5361 tres
3104 5296 3727 5381 integra_s__fcolumn_as
3769 5296 3895 5381 hipt.

2313 5352 2992 5453 ὅὴᾚῖώξξὲᾱῖιῖᾆόιὲζ
3006 5352 3898 5449 ‘gxgiamaiiuig‘rasuun.

2242 5449 2359 5510 tam
2389 5449 2598 5508 vocem
2618 5449 2911 5505 Ecclesiae
2932 5464 3470 5520 supervacanceam
3489 5461 3607 5502 non
3635 5456 3790 5510 esse,
3811 5452 3897 5495 sa-

2242 5530 2320 5586 tis
2352 5524 2651 5596 declarant
2682 5522 3032 5596 sequentia,
3290 5578 3363 5596 Δ,
3486 5592 3496 5596 _
3545 5586 3578 5596 η
3774 5582 3808 5596 ,,

2314 5597 2428 5671 (38)
2482 5595 2647 5680 Αξρρν
2695 5584 3072 5680 ίηᾶμςων.ίη
3119 5609 3219 5680 δεδι
3270 5589 3432 5680 “is:
3482 5586 3705 5680 mw
3739 5584 3903 5680 οὲεει

2250 5664 2423 5729 Rom;
2476 5664 2639 5726 edit.’
2668 5664 2996 5729 resciderat
3042 5668 3245 5728 contra
3296 5664 3584 5728 ceterum
3642 5673 3711 5728 eo
3765 5664 3903 5715 In”.

2253 5741 2516 5808 omnium
2543 5741 2740 5809 fidem.
