4060 6158
234 331 325 402 293

819 539 1072 596 CAPUT
1110 542 1208 598 IX.

229 644 576 710 Quaerendum
609 644 917 699 Christum
960 647 1023 701 id
1066 649 1364 704 montibus
1396 657 1718 704 aromatum
1758 657 1846 705 at-

283 733 376 792 que
399 717 456 768 in
502 716 776 792 deserto:
824 717 998 792 huius
1028 718 1382 792 fecunditas,
1424 723 1693 792 exposito
1741 739 1847 777 cur

275 788 371 841 llos
398 793 563 857 atque
592 786 778 840 lilium
831 786 1067 842 dicatur
1100 786 1397 854 Christus,
1434 786 1841 848 describitur:

279 865 328 934 et
356 857 546 910 induci
572 858 632 910 in
661 859 888 912 domum
928 861 1065 924 vini,
1102 862 1486 934 ordi‘uarique
1515 864 1576 916 iu
1608 879 1674 918 se
1707 865 1844 919 cha-

278 931 495 982 ritatem
526 945 741 999 cupere
775 937 1062 984 narratur
1092 931 1390 988 Ecclesia.

276 1052 351 1106 49.
407 1051 484 1106 lbi
543 1052 743 1123 igitur,
788 1053 944 1124 ﬁliae,
992 1055 1291 1110 Christum
1329 1074 1689 1128 quaeramus,
1737 1060 1846 1116 ubi

223 1141 401 1212 quierit
418 1138 702 1210 Ecclesia,
725 1142 785 1195 in
822 1142 1122 1198 montibus
1152 1144 1295 1200 boni
1325 1137 1470 1202 226
1503 1147 1726 1218 odoris,
1747 1149 1850 1219 qui

219 1229 560 1285 excelsorum
588 1229 946 1286 sublimitate
964 1231 1252 1288 factorum
1278 1250 1524 1290 suavem
1543 1237 1678 1291 vitae
1702 1237 1849 1292 odo-

221 1334 324 1373 rem
343 1333 439 1388 pro
460 1317 803 1372 meritorum
825 1320 1150 1376 verticibus
1169 1321 1463 1380 exhalant.
1490 1324 1665 1397 Fugit
1692 1325 1849 1380 enim

216 1406 428 1478 plateas,
479 1405 634 1478 fugit
679 1411 1028 1478 conventus,
1086 1414 1143 1465 et
1177 1412 1460 1482 strepitus
1510 1412 1644 1482 fori,
1675 1413 1849 1484 juxta

215 1495 345 1566 quod
365 1495 647 1565 scriptum
669 1499 762 1550 est
785 1513 797 1550 :
832 1497 994 1569 Fuge
1013 1497 1326 1557 fraternus
1341 1517 1526 1570 meus,
1551 1509 1608 1556 et
1627 1502 1847 1558 similis

216 1583 428 1638 efﬁcere
441 1599 624 1639 cervo
635 1591 732 1638 aut
752 1585 816 1638 hi
821 1586 995 1641 nnulo
1008 1603 1113 1642 cer
1123 1589 1180 1642 vi
1207 1589 1270 1642 in
1285 1590 1583 1645 montibus
1613 1608 1846 1646 aroma-

219 1673 770 1743 tum(Cant.vm,14).
785 1674 1154 1744 Serpentinis
1168 1678 1322 1732 enim
1336 1678 1568 1734 invisus
1583 1681 1846 1736 colubris

215 1764 259 1815 et
278 1761 521 1833 fugitans
543 1777 778 1830 canum,
798 1767 971 1834 atque
993 1765 1152 1820 humi
1196 1768 1566 1837 reptantibus
1597 1768 1852 1824 infestus

222 1849 592 1920 serpentibus,
618 1851 809 1905 nescit
831 1851 1094 1908 habitare
1113 1854 1228 1908 nisi
1251 1857 1310 1909 in
1328 1855 1687 1912 sublimitate
1723 1858 1847 1912 vir-

214 1941 385 2006 tutum,
408 1939 602 1993 nescit
634 1943 984 1996 commorari
1002 1942 1120 1997 nisi
1137 1943 1195 1997 in
1215 1943 1434 1999 talibus
1460 1944 1750 2002 Ecclesia
1783 1947 1847 2001 ti-

208 2027 390 2098 liabus,
430 2045 564 2100 qu
611 2033 865 2099 possunt
910 2031 1146 2086 dicere:
1186 2031 1420 2087 Christi
1465 2035 1622 2089 enim
1664 2035 1853 2090 bonus

209 2117 327 2171 odor
345 2133 538 2170 sumus
556 2117 684 2171 Deo
696 2117 785 2187 (ll
800 2119 935 2172 Cor.
961 2137 1020 2188 ιι,
1040 2119 1129 2190 15)
1154 2136 1169 2191 ;
1193 2121 1300 2176 sed
1323 2122 1679 2193 quibusdam
1703 2125 1854 2180 odor

206 2206 380 2260 mortis
411 2207 468 2260 in
500 2210 772 2275 mortem,
814 2208 874 2261 in
907 2207 980 2262 iis
1013 2209 1114 2280 qui
1145 2214 1424 2280 pereunt:
1483 2211 1844 2283 quibusdam

207 2293 330 2348 odor
347 2294 476 2348 vita:
499 2295 561 2348 in
581 2295 781 2365 vitam,
822 2295 881 2350 in
902 2296 976 2350 iis
1007 2297 1207 2368 utique
1229 2300 1328 2370 qui
1370 2300 1614 2356 odorem
1637 2317 1850 2356 resur-

205 2383 453 2437 rectionis
483 2383 812 2438 Dominicaa
843 2385 1038 2439 vivida
1069 2386 1183 2441 fide
1212 2388 1459 2458 spirant.

257 2472 334 2526 50.
368 2471 465 2526 lsti
496 2477 640 2527 sunt
671 2477 994 2528 aromatum
1032 2478 1283 2546 montes,
1305 2477 1404 2548 qui
1437 2478 1672 2533 Domini
1707 2496 1844 2536 cor-

205 2576 298 2629 pus
334 2560 472 2615 Jesu
502 2566 882 2632 acceperunt,
918 2567 974 2617 et
1001 2564 1059 2617 in
1093 2563 1290 2619 linteis
1323 2583 1455 2620 cum
1487 2569 1848 2624 aromatibus

206 2647 509 2719 ligaverunt
544 2650 740 2720 (Joan.
765 2669 887 2721 xix,
921 2652 1010 2722 40)
1037 2668 1049 2707 :
1102 2655 1438 2726 quicunque
1467 2656 1623 2711 enim
1654 2658 1848 2712 credi-

206 2737 386 2792 derunt
409 2739 546 2810 quia
581 2739 762 2793 Jesus
795 2744 1062 2796 mortuus
1095 2746 1206 2812 est,
1257 2747 1310 2797 et
1345 2745 1615 2815 sepultus
1647 2749 1758 2816 est,
1793 2751 1850 2801 et

207 2829 522 2896 resurrexit,
550 2827 612 2882 hi
646 2829 950 2884 excelsum
993 2845 1150 2886 verae
1183 2847 1466 2888 cacumen
1496 2834 1629 2889 ﬁdei
1661 2835 1849 2890 virtu-

204 2917 301 2970 tum
329 2915 589 2988 fastigiis
620 2917 973 2972 extulerunt.
1009 2917 1124 2973 Ubi
1154 2936 1298 2992 ergo
1327 2921 1603 2977 Christus
1631 2923 1849 2995 quaeri-

204 3007 314 3058 tur?
340 3005 398 3058 In
428 3009 674 3076 pectore
704 3006 1013 3077 prudentis
1046 3007 1276 3063 scilicet
1307 3011 1660 3066 sacerdotis.

258 3093 333 3148 51.
358 3094 423 3148 Et
445 3097 730 3166 quoniam
761 3096 831 3150 de
864 3095 1099 3152 deserto
1124 3101 1406 3153 tractatus
1440 3099 1535 3154 hic
1565 3102 1840 3172 sumitur,

205 3181 284 3235 ubi
311 3184 670 3254 quaerendus
702 3185 798 3252 sit,
831 3185 1004 3238 etiam
1035 3186 1164 3256 ipse
1184 3187 1573 3260 demonstrat,
1606 3190 1844 3247 dicens:

205 3269 312 3342 Ego
328 3272 432 3326 llos
454 3275 667 3344 campi,
689 3280 747 3327 ct
768 3273 955 3327 lilium
969 3291 1074 3329 con
1087 3275 1340 3332 vallium.
1358 3277 1646 3350 Tanquam
1660 3279 1847 3334 lilium

207 3359 257 3411 in
291 3362 472 3416 medio
517 3361 830 3432 spinarum
876 3362 1069 3431 (Cant.
1093 3381 1152 3434 ιι,
1175 3363 1226 3435 1,
1250 3365 1326 3436 2).
1361 3365 1514 3422 Ecce
1547 3367 1726 3422 alium
1757 3368 1848 3423 lo-

208 3460 336 3518 cum,
366 3451 422 3503 in
462 3466 587 3522 quo
620 3451 772 3506 solet
812 3451 1098 3506 Dominus
1127 3453 1450 3526 diversari,
1490 3456 1605 3512 imo
1637 3473 1755 3512 non
1788 3458 1848 3512 in

207 3551 319 3606 uno,
342 3539 443 3593 sed
463 3539 523 3593 in
571 3539 862 3609 pluribus.
896 3541 1044 3612 Ego,
1079 3540 1286 3612 inquit,
1311 3543 1419 3598 llos
1458 3546 1681 3617 campi;
1711 3546 1848 3617 quia

207 3630 466 3694 patentem
485 3628 927 3698 simplicitatem
947 3645 1112 3700 purae
1143 3633 1356 3686 mentis
1383 3632 1732 3705 frequentat.
1765 3636 1849 3690 Et

206 3713 366 3769 lilium
378 3734 480 3772 con
492 3717 767 3787 vallium;
791 3719 901 3773 llos
915 3719 1071 3773 enim
1089 3719 1432 3776 humilitatis
1447 3723 1844 3795 estChristus,

208 3817 304 3858 non
320 3805 591 3876 luxuria,
616 3823 735 3862 non
752 3808 1134 3878 voluptatum,
1157 3825 1273 3864 non
1298 3811 1581 3882 lasciviae,
1607 3813 1715 3868 sed
1739 3814 1849 3869 llos

209 3893 604 3966 simplicitatis,
653 3898 764 3951 llos
796 3897 1161 3953 humilitatis.
1221 3899 1512 3973 Tanquam
1568 3901 1755 3957 lilium
1788 3903 1849 3957 in

208 3983 373 4038 medio
402 3986 731 4057 spinarum.
765 3985 973 4040 Nonne
1004 3986 1156 4041 inter
1175 3989 1526 4058 asperitates
1557 3990 1845 4060 laborum,

209 4069 688 4145 contritiones’que
720 4074 1047 4129 animorum
1085 4076 1228 4130 boni
1257 4078 1368 4131 flos
1401 4077 1601 4133 odoris
1634 4094 1849 4134 exsur-

209 4160 308 4229 git;
338 4164 466 4233 quia
498 4164 753 4218 contrito
785 4165 963 4219 corde
997 4165 1153 4219 Deus
1185 4165 1497 4236 placatur?

266 4249 341 4303 52'
372 4251 493 4307 Hoc
512 4256 607 4306 est
630 4252 951 4322 desertum,
968 4253 1124 4322 ﬁliae,
1142 4255 1299 4325 quod
1312 4255 1472 4310 ducit
1493 4257 1565 4310 ad
1596 4272 1850 4330 regnum

213 4334 305 4390 hoc
326 4345 410 4393 est
428 4342 605 4395 etiam
627 4341 948 4396 desertum.
977 4343 1134 4414 quod
1155 4344 1322 4398 ﬂoret
1346 4348 1407 4398 ut
1426 4345 1611 4400 lilium
1636 4361 1649 4401 :
1679 4346 1849 4417 juxta

211 4427 343 4494 quod
365 4430 652 4500 scriptum
677 4433 769 4484 est
793 4445 804 4484 :
844 4431 1104 4501 Laetare,
1127 4433 1380 4503 sterilis,
1408 4441 1466 4488 et
1489 4435 1742 4506 exsulta,
1760 4437 1855 4492 de-

211 4522 428 4585 sertum,
462 4525 520 4572 et
552 4519 767 4572 ﬂoreat
819 4525 877 4572 ut
909 4520 1098 4573 lilium
1148 4521 1287 4590 (lsa.
1321 4539 1503 4593 xxxv,
1539 4521 1610 4594 1).
1646 4525 1709 4578 In
1739 4525 1853 4580 hoc

211 4600 440 4675 deserto,
462 4607 620 4676 ﬁliae,
645 4605 823 4661 arbor
844 4609 939 4662 illa
962 4608 1114 4663 bona
1138 4609 1460 4680 fructifera,
1493 4628 1627 4683 quae
1658 4613 1850 4670 bonos
1872 4621 1930 4686 ι)

212 4689 412 4748 fluctus
435 4695 575 4749 facit
600 4695 846 4763 (Matth.
881 4715 983 4766 vn,
1011 4696 1120 4768 17),
1156 4698 1356 4769 incipit
1385 4700 1628 4754 brachia
1672 4702 1852 4758 facto-

212 4795 324 4835 rum
353 4799 593 4838 suorum
627 4783 974 4855 diffundere,
1017 4788 1296 4842 verticem
1327 4788 1648 4845 divinitatis
1679 4792 1852 4846 attol-

215 4865 336 4925 lere.
360 4872 530 4928 Juxta
544 4890 719 4946 quam
733 4879 952 4930 nostris
969 4875 1130 4948 ligna
1152 4876 1319 4931 silvae
1339 4877 1694 4934 frutescant:
1717 4880 1853 4951 quia

214 4957 345 5012 sicut
375 4963 557 5017 arbor
596 4963 736 5017 mali
781 4965 944 5018 inter
971 4965 1134 5037 ligna
1177 4965 1366 5035 silvm,
1411 4968 1493 5021 ita
1542 4968 1853 5025 fraternus

216 5061 357 5102 meus
381 5050 543 5106 inter
569 5053 822 5107 medium
841 5052 1094 5108 li!iorum
1117 5054 1310 5124 (Cant.
1337 5073 1396 5126 ιι,
1428 5056 1505 5126 3).
1541 5057 1610 5111 Et
1639 5058 1849 5114 videns

219 5131 312 5189 hoc
342 5135 604 5194 Ecclesia
634 5139 863 5196 laetetur
892 5146 948 5196 et
977 5143 1230 5215 gaudeat
1259 5144 1465 5200 dicens
1491 5161 1502 5201 :
1537 5146 1603 5200 In
1639 5147 1844 5202 umbra

222 5224 331 5291 ejus
357 5231 661 5300 concupivi
712 5236 770 5285 et
799 5231 952 5301 sedi,
988 5237 1047 5286 et
1106 5231 1337 5288 fructus
1383 5235 1514 5307 ejus
1559 5235 1750 5292 dulcis
1783 5238 1845 5292 in

222 5311 465 5370 faucibus
494 5318 643 5372 meis
664 5318 888 5388 (Ibid.).

276 5401 353 5458 53.
386 5403 622 5476 Videas,
657 5407 915 5478 inquam,
950 5407 1062 5463 hoc
1107 5408 1395 5482 Ecclesia,
1437 5417 1492 5468 et
1540 5415 1677 5470 ﬁdei
1705 5432 1852 5472 nos-

224 5490 295 5543 tra
308 5490 422 5563 jam
445 5494 575 5550 laeta
595 5511 908 5567 successu,
928 5495 1109 5554 dicat:
1136 5498 1406 5558 Inducite
1419 5520 1510 5558 me
1540 5503 1602 5558 in
1620 5504 1848 5560 domum

227 5579 678 5642 rinietordinate
691 5586 752 5641 in
772 5601 866 5642 me
892 5586 1245 5646 charitatem
1278 5590 1454 5661 (Ibid.
1478 5593 1554 5662 4).
1578 5592 1848 5650 Charitas

218 5681 322 5730 Non
336 5675 522 5743 potest
546 5690 682 5732 esse
720 5677 852 5733 sine
873 5678 987 5734 (ide
1013 5694 1028 5750 ;
1058 5682 1181 5735 tres
1210 5683 1366 5736 enim
1395 5685 1535 5738 sunt
1564 5683 1724 5739 velut
1753 5699 1854 5739 va~

222 5754 309 5822 du
329 5759 622 5841 Ecclesiae,
649 5783 811 5845 spes,
833 5763 1004 5845 ﬁdes,
1031 5767 1310 5832 charitas.
1347 5769 1495 5834 Cum
1525 5787 1667 5854 epes
1697 5789 1852 5858 praeg

1380 336 1638 408 LIBER
1660 337 1793 408 ΒΕ
1833 334 2411 414 ἮΗΟῙΝΙΤΑΤΕ.

3515 349 3636 418 294

1883 529 1936 590 Α
1970 547 2240 617 cesserit,
2285 547 2433 602 fides
2465 547 2702 604 fundata
2761 549 2956 620 fuerit,
2991 551 3294 607 ordinatur
3351 551 3630 624 charitas,

1970 635 2237 690 Ecclesia
2269 637 2593 708 capulatur.

2527 753 2674 818 227
2704 760 2956 817 CAPUT
2999 763 3074 817 Χ.

1975 887 2052 942 Ut
2086 885 2319 940 Christi
2347 902 2683 960 mereamur
2724 887 2786 960 in
2819 902 2926 942 nos
2970 887 3310 960 adventum.
3343 888 3634 960 Spiritum

2039 964 2305 1012 sanctum
2337 958 2607 1011 invocari
2636 957 2862 1012 debere
2886 977 2904 1022 ;
2955 957 3117 1011 illum
3149 959 3304 1012 enim
3339 957 3450 1014 non
3482 976 3633 1014 sem-

2037 1045 2144 1100 per
2182 1029 2411 1096 venire,
2433 1044 2617 1100 neque
2639 1028 2714 1081 ad
2734 1043 2976 1082 omnes:
3008 1029 3119 1083 sed
3138 1029 3213 1084 ad
3234 1045 3360 1083 eam
3386 1031 3635 1085 animam

2041 1115 2167 1171 quae
2208 1100 2290 1152 ita
2344 1105 2701 1153 terrestrem
2739 1102 3002 1172 exuerit
3031 1101 3304 1163 tunicam,
3345 1106 3402 1153 ut
3449 1101 3634 1172 ipsam

2032 1169 2240 1241 postea
2269 1185 2387 1242 non
2416 1175 2701 1242 resumat.
2725 1169 2954 1224 Pedum
2975 1170 3118 1225 lotio
3137 1172 3275 1242 quid
3303 1169 3635 1242 signiﬁcet,-

2039 1239 2098 1313 ζέε
2129 1240 2280 1313 quod
2301 1241 2448 1313 dicit
2479 1239 2726 1313 Sponsa,
2763 1242 3058 1312 quomodo
3099 1239 3421 1313 inquinabo
3451 1241 3637 1313 illos?

2037 1311 2306 1384 Denique
2335 1311 2646 1384 spiritales
2699 1311 2909 1366 animae
2930 1313 3120 1384 pedes
3165 1311 3273 1368 hoc
3301 1312 3426 1368 loco
3452 1311 3636 1368 intel-

2037 1382 2311 1455 ligendos
2334 1382 2469 1436 esse
2493 1382 2956 1438 demonstraturi

2035 1509 2124 1563 54.
2160 1507 2431 1562 Didicisti
2461 1523 2608 1579 ergo
2649 1507 2748 1562 ubi
2779 1508 3080 1564 Christum
3125 1509 3396 1582 requiras
3423 1525 3436 1566 :
3468 1509 3634 1566 disce

1965 1597 2140 1655 etiam
2170 1596 2662 1667 quemadmodum
2693 1597 2897 1668 possis
2928 1599 3143 1654 mereri
3175 1601 3237 1653 ut
3267 1599 3364 1654 ille
3393 1603 3448 1654 te
3479 1615 3638 1671 quae.

1963 1690 2071 1741 rat.
2123 1685 2329 1740 Excita
2388 1684 2669 1756 Spiritum
2699 1689 2969 1740 sanctum
3019 1687 3265 1742 dicens:
3317 1688 3623 1760 Exsurge,

1961 1774 2196 1848 Aquilo,
2231 1779 2290 1828 et
2327 1774 2481 1843 veni,
2531 1775 2801 1840 Auster;
2846 1777 3045 1846 aspira
3083 1776 3318 1830 hortum
3349 1792 3540 1831 meum
3573 1781 3633 1832 et

1957 1864 2256 1936 pro/luant
2305 1869 2566 1917 aromata
2613 1877 2742 1918 mea
2792 1863 2987 1933 (Cant.
3020 1881 3098 1933 iv,
3151 1865 3260 1933 16).
3294 1865 3634 1921 Descendat

1963 1952 2274 2008 fraternus
2301 1967 2467 2006 meus
2498 1953 2558 2006 in
2590 1952 2822 2006 hortum
2845 1970 3026 2019 suum,
3055 1960 3112 2007 et
3145 1954 3456 2009 manducet
3479 1953 3637 2009 fruc-

1967 2047 2061 2096 tus
2070 2039 2497 2113 pomiferarum
2529 2055 2767 2094 suarum
2801 2041 2994 2111 (Cant.
3015 2059 3070 2108 v,
3096 2042 3170 2112 1).
3206 2043 3429 2098 Hortus
3453 2043 3635 2100 Verbi

1963 2131 2174 2185 animae
2204 2130 2507 2184 vernantis
2548 2128 2796 2184 allectus
2826 2134 2939 2201 est,
2993 2134 3050 2186 et
3080 2131 3139 2186 in
3169 2132 3477 2203 pomiferis
3507 2132 3633 2190 vir-

1964 2219 2106 2274 tutis
2138 2221 2230 2274 est
2260 2218 2510 2273 fructus.

2031 2327 2120 2380 55.
2156 2325 2328 2380 Venit
2359 2340 2541 2396 ergo;
2575 2327 2631 2380 et
2652 2324 2780 2379 sive
2812 2325 3156 2396 manduces,
3191 2326 3320 2382 sive
3349 2325 3542 2396 bibas,
3577 2327 3633 2382 si

1961 2408 2285 2469 Christium
2303 2414 2567 2479 invocas,
2588 2414 2758 2468 adest
2770 2414 2978 2469 dicens
2999 2431 3012 2470 :
3040 2414 3269 2485 Venite,
3285 2415 3633 2472 manducata

1957 2519 2145 2574 panes
2163 2519 2342 2572 meos,
2368 2508 2426 2556 et
2447 2501 2641 2557 bibite
2661 2503 2854 2557 vinum
2876 2519 3063 2558 meum
3085 2503 3295 2574 (Prov.
3311 2522 3392 2574 ix,
3409 2507 3485 2575 5);
3501 2505 3630 2561 sive

1959 2592 2133 2646 etiam
2164 2591 2445 2661 dormias,
2496 2591 2691 2662 pulsat
2720 2591 2794 2646 ad
2835 2591 3098 2663 januam.
3131 2593 3320 2662 Venit,
3357 2592 3619 2666 inquam,

1960 2679 2319 2751 frequenter,
2345 2683 2401 2734 et
2421 2695 2527 2751 per
2547 2683 2928 2751 prospectum
2967 2682 3142 2736 mittit
3184 2698 3421 2737 manum
3461 2699 3632 2742 suam

1961 2769 2067 2824 sed
2089 2785 2208 2824 non
2227 2785 2465 2840 semper
2485 2785 2593 2823 nec
2613 2769 2686 2822 ad
2707 2785 2915 2824 omnes
2941 2785 2953 2825 :
2990 2771 3098 2824 sed
3131 2771 3204 2825 ad
3228 2786 3355 2826 eam
3379 2773 3632 2830 animam

1961 2874 2093 2929 quas
2121 2862 2316 2929 potest
2356 2857 2593 2912 dicere:
2627 2857 2820 2914 Nocte
2850 2859 2990 2914 exui
3019 2875 3114 2914 me
3148 2861 3404 2915 tunicam
3435 2879 3624 2918 meam

1961 2947 2157 3016 (Cant.
2182 2962 2240 3017 v,
2264 2945 2339 3016 3).
2365 2946 2595 3002 Etenim
2628 2947 2687 3001 in
2717 2947 2828 3001 hac
2876 2949 3082 3004 saeculi
3114 2952 3287 3005 nocte
3318 2950 3484 3021 prius
3514 2949 3622 3008 tibi

1963 3037 2292 3106 corporalis
2316 3037 2451 3091 vitae
2470 3037 2721 3090 amictus
2744 3039 2837 3090 est
2867 3038 3199 3107 exuendus,
3234 3039 3355 3093 exit
3373 3040 3528 3094 enim
3562 3055 3630 3095 se

1963 3141 2138 3181 carne
2172 3125 2478 3194 Dominus,
2512 3127 2574 3179 ut
2601 3140 2709 3194 pro
2740 3127 2796 3180 te
2827 3125 2898 3179 de
2931 3126 3429 3182 dominationibus
3460 3131 3516 3184 et
3537 3144 3635 3200 po-

1962 3214 2277 3270 testatibus
2308 3212 2510 3268 mundi
2540 3212 2715 3267 istius
2743 3213 3148 3284 triumpharet.

2033 3321 2120 3376 56.
2162 3319 2452 3385 Quomodo
2498 3319 2735 3374 induam
2768 3319 2928 3375 illam
2975 3321 3178 3392 (Ibid.)
3201 3323 3230 3377 ε)
3260 3320 3404 3377 Vide
3436 3320 3628 3380 anima

1962 3410 2084 3465 Deo
2109 3411 2318 3464 devota
2335 3408 2474 3479 quid
2502 3408 2674 3463 dicat.
2698 3408 2797 3464 Sic
2827 3425 2893 3465 se
2923 3413 3090 3465 actus
3125 3411 3393 3481 corporis
3417 3415 3473 3466 et
3504 3415 3628 3467 ter-'

1963 3513 2142 3554 rencs
2190 3499 2352 3552 exuit
2384 3513 2600 3566 mores,
2653 3501 2716 3552 ut
2744 3499 2972 3552 nesciat
3019 3500 3336 3570 quomodo,
3390 3497 3630 3556 etiamsi

1963 3588 2122 3655 velit,
2155 3603 2370 3641 rursus
2402 3587 2593 3656 possit
2623 3586 2889 3642 induere.
2946 3587 3237 3652 Quomodo
3268 3589 3504 3644 induam
3554 3589 3626 3644 il-

1963 3677 2078 3732 lam
2101 3677 2129 3729 ἱ)
2175 3675 2288 3730 hoc
2319 3679 2430 3744 est,
2473 3675 2610 3746 quia
2655 3677 3034 3744 verecundia,
3067 3693 3185 3748 quo
3229 3677 3475 3748 pudore,
3510 3694 3625 3750 qua

1961 3769 2262 3838 postremo
2295 3763 2620 3818 memoria?
2666 3764 3044 3820 Consuetudo
3094 3765 3250 3820 enim
3279 3766 3418 3822 boni
3450 3783 3625 3824 usum

1964 3853 2273 3926 pravitatis
2306 3853 2528 3908 veteris
2559 3851 2776 3908 amisit.

2034 3960 2122 4015 5'7.
2176 3961 2324 4015 Lavi
2365 3959 2555 4031 pedes
2602 3977 2782 4031 meos,
2828 3959 3106 4034 quomodo
3144 3959 3466 4036 inquinabo
3495 3961 3631 4020 illos

1964 4050 2213 4120 (Ibid.)?
2266 4047 2536 4102 Didicisti
2567 4048 2624 4111 in
2658 4045 2982 4122 Evangelio
3014 4051 3170 4122 quod
3203 4051 3387 4122 pedes
3434 4052 3632 4110 lavare

1965 4140 2100 4194 fidei
2124 4137 2468 4209 mysterium
2494 4137 2838 4194 humilitatis
2860 4139 3096 4212 insigne
3129 4141 3204 4194 sit
3230 4157 3243 4198 :
3270 4140 3441 4213 juxta
3473 4139 3634 4214 quod

1961 4229 2251 4299 scriptum
2281 4230 2374 4282 est
2397 4242 2409 4282 :
2436 4228 2507 4281 Si
2538 4244 2646 4300 ego
2673 4227 2728 4282 la
2740 4229 2797 4282 vi
2806 4229 2992 4300 pedes
3016 4235 3251 4284 vestros
3272 4229 3556 4285 Dominus
3569 4233 3632 4286 et

1964 4317 2272 4389 magister,
2311 4321 2524 4388 quanto
2552 4317 2743 4388 magis
2797 4334 2898 4372 vos
2927 4318 3167 4372 debetis
3196 4319 3352 4373 alter
3381 4319 3634 4373 alterius

1961 4405 2149 4480 pedes
2178 4403 2385 4459 lavare
2417 4404 2607 4473 (Joan.
2649 4419 2772 4475 xui,
2809 4405 2897 4475 14)
2919 4407 2948 4460 ?
2994 4407 3109 4462 Sed
3141 4407 3254 4461 hoc
3286 4408 3358 4460 ad
3390 4405 3631 4460 humili-

1963 4500 2139 4550 tatem
2171 4494 2438 4564 pertinet.
2490 4493 2780 4558 Quantum
2825 4510 2965 4549 vero
2997 4493 3070 4548 ad
3121 4495 3489 4564 mysterium,
3522 4510 3631 4565 pe-

1964 4585 2072 4639 des
2104 4583 2279 4637 debet
2308 4581 2504 4636 lavare
2533 4598 2680 4636 suos
2709 4582 2808 4653 qui
2837 4581 2959 4636 vult
2988 4585 3212 4653 partem
3244 4582 3462 4637 habere
3495 4595 3631 4638 cum

1964 4673 2239 4727 Christo:
2289 4671 2360 4726 Si
2389 4671 2544 4726 enim
2588 4687 2700 4726 non
2750 4670 2977 4741 lavero,
3012 4671 3219 4742 inquit,
3282 4670 3396 4725 tibi
3417 4672 3627 4743 pedes,

1967 4779 2078 4818 non
2139 4761 2395 4816 habebis
2444 4765 2679 4832 partem
2723 4775 2945 4814 mecum
2989 4759 3165 4830 (Ibid.
3197 4761 3279 4828 8).
3337 4761 3481 4816 Cum
3513 4761 3629 4817 hoc

1967 4852 2140 4907 Petro
2177 4849 2411 4920 dicitur,
2445 4848 2584 4920 quid
2617 4848 2688 4902 de
2718 4848 2893 4903 nobis
2923 4853 3202 4904 censetur
3221 4853 3248 4905 ?

2036 4958 2124 5012 58.
2149 4956 2260 5022 Qui
2280 4955 2420 5011 lavit
2443 4956 2622 5027 igitur
2641 4954 2846 5026 pedes,
2884 4971 3002 5010 non
3023 4971 3275 5012 necesse
3316 4954 3494 5012 habet
3526 4955 3636 5013 ite-

1966 5063 2096 5101 rum
2115 5046 2311 5100 lavare
2337 5061 2351 5114 ;
2383 5047 2440 5099 et
2457 5044 2588 5099 ideo
2613 5048 2816 5099 caveat
2837 5059 2910 5099 ne
2933 5044 3197 5117 inquinet
3218 5062 3344 5101 eos.
3381 5046 3452 5100 Et
3481 5046 3634 5102 bene

1966 5139 2170 5190 sancta
2220 5133 2488 5189 Ecclesia
2518 5133 2694 5188 dicit:
2749 5134 2899 5188 Lavi
2920 5134 3108 5206 pedes
3156 5151 3335 5191 meos.
3381 5133 3515 5189 Non
3545 5134 3637 5190 di-

1967 5227 2080 5280 cit:
2115 5223 2419 5289 Quomodo
2458 5222 2670 5278 iterum
2715 5222 2926 5279 lavabo
2971 5239 3118 5294 eos;
3171 5224 3300 5295 sed,
3337 5223 3638 5296 quomodo

1964 5317 2176 5370 iterum
2195 5313 2517 5385 inquinabo
2541 5328 2647 5368 eos
2667 5314 2696 5367 ?
2724 5312 2896 5384 quasi
2919 5312 3096 5368 oblita
3118 5314 3364 5369 maculae
3390 5314 3636 5384 veteris,

1967 5405 2146 5461 oblita
2169 5402 2446 5475 contagii.
2472 5403 2765 5457 Admonet
2782 5400 3038 5474 igiturin
3060 5401 3391 5459 ministerio
3421 5417 3639 5472 corpo-

1964 5494 2076 5550 rali
2097 5492 2591 5565 quemadmodum
2613 5491 2877 5563 spiritale
2899 5490 3223 5547 debeamus
3261 5495 3496 5546 actuum
3529 5504 3636 5544 no.

1964 5588 2224 5640 strorum
2245 5582 2470 5638 diluere
2491 5580 2830 5652 vestigium.
2856 5579 3055 5651 Itaque
3093 5580 3277 5650 pedes
3301 5594 3432 5633 cum
3451 5575 3640 5636 semel

1963 5675 2182 5732 laveris
2206 5673 2412 5732 aeterni
2432 5671 2614 5728 fontis
2636 5669 2886 5744 irriguo,
2911 5672 2967 5725 et
2990 5667 3256 5741 mysterii
3277 5665 3643 5724 nundaveril

1966 5765 2337 5829 Sacramento
2365 5805 2380 5841 ,
2413 5771 2556 5824 cave
2588 5773 2661 5824 ne
2690 5759 2905 5819 iterum
2941 5770 3245 5839 corporeae
3294 5751 3634 5840 cupiditati!
