4060 6158
386 297 508 365 296

1815 349 1818 352 .
1843 291 1912 356 S.
1957 289 2404 364 AMBROSII.

3703 298 3810 364 2%

390 499 612 568 illuvie,
645 495 1034 568 lutulentique
1062 496 1233 552 actus
1263 493 1518 552 terrenis
1548 491 1834 549 sordibus
1863 491 2067 564 inqui-
2087 473 2147 540 Α
2181 491 2301 548 rire
2346 491 2569 564 incipit,
2622 494 2686 548 ut
2725 491 2976 564 accipiat
3020 493 3211 564 primo
3249 493 3487 550 odorem
3516 495 3812 554 Dominicas

389 590 606 644 nentur
635 585 769 656 (39).

462 675 558 730 59.
597 674 698 729 Isti
731 675 874 728 sunt
910 672 1096 744 pedes
1127 687 1280 744 quos
1311 670 1499 727 David
1547 669 1688 726 lavit
1732 670 1792 726 in
1833 671 2065 742 spiritu,

398 754 549 822 228
589 763 688 835 qui
707 765 764 817 te
788 761 962 818 docet
982 760 1475 833 quemadmodum
1495 774 1601 815 eos
1622 759 1930 831 inquinare
1950 777 2070 817 non

392 853 620 926 possis,
645 851 889 906 dicens:
921 849 1171 905 Stantes
1189 854 1366 904 erant
1379 847 1570 921 pedes
1595 849 1791 904 nostri
1809 849 1872 904 in
1893 851 2074 906 atriis

406 942 528 1016 tuis
559 939 894 998 Jerusalem
917 937 1106 1009 (Psal.
1133 955 1292 1009 cxxx,
1321 938 1397 1008 2).
1432 937 1648 1010 Utique
1669 937 1766 993 hic
1786 954 1906 994 non
1936 954 2072 994 cor-

396 1031 586 1105 poris,
624 1029 733 1085 sed
785 1027 966 1084 animi
1015 1027 1280 1100 intellige
1329 1026 1534 1098 pedes.
1565 1025 1870 1092 Quomodo
1915 1029 2072 1084 enim

399 1124 674 1178 terrenus
703 1118 883 1174 homo
907 1117 967 1171 in
991 1115 1141 1172 coelo
1162 1115 1408 1172 haberet
1430 1115 1698 1188 corporis
1719 1117 1902 1186 pedes
1923 1117 1952 1172 ?
1970 1117 2073 1172 Je-

397 1208 663 1266 rusalem
704 1207 884 1276 enim,
918 1205 1074 1261 sicut
1115 1203 1338 1260 Paulus
1383 1208 1440 1260 te
1483 1205 1682 1260 docuit
1713 1205 1924 1276 (Hebr.
1967 1223 2071 1279 xu,

401 1296 524 1370 22),
558 1297 619 1352 in
651 1296 801 1352 caelo
829 1296 941 1350 est.
975 1293 1045 1349 Et
1074 1293 1231 1350 idem
1267 1296 1325 1349 te
1357 1293 1555 1350 docuit
1583 1295 2076 1366 quemadmodum

399 1387 465 1443 in
497 1387 652 1442 caelo
675 1389 833 1441 stare
850 1383 1075 1456 possis,
1101 1399 1233 1438 cum
1257 1382 1423 1438 dicit:
1455 1383 1682 1440 Nostra
1711 1391 1904 1439 autem
1935 1401 2075 1441 con-

407 1474 676 1532 versatio
707 1474 770 1528 in
795 1472 966 1528 ccelis
983 1478 1073 1528 est
1103 1471 1388 1544 (Philipp.
1421 1489 1502 1542 ιιι,
1535 1471 1626 1544 20)
1653 1488 1664 1528 :
1699 1475 2074 1530 conversatio

403 1579 654 1633 morum,
709 1561 1083 1618 conversatio
1133 1559 1442 1631 factorum,
1495 1562 1870 1618 conversatio
1915 1562 2072 1618 ﬁdei.

1062 1648 1316 1703 CAPUT
1334 1649 1430 1703 XI.

405 1741 636 1799 Bonum
667 1755 803 1796 esse
833 1739 908 1794 ad
929 1753 1232 1794 accessum
1255 1737 1491 1810 Christi
1513 1739 1820 1810 trepidare
1843 1755 1910 1795 ac
1928 1739 2078 1796 festi

477 1829 626 1868 nare
649 1831 666 1866 :
709 1827 838 1884 eum
869 1825 1130 1884 noncum
1155 1809 1411 1884 ‘venerit
1441 1809 1644 1884 solum,
1675 1811 1786 1866 sed
1818 1818 1877 1866 et
1902 1813 2078 1884 prius

469 1899 636 1957 quam
651 1880 996 1957 _veniat,soli
1000 1887 1036 1957 t_
1028 1897 1118 1934 um
1131 1879 1378 1957 deﬂerre
1390 1881 1745 1957 mercedem,
1755 1888 1814 1936 ut
1824 1879 2076 1957 myrrha

478 1951 660 2026 digiti
675 1969 742 2008 ac
766 1967 974 2026 manus
992 1951 1197 2016 fluant,
1219 1951 1327 2026 hoc
1341 1957 1453 2018 est,
1471 1957 1529 2004 ut
1553 1952 1868 2026 credamus
1885 1951 2076 2008 ’01)νί-

477 2021 632 2081 stum
649 2039 760 2078 non
781 2023 1008 2079 Vidisse
1021 2021 1476 2087 corruptionem,
1487 2038 1612 2076 cum
1627 2023 1708 2077 sit
1723 2031 2078 2087 unguentum

480 2095 730 2168 ell'usum
751 2093 1124 2168 nomeneius.
1147 2093 1273 2147 Hoc
1287 2099 1641 2168 unguentum
1663 2093 1819 2168 quod
1842 2111 2080 2168 semper

477 2165 795 2238 fragrabat
827 2164 978 2238 apud
1004 2164 1274 2238 Patrem,
1308 2164 1370 2238 in
1405 2164 1886 2238 tempore—Filius
1928 2164 2079 2222 επη-

481 2233 610 2302 dit';
644 2236 754 2309 sed
785 2233 1152 2291 exinanitum
1175 2233 1288 2288 fuit
1319 2235 1382 2309 in
1411 2233 1653 2309 Judaeis,
1690 2243 1749 2291 et
1778 2253 1810 2292 a
1836 2238 2080 2309 gentili-

478 2309 592 2365 bus
620 2307 945 2372 collectum,
971 2321 1223 2380 deumque
1253 2307 1568 2360 etiamnum
1609 2307 1753 2380 [luat
1793 2307 2076 2380 quotidie,

479 2381 810 2452 diligenter
843 2377 1256 2448 excipiendum
1289 2383 1401 2447 est,
1436 2383 1496 2432 ut
1528 2379 1780 2433 animam
1801 2377 2078 2434 nostram

479 2459 659 2508 totam
686 2453 988 2522 penetret.

487 2541 577 2597 60.
610 2538 896 2609 Quisquis
929 2536 1019 2592 sic
1047 2536 1210 2607 vivit,
1243 2539 1439 2607 potest
1476 2537 1706 2594 dicere:
1741 2538 2080 2597 Fraternas

405 2645 574 2686 meus
593 2627 758 2682 misit
779 2640 1010 2679 manum
1032 2640 1195 2679 suam
1223 2641 1340 2696 per
1349 2633 1747 2697 prosper-tum,
1773 2635 1833 2682 et
1869 2636 2081 2684 venter

402 2733 570 2774 meus
583 2715 860 2772 turbatus
870 2718 962 2768 est
975 2713 1052 2767 ad
1063 2712 1226 2767 illum
1245 2715 1493 2768 surrexi
1503 2716 1744 2785 aperire
1754 2715 1941 2772 fratri
1952 2733 2080 2774 meo

405 2807 607 2878 (Cant.
643 2821 702 2874 v,
737 2802 816 2874 4).
848 2803 1076 2856 Bonum
1107 2805 1198 2856 est
1217 2803 1280 2856 ut
1295 2801 1368 2856 ad
1389 2803 1704 2859 adventum
1723 2804 1954 2860 Domini
1983 2806 2080 2862 in-

375 2885 380 2892 ’
403 2895 624 2952 teriora
645 2892 980 2948 turbentur.
1008 2889 1072 2945 Si
1091 2889 1165 2944 ad
1191 2889 1390 2962 angeli
1411 2889 1726 2946 adventum
1747 2892 1929 2948 Maria
1949 2897 2078 2950 tur-

405 2982 543 3040 bata
573 2986 668 3039 est
695 2985 713 3051 ζ
721 2981 862 3037 Luc.
894 2997 934 3049 ι,
967 2979 1080 3050 29),
1115 2981 1332 3050 quanto
1378 2980 1573 3052 magis
1611 2981 1686 3036 ad
1713 2980 1935 3038 Christi
1964 2999 2076 3040 nos

404 3072 718 3128 turbamur
749 3066 1104 3126 adventum!
1153 3068 1541 3124 lntluentibus
1586 3071 1802 3142 quippe
1835 3073 2074 3144 divinis,

411 3176 738 3233 corporeus
768 3158 1180 3232 peregrinatur
1217 3156 1484 3228 allectus,
1511 3161 1568 3213 et
1597 3175 1745 3215 usus
1775 3160 1874 3216 ille
1911 3165 2078 3218 exte-

409 3251 590 3308 rioris
621 3249 882 3305 hominis
915 3246 1221 3302 exolescit.
1257 3246 1328 3300 Et
1356 3249 1418 3301 tu
1447 3247 1706 3320 turbare,
1739 3253 1796 3303 et
1822 3253 1880 3305 tu
1914 3249 2078 3306 festi-

406 3355 504 3397 na.
531 3339 910 3394 Festinantes
931 3335 1016 3390 illi
1044 3351 1262 3408 agnum
1281 3336 1636 3392 manducare
1656 3339 2081 3410 praecipiuntur

405 3429 629 3499 (Exod.
662 3445 765 3498 xu,
800 3426 911 3498 11).
942 3425 1158 3498 Surge,
1200 3425 1384 3496 aperi,
1415 3426 1490 3482 ad
1531 3425 1774 3499 januam
1801 3427 2076 3487 Christus

408 3519 522 3584 est,
553 3515 849 3572 vestibula
879 3515 1092 3570 domus
1121 3517 1238 3570 tum
1267 3513 1494 3586 pulsat:
1539 3515 1593 3570 si
1623 3517 1949 3590 aperueris,
1982 3519 2076 3574 in-

401 3605 625 3675 troibit,
657 3608 716 3662 et
746 3605 1013 3660 introibit
1041 3619 1176 3659 cum
1209 3604 1402 3659 Patre.

475 3693 566 3750 6t.
602 3694 727 3750 Nec
757 3693 954 3750 solum
983 3709 1116 3749 cum
1145 3693 1466 3765 ingressus
1505 3693 1702 3766 fuerit,
1743 3701 2079 3758 mercedem

407 3783 726 3856 relinquit;
759 3783 867 3838 sed
886 3783 1060 3838 etiam
1089 3782 1467 3856 priusquam
1497 3785 1886 3860 ingrediatur,
1920 3806 2078 3846 mer-

409 3873 618 3928 cedem
636 3871 955 3944 prtemittit.
981 3871 1191 3926 Adhuc
1221 3871 1415 3926 anima
1435 3873 1723 3946 turbatur,
1747 3877 1940 3934 adhuc
1971 3896 2080 3951 pa-

403 3961 586 4018 rietes
635 3961 852 4018 domus
896 3977 1024 4016 suae
1061 3960 1284 4032 palpet,
1335 3961 1528 4016 adhuc
1568 3964 1828 4022 hostium
1865 3970 2080 4040 quaerit

398 4049 505 4106 ubi
533 4049 812 4106 Christus
843 4053 955 4120 est,
989 4049 1184 4104 adhuc
1223 4049 1403 4106 solvit
1439 4053 1741 4109 vinculum
1771 4059 1990 4128 carnis,
2023 4076 2055 4114 e

406 4139 678 4211 corporis
713 4139 992 4208 claustra,
1026 4138 1218 4193 adhuc
1239 4137 1514 4195 Christus
1547 4141 1694 4197 foris
1723 4145 1920 4214 pulsat
1935 4137 2074 4226 (40);

390 4227 610 4284 Manus
621 4234 834 4298 autem,
861 4228 1070 4299 inquit,
1089 4243 1235 4283 mea:
1255 4229 1420 4284 stilla
1435 4239 1646 4286 verunt
1669 4214 2001 4312 myrrham,

399 4316 588 4390 digiti
619 4317 738 4373 mei
760 4317 930 4390 pleni
960 4318 1022 4371 in
1051 4317 1326 4372 manibus
1355 4317 1646 4377 clausura:
1676 4323 1872 4394 (Cant.
1906 4347 1962 4400 v,
1997 4333 2074 4404 5).

404 4406 590 4472 Quam
621 4407 923 4479 myrrham
953 4406 1176 4461 stillant
1219 4423 1431 4464 anima;
1469 4426 1704 4484 manus,
1755 4415 1872 4470 nisi
1917 4419 2078 4476 illam

403 4511 580 4568 quam
599 4497 808 4552 obtulit
824 4495 1030 4569 justus
1063 4496 1159 4551 ille
1190 4496 1574 4570 Nicodemus,
1595 4503 1882 4576 magister
1901 4507 1961 4562 in
1987 4509 2078 4565 ls-

404 4585 527 4642 rael
561 4586 751 4657 (Joan.
787 4604 870 4657 ιιι,
907 4585 1016 4656 10),
1062 4585 1160 4640 ille
1198 4585 1299 4658 qui
1345 4589 1558 4644 meruit
1601 4570 1818 4648 lavacri
1847 4595 2074 4666 primus
2101 4570 2161 4641 υ

407 4675 610 4730 audire
637 4675 1004 4748 mysterium,
1027 4675 1125 4746 qui
1161 4675 1352 4730 attulit
1391 4678 1707 4734 mixturam
1731 4685 1988 4754 myrrhae
2020 4691 2078 4743 et

405 4761 570 4818 aloes
600 4764 770 4834 quasi
801 4763 986 4818 libras
1017 4765 1273 4835 centum,
1307 4767 1364 4820 et
1395 4765 1554 4820 misit
1582 4767 1642 4822 in
1679 4785 1898 4842 corpus
1929 4774 2074 4833 Jesu

394 4846 588 4992 gigni:
623 4869 746 4922 xix,
778 4852 868 4922 39)
895 4869 908 4908 :
952 4853 1280 4924 perfectum
1319 4855 1519 4928 utique
1551 4858 1794 4914 odorem
1825 4862 1959 4919 tldei
1991 4871 2076 4922 at-

423 4954 459 4994 u
487 4939 528 4993 it
554 4981 566 4994 .

467 5027 557 5083 62.
583 5027 756 5084 Hunc
783 5028 1024 5085 odorem
1049 5030 1272 5104 fragrat
1307 5033 1499 5090 anima
1521 5052 1653 5108 qum
1683 5038 1920 5099 Christo
1937 5061 2074 5118 ape-

467 5171 601 5242 (39).
633 5170 1023 5248 Omnesedit.
1048 5189 1205 5248 cuni
1223 5175 1429 5248 paucis
1461 5193 1632 5248 mss.,
1667 5197 1815 5238 cave
1853 5186 2072 5244 iterum

398 5243 1088 5325 corporeae-cupiditatis
1131 5243 1420 5325 illuviem,
1466 5264 1540 5325 ne
1589 5243 1868 5310 lutulenti
1905 5243 2074 5316 actus

2185 581 2528 653 sepulturae,
2561 585 2617 636 et
2638 581 2840 637 credat
2868 581 3004 654 quia
3027 596 3165 638 caro
3187 581 3320 654 ejus
3337 599 3452 640 non
3472 585 3612 640 vidit
3631 601 3816 642 corru-

2184 672 2465 742 ptionem,
2498 686 2608 727 nec
2655 671 2836 726 odore
2867 671 3066 742 aliquo
3109 671 3315 728 mortis
3365 673 3674 728 emarcuit:
3722 675 3818 730 sed

2187 761 2392 814 interni
2419 759 2581 815 illius
2629 761 2816 831 ﬂoris,
2849 763 2907 815 et
2935 775 3174 832 semper
3212 760 3456 816 virentis
3486 761 3658 818 odore
3687 779 3819 818 con-

2187 848 2306 904 dita
2335 849 2614 904 surrexit.
2656 849 2961 914 Quomodo
2992 851 3148 905 enim
3195 853 3421 921 poterat
3450 851 3544 906 vel
3574 850 3632 904 in
3661 867 3822 906 carne

2188 953 2580 1009 marcescere,
2617 937 2791 1010 cujus
2831 953 3048 994 nomen
3083 942 3447 1012 unguentum
3484 939 3824 994 exinanitum

2187 1029 2280 1082 est
2307 1027 2503 1098 (Cant.
2535 1043 2572 1092 ι,
2607 1026 2661 1098 2)
2681 1028 2710 1082 ?
2741 1026 3078 1082 Exinanivit
3117 1044 3206 1099 se,
3240 1031 3302 1082 ut
3330 1028 3582 1100 spiraret
3608 1027 3726 1082 tibi.

2257 1115 2346 1172 63.
2377 1115 2625 1187 Semper
2650 1119 3015 1188 unguentum
3059 1116 3174 1172 hoc
3203 1120 3347 1187 erat,
3381 1117 3490 1172 sed
3537 1119 3658 1170 erat
3684 1116 3827 1187 apud

2189 1205 2442 1276 Patrem,
2467 1207 2593 1260 erat
2630 1204 2692 1260 in
2712 1204 2904 1260 Patre.
2945 1205 3151 1260 Olebat
3179 1208 3404 1261 tantum
3433 1205 3664 1278 angelis
3692 1196 3827 1260 229

2187 1297 2244 1350 et
2271 1293 2669 1366 archangelis,
2699 1296 2978 1366 tanquam
3006 1294 3157 1349 intra
3185 1311 3294 1350 vas
3325 1293 3480 1350 coeli.
3503 1293 3740 1365 Aperuit
3765 1309 3828 1349 os

2189 1385 2365 1438 Pater
2395 1383 2602 1438 dicens
2623 1398 2636 1438 :
2655 1383 2817 1438 Ecce
2831 1384 3006 1455 posui
3017 1390 3075 1438 te
3093 1384 3156 1438 in
3173 1387 3588 1438 testamentum
3607 1383 3838 1454 generis

2187 1473 2326 1542 mei,
2349 1472 2413 1526 in
2440 1471 2628 1527 lucem
2661 1473 2967 1544 gentium,-
2999 1478 3058 1526 ut
3088 1473 3178 1526 sis
3197 1473 3259 1526 in
3291 1472 3541 1527 salutem
3575 1486 3746 1542 usque
3773 1469 3840 1524 ad

2191 1567 2523 1616 extremum
2558 1560 2897 1632 terraa(lsa.
2922 1577 3078 1631 xux,
3100 1560 3176 1632 6).
3205 1560 3528 1616 Descendit
3543 1559 3838 1629 Filius,re-

2186 1649 2342 1721 pleta
2360 1653 2498 1704 sunt
2531 1650 2725 1705 omnia
2761 1664 2917 1705 novo
2959 1649 3140 1704 odore
3171 1649 3376 1706 Verbi.
3417 1647 3713 1704 Eructavit
3741 1663 3835 1702 cor

2188 1739 2380 1794 Patris
2399 1738 2659 1794 Verbum
2693 1738 2916 1794 bonum
2937 1738 3124 1807 (Psal.
3163 1755 3321 1809 κων,
3345 1737 3424 1809 2),
3459 1737 3741 1810 fragravit
3765 1735 3843 1790 Fi-

2101 1855 2156 1918 Β
2183 1826 2323 1898 lius,
2355 1828 2610 1898 Spiritus
2642 1831 2886 1883 sanctus
2917 1827 3232 1897 exhalavit,
3252 1831 3432 1900 atque
3461 1842 3571 1898 per
3597 1825 3838 1881 omnium

2186 1932 2252 1972 se
2286 1917 2462 1972 corda
2507 1915 2768 1972 diffudit:
2819 1915 3052 1971 Diﬂ‘usa
3084 1922 3176 1971 est
3221 1917 3381 1971 enim
3433 1915 3698 1970 charitas
3741 1913 3842 1968 Dei

2186 2007 2250 2061 in
2287 2005 2572 2062 cordibus
2606 2005 2835 2060 nostris
2875 2021 2993 2077 per
3027 2005 3319 2078 Spiritum
3356 2012 3624 2060 sanctum
3666 2003 3840 2075 (Rom.

2185 2113 2242 2164 ν,
2279 2096 2355 2160 5).

2256 2201 2345 2256 64.
2378 2200 2510 2272 Ipse
2554 2200 2660 2256 Dei
2689 2200 2874 2256 Filius
2907 2201 2967 2256 in
3017 2217 3266 2273 corpore
3301 2205 3586 2274 tanquam
3626 2200 3684 2255 in
3710 2213 3842 2254 vase

2189 2291 2431 2346 odorem
2461 2289 2651 2360 primo
2683 2288 3018 2360 cohibebat,
3045 2307 3221 2346 suum
3253 2292 3576 2364 opperiens
3606 2292 3847 2360 tempus,

2187 2380 2344 2434 sicut
2370 2379 2481 2434 ait:
2517 2379 2802 2434 Dominus
2823 2379 2924 2434 dat
2939 2380 3082 2434 milii
3097 2379 3360 2452 linguam
3385 2379 3758 2447 eruditionis,
3792 2381 3846 2430 ut

2187 2469 2371 2524 sciam
2405 2467 2634 2541 quando
2653 2474 2921 2539 Oporteat
2945 2469 3150 2524 dicere
3167 2485 3508 2525 sermonem
3539 2468 3679 2538 (Isa.
3703 2484 3752 2537 1.,
3773 2465 3842 2534 4).

2185 2559 2348 2613 venit
2395 2557 2561 2627 hora,
2617 2559 2676 2626 et
2716 2558 2945 2628 aperuit
2987 2573 3078 2628 os,
3123 2559 3454 2614 exinanivit
3497 2558 3850 2630 unguentum

2187 2644 2319 2716 (4t),
2353 2645 2587 2718 quando
2617 2646 2806 2700 virtus
2839 2647 3038 2702 exibat
3065 2646 3136 2702 de
3167 2662 3257 2702 eo.

2256 2752 2345 2807 65.
2396 2751 2524 2807 Hoc
2566 2755 2935 2824 unguentum
2992 2755 3358 2810 exinanitum
3408 2758 3504 2811 est
3542 2770 3722 2825 super
3759 2751 3853 2807 Ju-

2187 2842 2374 2911 daeos,
2399 2843 2458 2896 et
2491 2841 2803 2896 collectum
2842 2845 2936 2897 est
2979 2859 3011 2897 a
3052 2844 3364 2916 gentibus:
3416 2843 3776 2900 exinanitum
3803 2841 3858 2895 in

2185 2931 2412 3000 Judaea,
2446 2932 2503 2984 et
2529 2929 2783 2985 redoluit
2805 2931 2864 2985 in
2887 2933 3163 2988 omnibus
3185 2933 3384 2988 terris.
3418 2935 3549 2988 Hoc
3569 2933 3857 3005 unguento

2186 3023 2361 3074 uncta
2393 3022 2484 3074 est
2529 3019 2731 3088 Maria,
2765 3023 2822 3074 et
2868 3021 3040 3094 virgo
3086 3023 3375 3094 concepit,
3423 3023 3598 3096 virgo
3646 3020 3858 3093 peperit

2185 3109 2406 3163 bonum
2421 3108 2682 3178 odorem,
2705 3109 2808 3163 Dei
2827 3109 3058 3165 Filium.
3081 3111 3207 3166 Hoc
3221 3116 3604 3184 unguentum
3618 3111 3860 3166 etl‘usum

2109 3211 2164 3279 ο
2187 3201 2278 3253 est
2300 3212 2480 3268 super
2491 3213 2696 3269 aquas,
2718 3199 3401 3272 etsanctiticavitaquas.
3423 3201 3552 3257 Hoc
3566 3201 3855 3272 unguento

2186 3287 2348 3342 uncti
2365 3289 2504 3341 sunt
2519 3289 2641 3341 tres
2658 3287 2846 3356 pueri,
2872 3290 2929 3342 et
2949 3287 3258 3344 humorem
3287 3289 3362 3344 iis
3389 3291 3629 3346 ﬂamma
3651 3289 3861 3344 roravit

2187 3376 2358 3445 (Dan.
2389 3392 2470 3445 ιιι,
2493 3375 2604 3444 ‘23).
2631 3375 2760 3430 Hoc
2793 3376 2998 3432 Daniel
3029 3381 3247 3432 unctus
3277 3382 3394 3449 est,
3425 3383 3484 3435 et
3506 3380 3744 3435 leonum
3764 3391 3859 3434 ora

2185 3464 2453 3535 mollivit,
2475 3463 2880 3551 feritatemque
2900 3467 3210 3538 permulsit
3231 3467 3410 3536 (Dan.
3432 3486 3514 3539 γι,
3541 3469 3656 3540 29.).

2257 3589 2346 3646 66.
2378 3589 2533 3645 Fluit
2571 3589 2684 3644 hoc
2727 3593 3094 3662 unguentum
3144 3592 3433 3664 quotidie,
3473 3597 3533 3649 et
3570 3607 3864 3665 nunquam

2189 3678 2406 3734 deficit.
2433 3679 2652 3748 Accipe
2673 3693 2783 3732 vas
2804 3682 2988 3749 tuum,
3005 3679 3198 3752 virgo,
3223 3683 3281 3735 et
3310 3682 3562 3752 accede,
3589 3686 3651 3738 ut
3667 3681 3862 3753 possis

2188 3766 2302 3822 hoc
2322 3769 2623 3838 unguento
2639 3766 2876 3838 repleri.
2893 3768 3112 3839 Accipe
3125 3773 3500 3840 unguentum
3513 3772 3864 3826 aestimatum

2188 3856 2469 3910 trecentis
2491 3855 2771 3925 denariis,
2795 3855 2900 3910 sed
2925 3858 3112 3928 gratis
3130 3857 3348 3929 datum,
3373 3876 3503 3916 non
3524 3861 3864 3927 venditum;

2188 3947 2251 4000 ut
2273 3959 2480 4000 omnes
2494 3943 2780 4000 haberent
2800 3947 3008 4017 gratis.
3033 3944 3238 4019 Virgo,
3261 3963 3498 4020 ungere
3522 3967 3535 4006 :
3573 3949 3698 4006 noli
3727 3963 3866 4004 con-

2187 4034 2410 4088 tristari
2433 4034 2588 4088 sicut
2607 4033 2639 4088 ιι
2647 4035 2792 4089 udas
2827 4035 3016 4104 (Joan.
3040 4053 3140 4100 χιι,
3167 4037 3241 4106 5),
3267 4037 3407 4108 quia
3433 4039 3554 4094 hoc
3589 4054 3864 4111 unguen-

2191 4125 2312 4177 tum
2357 4121 2693 4190 etl'unditur,
2742 4124 2848 4179 sed
2890 4125 3193 4196 consepeli
3219 4127 3278 4179 in
3303 4130 3358 4180 te
3387 4126 3706 4183 Christum
3737 4126 3866 4195 (ΑΞ).

2189 4211 2408 4267 Claude
2422 4227 2566 4266 sane
2583 4227 2691 4266 vas
2708 4214 2892 4282 tuum,
2913 4229 2987 4268 ne
3009 4217 3374 4286 unguentum
3397 4216 3634 4272 efﬂuat.
3657 4215 3874 4272 Claude

2189 4300 2546 4372 integritatis
2569 4300 2754 4371 clave,
2780 4301 3059 4374 loquendi
3079 4304 3462 4376 verecundia,
3507 4303 3873 4361 abstinentia

2189 4387 2502 4463 gloriandi.

2259 4515 2347 4570 67.
2382 4516 2508 4570 Hoc
2538 4531 2672 4587 quae
2712 4515 2888 4571 habet
2927 4520 3315 4590 unguentum,
3357 4519 3679 4576 Christum
3719 4519 3876 4576 reci-

2189 4603 2312 4676 pit;
2343 4607 2400 4659 et
2420 4603 2551 4658 ideo
2584 4620 2718 4676 quae
2749 4604 3022 4676 habebat,
3064 4606 3172 4662 ait:
3205 4607 3454 4680 Aperui,
3493 4609 3718 4683 inquit,
3753 4609 3877 4665 fra-

2191 4695 2277 4748 tri
2285 4709 2434 4762 meo,
2453 4693 2650 4748 frater
2664 4709 2831 4748 meus
2849 4695 3137 4750 transivit
3158 4695 3352 4764 (Cant.
3377 4714 3435 4770 v,
3455 4698 3538 4768 6).
3564 4698 3880 4764 Quomodo

2191 4781 2512 4837 transivit?
2541 4781 2602 4836 ld
2633 4785 2742 4851 est,
2778 4783 2992 4839 mentis
3041 4784 3271 4840 interna
3318 4789 3688 4860 penetravit,
3721 4789 3882 4844 sicut

2193 4870 2412 4926 dictum
2431 4874 2523 4926 est
2537 4871 2736 4926 Maria
2762 4887 2774 4927 :
2808 4872 2888 4926 Et
2912 4879 3066 4927 tuam
3087 4874 3278 4945 ipsius
3299 4875 3560 4930 animam
3576 4884 3880 4950 pertran-

2189 4959 2338 5014 sibit
2353 4960 2591 5032 gladius
2611 4961 2772 5024 (Luc.
2799 4978 2858 5031 ιι,
2889 4961 3001 5031 35).
3033 4961 3246 5018 Vivum
3267 4967 3420 5018 enim
3441 4964 3727 5021 Verbum
3751 4964 3880 5034 Dei,

2187 5049 2343 5105 sicut
2363 5049 2600 5122 gladius
2623 5052 2853 5122 acutus,
2886 5053 3224 5122 penetrans,
3250 5055 3306 5108 et
3335 5055 3755 5124 corporalium
3777 5069 3876 5110 re-

2185 5198 2360 5265 stum,
2393 5210 2722 5265 perperam.
2745 5194 2900 5249 Infra
2921 5209 3065 5250 vero
3086 5195 3186 5250 ubi
3206 5211 3413 5252 omnes
3443 5197 3595 5253 edit.
3623 5215 3698 5254 ac
3723 5214 3876 5253 mss.

2185 5263 2426 5338 aliquot,
2457 5263 2676 5338 Claude
2705 5267 3080 5338 integritatis
3112 5267 3298 5336 clave,
3332 5272 3466 5338 etc.,
3505 5268 3613 5322 alii
3650 5269 3880 5324 habent

701 5315 1090 5414 ipﬂq-uinentur
1111 5336 1130 5383 ,-
1162 5316 1262 5370 alii
1279 5319 1462 5374 multo
1482 5319 1686 5391 plures
1709 5341 1776 5379 ac
1806 5331 2070 5399 potiores
2182 5313 3884 5414 peiuri:demessum?{alca-{iit};f;_

396 5386 601 5492 “(23‘s
630 5386 925 5492 12:93.2;
960 5461 1127 5492 MM:
1195 5459 1354 5492 “mm
1394 5462 1582 5492 M'M‘
1806 5386 1828 5399 ’
2182 5386 2602 5492 ξ’θιοροιιῖηίΙίςιιη
2625 5407 2991 5492 abstinentia
3020 5386 3631 5492 gloriandi'partim,
3659 5386 3882 5492 ’claude

469 5458 602 5552 9392'
630 5457 1165 5552 Mfsﬂﬁﬂmﬂ
1187 5459 1356 5552 forte
1376 5462 1601 5552 ,R'tttat-
1644 5541 1655 5552 .
2176 5457 3534 5552 iéiearE'ié't'ii'éiaivfé1655558?idemidem."
3548 5457 3885 5540 ἓὶῖἑιῖὶῖηῖ

743 5529 1514 5621 ριςςξιιρειιιιξςςιιιοηήιιιιί
1563 5541 1757 5596 autem
1800 5555 1870 5598 ac
1897 5543 2061 5620 edit.,
2176 5529 3110 5621 iiiHbléiibhdibediFJtaiﬁén

391 5605 954 5686 lp'efnuit'gs,.exivit
986 5611 1362 5686 unguentum.
1397 5676 1412 5686 _
1695 5680 1730 5686 __
1826 5683 1835 5686 _
1912 5685 1922 5686 ί
2045 5605 2059 5620 '
2176 5605 2502 5686 οοωιῆοάα,

383 5661 409 5669 ’⁷
425 5661 445 5679 ’
467 5669 603 5760 tu).
621 5661 811 5736 Paris.
833 5661 1106 5764 «ιιιωάαῶ
1121 5676 1284 5761 edito:
1299 5661 1412 5740 ⁸θά
1427 5680 1874 5763 σοπεθΡ⁸¹ίίθί²²
1892 5685 2060 5756 ab“;
2173 5661 2180 5778 ξ
