  <div class='ocr_page' id='page_1' title='image "/cluster/home/n/w/nwhite01/storage/ocr_20150623/16/hvd.32044096580444/154.png"; bbox 0 0 4060 6158; ppageno 0'>
   <div class='ocr_carea' id='block_1_1' title="bbox 283 352 389 419">
    <p class='ocr_par' dir='ltr' id='par_1_1' title="bbox 283 352 389 419">
     <span class='ocr_line' id='line_1_1' title="bbox 283 352 389 419; baseline -0.009 0"><span class='ocrx_word' id='word_1_1' title='bbox 283 352 389 419; x_wconf 82' lang='lat'><strong>297</strong></span> 
     </span>
    </p>
   </div>
   <div class='ocr_carea' id='block_1_2' title="bbox 1452 355 2480 436">
    <p class='ocr_par' dir='ltr' id='par_1_2' title="bbox 1452 355 2480 436">
     <span class='ocr_line' id='line_1_2' title="bbox 1452 355 2480 436; baseline 0.01 -11"><span class='ocrx_word' id='word_1_2' title='bbox 1452 355 1711 427; x_wconf 85' lang='lat' dir='ltr'><strong>LIBER</strong></span> <span class='ocrx_word' id='word_1_3' title='bbox 1750 356 1862 428; x_wconf 88' lang='lat' dir='ltr'><strong>DE</strong></span> <span class='ocrx_word' id='word_1_4' title='bbox 1904 361 2480 436; x_wconf 81' lang='lat' dir='ltr'><strong>VIRGINITATE.</strong></span> 
     </span>
    </p>
   </div>
   <div class='ocr_carea' id='block_1_3' title="bbox 3593 380 3715 451">
    <p class='ocr_par' dir='ltr' id='par_1_3' title="bbox 3593 380 3715 451">
     <span class='ocr_line' id='line_1_3' title="bbox 3593 380 3715 451; baseline 0.016 -1"><span class='ocrx_word' id='word_1_5' title='bbox 3593 380 3715 451; x_wconf 74' lang='lat'><strong>298</strong></span> 
     </span>
    </p>
   </div>
   <div class='ocr_carea' id='block_1_4' title="bbox 280 553 3714 654">
    <p class='ocr_par' dir='ltr' id='par_1_4' title="bbox 280 553 3714 654">
     <span class='ocr_line' id='line_1_4' title="bbox 280 553 3714 654; baseline 0.01 -46"><span class='ocrx_word' id='word_1_6' title='bbox 280 557 474 629; x_wconf 85' lang='lat' dir='ltr'><strong>pagula</strong></span> <span class='ocrx_word' id='word_1_7' title='bbox 520 556 956 629; x_wconf 74' lang='lat' dir='ltr'><strong>cogitationum,</strong></span> <span class='ocrx_word' id='word_1_8' title='bbox 1007 562 1065 614; x_wconf 82' lang='lat' dir='ltr'><strong>et</strong></span> <span class='ocrx_word' id='word_1_9' title='bbox 1133 561 1332 617; x_wconf 79' lang='lat' dir='ltr'><strong>cordis</strong></span> <span class='ocrx_word' id='word_1_10' title='bbox 1393 562 1621 618; x_wconf 90' lang='lat' dir='ltr'><strong>interna</strong></span> <span class='ocrx_word' id='word_1_11' title='bbox 1687 553 2006 621; x_wconf 80' lang='lat' dir='ltr'><strong>rimaturA</strong></span> <span class='ocrx_word' id='word_1_12' title='bbox 2041 576 2210 641; x_wconf 85' lang='lat' dir='ltr'><strong>caput</strong></span> <span class='ocrx_word' id='word_1_13' title='bbox 2239 588 2426 626; x_wconf 88' lang='lat' dir='ltr'><strong>meum</strong></span> <span class='ocrx_word' id='word_1_14' title='bbox 2458 574 2746 645; x_wconf 67' lang='lat' dir='ltr'><strong>repletam</strong></span> <span class='ocrx_word' id='word_1_15' title='bbox 2778 583 2871 632; x_wconf 89' lang='lat' dir='ltr'><strong>est</strong></span> <span class='ocrx_word' id='word_1_16' title='bbox 2896 595 3040 635; x_wconf 81' lang='lat' dir='ltr'><strong>rore</strong></span> <span class='ocrx_word' id='word_1_17' title='bbox 3070 581 3295 654; x_wconf 64' lang='lat' dir='ltr'><strong>(Ibid).</strong></span> <span class='ocrx_word' id='word_1_18' title='bbox 3347 582 3512 640; x_wconf 89' lang='lat' dir='ltr'><strong>Sicut</strong></span> <span class='ocrx_word' id='word_1_19' title='bbox 3554 586 3714 642; x_wconf 90' lang='lat' dir='ltr'><strong>enim</strong></span> 
     </span>
    </p>
   </div>
   <div class='ocr_carea' id='block_1_5' title="bbox 277 644 715 715">
    <p class='ocr_par' dir='ltr' id='par_1_5' title="bbox 277 644 715 715">
     <span class='ocr_line' id='line_1_5' title="bbox 277 644 715 715; baseline 0.002 -16"><span class='ocrx_word' id='word_1_20' title='bbox 277 644 468 713; x_wconf 81' lang='lat' dir='ltr'><strong>(Hebr.</strong></span> <span class='ocrx_word' id='word_1_21' title='bbox 505 661 580 714; x_wconf 79' lang='lat' dir='ltr'><strong>IV,</strong></span> <span class='ocrx_word' id='word_1_22' title='bbox 607 646 715 715; x_wconf 75' lang='lat'><strong>12).</strong></span> 
     </span>
    </p>
   </div>
   <div class='ocr_carea' id='block_1_6' title="bbox 879 753 1294 812">
    <p class='ocr_par' dir='ltr' id='par_1_6' title="bbox 879 753 1294 812">
     <span class='ocr_line' id='line_1_6' title="bbox 879 753 1294 812; baseline 0.012 -5"><span class='ocrx_word' id='word_1_23' title='bbox 879 753 1132 810; x_wconf 88' lang='lat' dir='ltr'><strong>CAPUT</strong></span> <span class='ocrx_word' id='word_1_24' title='bbox 1171 756 1294 812; x_wconf 83' lang='grc' dir='ltr'><strong>ΧΠ.</strong></span> 
     </span>
    </p>
   </div>
   <div class='ocr_carea' id='block_1_7' title="bbox 281 858 1932 940">
    <p class='ocr_par' dir='ltr' id='par_1_7' title="bbox 281 858 1932 940">
     <span class='ocr_line' id='line_1_7' title="bbox 281 858 1932 940; baseline 0.008 -30"><span class='ocrx_word' id='word_1_25' title='bbox 281 858 544 940; x_wconf 68' lang='lat' dir='ltr'><strong>Omnibus</strong></span> <span class='ocrx_word' id='word_1_26' title='bbox 581 863 638 912; x_wconf 88' lang='lat' dir='ltr'><strong>ct</strong></span> <span class='ocrx_word' id='word_1_27' title='bbox 666 860 922 940; x_wconf 73' lang='lat' dir='ltr'><strong>maxime</strong></span> <span class='ocrx_word' id='word_1_28' title='bbox 954 862 1295 940; x_wconf 70' lang='lat' dir='ltr'><strong>virginibus</strong></span> <span class='ocrx_word' id='word_1_29' title='bbox 1337 862 1660 940; x_wconf 67' lang='lat' dir='ltr'><strong>Christum</strong></span> <span class='ocrx_word' id='word_1_30' title='bbox 1681 883 1932 940; x_wconf 81' lang='lat' dir='ltr'><strong>exspec-</strong></span> 
     </span>
    </p>
   </div>
   <div class='ocr_carea' id='block_1_8' title="bbox 342 930 1935 1010">
    <p class='ocr_par' dir='ltr' id='par_1_8' title="bbox 342 930 1935 1010">
     <span class='ocr_line' id='line_1_8' title="bbox 342 930 1935 1010; baseline 0.008 -28"><span class='ocrx_word' id='word_1_31' title='bbox 342 930 565 1009; x_wconf 81' lang='lat' dir='ltr'><strong>tandum</strong></span> <span class='ocrx_word' id='word_1_32' title='bbox 595 932 712 1010; x_wconf 4' lang='lat' dir='ltr'><strong>ipsi</strong></span> <span class='ocrx_word' id='word_1_33' title='bbox 764 947 917 1010; x_wconf 67' lang='lat' dir='ltr'><strong>vero</strong></span> <span class='ocrx_word' id='word_1_34' title='bbox 954 930 1071 988; x_wconf 57' lang='lat' dir='ltr'><strong>ille&#39;</strong></span> <span class='ocrx_word' id='word_1_35' title='bbox 1103 936 1464 1010; x_wconf 80' lang='lat' dir='ltr'><strong>tardaverit,</strong></span> <span class='ocrx_word' id='word_1_36' title='bbox 1510 938 1661 1010; x_wconf 84' lang='lat' dir='ltr'><strong>quod</strong></span> <span class='ocrx_word' id='word_1_37' title='bbox 1698 930 1935 1010; x_wconf 75' lang='lat' dir='ltr'><strong>semper</strong></span> 
     </span>
    </p>
   </div>
   <div class='ocr_carea' id='block_1_9' title="bbox 338 1000 1933 1076">
    <p class='ocr_par' dir='ltr' id='par_1_9' title="bbox 338 1000 1933 1076">
     <span class='ocr_line' id='line_1_9' title="bbox 338 1000 1933 1076; baseline 0.008 -23"><span class='ocrx_word' id='word_1_38' title='bbox 338 1001 537 1076; x_wconf 68' lang='lat' dir='ltr'><strong>anima;-</strong></span> <span class='ocrx_word' id='word_1_39' title='bbox 580 1000 644 1054; x_wconf 76' lang='grc' dir='ltr'>ῆι</span> <span class='ocrx_word' id='word_1_40' title='bbox 677 1004 970 1067; x_wconf 84' lang='lat' dir='ltr'><strong>socordia,</strong></span> <span class='ocrx_word' id='word_1_41' title='bbox 1015 1007 1376 1076; x_wconf 83' lang='lat' dir='ltr'><strong>surgendum</strong></span> <span class='ocrx_word' id='word_1_42' title='bbox 1425 1000 1484 1062; x_wconf 83' lang='lat' dir='ltr'><strong>et</strong></span> <span class='ocrx_word' id='word_1_43' title='bbox 1518 1000 1836 1063; x_wconf 68' lang='grc' dir='ltr'><strong>’(Ιοιιοισιιιιι⁵</strong></span> <span class='ocrx_word' id='word_1_44' title='bbox 1859 1010 1933 1065; x_wconf 86' lang='lat' dir='ltr'><strong>ab</strong></span> 
     </span>
    </p>
   </div>
   <div class='ocr_carea' id='block_1_10' title="bbox 340 1072 1933 1151">
    <p class='ocr_par' dir='ltr' id='par_1_10' title="bbox 340 1072 1933 1151">
     <span class='ocr_line' id='line_1_10' title="bbox 340 1072 1933 1151; baseline 0.008 -28"><span class='ocrx_word' id='word_1_45' title='bbox 340 1087 402 1151; x_wconf 63' lang='lat' dir='ltr'><strong>eo</strong></span> <span class='ocrx_word' id='word_1_46' title='bbox 425 1072 548 1151; x_wconf 71' lang='lat' dir='ltr'><strong>jam</strong></span> <span class='ocrx_word' id='word_1_47' title='bbox 594 1080 965 1151; x_wconf 84' lang='lat' dir='ltr'><strong>acceptorum</strong></span> <span class='ocrx_word' id='word_1_48' title='bbox 1011 1072 1933 1151; x_wconf 53' lang='lat' dir='ltr'><strong>contemplationeinvocandum</strong></span> 
     </span>
    </p>
   </div>
   <div class='ocr_carea' id='block_1_11' title="bbox 338 1142 1934 1221">
    <p class='ocr_par' dir='ltr' id='par_1_11' title="bbox 338 1142 1934 1221">
     <span class='ocr_line' id='line_1_11' title="bbox 338 1142 1934 1221; baseline 0.006 -26"><span class='ocrx_word' id='word_1_49' title='bbox 338 1142 619 1212; x_wconf 75' lang='lat' dir='ltr'><strong>Spiritum</strong></span> <span class='ocrx_word' id='word_1_50' title='bbox 646 1142 912 1221; x_wconf 60' lang='lat' dir='ltr'><strong>sapctum</strong></span> <span class='ocrx_word' id='word_1_51' title='bbox 934 1160 951 1221; x_wconf 88' lang='lat'>_:</span> <span class='ocrx_word' id='word_1_52' title='bbox 978 1142 1275 1221; x_wconf 78' lang='lat' dir='ltr'><strong>extemplo</strong></span> <span class='ocrx_word' id='word_1_53' title='bbox 1305 1149 1461 1203; x_wconf 89' lang='lat' dir='ltr'><strong>enim</strong></span> <span class='ocrx_word' id='word_1_54' title='bbox 1494 1148 1781 1221; x_wconf 85' lang='lat' dir='ltr'><strong>Sponsum</strong></span> <span class='ocrx_word' id='word_1_55' title='bbox 1804 1168 1934 1205; x_wconf 85' lang='lat' dir='ltr'><strong>res-</strong></span> 
     </span>
    </p>
   </div>
   <div class='ocr_carea' id='block_1_12' title="bbox 330 1214 1934 1290">
    <p class='ocr_par' dir='ltr' id='par_1_12' title="bbox 330 1214 1934 1290">
     <span class='ocr_line' id='line_1_12' title="bbox 330 1214 1934 1290; baseline 0.007 -24"><span class='ocrx_word' id='word_1_56' title='bbox 330 1228 681 1290; x_wconf 68' lang='lat' dir='ltr'><strong>pensurum._</strong></span> <span class='ocrx_word' id='word_1_57' title='bbox 696 1214 856 1290; x_wconf 79' lang='lat' dir='ltr'><strong>Quid</strong></span> <span class='ocrx_word' id='word_1_58' title='bbox 887 1217 968 1270; x_wconf 90' lang='lat' dir='ltr'><strong>sit</strong></span> <span class='ocrx_word' id='word_1_59' title='bbox 1000 1218 1148 1290; x_wconf 81' lang='lat' dir='ltr'><strong>quod</strong></span> <span class='ocrx_word' id='word_1_60' title='bbox 1175 1214 1346 1289; x_wconf 72' lang='lat' dir='ltr'><strong>caput</strong></span> <span class='ocrx_word' id='word_1_61' title='bbox 1376 1235 1444 1273; x_wconf 75' lang='lat' dir='ltr'><strong>.zc</strong></span> <span class='ocrx_word' id='word_1_62' title='bbox 1465 1214 1774 1277; x_wconf 78' lang='lat' dir='ltr'><strong>cincinnos</strong></span> <span class='ocrx_word' id='word_1_63' title='bbox 1795 1238 1934 1277; x_wconf 91' lang='lat' dir='ltr'><strong>suos</strong></span> 
     </span>
    </p>
   </div>
   <div class='ocr_carea' id='block_1_13' title="bbox 334 1285 1932 1364">
    <p class='ocr_par' dir='ltr' id='par_1_13' title="bbox 334 1285 1932 1364">
     <span class='ocr_line' id='line_1_13' title="bbox 334 1285 1932 1364; baseline 0.007 -27"><span class='ocrx_word' id='word_1_64' title='bbox 334 1285 596 1364; x_wconf 76' lang='lat' dir='ltr'><strong>numidas</strong></span> <span class='ocrx_word' id='word_1_65' title='bbox 642 1285 823 1364; x_wconf 73' lang='lat' dir='ltr'><strong>dicat,</strong></span> <span class='ocrx_word' id='word_1_66' title='bbox 876 1302 985 1364; x_wconf 82' lang='lat' dir='ltr'><strong>quo</strong></span> <span class='ocrx_word' id='word_1_67' title='bbox 1009 1285 1154 1364; x_wconf 57' lang='lat' dir='ltr'><strong>&#39;loco</strong></span> <span class='ocrx_word' id='word_1_68' title='bbox 1197 1285 1496 1364; x_wconf 69' lang='lat' dir='ltr'><strong>inseritur</strong></span> <span class='ocrx_word' id='word_1_69' title='bbox 1526 1307 1557 1364; x_wconf 88' lang='lat' dir='ltr'><strong>a</strong></span> <span class='ocrx_word' id='word_1_70' title='bbox 1588 1292 1932 1364; x_wconf 86' lang='lat' dir='ltr'><strong>capillorum</strong></span> 
     </span>
    </p>
   </div>
   <div class='ocr_carea' id='block_1_14' title="bbox 334 1355 1934 1420">
    <p class='ocr_par' dir='ltr' id='par_1_14' title="bbox 334 1355 1934 1420">
     <span class='ocr_line' id='line_1_14' title="bbox 334 1355 1934 1420; baseline 0.008 -13"><span class='ocrx_word' id='word_1_71' title='bbox 334 1355 621 1409; x_wconf 80' lang='lat' dir='ltr'><strong>cincinnis</strong></span> <span class='ocrx_word' id='word_1_72' title='bbox 649 1355 1005 1413; x_wconf 73' lang='lat' dir='ltr'><strong>deliortatio.</strong></span> <span class='ocrx_word' id='word_1_73' title='bbox 1041 1359 1275 1415; x_wconf 82' lang='lat' dir='ltr'><strong>Deinde</strong></span> <span class='ocrx_word' id='word_1_74' title='bbox 1315 1361 1414 1415; x_wconf 79' lang='lat' dir='ltr'><strong>ubi</strong></span> <span class='ocrx_word' id='word_1_75' title='bbox 1445 1355 1696 1417; x_wconf 76' lang='lat' dir='ltr'><strong>animuin</strong></span> <span class='ocrx_word' id='word_1_76' title='bbox 1717 1381 1934 1420; x_wconf 82' lang='lat' dir='ltr'><strong>rursus</strong></span> 
     </span>
    </p>
   </div>
   <div class='ocr_carea' id='block_1_15' title="bbox 334 1425 1931 1513">
    <p class='ocr_par' dir='ltr' id='par_1_15' title="bbox 334 1425 1931 1513">
     <span class='ocr_line' id='line_1_15' title="bbox 334 1425 1931 1513; baseline 0.008 -35"><span class='ocrx_word' id='word_1_77' title='bbox 334 1425 404 1513; x_wconf 56' lang='lat' dir='ltr'><strong>ad</strong></span> <span class='ocrx_word' id='word_1_78' title='bbox 418 1427 776 1513; x_wconf 60' lang='lat' dir='ltr'><strong>servandam</strong></span> <span class='ocrx_word' id='word_1_79' title='bbox 797 1429 1217 1513; x_wconf 73' lang='lat' dir='ltr'><strong>innocentiam,</strong></span> <span class='ocrx_word' id='word_1_80' title='bbox 1241 1438 1299 1513; x_wconf 77' lang='lat' dir='ltr'><strong>et</strong></span> <span class='ocrx_word' id='word_1_81' title='bbox 1338 1433 1682 1513; x_wconf 68' lang='lat' dir='ltr'><strong>capientium</strong></span> <span class='ocrx_word' id='word_1_82' title='bbox 1723 1452 1802 1489; x_wconf 73' lang='lat' dir='ltr'><strong>ex</strong></span> <span class='ocrx_word' id='word_1_83' title='bbox 1831 1452 1931 1513; x_wconf 54' lang='lat' dir='ltr'><strong>ace</strong></span> 
     </span>
    </p>
   </div>
   <div class='ocr_carea' id='block_1_16' title="bbox 335 1496 1932 1578">
    <p class='ocr_par' dir='ltr' id='par_1_16' title="bbox 335 1496 1932 1578">
     <span class='ocr_line' id='line_1_16' title="bbox 335 1496 1932 1578; baseline 0.008 -29"><span class='ocrx_word' id='word_1_84' title='bbox 335 1496 486 1550; x_wconf 81' lang='lat' dir='ltr'><strong>tibus</strong></span> <span class='ocrx_word' id='word_1_85' title='bbox 515 1513 586 1578; x_wconf 75' lang='lat' dir='ltr'><strong>ac</strong></span> <span class='ocrx_word' id='word_1_86' title='bbox 615 1498 734 1578; x_wconf 63' lang='lat' dir='ltr'><strong>[ille</strong></span> <span class='ocrx_word' id='word_1_87' title='bbox 764 1499 1001 1578; x_wconf 77' lang='lat' dir='ltr'><strong>odorem</strong></span> <span class='ocrx_word' id='word_1_88' title='bbox 1031 1496 1365 1573; x_wconf 83' lang='lat' dir='ltr'><strong>spiritalem</strong></span> <span class='ocrx_word' id='word_1_89' title='bbox 1394 1496 1643 1575; x_wconf 85' lang='lat' dir='ltr'><strong>impulit,</strong></span> <span class='ocrx_word' id='word_1_90' title='bbox 1684 1507 1932 1578; x_wconf 81' lang='lat' dir='ltr'><strong>spondet</strong></span> 
     </span>
    </p>
   </div>
   <div class='ocr_carea' id='block_1_17' title="bbox 332 1568 1931 1648">
    <p class='ocr_par' dir='ltr' id='par_1_17' title="bbox 332 1568 1931 1648">
     <span class='ocr_line' id='line_1_17' title="bbox 332 1568 1931 1648; baseline 0.008 -29"><span class='ocrx_word' id='word_1_91' title='bbox 332 1569 591 1648; x_wconf 39' lang='lat' dir='ltr'><strong>ea_m.sic</strong></span> <span class='ocrx_word' id='word_1_92' title='bbox 632 1568 1017 1640; x_wconf 79' lang='lat' dir='ltr'><strong>placituram.</strong></span> <span class='ocrx_word' id='word_1_93' title='bbox 1056 1568 1577 1648; x_wconf 35' lang='lat' dir='ltr'><strong>iaccessurumque</strong></span> <span class='ocrx_word' id='word_1_94' title='bbox 1624 1568 1931 1648; x_wconf 56' lang='lat' dir='ltr'><strong>ad&#39;ipsam</strong></span> 
     </span>
    </p>
   </div>
   <div class='ocr_carea' id='block_1_18' title="bbox 335 1637 1929 1713">
    <p class='ocr_par' dir='ltr' id='par_1_18' title="bbox 335 1637 1929 1713">
     <span class='ocr_line' id='line_1_18' title="bbox 335 1637 1929 1713; baseline 0.007 -22"><span class='ocrx_word' id='word_1_95' title='bbox 335 1637 649 1713; x_wconf 68' lang='lat' dir='ltr'><strong>Cliristuni</strong></span> <span class='ocrx_word' id='word_1_96' title='bbox 689 1656 876 1713; x_wconf 85' lang='lat' dir='ltr'><strong>neque</strong></span> <span class='ocrx_word' id='word_1_97' title='bbox 937 1658 1007 1696; x_wconf 85' lang='lat' dir='ltr'><strong>se</strong></span> <span class='ocrx_word' id='word_1_98' title='bbox 1054 1643 1148 1696; x_wconf 89' lang='lat' dir='ltr'><strong>illi</strong></span> <span class='ocrx_word' id='word_1_99' title='bbox 1192 1645 1313 1698; x_wconf 85' lang='lat' dir='ltr'><strong>nisi</strong></span> <span class='ocrx_word' id='word_1_100' title='bbox 1364 1637 1713 1701; x_wconf 75' lang='lat' dir='ltr'><strong>tentationis</strong></span> <span class='ocrx_word' id='word_1_101' title='bbox 1756 1637 1929 1703; x_wconf 74' lang='lat' dir='ltr'><strong>causa</strong></span> 
     </span>
    </p>
   </div>
   <div class='ocr_carea' id='block_1_19' title="bbox 328 1709 1928 1835">
    <p class='ocr_par' dir='ltr' id='par_1_19' title="bbox 328 1709 1928 1835">
     <span class='ocr_line' id='line_1_19' title="bbox 328 1709 1928 1835; baseline 0.008 -73"><span class='ocrx_word' id='word_1_102' title='bbox 328 1709 792 1835; x_wconf 48' lang='lat' dir='ltr'><strong>subcclluctarumf</strong></span> <span class='ocrx_word' id='word_1_103' title='bbox 820 1719 993 1785; x_wconf 81' lang='lat' dir='ltr'><strong>atque</strong></span> <span class='ocrx_word' id='word_1_104' title='bbox 1033 1714 1179 1770; x_wconf 86' lang='lat' dir='ltr'><strong>adeo</strong></span> <span class='ocrx_word' id='word_1_105' title='bbox 1217 1722 1551 1772; x_wconf 84' lang='lat' dir='ltr'><strong>tentatores</strong></span> <span class='ocrx_word' id='word_1_106' title='bbox 1581 1733 1716 1774; x_wconf 70' lang='lat' dir='ltr'><strong>esse</strong></span> <span class='ocrx_word' id='word_1_107' title='bbox 1755 1736 1928 1791; x_wconf 79' lang='lat' dir='ltr'><strong>sper-</strong></span> 
     </span>
     <span class='ocr_line' id='line_1_20' title="bbox 330 1795 571 1835; baseline 0.008 -2"><span class='ocrx_word' id='word_1_108' title='bbox 330 1795 438 1834; x_wconf 84' lang='lat' dir='ltr'><strong>nen</strong></span> <span class='ocrx_word' id='word_1_109' title='bbox 484 1796 571 1835; x_wconf 90' lang='lat' dir='ltr'><strong>os.</strong></span> 
     </span>
    </p>
   </div>
   <div class='ocr_carea' id='block_1_20' title="bbox 330 1795 571 1835">
    <p class='ocr_par' dir='ltr' id='par_1_20' title="bbox 330 1795 571 1835">
     <span class='ocr_line' id='line_1_21' title="bbox 330 1795 571 1835; baseline 0.008 -2"><span class='ocrx_word' id='word_1_110' title='bbox 330 1795 571 1835; x_wconf 84' lang='lat' dir='ltr'><strong>nenaos.</strong></span> 
     </span>
    </p>
   </div>
   <div class='ocr_carea' id='block_1_21' title="bbox 2040 660 3712 742">
    <p class='ocr_par' dir='ltr' id='par_1_21' title="bbox 2040 660 3712 742">
     <span class='ocr_line' id='line_1_22' title="bbox 2040 660 3712 742; baseline 0.011 -30"><span class='ocrx_word' id='word_1_111' title='bbox 2040 675 2143 713; x_wconf 90' lang='lat' dir='ltr'><strong>ros</strong></span> <span class='ocrx_word' id='word_1_112' title='bbox 2173 660 2308 715; x_wconf 64' lang='lat' dir='ltr'><strong>coeli</strong></span> <span class='ocrx_word' id='word_1_113' title='bbox 2339 666 2659 718; x_wconf 90' lang='lat' dir='ltr'><strong>nocturnas</strong></span> <span class='ocrx_word' id='word_1_114' title='bbox 2691 671 2924 722; x_wconf 83' lang='lat' dir='ltr'><strong>amovet</strong></span> <span class='ocrx_word' id='word_1_115' title='bbox 2951 669 3270 742; x_wconf 82' lang='lat' dir='ltr'><strong>siccitates,</strong></span> <span class='ocrx_word' id='word_1_116' title='bbox 3320 673 3397 728; x_wconf 90' lang='lat' dir='ltr'><strong>ita</strong></span> <span class='ocrx_word' id='word_1_117' title='bbox 3440 690 3542 730; x_wconf 93' lang='lat' dir='ltr'><strong>ros</strong></span> <span class='ocrx_word' id='word_1_118' title='bbox 3590 675 3712 730; x_wconf 91' lang='lat' dir='ltr'><strong>Do-</strong></span> 
     </span>
    </p>
   </div>
   <div class='ocr_carea' id='block_1_22' title="bbox 2041 748 3711 818">
    <p class='ocr_par' dir='ltr' id='par_1_22' title="bbox 2041 748 3711 818">
     <span class='ocr_line' id='line_1_23' title="bbox 2041 748 3711 818; baseline 0.011 -17"><span class='ocrx_word' id='word_1_119' title='bbox 2041 748 2182 803; x_wconf 88' lang='lat' dir='ltr'><strong>mini</strong></span> <span class='ocrx_word' id='word_1_120' title='bbox 2214 752 2403 805; x_wconf 85' lang='lat' dir='ltr'><strong>nostri</strong></span> <span class='ocrx_word' id='word_1_121' title='bbox 2434 752 2578 807; x_wconf 81' lang='lat' dir='ltr'><strong>Jesu</strong></span> <span class='ocrx_word' id='word_1_122' title='bbox 2610 752 2830 809; x_wconf 80' lang='lat' dir='ltr'><strong>Christi</strong></span> <span class='ocrx_word' id='word_1_123' title='bbox 2868 760 3174 813; x_wconf 75' lang='lat' dir='ltr'><strong>nocturnis</strong></span> <span class='ocrx_word' id='word_1_124' title='bbox 3220 764 3277 815; x_wconf 91' lang='lat' dir='ltr'><strong>et</strong></span> <span class='ocrx_word' id='word_1_125' title='bbox 3319 763 3711 818; x_wconf 66' lang='lat' dir='ltr'><strong>smcularibus</strong></span> 
     </span>
    </p>
   </div>
   <div class='ocr_carea' id='block_1_23' title="bbox 2040 838 3715 906">
    <p class='ocr_par' dir='ltr' id='par_1_23' title="bbox 2040 838 3715 906">
     <span class='ocr_line' id='line_1_24' title="bbox 2040 838 3715 906; baseline 0.009 -15"><span class='ocrx_word' id='word_1_126' title='bbox 2040 838 2305 893; x_wconf 80' lang='lat' dir='ltr'><strong>tenebris</strong></span> <span class='ocrx_word' id='word_1_127' title='bbox 2339 846 2576 896; x_wconf 78' lang='lat' dir='ltr'><strong>aeternae</strong></span> <span class='ocrx_word' id='word_1_128' title='bbox 2608 844 2746 898; x_wconf 66' lang='lat' dir='ltr'><strong>vitae</strong></span> <span class='ocrx_word' id='word_1_129' title='bbox 2780 845 3022 899; x_wconf 81' lang='lat' dir='ltr'><strong>stillavit</strong></span> <span class='ocrx_word' id='word_1_130' title='bbox 3065 847 3391 905; x_wconf 84' lang='lat' dir='ltr'><strong>humorem.</strong></span> <span class='ocrx_word' id='word_1_131' title='bbox 3443 851 3571 906; x_wconf 85' lang='lat' dir='ltr'><strong>Hoc</strong></span> <span class='ocrx_word' id='word_1_132' title='bbox 3621 856 3715 906; x_wconf 89' lang='lat' dir='ltr'><strong>est</strong></span> 
     </span>
    </p>
   </div>
   <div class='ocr_carea' id='block_1_24' title="bbox 2044 930 3713 999">
    <p class='ocr_par' dir='ltr' id='par_1_24' title="bbox 2044 930 3713 999">
     <span class='ocr_line' id='line_1_25' title="bbox 2044 930 3713 999; baseline 0.01 -20"><span class='ocrx_word' id='word_1_133' title='bbox 2044 931 2217 997; x_wconf 89' lang='lat' dir='ltr'><strong>caput</strong></span> <span class='ocrx_word' id='word_1_134' title='bbox 2263 930 2420 999; x_wconf 92' lang='lat' dir='ltr'><strong>quod</strong></span> <span class='ocrx_word' id='word_1_135' title='bbox 2469 934 2619 985; x_wconf 65' lang='lat' dir='ltr'><strong>testu</strong></span> <span class='ocrx_word' id='word_1_136' title='bbox 2665 933 2867 987; x_wconf 90' lang='lat' dir='ltr'><strong>mundi</strong></span> <span class='ocrx_word' id='word_1_137' title='bbox 2916 936 3170 991; x_wconf 84' lang='lat' dir='ltr'><strong>nescivit</strong></span> <span class='ocrx_word' id='word_1_138' title='bbox 3199 953 3473 993; x_wconf 90' lang='lat' dir='ltr'><strong>arescere</strong></span> <span class='ocrx_word' id='word_1_139' title='bbox 3508 956 3520 995; x_wconf 85' lang='lat'><strong>:</strong></span> <span class='ocrx_word' id='word_1_140' title='bbox 3553 941 3713 996; x_wconf 88' lang='lat' dir='ltr'><strong>unde</strong></span> 
     </span>
    </p>
   </div>
   <div class='ocr_carea' id='block_1_25' title="bbox 2039 1015 3715 1101">
    <p class='ocr_par' dir='ltr' id='par_1_25' title="bbox 2039 1015 3715 1101">
     <span class='ocr_line' id='line_1_26' title="bbox 2039 1015 3715 1101; baseline 0.01 -33"><span class='ocrx_word' id='word_1_141' title='bbox 2039 1016 2118 1069; x_wconf 90' lang='lat' dir='ltr'><strong>ait</strong></span> <span class='ocrx_word' id='word_1_142' title='bbox 2151 1032 2163 1071; x_wconf 96' lang='lat'>:</span> <span class='ocrx_word' id='word_1_143' title='bbox 2204 1015 2349 1081; x_wconf 88' lang='lat' dir='ltr'><strong>Quia</strong></span> <span class='ocrx_word' id='word_1_144' title='bbox 2379 1019 2437 1072; x_wconf 88' lang='lat' dir='ltr'><strong>si</strong></span> <span class='ocrx_word' id='word_1_145' title='bbox 2466 1020 2528 1073; x_wconf 93' lang='lat' dir='ltr'><strong>in</strong></span> <span class='ocrx_word' id='word_1_146' title='bbox 2558 1021 2796 1076; x_wconf 78' lang='lat' dir='ltr'><strong>humido</strong></span> <span class='ocrx_word' id='word_1_147' title='bbox 2826 1022 2934 1077; x_wconf 84' lang='lat' dir='ltr'><strong>hoc</strong></span> <span class='ocrx_word' id='word_1_148' title='bbox 2962 1022 3209 1096; x_wconf 79' lang='lat' dir='ltr'><strong>faciunt,</strong></span> <span class='ocrx_word' id='word_1_149' title='bbox 3254 1026 3319 1080; x_wconf 92' lang='lat' dir='ltr'><strong>in</strong></span> <span class='ocrx_word' id='word_1_150' title='bbox 3365 1028 3536 1083; x_wconf 85' lang='lat' dir='ltr'><strong>arido</strong></span> <span class='ocrx_word' id='word_1_151' title='bbox 3575 1029 3715 1101; x_wconf 83' lang='lat' dir='ltr'><strong>quid</strong></span> 
     </span>
    </p>
   </div>
   <div class='ocr_carea' id='block_1_26' title="bbox 2040 1104 3710 1186">
    <p class='ocr_par' dir='ltr' id='par_1_26' title="bbox 2040 1104 3710 1186">
     <span class='ocr_line' id='line_1_27' title="bbox 2040 1104 3710 1186; baseline 0.009 -29"><span class='ocrx_word' id='word_1_152' title='bbox 2040 1104 2265 1159; x_wconf 78' lang='lat' dir='ltr'><strong>facient</strong></span> <span class='ocrx_word' id='word_1_153' title='bbox 2295 1108 2459 1177; x_wconf 88' lang='lat' dir='ltr'><strong>(Luc.</strong></span> <span class='ocrx_word' id='word_1_154' title='bbox 2494 1125 2661 1179; x_wconf 79' lang='lat' dir='ltr'><strong>XXIII,</strong></span> <span class='ocrx_word' id='word_1_155' title='bbox 2681 1110 2810 1179; x_wconf 80' lang='lat' dir='ltr'><strong>3t)?</strong></span> <span class='ocrx_word' id='word_1_156' title='bbox 2834 1112 2959 1167; x_wconf 86' lang='lat' dir='ltr'><strong>Hoc</strong></span> <span class='ocrx_word' id='word_1_157' title='bbox 2979 1112 3160 1185; x_wconf 79' lang='lat' dir='ltr'><strong>igitur</strong></span> <span class='ocrx_word' id='word_1_158' title='bbox 3179 1118 3353 1186; x_wconf 90' lang='lat' dir='ltr'><strong>caput</strong></span> <span class='ocrx_word' id='word_1_159' title='bbox 3368 1119 3528 1171; x_wconf 88' lang='lat' dir='ltr'><strong>rorat</strong></span> <span class='ocrx_word' id='word_1_160' title='bbox 3556 1118 3710 1185; x_wconf 89' lang='lat' dir='ltr'><strong>aliis,</strong></span> 
     </span>
    </p>
   </div>
   <div class='ocr_carea' id='block_1_27' title="bbox 2041 1193 3715 1277">
    <p class='ocr_par' dir='ltr' id='par_1_27' title="bbox 2041 1193 3715 1277">
     <span class='ocr_line' id='line_1_28' title="bbox 2041 1193 3715 1277; baseline 0.008 -30"><span class='ocrx_word' id='word_1_161' title='bbox 2041 1193 2157 1247; x_wconf 89' lang='lat' dir='ltr'><strong>sibi</strong></span> <span class='ocrx_word' id='word_1_162' title='bbox 2188 1194 2464 1251; x_wconf 84' lang='lat' dir='ltr'><strong>abundat.</strong></span> <span class='ocrx_word' id='word_1_163' title='bbox 2503 1197 2571 1251; x_wconf 87' lang='lat' dir='ltr'><strong>Et</strong></span> <span class='ocrx_word' id='word_1_164' title='bbox 2600 1198 2752 1254; x_wconf 86' lang='lat' dir='ltr'><strong>bene</strong></span> <span class='ocrx_word' id='word_1_165' title='bbox 2784 1199 3041 1255; x_wconf 86' lang='lat' dir='ltr'><strong>abundat</strong></span> <span class='ocrx_word' id='word_1_166' title='bbox 3072 1206 3245 1274; x_wconf 91' lang='lat' dir='ltr'><strong>caput</strong></span> <span class='ocrx_word' id='word_1_167' title='bbox 3275 1201 3527 1275; x_wconf 86' lang='lat' dir='ltr'><strong>Christi;</strong></span> <span class='ocrx_word' id='word_1_168' title='bbox 3577 1207 3715 1277; x_wconf 86' lang='lat' dir='ltr'><strong>quia</strong></span> 
     </span>
    </p>
   </div>
   <div class='ocr_carea' id='block_1_28' title="bbox 2041 1285 3715 1366">
    <p class='ocr_par' dir='ltr' id='par_1_28' title="bbox 2041 1285 3715 1366">
     <span class='ocr_line' id='line_1_29' title="bbox 2041 1285 3715 1366; baseline 0.008 -30"><span class='ocrx_word' id='word_1_169' title='bbox 2041 1287 2213 1353; x_wconf 90' lang='lat' dir='ltr'><strong>caput</strong></span> <span class='ocrx_word' id='word_1_170' title='bbox 2243 1287 2405 1339; x_wconf 90' lang='lat' dir='ltr'><strong>tuum</strong></span> <span class='ocrx_word' id='word_1_171' title='bbox 2423 1285 2699 1342; x_wconf 73' lang='lat' dir='ltr'><strong>Christus</strong></span> <span class='ocrx_word' id='word_1_172' title='bbox 2722 1292 2832 1358; x_wconf 85' lang='lat' dir='ltr'><strong>est,</strong></span> <span class='ocrx_word' id='word_1_173' title='bbox 2856 1290 2956 1360; x_wconf 88' lang='lat' dir='ltr'><strong>qui</strong></span> <span class='ocrx_word' id='word_1_174' title='bbox 2978 1289 3190 1360; x_wconf 88' lang='lat' dir='ltr'><strong>plenus</strong></span> <span class='ocrx_word' id='word_1_175' title='bbox 3210 1296 3298 1347; x_wconf 90' lang='lat' dir='ltr'><strong>est</strong></span> <span class='ocrx_word' id='word_1_176' title='bbox 3322 1309 3579 1366; x_wconf 83' lang='lat' dir='ltr'><strong>semper,</strong></span> <span class='ocrx_word' id='word_1_177' title='bbox 3604 1310 3715 1350; x_wconf 92' lang='lat' dir='ltr'><strong>nec</strong></span> 
     </span>
    </p>
   </div>
   <div class='ocr_carea' id='block_1_29' title="bbox 2050 1371 3717 1449">
    <p class='ocr_par' dir='ltr' id='par_1_29' title="bbox 2050 1371 3717 1449">
     <span class='ocr_line' id='line_1_30' title="bbox 2050 1371 3717 1449; baseline 0.008 -24"><span class='ocrx_word' id='word_1_178' title='bbox 2050 1371 2499 1429; x_wconf 74' lang='lat' dir='ltr'><strong>liberalitatibus</strong></span> <span class='ocrx_word' id='word_1_179' title='bbox 2533 1375 2762 1431; x_wconf 80' lang='lat' dir='ltr'><strong>exhaur</strong></span> <span class='ocrx_word' id='word_1_180' title='bbox 2785 1377 3053 1449; x_wconf 89' lang='lat' dir='ltr'><strong>itursuis,</strong></span> <span class='ocrx_word' id='word_1_181' title='bbox 3078 1384 3177 1435; x_wconf 92' lang='lat' dir='ltr'><strong>aut</strong></span> <span class='ocrx_word' id='word_1_182' title='bbox 3202 1381 3476 1438; x_wconf 88' lang='lat' dir='ltr'><strong>diuturna</strong></span> <span class='ocrx_word' id='word_1_183' title='bbox 3514 1383 3717 1438; x_wconf 79' lang='lat' dir='ltr'><strong>deficit</strong></span> 
     </span>
    </p>
   </div>
   <div class='ocr_carea' id='block_1_30' title="bbox 2042 1461 3716 1545">
    <p class='ocr_par' dir='ltr' id='par_1_30' title="bbox 2042 1461 3716 1545">
     <span class='ocr_line' id='line_1_31' title="bbox 2042 1461 3716 1545; baseline 0.008 -31"><span class='ocrx_word' id='word_1_184' title='bbox 2042 1461 2331 1533; x_wconf 80' lang='lat' dir='ltr'><strong>largitate.</strong></span> <span class='ocrx_word' id='word_1_185' title='bbox 2368 1463 2431 1517; x_wconf 91' lang='lat' dir='ltr'><strong>In</strong></span> <span class='ocrx_word' id='word_1_186' title='bbox 2464 1463 2577 1520; x_wconf 90' lang='lat' dir='ltr'><strong>hoc</strong></span> <span class='ocrx_word' id='word_1_187' title='bbox 2608 1470 2781 1536; x_wconf 87' lang='lat' dir='ltr'><strong>caput</strong></span> <span class='ocrx_word' id='word_1_188' title='bbox 2810 1467 3031 1523; x_wconf 81' lang='lat' dir='ltr'><strong>ferrum</strong></span> <span class='ocrx_word' id='word_1_189' title='bbox 3062 1484 3179 1525; x_wconf 90' lang='lat' dir='ltr'><strong>non</strong></span> <span class='ocrx_word' id='word_1_190' title='bbox 3223 1471 3510 1544; x_wconf 87' lang='lat' dir='ltr'><strong>ascendit,</strong></span> <span class='ocrx_word' id='word_1_191' title='bbox 3556 1473 3716 1545; x_wconf 89' lang='lat' dir='ltr'><strong>quod</strong></span> 
     </span>
    </p>
   </div>
   <div class='ocr_carea' id='block_1_31' title="bbox 2041 1551 3444 1629">
    <p class='ocr_par' dir='ltr' id='par_1_31' title="bbox 2041 1551 3444 1629">
     <span class='ocr_line' id='line_1_32' title="bbox 2041 1551 3444 1629; baseline 0.009 -25"><span class='ocrx_word' id='word_1_192' title='bbox 2041 1553 2134 1605; x_wconf 91' lang='lat' dir='ltr'><strong>est</strong></span> <span class='ocrx_word' id='word_1_193' title='bbox 2163 1551 2613 1609; x_wconf 87' lang='lat' dir='ltr'><strong>instrumentum</strong></span> <span class='ocrx_word' id='word_1_194' title='bbox 2644 1554 2806 1625; x_wconf 86' lang='lat' dir='ltr'><strong>belli,</strong></span> <span class='ocrx_word' id='word_1_195' title='bbox 2841 1556 3076 1629; x_wconf 80' lang='lat' dir='ltr'><strong>insigne</strong></span> <span class='ocrx_word' id='word_1_196' title='bbox 3108 1558 3444 1616; x_wconf 67' lang='lat' dir='ltr'><strong>discordias.</strong></span> 
     </span>
    </p>
   </div>
   <div class='ocr_carea' id='block_1_32' title="bbox 2110 1639 3711 1722">
    <p class='ocr_par' dir='ltr' id='par_1_32' title="bbox 2110 1639 3711 1722">
     <span class='ocr_line' id='line_1_33' title="bbox 2110 1639 3711 1722; baseline 0.009 -30"><span class='ocrx_word' id='word_1_197' title='bbox 2110 1639 2199 1693; x_wconf 79' lang='lat'><strong>’71.</strong></span> <span class='ocrx_word' id='word_1_198' title='bbox 2242 1640 2412 1695; x_wconf 89' lang='lat' dir='ltr'><strong>Nunc</strong></span> <span class='ocrx_word' id='word_1_199' title='bbox 2444 1647 2667 1712; x_wconf 88' lang='lat' dir='ltr'><strong>specta,</strong></span> <span class='ocrx_word' id='word_1_200' title='bbox 2719 1647 2776 1699; x_wconf 89' lang='lat' dir='ltr'><strong>et</strong></span> <span class='ocrx_word' id='word_1_201' title='bbox 2804 1645 2937 1701; x_wconf 87' lang='lat' dir='ltr'><strong>vide</strong></span> <span class='ocrx_word' id='word_1_202' title='bbox 2969 1663 3072 1702; x_wconf 91' lang='lat' dir='ltr'><strong>ros</strong></span> <span class='ocrx_word' id='word_1_203' title='bbox 3102 1647 3199 1703; x_wconf 88' lang='lat' dir='ltr'><strong>ille</strong></span> <span class='ocrx_word' id='word_1_204' title='bbox 3227 1650 3422 1720; x_wconf 89' lang='lat' dir='ltr'><strong>qualis</strong></span> <span class='ocrx_word' id='word_1_205' title='bbox 3453 1650 3551 1722; x_wconf 86' lang='lat' dir='ltr'><strong>sit,</strong></span> <span class='ocrx_word' id='word_1_206' title='bbox 3586 1652 3711 1707; x_wconf 89' lang='lat' dir='ltr'><strong>sci-</strong></span> 
     </span>
    </p>
   </div>
   <div class='ocr_carea' id='block_1_33' title="bbox 2038 1727 3718 1803">
    <p class='ocr_par' dir='ltr' id='par_1_33' title="bbox 2038 1727 3718 1803">
     <span class='ocr_line' id='line_1_34' title="bbox 2038 1727 3718 1803; baseline 0.01 -23"><span class='ocrx_word' id='word_1_207' title='bbox 2038 1727 2175 1782; x_wconf 88' lang='lat' dir='ltr'><strong>licet</strong></span> <span class='ocrx_word' id='word_1_208' title='bbox 2217 1744 2334 1784; x_wconf 91' lang='lat' dir='ltr'><strong>non</strong></span> <span class='ocrx_word' id='word_1_209' title='bbox 2382 1731 2652 1803; x_wconf 88' lang='lat' dir='ltr'><strong>vulgaris</strong></span> <span class='ocrx_word' id='word_1_210' title='bbox 2700 1733 2967 1790; x_wconf 89' lang='lat' dir='ltr'><strong>humoris</strong></span> <span class='ocrx_word' id='word_1_211' title='bbox 3004 1752 3016 1791; x_wconf 89' lang='lat'>:</span> <span class='ocrx_word' id='word_1_212' title='bbox 3052 1737 3310 1793; x_wconf 89' lang='lat' dir='ltr'><strong>cincinni</strong></span> <span class='ocrx_word' id='word_1_213' title='bbox 3350 1742 3546 1795; x_wconf 88' lang='lat' dir='ltr'><strong>autem</strong></span> <span class='ocrx_word' id='word_1_214' title='bbox 3576 1744 3718 1797; x_wconf 88' lang='lat' dir='ltr'><strong>sunt</strong></span> 
     </span>
    </p>
   </div>
   <div class='ocr_carea' id='block_1_34' title="bbox 2039 1816 3716 1900">
    <p class='ocr_par' dir='ltr' id='par_1_34' title="bbox 2039 1816 3716 1900">
     <span class='ocr_line' id='line_1_35' title="bbox 2039 1816 3716 1900; baseline 0.01 -31"><span class='ocrx_word' id='word_1_215' title='bbox 2039 1816 2099 1870; x_wconf 89' lang='lat' dir='ltr'><strong>in</strong></span> <span class='ocrx_word' id='word_1_216' title='bbox 2131 1832 2202 1871; x_wconf 88' lang='lat' dir='ltr'><strong>eo</strong></span> <span class='ocrx_word' id='word_1_217' title='bbox 2233 1820 2531 1889; x_wconf 77' lang='lat' dir='ltr'><strong>guttarum</strong></span> <span class='ocrx_word' id='word_1_218' title='bbox 2560 1822 2754 1877; x_wconf 90' lang='lat' dir='ltr'><strong>noctis</strong></span> <span class='ocrx_word' id='word_1_219' title='bbox 2786 1824 2920 1893; x_wconf 68' lang='lat'><strong>(44).</strong></span> <span class='ocrx_word' id='word_1_220' title='bbox 2953 1824 3110 1895; x_wconf 90' lang='lat' dir='ltr'><strong>Noli,</strong></span> <span class='ocrx_word' id='word_1_221' title='bbox 3142 1827 3409 1897; x_wconf 81' lang='lat' dir='ltr'><strong>proxima</strong></span> <span class='ocrx_word' id='word_1_222' title='bbox 3440 1845 3592 1900; x_wconf 90' lang='lat' dir='ltr'><strong>mea,</strong></span> <span class='ocrx_word' id='word_1_223' title='bbox 3624 1846 3716 1885; x_wconf 82' lang='lat' dir='ltr'><strong>ac-</strong></span> 
     </span>
    </p>
   </div>
   <div class='ocr_carea' id='block_1_35' title="bbox 322 1904 3707 1991">
    <p class='ocr_par' dir='ltr' id='par_1_35' title="bbox 322 1904 3707 1991">
     <span class='ocr_line' id='line_1_36' title="bbox 322 1904 3707 1991; baseline 0.007 -40"><span class='ocrx_word' id='word_1_224' title='bbox 322 1904 406 1959; x_wconf 78' lang='lat'><strong>68.</strong></span> <span class='ocrx_word' id='word_1_225' title='bbox 449 1904 519 1959; x_wconf 80' lang='lat' dir='ltr'><strong>Et</strong></span> <span class='ocrx_word' id='word_1_226' title='bbox 548 1909 613 1960; x_wconf 76' lang='lat' dir='ltr'><strong>tu</strong></span> <span class='ocrx_word' id='word_1_227' title='bbox 644 1906 842 1979; x_wconf 65' lang='lat' dir='ltr'><strong>igitur,</strong></span> <span class='ocrx_word' id='word_1_228' title='bbox 895 1909 1108 1979; x_wconf 63' lang='lat' dir='ltr'><strong>anima,</strong></span> <span class='ocrx_word' id='word_1_229' title='bbox 1159 1925 1275 1965; x_wconf 70' lang='lat' dir='ltr'><strong>una</strong></span> <span class='ocrx_word' id='word_1_230' title='bbox 1317 1911 1389 1966; x_wconf 79' lang='lat' dir='ltr'><strong>de</strong></span> <span class='ocrx_word' id='word_1_231' title='bbox 1418 1911 1656 1983; x_wconf 66' lang='grc' dir='ltr'>ροριιιο,</span> <span class='ocrx_word' id='word_1_232' title='bbox 1710 1930 1825 1969; x_wconf 69' lang='lat' dir='ltr'><strong>una</strong></span> <span class='ocrx_word' id='word_1_233' title='bbox 1856 1915 1928 1970; x_wconf 69' lang='lat' dir='ltr'><strong>de</strong></span> <span class='ocrx_word' id='word_1_234' title='bbox 1959 1927 2011 1991; x_wconf 76' lang='grc' dir='ltr'>Β</span> <span class='ocrx_word' id='word_1_235' title='bbox 2041 1906 2239 1975; x_wconf 89' lang='lat' dir='ltr'><strong>cipere</strong></span> <span class='ocrx_word' id='word_1_236' title='bbox 2272 1907 2583 1964; x_wconf 87' lang='lat' dir='ltr'><strong>cincinnos</strong></span> <span class='ocrx_word' id='word_1_237' title='bbox 2616 1913 3013 1981; x_wconf 88' lang='lat' dir='ltr'><strong>corporalium</strong></span> <span class='ocrx_word' id='word_1_238' title='bbox 3044 1915 3389 1985; x_wconf 89' lang='lat' dir='ltr'><strong>capillorum</strong></span> <span class='ocrx_word' id='word_1_239' title='bbox 3418 1918 3615 1987; x_wconf 88' lang='lat' dir='ltr'><strong>(Cant.</strong></span> <span class='ocrx_word' id='word_1_240' title='bbox 3649 1937 3707 1990; x_wconf 92' lang='lat' dir='ltr'><strong>v,</strong></span> 
     </span>
    </p>
   </div>
   <div class='ocr_carea' id='block_1_36' title="bbox 262 1992 1929 2074">
    <p class='ocr_par' dir='ltr' id='par_1_36' title="bbox 262 1992 1929 2074">
     <span class='ocr_line' id='line_1_37' title="bbox 262 1992 1929 2074; baseline 0.005 -28"><span class='ocrx_word' id='word_1_241' title='bbox 262 1992 417 2063; x_wconf 88' lang='lat' dir='ltr'><strong>plebe</strong></span> <span class='ocrx_word' id='word_1_242' title='bbox 446 1994 667 2065; x_wconf 91' lang='lat' dir='ltr'><strong>(neque</strong></span> <span class='ocrx_word' id='word_1_243' title='bbox 696 1996 850 2050; x_wconf 91' lang='lat' dir='ltr'><strong>enim</strong></span> <span class='ocrx_word' id='word_1_244' title='bbox 881 1996 1155 2053; x_wconf 86' lang='lat' dir='ltr'><strong>Christus</strong></span> <span class='ocrx_word' id='word_1_245' title='bbox 1189 2003 1383 2071; x_wconf 86' lang='lat' dir='ltr'><strong>stupet</strong></span> <span class='ocrx_word' id='word_1_246' title='bbox 1413 2001 1560 2066; x_wconf 82' lang='lat'><strong>230</strong></span> <span class='ocrx_word' id='word_1_247' title='bbox 1590 2002 1785 2074; x_wconf 87' lang='lat' dir='ltr'><strong>aliqua</strong></span> <span class='ocrx_word' id='word_1_248' title='bbox 1816 2020 1929 2057; x_wconf 73' lang='lat' dir='ltr'><strong>sm-</strong></span> 
     </span>
    </p>
   </div>
   <div class='ocr_carea' id='block_1_37' title="bbox 267 2082 1928 2160">
    <p class='ocr_par' dir='ltr' id='par_1_37' title="bbox 267 2082 1928 2160">
     <span class='ocr_line' id='line_1_38' title="bbox 267 2082 1928 2160; baseline 0.008 -24"><span class='ocrx_word' id='word_1_249' title='bbox 267 2082 536 2138; x_wconf 87' lang='lat' dir='ltr'><strong>cularium</strong></span> <span class='ocrx_word' id='word_1_250' title='bbox 569 2085 915 2140; x_wconf 88' lang='lat' dir='ltr'><strong>discrimina</strong></span> <span class='ocrx_word' id='word_1_251' title='bbox 944 2087 1313 2160; x_wconf 80' lang='lat' dir='ltr'><strong>dignitatum,</strong></span> <span class='ocrx_word' id='word_1_252' title='bbox 1367 2105 1440 2145; x_wconf 89' lang='lat' dir='ltr'><strong>ne</strong></span> <span class='ocrx_word' id='word_1_253' title='bbox 1487 2096 1749 2147; x_wconf 85' lang='lat' dir='ltr'><strong>auratam</strong></span> <span class='ocrx_word' id='word_1_254' title='bbox 1787 2108 1928 2149; x_wconf 87' lang='lat' dir='ltr'><strong>ves-</strong></span> 
     </span>
    </p>
   </div>
   <div class='ocr_carea' id='block_1_38' title="bbox 263 2174 1929 2247">
    <p class='ocr_par' dir='ltr' id='par_1_38' title="bbox 263 2174 1929 2247">
     <span class='ocr_line' id='line_1_39' title="bbox 263 2174 1929 2247; baseline 0.007 -22"><span class='ocrx_word' id='word_1_255' title='bbox 263 2174 367 2226; x_wconf 87' lang='lat' dir='ltr'><strong>tem</strong></span> <span class='ocrx_word' id='word_1_256' title='bbox 410 2175 508 2227; x_wconf 90' lang='lat' dir='ltr'><strong>aut</strong></span> <span class='ocrx_word' id='word_1_257' title='bbox 557 2174 777 2228; x_wconf 88' lang='lat' dir='ltr'><strong>monile</strong></span> <span class='ocrx_word' id='word_1_258' title='bbox 826 2176 1172 2247; x_wconf 89' lang='lat' dir='ltr'><strong>pretiosum,</strong></span> <span class='ocrx_word' id='word_1_259' title='bbox 1223 2182 1322 2233; x_wconf 91' lang='lat' dir='ltr'><strong>aut</strong></span> <span class='ocrx_word' id='word_1_260' title='bbox 1353 2180 1570 2234; x_wconf 85' lang='lat' dir='ltr'><strong>nobilia</strong></span> <span class='ocrx_word' id='word_1_261' title='bbox 1605 2197 1929 2236; x_wconf 88' lang='lat' dir='ltr'><strong>coruscan-</strong></span> 
     </span>
    </p>
   </div>
   <div class='ocr_carea' id='block_1_39' title="bbox 262 2260 1931 2341">
    <p class='ocr_par' dir='ltr' id='par_1_39' title="bbox 262 2260 1931 2341">
     <span class='ocr_line' id='line_1_40' title="bbox 262 2260 1931 2341; baseline 0.007 -27"><span class='ocrx_word' id='word_1_262' title='bbox 262 2260 393 2315; x_wconf 90' lang='lat' dir='ltr'><strong>tium</strong></span> <span class='ocrx_word' id='word_1_263' title='bbox 423 2277 795 2333; x_wconf 90' lang='lat' dir='ltr'><strong>gemmarum</strong></span> <span class='ocrx_word' id='word_1_264' title='bbox 827 2268 987 2319; x_wconf 89' lang='lat' dir='ltr'><strong>serta</strong></span> <span class='ocrx_word' id='word_1_265' title='bbox 1019 2266 1284 2337; x_wconf 86' lang='lat' dir='ltr'><strong>miratur,</strong></span> <span class='ocrx_word' id='word_1_266' title='bbox 1318 2283 1571 2338; x_wconf 86' lang='lat' dir='ltr'><strong>quorum</strong></span> <span class='ocrx_word' id='word_1_267' title='bbox 1602 2270 1931 2341; x_wconf 78' lang='lat' dir='ltr'><strong>dispendiis</strong></span> 
     </span>
    </p>
   </div>
   <div class='ocr_carea' id='block_1_40' title="bbox 264 2350 1932 2430">
    <p class='ocr_par' dir='ltr' id='par_1_40' title="bbox 264 2350 1932 2430">
     <span class='ocr_line' id='line_1_41' title="bbox 264 2350 1932 2430; baseline 0.006 -26"><span class='ocrx_word' id='word_1_268' title='bbox 264 2364 410 2421; x_wconf 67' lang='lat' dir='ltr'><strong>saepe</strong></span> <span class='ocrx_word' id='word_1_269' title='bbox 437 2350 513 2405; x_wconf 89' lang='lat' dir='ltr'><strong>lis</strong></span> <span class='ocrx_word' id='word_1_270' title='bbox 547 2355 821 2407; x_wconf 86' lang='lat' dir='ltr'><strong>movetur</strong></span> <span class='ocrx_word' id='word_1_271' title='bbox 850 2353 909 2407; x_wconf 91' lang='lat' dir='ltr'><strong>in</strong></span> <span class='ocrx_word' id='word_1_272' title='bbox 940 2353 1231 2426; x_wconf 87' lang='lat' dir='ltr'><strong>Ecclesia,</strong></span> <span class='ocrx_word' id='word_1_273' title='bbox 1285 2373 1400 2427; x_wconf 82' lang='lat' dir='ltr'><strong>pax</strong></span> <span class='ocrx_word' id='word_1_274' title='bbox 1434 2357 1717 2430; x_wconf 79' lang='lat' dir='ltr'><strong>fugatur),</strong></span> <span class='ocrx_word' id='word_1_275' title='bbox 1772 2363 1932 2414; x_wconf 92' lang='lat' dir='ltr'><strong>certe</strong></span> 
     </span>
    </p>
   </div>
   <div class='ocr_carea' id='block_1_41' title="bbox 264 2440 1936 2521">
    <p class='ocr_par' dir='ltr' id='par_1_41' title="bbox 264 2440 1936 2521">
     <span class='ocr_line' id='line_1_42' title="bbox 264 2440 1936 2521; baseline 0.007 -29"><span class='ocrx_word' id='word_1_276' title='bbox 264 2442 317 2493; x_wconf 90' lang='lat' dir='ltr'><strong>tu</strong></span> <span class='ocrx_word' id='word_1_277' title='bbox 363 2455 471 2493; x_wconf 89' lang='lat' dir='ltr'><strong>una</strong></span> <span class='ocrx_word' id='word_1_278' title='bbox 523 2440 600 2495; x_wconf 91' lang='lat' dir='ltr'><strong>de</strong></span> <span class='ocrx_word' id='word_1_279' title='bbox 647 2441 1007 2513; x_wconf 81' lang='lat' dir='ltr'><strong>virginibus,</strong></span> <span class='ocrx_word' id='word_1_280' title='bbox 1058 2460 1192 2515; x_wconf 71' lang='lat' dir='ltr'><strong>quse</strong></span> <span class='ocrx_word' id='word_1_281' title='bbox 1245 2447 1518 2517; x_wconf 91' lang='lat' dir='ltr'><strong>corporis</strong></span> <span class='ocrx_word' id='word_1_282' title='bbox 1567 2450 1651 2503; x_wconf 91' lang='lat' dir='ltr'><strong>tui</strong></span> <span class='ocrx_word' id='word_1_283' title='bbox 1685 2449 1936 2521; x_wconf 88' lang='lat' dir='ltr'><strong>gratiam</strong></span> 
     </span>
    </p>
   </div>
   <div class='ocr_carea' id='block_1_42' title="bbox 266 2528 1934 2609">
    <p class='ocr_par' dir='ltr' id='par_1_42' title="bbox 266 2528 1934 2609">
     <span class='ocr_line' id='line_1_43' title="bbox 266 2528 1934 2609; baseline 0.008 -28"><span class='ocrx_word' id='word_1_284' title='bbox 266 2528 573 2598; x_wconf 87' lang='lat' dir='ltr'><strong>splendore</strong></span> <span class='ocrx_word' id='word_1_285' title='bbox 605 2530 821 2585; x_wconf 89' lang='lat' dir='ltr'><strong>mentis</strong></span> <span class='ocrx_word' id='word_1_286' title='bbox 852 2531 1150 2587; x_wconf 87' lang='lat' dir='ltr'><strong>illuminas</strong></span> <span class='ocrx_word' id='word_1_287' title='bbox 1179 2534 1445 2605; x_wconf 88' lang='lat' dir='ltr'><strong>(propior</strong></span> <span class='ocrx_word' id='word_1_288' title='bbox 1483 2536 1642 2592; x_wconf 86' lang='lat' dir='ltr'><strong>enim</strong></span> <span class='ocrx_word' id='word_1_289' title='bbox 1692 2553 1761 2592; x_wconf 89' lang='lat' dir='ltr'><strong>es</strong></span> <span class='ocrx_word' id='word_1_290' title='bbox 1802 2554 1934 2609; x_wconf 66' lang='lat' dir='ltr'><strong>quae</strong></span> 
     </span>
    </p>
   </div>
   <div class='ocr_carea' id='block_1_43' title="bbox 266 2614 1931 2697">
    <p class='ocr_par' dir='ltr' id='par_1_43' title="bbox 266 2614 1931 2697">
     <span class='ocr_line' id='line_1_44' title="bbox 266 2614 1931 2697; baseline 0.007 -27"><span class='ocrx_word' id='word_1_291' title='bbox 266 2614 539 2672; x_wconf 81' lang='lat' dir='ltr'><strong>Ecclesiae</strong></span> <span class='ocrx_word' id='word_1_292' title='bbox 594 2620 1003 2691; x_wconf 86' lang='lat' dir='ltr'><strong>compararis),</strong></span> <span class='ocrx_word' id='word_1_293' title='bbox 1050 2625 1132 2690; x_wconf 92' lang='lat' dir='ltr'><strong>tu,</strong></span> <span class='ocrx_word' id='word_1_294' title='bbox 1184 2623 1446 2695; x_wconf 89' lang='lat' dir='ltr'><strong>inquam,</strong></span> <span class='ocrx_word' id='word_1_295' title='bbox 1494 2626 1554 2679; x_wconf 89' lang='lat' dir='ltr'><strong>in</strong></span> <span class='ocrx_word' id='word_1_296' title='bbox 1601 2626 1782 2681; x_wconf 90' lang='lat' dir='ltr'><strong>cubili</strong></span> <span class='ocrx_word' id='word_1_297' title='bbox 1811 2630 1931 2697; x_wconf 91' lang='lat' dir='ltr'><strong>tuo,</strong></span> 
     </span>
    </p>
   </div>
   <div class='ocr_carea' id='block_1_44' title="bbox 271 2709 1934 2784">
    <p class='ocr_par' dir='ltr' id='par_1_44' title="bbox 271 2709 1934 2784">
     <span class='ocr_line' id='line_1_45' title="bbox 271 2709 1934 2784; baseline 0.007 -25"><span class='ocrx_word' id='word_1_298' title='bbox 271 2709 322 2759; x_wconf 86' lang='lat' dir='ltr'><strong>et</strong></span> <span class='ocrx_word' id='word_1_299' title='bbox 347 2710 636 2762; x_wconf 91' lang='lat' dir='ltr'><strong>nocturno</strong></span> <span class='ocrx_word' id='word_1_300' title='bbox 678 2711 941 2779; x_wconf 89' lang='lat' dir='ltr'><strong>tempore</strong></span> <span class='ocrx_word' id='word_1_301' title='bbox 984 2711 1321 2781; x_wconf 87' lang='lat' dir='ltr'><strong>constituta,</strong></span> <span class='ocrx_word' id='word_1_302' title='bbox 1371 2727 1611 2784; x_wconf 89' lang='lat' dir='ltr'><strong>semper</strong></span> <span class='ocrx_word' id='word_1_303' title='bbox 1653 2714 1934 2771; x_wconf 88' lang='lat' dir='ltr'><strong>meditare</strong></span> 
     </span>
    </p>
   </div>
   <div class='ocr_carea' id='block_1_45' title="bbox 269 2793 1935 2874">
    <p class='ocr_par' dir='ltr' id='par_1_45' title="bbox 269 2793 1935 2874">
     <span class='ocr_line' id='line_1_46' title="bbox 269 2793 1935 2874; baseline 0.008 -27"><span class='ocrx_word' id='word_1_304' title='bbox 269 2793 580 2866; x_wconf 86' lang='lat' dir='ltr'><strong>Christum,</strong></span> <span class='ocrx_word' id='word_1_305' title='bbox 631 2800 688 2852; x_wconf 91' lang='lat' dir='ltr'><strong>et</strong></span> <span class='ocrx_word' id='word_1_306' title='bbox 715 2796 852 2868; x_wconf 80' lang='lat' dir='ltr'><strong>ejus</strong></span> <span class='ocrx_word' id='word_1_307' title='bbox 881 2798 1197 2855; x_wconf 88' lang='lat' dir='ltr'><strong>adventum</strong></span> <span class='ocrx_word' id='word_1_308' title='bbox 1228 2801 1504 2857; x_wconf 88' lang='lat' dir='ltr'><strong>omnibus</strong></span> <span class='ocrx_word' id='word_1_309' title='bbox 1536 2807 1773 2874; x_wconf 89' lang='lat' dir='ltr'><strong>sperato</strong></span> <span class='ocrx_word' id='word_1_310' title='bbox 1805 2821 1935 2861; x_wconf 90' lang='lat' dir='ltr'><strong>mo-</strong></span> 
     </span>
    </p>
   </div>
   <div class='ocr_carea' id='block_1_46' title="bbox 270 2885 487 2940">
    <p class='ocr_par' dir='ltr' id='par_1_46' title="bbox 270 2885 487 2940">
     <span class='ocr_line' id='line_1_47' title="bbox 270 2885 487 2940; baseline 0.014 -3"><span class='ocrx_word' id='word_1_311' title='bbox 270 2885 487 2940; x_wconf 88' lang='lat' dir='ltr'><strong>mentis.</strong></span> 
     </span>
    </p>
   </div>
   <div class='ocr_carea' id='block_1_47' title="bbox 320 2973 1935 3052">
    <p class='ocr_par' dir='ltr' id='par_1_47' title="bbox 320 2973 1935 3052">
     <span class='ocr_line' id='line_1_48' title="bbox 320 2973 1935 3052; baseline 0.006 -25"><span class='ocrx_word' id='word_1_312' title='bbox 320 2973 403 3027; x_wconf 88' lang='lat'><strong>69.</strong></span> <span class='ocrx_word' id='word_1_313' title='bbox 443 2974 507 3029; x_wconf 90' lang='lat' dir='ltr'><strong>Si</strong></span> <span class='ocrx_word' id='word_1_314' title='bbox 541 2976 775 3030; x_wconf 85' lang='lat' dir='ltr'><strong>tardare</strong></span> <span class='ocrx_word' id='word_1_315' title='bbox 809 2976 914 3030; x_wconf 86' lang='lat' dir='ltr'><strong>tibi</strong></span> <span class='ocrx_word' id='word_1_316' title='bbox 943 2978 1197 3048; x_wconf 86' lang='lat' dir='ltr'><strong>videtur,</strong></span> <span class='ocrx_word' id='word_1_317' title='bbox 1232 2994 1515 3052; x_wconf 84' lang='lat' dir='ltr'><strong>exsurge.</strong></span> <span class='ocrx_word' id='word_1_318' title='bbox 1552 2980 1811 3037; x_wconf 88' lang='lat' dir='ltr'><strong>Tardare</strong></span> <span class='ocrx_word' id='word_1_319' title='bbox 1842 2982 1935 3037; x_wconf 90' lang='lat' dir='ltr'><strong>vi-</strong></span> 
     </span>
    </p>
   </div>
   <div class='ocr_carea' id='block_1_48' title="bbox 263 3060 1930 3139">
    <p class='ocr_par' dir='ltr' id='par_1_48' title="bbox 263 3060 1930 3139">
     <span class='ocr_line' id='line_1_49' title="bbox 263 3060 1930 3139; baseline 0.007 -24"><span class='ocrx_word' id='word_1_320' title='bbox 263 3060 438 3132; x_wconf 89' lang='lat' dir='ltr'><strong>detur,</strong></span> <span class='ocrx_word' id='word_1_321' title='bbox 490 3080 631 3118; x_wconf 89' lang='lat' dir='ltr'><strong>cum</strong></span> <span class='ocrx_word' id='word_1_322' title='bbox 678 3065 778 3119; x_wconf 91' lang='lat' dir='ltr'><strong>diu</strong></span> <span class='ocrx_word' id='word_1_323' title='bbox 810 3065 1324 3123; x_wconf 79' lang='lat' dir='ltr'><strong>dormisztardare</strong></span> <span class='ocrx_word' id='word_1_324' title='bbox 1367 3069 1620 3139; x_wconf 85' lang='lat' dir='ltr'><strong>videtur,</strong></span> <span class='ocrx_word' id='word_1_325' title='bbox 1674 3086 1808 3125; x_wconf 90' lang='lat' dir='ltr'><strong>cum</strong></span> <span class='ocrx_word' id='word_1_326' title='bbox 1856 3072 1930 3126; x_wconf 89' lang='lat' dir='ltr'><strong>ab</strong></span> 
     </span>
    </p>
   </div>
   <div class='ocr_carea' id='block_1_49' title="bbox 265 3153 1935 3227">
    <p class='ocr_par' dir='ltr' id='par_1_49' title="bbox 265 3153 1935 3227">
     <span class='ocr_line' id='line_1_50' title="bbox 265 3153 1935 3227; baseline 0.007 -23"><span class='ocrx_word' id='word_1_327' title='bbox 265 3153 512 3208; x_wconf 87' lang='lat' dir='ltr'><strong>oratione</strong></span> <span class='ocrx_word' id='word_1_328' title='bbox 570 3155 1046 3210; x_wconf 80' lang='lat' dir='ltr'><strong>vacasztardare</strong></span> <span class='ocrx_word' id='word_1_329' title='bbox 1095 3157 1346 3227; x_wconf 88' lang='lat' dir='ltr'><strong>videtur,</strong></span> <span class='ocrx_word' id='word_1_330' title='bbox 1398 3174 1532 3213; x_wconf 92' lang='lat' dir='ltr'><strong>cum</strong></span> <span class='ocrx_word' id='word_1_331' title='bbox 1575 3175 1783 3214; x_wconf 88' lang='lat' dir='ltr'><strong>vocem</strong></span> <span class='ocrx_word' id='word_1_332' title='bbox 1816 3177 1935 3215; x_wconf 89' lang='lat' dir='ltr'><strong>non</strong></span> 
     </span>
    </p>
   </div>
   <div class='ocr_carea' id='block_1_50' title="bbox 263 3240 1932 3319">
    <p class='ocr_par' dir='ltr' id='par_1_50' title="bbox 263 3240 1932 3319">
     <span class='ocr_line' id='line_1_51' title="bbox 263 3240 1932 3319; baseline 0.007 -26"><span class='ocrx_word' id='word_1_333' title='bbox 263 3240 469 3295; x_wconf 88' lang='lat' dir='ltr'><strong>excitas</strong></span> <span class='ocrx_word' id='word_1_334' title='bbox 501 3242 756 3312; x_wconf 89' lang='lat' dir='ltr'><strong>psalmis</strong></span> <span class='ocrx_word' id='word_1_335' title='bbox 787 3242 926 3314; x_wconf 75' lang='lat'><strong>(43).</strong></span> <span class='ocrx_word' id='word_1_336' title='bbox 968 3244 1264 3300; x_wconf 81' lang='lat' dir='ltr'><strong>Primitias</strong></span> <span class='ocrx_word' id='word_1_337' title='bbox 1313 3247 1653 3319; x_wconf 87' lang='lat' dir='ltr'><strong>vigiliarum</strong></span> <span class='ocrx_word' id='word_1_338' title='bbox 1701 3252 1932 3304; x_wconf 88' lang='lat' dir='ltr'><strong>tuarum</strong></span> 
     </span>
    </p>
   </div>
   <div class='ocr_carea' id='block_1_51' title="bbox 266 3327 1933 3402">
    <p class='ocr_par' dir='ltr' id='par_1_51' title="bbox 266 3327 1933 3402">
     <span class='ocr_line' id='line_1_52' title="bbox 266 3327 1933 3402; baseline 0.007 -20"><span class='ocrx_word' id='word_1_339' title='bbox 266 3327 488 3385; x_wconf 87' lang='lat' dir='ltr'><strong>Christo</strong></span> <span class='ocrx_word' id='word_1_340' title='bbox 543 3331 759 3400; x_wconf 90' lang='lat' dir='ltr'><strong>dicato,</strong></span> <span class='ocrx_word' id='word_1_341' title='bbox 817 3333 1108 3402; x_wconf 88' lang='lat' dir='ltr'><strong>primitias</strong></span> <span class='ocrx_word' id='word_1_342' title='bbox 1150 3338 1385 3390; x_wconf 90' lang='lat' dir='ltr'><strong>actuum</strong></span> <span class='ocrx_word' id='word_1_343' title='bbox 1431 3340 1666 3392; x_wconf 90' lang='lat' dir='ltr'><strong>tuorum</strong></span> <span class='ocrx_word' id='word_1_344' title='bbox 1695 3338 1933 3394; x_wconf 88' lang='lat' dir='ltr'><strong>Christo</strong></span> 
     </span>
    </p>
   </div>
   <div class='ocr_carea' id='block_1_52' title="bbox 270 3417 1929 3497">
    <p class='ocr_par' dir='ltr' id='par_1_52' title="bbox 270 3417 1929 3497">
     <span class='ocr_line' id='line_1_53' title="bbox 270 3417 1929 3497; baseline 0.007 -28"><span class='ocrx_word' id='word_1_345' title='bbox 270 3417 506 3474; x_wconf 87' lang='lat' dir='ltr'><strong>immola.</strong></span> <span class='ocrx_word' id='word_1_346' title='bbox 564 3421 796 3475; x_wconf 77' lang='lat' dir='ltr'><strong>Audisti</strong></span> <span class='ocrx_word' id='word_1_347' title='bbox 846 3422 904 3475; x_wconf 91' lang='lat' dir='ltr'><strong>in</strong></span> <span class='ocrx_word' id='word_1_348' title='bbox 952 3422 1364 3493; x_wconf 90' lang='lat' dir='ltr'><strong>superioribus</strong></span> <span class='ocrx_word' id='word_1_349' title='bbox 1414 3427 1551 3497; x_wconf 88' lang='lat' dir='ltr'><strong>quia</strong></span> <span class='ocrx_word' id='word_1_350' title='bbox 1591 3427 1827 3481; x_wconf 88' lang='lat' dir='ltr'><strong>vocavit</strong></span> <span class='ocrx_word' id='word_1_351' title='bbox 1852 3431 1929 3490; x_wconf 85' lang='lat' dir='ltr'><strong>te,</strong></span> 
     </span>
    </p>
   </div>
   <div class='ocr_carea' id='block_1_53' title="bbox 265 3504 1927 3584">
    <p class='ocr_par' dir='ltr' id='par_1_53' title="bbox 265 3504 1927 3584">
     <span class='ocr_line' id='line_1_54' title="bbox 265 3504 1927 3584; baseline 0.008 -26"><span class='ocrx_word' id='word_1_352' title='bbox 265 3504 452 3562; x_wconf 90' lang='lat' dir='ltr'><strong>dicens</strong></span> <span class='ocrx_word' id='word_1_353' title='bbox 489 3524 502 3562; x_wconf 89' lang='lat'><strong>:</strong></span> <span class='ocrx_word' id='word_1_354' title='bbox 556 3508 764 3563; x_wconf 89' lang='lat' dir='ltr'><strong>Venia</strong></span> <span class='ocrx_word' id='word_1_355' title='bbox 796 3509 1044 3579; x_wconf 80' lang='lat' dir='ltr'><strong>Libano,</strong></span> <span class='ocrx_word' id='word_1_356' title='bbox 1092 3512 1339 3584; x_wconf 86' lang='lat' dir='ltr'><strong>Sponsa,</strong></span> <span class='ocrx_word' id='word_1_357' title='bbox 1392 3515 1531 3569; x_wconf 86' lang='lat' dir='ltr'><strong>veni</strong></span> <span class='ocrx_word' id='word_1_358' title='bbox 1577 3532 1609 3569; x_wconf 87' lang='lat' dir='ltr'><strong>a</strong></span> <span class='ocrx_word' id='word_1_359' title='bbox 1654 3514 1881 3571; x_wconf 81' lang='lat' dir='ltr'><strong>Libano</strong></span> <span class='ocrx_word' id='word_1_360' title='bbox 1911 3538 1927 3571; x_wconf 85' lang='lat'><strong>.-</strong></span> 
     </span>
    </p>
   </div>
   <div class='ocr_carea' id='block_1_54' title="bbox 266 3596 1926 3675">
    <p class='ocr_par' dir='ltr' id='par_1_54' title="bbox 266 3596 1926 3675">
     <span class='ocr_line' id='line_1_55' title="bbox 266 3596 1926 3675; baseline 0.007 -29"><span class='ocrx_word' id='word_1_361' title='bbox 266 3596 550 3651; x_wconf 80' lang='lat' dir='ltr'><strong>transibis</strong></span> <span class='ocrx_word' id='word_1_362' title='bbox 581 3603 640 3651; x_wconf 85' lang='lat' dir='ltr'><strong>et</strong></span> <span class='ocrx_word' id='word_1_363' title='bbox 665 3600 1079 3670; x_wconf 81' lang='lat' dir='ltr'><strong>pertransibis</strong></span> <span class='ocrx_word' id='word_1_364' title='bbox 1100 3617 1131 3654; x_wconf 90' lang='lat' dir='ltr'><strong>a</strong></span> <span class='ocrx_word' id='word_1_365' title='bbox 1144 3602 1448 3673; x_wconf 84' lang='lat' dir='ltr'><strong>principio</strong></span> <span class='ocrx_word' id='word_1_366' title='bbox 1468 3601 1612 3658; x_wconf 74' lang='lat' dir='ltr'><strong>ﬁdei</strong></span> <span class='ocrx_word' id='word_1_367' title='bbox 1632 3603 1827 3672; x_wconf 88' lang='lat' dir='ltr'><strong>(Cant.</strong></span> <span class='ocrx_word' id='word_1_368' title='bbox 1850 3621 1926 3675; x_wconf 80' lang='lat' dir='ltr'><strong>IV,</strong></span> 
     </span>
    </p>
   </div>
   <div class='ocr_carea' id='block_1_55' title="bbox 267 3680 1930 3762">
    <p class='ocr_par' dir='ltr' id='par_1_55' title="bbox 267 3680 1930 3762">
     <span class='ocr_line' id='line_1_56' title="bbox 267 3680 1930 3762; baseline 0.008 -27"><span class='ocrx_word' id='word_1_369' title='bbox 267 3680 342 3752; x_wconf 85' lang='lat'><strong>8);</strong></span> <span class='ocrx_word' id='word_1_370' title='bbox 382 3686 673 3745; x_wconf 86' lang='lat' dir='ltr'><strong>transibis</strong></span> <span class='ocrx_word' id='word_1_371' title='bbox 723 3687 782 3741; x_wconf 91' lang='lat' dir='ltr'><strong>in</strong></span> <span class='ocrx_word' id='word_1_372' title='bbox 824 3689 1113 3743; x_wconf 71' lang='lat' dir='ltr'><strong>szeculum</strong></span> <span class='ocrx_word' id='word_1_373' title='bbox 1175 3693 1488 3761; x_wconf 80' lang='lat' dir='ltr'><strong>certatum,</strong></span> <span class='ocrx_word' id='word_1_374' title='bbox 1536 3693 1930 3762; x_wconf 89' lang='lat' dir='ltr'><strong>pertransibis</strong></span> 
     </span>
    </p>
   </div>
   <div class='ocr_carea' id='block_1_56' title="bbox 263 3771 1925 3854">
    <p class='ocr_par' dir='ltr' id='par_1_56' title="bbox 263 3771 1925 3854">
     <span class='ocr_line' id='line_1_57' title="bbox 263 3771 1925 3854; baseline 0.007 -29"><span class='ocrx_word' id='word_1_375' title='bbox 263 3771 323 3824; x_wconf 82' lang='lat' dir='ltr'><strong>ad</strong></span> <span class='ocrx_word' id='word_1_376' title='bbox 348 3773 651 3829; x_wconf 84' lang='lat' dir='ltr'><strong>Christum</strong></span> <span class='ocrx_word' id='word_1_377' title='bbox 682 3776 1102 3847; x_wconf 88' lang='lat' dir='ltr'><strong>triumphatura</strong></span> <span class='ocrx_word' id='word_1_378' title='bbox 1137 3778 1208 3833; x_wconf 90' lang='lat' dir='ltr'><strong>de</strong></span> <span class='ocrx_word' id='word_1_379' title='bbox 1240 3778 1485 3834; x_wconf 60' lang='lat' dir='ltr'><strong>saeculo.</strong></span> <span class='ocrx_word' id='word_1_380' title='bbox 1522 3781 1757 3835; x_wconf 85' lang='lat' dir='ltr'><strong>Audisti</strong></span> <span class='ocrx_word' id='word_1_381' title='bbox 1787 3783 1925 3854; x_wconf 86' lang='lat' dir='ltr'><strong>quia</strong></span> 
     </span>
    </p>
   </div>
   <div class='ocr_carea' id='block_1_57' title="bbox 262 3861 1929 3939">
    <p class='ocr_par' dir='ltr' id='par_1_57' title="bbox 262 3861 1929 3939">
     <span class='ocr_line' id='line_1_58' title="bbox 262 3861 1929 3939; baseline 0.007 -25"><span class='ocrx_word' id='word_1_382' title='bbox 262 3861 310 3914; x_wconf 87' lang='lat' dir='ltr'><strong>te</strong></span> <span class='ocrx_word' id='word_1_383' title='bbox 338 3877 368 3915; x_wconf 93' lang='lat' dir='ltr'><strong>a</strong></span> <span class='ocrx_word' id='word_1_384' title='bbox 395 3862 638 3919; x_wconf 89' lang='lat' dir='ltr'><strong>leonum</strong></span> <span class='ocrx_word' id='word_1_385' title='bbox 671 3868 728 3918; x_wconf 90' lang='lat' dir='ltr'><strong>et</strong></span> <span class='ocrx_word' id='word_1_386' title='bbox 758 3866 1094 3937; x_wconf 89' lang='lat' dir='ltr'><strong>pardorum,</strong></span> <span class='ocrx_word' id='word_1_387' title='bbox 1128 3867 1187 3922; x_wconf 88' lang='lat' dir='ltr'><strong>id</strong></span> <span class='ocrx_word' id='word_1_388' title='bbox 1218 3871 1328 3937; x_wconf 85' lang='lat' dir='ltr'><strong>est,</strong></span> <span class='ocrx_word' id='word_1_389' title='bbox 1363 3884 1395 3922; x_wconf 92' lang='lat' dir='ltr'><strong>a</strong></span> <span class='ocrx_word' id='word_1_390' title='bbox 1425 3870 1779 3939; x_wconf 90' lang='lat' dir='ltr'><strong>spiritalium</strong></span> <span class='ocrx_word' id='word_1_391' title='bbox 1828 3887 1929 3926; x_wconf 90' lang='lat' dir='ltr'><strong>ne-</strong></span> 
     </span>
    </p>
   </div>
   <div class='ocr_carea' id='block_1_58' title="bbox 267 3951 1929 4031">
    <p class='ocr_par' dir='ltr' id='par_1_58' title="bbox 267 3951 1929 4031">
     <span class='ocr_line' id='line_1_59' title="bbox 267 3951 1929 4031; baseline 0.007 -27"><span class='ocrx_word' id='word_1_392' title='bbox 267 3951 568 4019; x_wconf 86' lang='lat' dir='ltr'><strong>quitiarum</strong></span> <span class='ocrx_word' id='word_1_393' title='bbox 622 3952 1068 4010; x_wconf 89' lang='lat' dir='ltr'><strong>incursionibus</strong></span> <span class='ocrx_word' id='word_1_394' title='bbox 1119 3958 1418 4026; x_wconf 86' lang='lat' dir='ltr'><strong>separavit</strong></span> <span class='ocrx_word' id='word_1_395' title='bbox 1466 3973 1478 4012; x_wconf 89' lang='lat'>:</span> <span class='ocrx_word' id='word_1_396' title='bbox 1526 3959 1741 4014; x_wconf 91' lang='lat' dir='ltr'><strong>audisti</strong></span> <span class='ocrx_word' id='word_1_397' title='bbox 1791 3959 1929 4031; x_wconf 88' lang='lat' dir='ltr'><strong>quia</strong></span> 
     </span>
    </p>
   </div>
   <div class='ocr_carea' id='block_1_59' title="bbox 262 4036 1926 4114">
    <p class='ocr_par' dir='ltr' id='par_1_59' title="bbox 262 4036 1926 4114">
     <span class='ocr_line' id='line_1_60' title="bbox 262 4036 1926 4114; baseline 0.007 -22"><span class='ocrx_word' id='word_1_398' title='bbox 262 4036 433 4106; x_wconf 86' lang='lat' dir='ltr'><strong>placet</strong></span> <span class='ocrx_word' id='word_1_399' title='bbox 481 4042 533 4096; x_wconf 87' lang='lat' dir='ltr'><strong>ei</strong></span> <span class='ocrx_word' id='word_1_400' title='bbox 585 4045 820 4097; x_wconf 89' lang='lat' dir='ltr'><strong>tuarum</strong></span> <span class='ocrx_word' id='word_1_401' title='bbox 869 4044 1245 4114; x_wconf 85' lang='lat' dir='ltr'><strong>pulchritudo</strong></span> <span class='ocrx_word' id='word_1_402' title='bbox 1310 4046 1590 4102; x_wconf 87' lang='lat' dir='ltr'><strong>virtutum</strong></span> <span class='ocrx_word' id='word_1_403' title='bbox 1646 4063 1657 4102; x_wconf 91' lang='lat'><strong>:</strong></span> <span class='ocrx_word' id='word_1_404' title='bbox 1710 4048 1926 4103; x_wconf 88' lang='lat' dir='ltr'><strong>audisti</strong></span> 
     </span>
    </p>
   </div>
   <div class='ocr_carea' id='block_1_60' title="bbox 262 4127 1926 4211">
    <p class='ocr_par' dir='ltr' id='par_1_60' title="bbox 262 4127 1926 4211">
     <span class='ocr_line' id='line_1_61' title="bbox 262 4127 1926 4211; baseline 0.007 -30"><span class='ocrx_word' id='word_1_405' title='bbox 262 4127 382 4196; x_wconf 84' lang='lat' dir='ltr'><strong>quia</strong></span> <span class='ocrx_word' id='word_1_406' title='bbox 406 4132 897 4187; x_wconf 82' lang='lat' dir='ltr'><strong>vestimentorum</strong></span> <span class='ocrx_word' id='word_1_407' title='bbox 944 4136 1176 4211; x_wconf 87' lang='lat' dir='ltr'><strong>tuorum</strong></span> <span class='ocrx_word' id='word_1_408' title='bbox 1206 4138 1484 4205; x_wconf 88' lang='lat' dir='ltr'><strong>aromata,</strong></span> <span class='ocrx_word' id='word_1_409' title='bbox 1519 4136 1632 4190; x_wconf 90' lang='lat' dir='ltr'><strong>hoc</strong></span> <span class='ocrx_word' id='word_1_410' title='bbox 1661 4140 1772 4207; x_wconf 88' lang='lat' dir='ltr'><strong>est,</strong></span> <span class='ocrx_word' id='word_1_411' title='bbox 1822 4137 1926 4192; x_wconf 94' lang='lat' dir='ltr'><strong>bo-</strong></span> 
     </span>
    </p>
   </div>
   <div class='ocr_carea' id='block_1_61' title="bbox 262 4216 1925 4295">
    <p class='ocr_par' dir='ltr' id='par_1_61' title="bbox 262 4216 1925 4295">
     <span class='ocr_line' id='line_1_62' title="bbox 262 4216 1925 4295; baseline 0.007 -25"><span class='ocrx_word' id='word_1_412' title='bbox 262 4230 384 4271; x_wconf 88' lang='lat' dir='ltr'><strong>num</strong></span> <span class='ocrx_word' id='word_1_413' title='bbox 412 4218 657 4274; x_wconf 90' lang='lat' dir='ltr'><strong>odorem</strong></span> <span class='ocrx_word' id='word_1_414' title='bbox 694 4216 1050 4293; x_wconf 83' lang='lat' dir='ltr'><strong>integritatis</strong></span> <span class='ocrx_word' id='word_1_415' title='bbox 1084 4223 1360 4278; x_wconf 91' lang='lat' dir='ltr'><strong>omnibus</strong></span> <span class='ocrx_word' id='word_1_416' title='bbox 1390 4225 1677 4280; x_wconf 88' lang='lat' dir='ltr'><strong>odoribus</strong></span> <span class='ocrx_word' id='word_1_417' title='bbox 1708 4230 1925 4295; x_wconf 74' lang='lat' dir='ltr'><strong>praetu—</strong></span> 
     </span>
    </p>
   </div>
   <div class='ocr_carea' id='block_1_62' title="bbox 264 4301 1924 4384">
    <p class='ocr_par' dir='ltr' id='par_1_62' title="bbox 264 4301 1924 4384">
     <span class='ocr_line' id='line_1_63' title="bbox 264 4301 1924 4384; baseline 0.007 -27"><span class='ocrx_word' id='word_1_418' title='bbox 264 4301 350 4368; x_wconf 87' lang='lat' dir='ltr'><strong>lit;</strong></span> <span class='ocrx_word' id='word_1_419' title='bbox 375 4307 592 4362; x_wconf 86' lang='lat' dir='ltr'><strong>audisti</strong></span> <span class='ocrx_word' id='word_1_420' title='bbox 624 4309 763 4379; x_wconf 90' lang='lat' dir='ltr'><strong>quia</strong></span> <span class='ocrx_word' id='word_1_421' title='bbox 794 4309 1004 4364; x_wconf 87' lang='lat' dir='ltr'><strong>hortus</strong></span> <span class='ocrx_word' id='word_1_422' title='bbox 1035 4326 1103 4364; x_wconf 90' lang='lat' dir='ltr'><strong>es</strong></span> <span class='ocrx_word' id='word_1_423' title='bbox 1134 4312 1477 4377; x_wconf 89' lang='lat' dir='ltr'><strong>conclusus,</strong></span> <span class='ocrx_word' id='word_1_424' title='bbox 1513 4314 1784 4367; x_wconf 90' lang='lat' dir='ltr'><strong>suavium</strong></span> <span class='ocrx_word' id='word_1_425' title='bbox 1813 4330 1924 4384; x_wconf 91' lang='lat' dir='ltr'><strong>po-</strong></span> 
     </span>
    </p>
   </div>
   <div class='ocr_carea' id='block_1_63' title="bbox 264 4391 1920 4473">
    <p class='ocr_par' dir='ltr' id='par_1_63' title="bbox 264 4391 1920 4473">
     <span class='ocr_line' id='line_1_64' title="bbox 264 4391 1920 4473; baseline 0.008 -30"><span class='ocrx_word' id='word_1_426' title='bbox 264 4391 586 4450; x_wconf 80' lang='lat' dir='ltr'><strong>miferarum</strong></span> <span class='ocrx_word' id='word_1_427' title='bbox 620 4397 876 4452; x_wconf 78' lang='lat' dir='ltr'><strong>refertus</strong></span> <span class='ocrx_word' id='word_1_428' title='bbox 907 4398 1220 4454; x_wconf 83' lang='lat' dir='ltr'><strong>fructibus.</strong></span> <span class='ocrx_word' id='word_1_429' title='bbox 1256 4400 1396 4455; x_wconf 85' lang='lat' dir='ltr'><strong>Pete</strong></span> <span class='ocrx_word' id='word_1_430' title='bbox 1426 4400 1608 4473; x_wconf 90' lang='lat' dir='ltr'><strong>igitur</strong></span> <span class='ocrx_word' id='word_1_431' title='bbox 1648 4404 1711 4456; x_wconf 92' lang='lat' dir='ltr'><strong>ut</strong></span> <span class='ocrx_word' id='word_1_432' title='bbox 1756 4404 1920 4473; x_wconf 85' lang='lat' dir='ltr'><strong>aspi-</strong></span> 
     </span>
    </p>
   </div>
   <div class='ocr_carea' id='block_1_64' title="bbox 265 4483 1918 4562">
    <p class='ocr_par' dir='ltr' id='par_1_64' title="bbox 265 4483 1918 4562">
     <span class='ocr_line' id='line_1_65' title="bbox 265 4483 1918 4562; baseline 0.008 -29"><span class='ocrx_word' id='word_1_433' title='bbox 265 4484 342 4534; x_wconf 90' lang='lat' dir='ltr'><strong>ret</strong></span> <span class='ocrx_word' id='word_1_434' title='bbox 365 4483 464 4538; x_wconf 88' lang='lat' dir='ltr'><strong>tibi</strong></span> <span class='ocrx_word' id='word_1_435' title='bbox 493 4485 753 4555; x_wconf 88' lang='lat' dir='ltr'><strong>Spiritus</strong></span> <span class='ocrx_word' id='word_1_436' title='bbox 783 4490 1048 4557; x_wconf 85' lang='lat' dir='ltr'><strong>sanctus,</strong></span> <span class='ocrx_word' id='word_1_437' title='bbox 1073 4488 1296 4558; x_wconf 89' lang='lat' dir='ltr'><strong>aspiret</strong></span> <span class='ocrx_word' id='word_1_438' title='bbox 1318 4504 1501 4560; x_wconf 89' lang='lat' dir='ltr'><strong>super</strong></span> <span class='ocrx_word' id='word_1_439' title='bbox 1522 4489 1715 4545; x_wconf 91' lang='lat' dir='ltr'><strong>cubile</strong></span> <span class='ocrx_word' id='word_1_440' title='bbox 1734 4493 1918 4562; x_wconf 90' lang='lat' dir='ltr'><strong>tuum,</strong></span> 
     </span>
    </p>
   </div>
   <div class='ocr_carea' id='block_1_65' title="bbox 266 4570 1922 4649">
    <p class='ocr_par' dir='ltr' id='par_1_65' title="bbox 266 4570 1922 4649">
     <span class='ocr_line' id='line_1_66' title="bbox 266 4570 1922 4649; baseline 0.009 -29"><span class='ocrx_word' id='word_1_441' title='bbox 266 4570 419 4640; x_wconf 86' lang='lat' dir='ltr'><strong>atque</strong></span> <span class='ocrx_word' id='word_1_442' title='bbox 448 4574 693 4628; x_wconf 89' lang='lat' dir='ltr'><strong>odorem</strong></span> <span class='ocrx_word' id='word_1_443' title='bbox 725 4575 836 4645; x_wconf 83' lang='lat' dir='ltr'><strong>piae</strong></span> <span class='ocrx_word' id='word_1_444' title='bbox 867 4578 1080 4631; x_wconf 85' lang='lat' dir='ltr'><strong>mentis</strong></span> <span class='ocrx_word' id='word_1_445' title='bbox 1111 4581 1168 4631; x_wconf 88' lang='lat' dir='ltr'><strong>et</strong></span> <span class='ocrx_word' id='word_1_446' title='bbox 1196 4578 1401 4649; x_wconf 77' lang='lat' dir='ltr'><strong>gratim</strong></span> <span class='ocrx_word' id='word_1_447' title='bbox 1433 4579 1716 4649; x_wconf 78' lang='lat' dir='ltr'><strong>Spiritalis</strong></span> <span class='ocrx_word' id='word_1_448' title='bbox 1746 4595 1922 4635; x_wconf 89' lang='lat' dir='ltr'><strong>accu-</strong></span> 
     </span>
    </p>
   </div>
   <div class='ocr_carea' id='block_1_66' title="bbox 1963 3288 2017 3359">
    <p class='ocr_par' dir='ltr' id='par_1_66' title="bbox 1963 3288 2017 3359">
     <span class='ocr_line' id='line_1_67' title="bbox 1963 3288 2017 3359; baseline 0 0"><span class='ocrx_word' id='word_1_449' title='bbox 1963 3288 2017 3359; x_wconf 74' lang='grc' dir='ltr'>Ο</span> 
     </span>
    </p>
   </div>
   <div class='ocr_carea' id='block_1_67' title="bbox 2038 1992 3717 2070">
    <p class='ocr_par' dir='ltr' id='par_1_67' title="bbox 2038 1992 3717 2070">
     <span class='ocr_line' id='line_1_68' title="bbox 2038 1992 3717 2070; baseline 0.01 -22"><span class='ocrx_word' id='word_1_450' title='bbox 2038 1992 2113 2064; x_wconf 74' lang='grc'><strong>2).</strong></span> <span class='ocrx_word' id='word_1_451' title='bbox 2149 1995 2280 2050; x_wconf 89' lang='lat' dir='ltr'><strong>Non</strong></span> <span class='ocrx_word' id='word_1_452' title='bbox 2310 1995 2395 2050; x_wconf 93' lang='lat' dir='ltr'><strong>illi</strong></span> <span class='ocrx_word' id='word_1_453' title='bbox 2425 2004 2786 2070; x_wconf 81' lang='lat' dir='ltr'><strong>ornamenta,</strong></span> <span class='ocrx_word' id='word_1_454' title='bbox 2818 2001 2926 2055; x_wconf 83' lang='lat' dir='ltr'><strong>sed</strong></span> <span class='ocrx_word' id='word_1_455' title='bbox 2956 2003 3201 2058; x_wconf 85' lang='lat' dir='ltr'><strong>crimina</strong></span> <span class='ocrx_word' id='word_1_456' title='bbox 3230 2009 3371 2061; x_wconf 89' lang='lat' dir='ltr'><strong>sunt</strong></span> <span class='ocrx_word' id='word_1_457' title='bbox 3390 2022 3402 2061; x_wconf 90' lang='lat'>:</span> <span class='ocrx_word' id='word_1_458' title='bbox 3421 2006 3717 2065; x_wconf 87' lang='lat' dir='ltr'><strong>lenocinia</strong></span> 
     </span>
    </p>
   </div>
   <div class='ocr_carea' id='block_1_68' title="bbox 2040 2083 3719 2159">
    <p class='ocr_par' dir='ltr' id='par_1_68' title="bbox 2040 2083 3719 2159">
     <span class='ocr_line' id='line_1_69' title="bbox 2040 2083 3719 2159; baseline 0.01 -22"><span class='ocrx_word' id='word_1_459' title='bbox 2040 2083 2269 2152; x_wconf 83' lang='lat' dir='ltr'><strong>formae,</strong></span> <span class='ocrx_word' id='word_1_460' title='bbox 2304 2102 2422 2140; x_wconf 91' lang='lat' dir='ltr'><strong>non</strong></span> <span class='ocrx_word' id='word_1_461' title='bbox 2453 2091 2749 2159; x_wconf 69' lang='lat' dir='ltr'><strong>praecepta</strong></span> <span class='ocrx_word' id='word_1_462' title='bbox 2779 2090 3035 2146; x_wconf 89' lang='lat' dir='ltr'><strong>virtutis.</strong></span> <span class='ocrx_word' id='word_1_463' title='bbox 3071 2093 3238 2149; x_wconf 85' lang='lat' dir='ltr'><strong>Alios</strong></span> <span class='ocrx_word' id='word_1_464' title='bbox 3260 2095 3569 2153; x_wconf 86' lang='lat' dir='ltr'><strong>cincinnos</strong></span> <span class='ocrx_word' id='word_1_465' title='bbox 3599 2098 3719 2153; x_wconf 57' lang='lat' dir='ltr'><strong>Na.</strong></span> 
     </span>
    </p>
   </div>
   <div class='ocr_carea' id='block_1_69' title="bbox 2039 2173 3716 2258">
    <p class='ocr_par' dir='ltr' id='par_1_69' title="bbox 2039 2173 3716 2258">
     <span class='ocr_line' id='line_1_70' title="bbox 2039 2173 3716 2258; baseline 0.011 -33"><span class='ocrx_word' id='word_1_466' title='bbox 2039 2188 2268 2228; x_wconf 74' lang='lat' dir='ltr'><strong>zarmus</strong></span> <span class='ocrx_word' id='word_1_467' title='bbox 2301 2173 2495 2245; x_wconf 89' lang='lat' dir='ltr'><strong>habet,</strong></span> <span class='ocrx_word' id='word_1_468' title='bbox 2528 2175 2587 2230; x_wconf 91' lang='lat' dir='ltr'><strong>in</strong></span> <span class='ocrx_word' id='word_1_469' title='bbox 2618 2177 2836 2248; x_wconf 91' lang='lat' dir='ltr'><strong>quibus</strong></span> <span class='ocrx_word' id='word_1_470' title='bbox 2869 2178 3091 2235; x_wconf 84' lang='lat' dir='ltr'><strong>ferrum</strong></span> <span class='ocrx_word' id='word_1_471' title='bbox 3112 2198 3229 2238; x_wconf 92' lang='lat' dir='ltr'><strong>non</strong></span> <span class='ocrx_word' id='word_1_472' title='bbox 3250 2184 3537 2256; x_wconf 86' lang='lat' dir='ltr'><strong>ascendit,</strong></span> <span class='ocrx_word' id='word_1_473' title='bbox 3563 2203 3716 2258; x_wconf 85' lang='lat' dir='ltr'><strong>quos</strong></span> 
     </span>
    </p>
   </div>
   <div class='ocr_carea' id='block_1_70' title="bbox 2038 2263 3718 2345">
    <p class='ocr_par' dir='ltr' id='par_1_70' title="bbox 2038 2263 3718 2345">
     <span class='ocr_line' id='line_1_71' title="bbox 2038 2263 3718 2345; baseline 0.01 -31"><span class='ocrx_word' id='word_1_474' title='bbox 2038 2276 2212 2317; x_wconf 90' lang='lat' dir='ltr'><strong>nemo</strong></span> <span class='ocrx_word' id='word_1_475' title='bbox 2242 2263 2513 2333; x_wconf 63' lang='lat' dir='ltr'><strong>precidit</strong></span> <span class='ocrx_word' id='word_1_476' title='bbox 2544 2280 2557 2319; x_wconf 92' lang='lat'><strong>:</strong></span> <span class='ocrx_word' id='word_1_477' title='bbox 2592 2266 2695 2336; x_wconf 91' lang='lat' dir='ltr'><strong>qui</strong></span> <span class='ocrx_word' id='word_1_478' title='bbox 2722 2282 2841 2321; x_wconf 90' lang='lat' dir='ltr'><strong>non</strong></span> <span class='ocrx_word' id='word_1_479' title='bbox 2872 2268 3227 2326; x_wconf 88' lang='lat' dir='ltr'><strong>calamistris</strong></span> <span class='ocrx_word' id='word_1_480' title='bbox 3276 2276 3610 2345; x_wconf 89' lang='lat' dir='ltr'><strong>compositi,</strong></span> <span class='ocrx_word' id='word_1_481' title='bbox 3660 2279 3718 2331; x_wconf 90' lang='lat' dir='ltr'><strong>et</strong></span> 
     </span>
    </p>
   </div>
   <div class='ocr_carea' id='block_1_71' title="bbox 2038 2350 3715 2430">
    <p class='ocr_par' dir='ltr' id='par_1_71' title="bbox 2038 2350 3715 2430">
     <span class='ocr_line' id='line_1_72' title="bbox 2038 2350 3715 2430; baseline 0.009 -25"><span class='ocrx_word' id='word_1_482' title='bbox 2038 2354 2163 2405; x_wconf 89' lang='lat' dir='ltr'><strong>arte</strong></span> <span class='ocrx_word' id='word_1_483' title='bbox 2194 2350 2433 2423; x_wconf 87' lang='lat' dir='ltr'><strong>digesti,</strong></span> <span class='ocrx_word' id='word_1_484' title='bbox 2468 2353 2576 2408; x_wconf 86' lang='lat' dir='ltr'><strong>sed</strong></span> <span class='ocrx_word' id='word_1_485' title='bbox 2607 2354 2916 2426; x_wconf 89' lang='lat' dir='ltr'><strong>multiplici</strong></span> <span class='ocrx_word' id='word_1_486' title='bbox 2948 2359 3281 2430; x_wconf 88' lang='lat' dir='ltr'><strong>crispantes</strong></span> <span class='ocrx_word' id='word_1_487' title='bbox 3307 2361 3590 2419; x_wconf 88' lang='lat' dir='ltr'><strong>virtutum</strong></span> <span class='ocrx_word' id='word_1_488' title='bbox 3619 2365 3715 2420; x_wconf 83' lang='lat' dir='ltr'><strong>ni-</strong></span> 
     </span>
    </p>
   </div>
   <div class='ocr_carea' id='block_1_72' title="bbox 2038 2441 3713 2523">
    <p class='ocr_par' dir='ltr' id='par_1_72' title="bbox 2038 2441 3713 2523">
     <span class='ocr_line' id='line_1_73' title="bbox 2038 2441 3713 2523; baseline 0.008 -30"><span class='ocrx_word' id='word_1_489' title='bbox 2038 2441 2284 2494; x_wconf 90' lang='lat' dir='ltr'><strong>tentium</strong></span> <span class='ocrx_word' id='word_1_490' title='bbox 2315 2442 2503 2513; x_wconf 90' lang='lat' dir='ltr'><strong>gratia</strong></span> <span class='ocrx_word' id='word_1_491' title='bbox 2533 2441 2914 2500; x_wconf 82' lang='lat' dir='ltr'><strong>refulserunt.</strong></span> <span class='ocrx_word' id='word_1_492' title='bbox 2951 2446 3128 2503; x_wconf 90' lang='lat' dir='ltr'><strong>Disce</strong></span> <span class='ocrx_word' id='word_1_493' title='bbox 3177 2448 3237 2504; x_wconf 91' lang='lat' dir='ltr'><strong>in</strong></span> <span class='ocrx_word' id='word_1_494' title='bbox 3286 2449 3536 2506; x_wconf 82' lang='lat' dir='ltr'><strong>historia</strong></span> <span class='ocrx_word' id='word_1_495' title='bbox 3565 2468 3713 2523; x_wconf 81' lang='lat' dir='ltr'><strong>qua-</strong></span> 
     </span>
    </p>
   </div>
   <div class='ocr_carea' id='block_1_73' title="bbox 2040 2528 3716 2610">
    <p class='ocr_par' dir='ltr' id='par_1_73' title="bbox 2040 2528 3716 2610">
     <span class='ocr_line' id='line_1_74' title="bbox 2040 2528 3716 2610; baseline 0.009 -28"><span class='ocrx_word' id='word_1_496' title='bbox 2040 2528 2129 2583; x_wconf 89' lang='lat' dir='ltr'><strong>les</strong></span> <span class='ocrx_word' id='word_1_497' title='bbox 2162 2529 2481 2585; x_wconf 70' lang='lat' dir='ltr'><strong>Nazarceus</strong></span> <span class='ocrx_word' id='word_1_498' title='bbox 2512 2532 2823 2588; x_wconf 88' lang='lat' dir='ltr'><strong>cincinnos</strong></span> <span class='ocrx_word' id='word_1_499' title='bbox 2845 2534 3076 2605; x_wconf 82' lang='lat' dir='ltr'><strong>habeat,</strong></span> <span class='ocrx_word' id='word_1_500' title='bbox 3099 2553 3252 2609; x_wconf 91' lang='lat' dir='ltr'><strong>quos</strong></span> <span class='ocrx_word' id='word_1_501' title='bbox 3268 2539 3529 2610; x_wconf 82' lang='lat' dir='ltr'><strong>quandiu</strong></span> <span class='ocrx_word' id='word_1_502' title='bbox 3551 2539 3716 2596; x_wconf 80' lang='lat' dir='ltr'><strong>Sam-</strong></span> 
     </span>
    </p>
   </div>
   <div class='ocr_carea' id='block_1_74' title="bbox 2039 2618 3713 2700">
    <p class='ocr_par' dir='ltr' id='par_1_74' title="bbox 2039 2618 3713 2700">
     <span class='ocr_line' id='line_1_75' title="bbox 2039 2618 3713 2700; baseline 0.01 -29"><span class='ocrx_word' id='word_1_503' title='bbox 2039 2633 2151 2673; x_wconf 92' lang='lat' dir='ltr'><strong>son</strong></span> <span class='ocrx_word' id='word_1_504' title='bbox 2181 2618 2384 2673; x_wconf 72' lang='lat' dir='ltr'><strong>habuit</strong></span> <span class='ocrx_word' id='word_1_505' title='bbox 2430 2619 2681 2676; x_wconf 91' lang='lat' dir='ltr'><strong>intactos</strong></span> <span class='ocrx_word' id='word_1_506' title='bbox 2702 2664 2715 2691; x_wconf 93' lang='lat'><strong>,</strong></span> <span class='ocrx_word' id='word_1_507' title='bbox 2748 2638 3048 2695; x_wconf 90' lang='lat' dir='ltr'><strong>nunquam</strong></span> <span class='ocrx_word' id='word_1_508' title='bbox 3092 2626 3249 2681; x_wconf 88' lang='lat' dir='ltr'><strong>vinci</strong></span> <span class='ocrx_word' id='word_1_509' title='bbox 3282 2628 3467 2698; x_wconf 90' lang='lat' dir='ltr'><strong>potuit</strong></span> <span class='ocrx_word' id='word_1_510' title='bbox 3495 2629 3713 2700; x_wconf 80' lang='lat' dir='ltr'><strong>(Judic.</strong></span> 
     </span>
    </p>
   </div>
   <div class='ocr_carea' id='block_1_75' title="bbox 2038 2706 3716 2783">
    <p class='ocr_par' dir='ltr' id='par_1_75' title="bbox 2038 2706 3716 2783">
     <span class='ocr_line' id='line_1_76' title="bbox 2038 2706 3716 2783; baseline 0.009 -23"><span class='ocrx_word' id='word_1_511' title='bbox 2038 2724 2161 2776; x_wconf 80' lang='lat' dir='ltr'><strong>xvi,</strong></span> <span class='ocrx_word' id='word_1_512' title='bbox 2197 2706 2310 2778; x_wconf 81' lang='grc'><strong>1⁸7).</strong></span> <span class='ocrx_word' id='word_1_513' title='bbox 2344 2706 2664 2766; x_wconf 86' lang='lat' dir='ltr'><strong>Cincinnos</strong></span> <span class='ocrx_word' id='word_1_514' title='bbox 2707 2712 2980 2783; x_wconf 89' lang='lat' dir='ltr'><strong>perdidit,</strong></span> <span class='ocrx_word' id='word_1_515' title='bbox 3038 2717 3094 2769; x_wconf 90' lang='lat' dir='ltr'><strong>et</strong></span> <span class='ocrx_word' id='word_1_516' title='bbox 3150 2716 3423 2772; x_wconf 90' lang='lat' dir='ltr'><strong>meritum</strong></span> <span class='ocrx_word' id='word_1_517' title='bbox 3478 2717 3716 2775; x_wconf 83' lang='lat' dir='ltr'><strong>virtutis</strong></span> 
     </span>
    </p>
   </div>
   <div class='ocr_carea' id='block_1_76' title="bbox 2039 2796 2253 2851">
    <p class='ocr_par' dir='ltr' id='par_1_76' title="bbox 2039 2796 2253 2851">
     <span class='ocr_line' id='line_1_77' title="bbox 2039 2796 2253 2851; baseline 0.005 -1"><span class='ocrx_word' id='word_1_518' title='bbox 2039 2796 2253 2851; x_wconf 89' lang='lat' dir='ltr'><strong>amisit.</strong></span> 
     </span>
    </p>
   </div>
   <div class='ocr_carea' id='block_1_77' title="bbox 2118 2886 3718 2968">
    <p class='ocr_par' dir='ltr' id='par_1_77' title="bbox 2118 2886 3718 2968">
     <span class='ocr_line' id='line_1_78' title="bbox 2118 2886 3718 2968; baseline 0.008 -27"><span class='ocrx_word' id='word_1_519' title='bbox 2118 2886 2257 2950; x_wconf 82' lang='lat'><strong>231</strong></span> <span class='ocrx_word' id='word_1_520' title='bbox 2296 2886 2384 2941; x_wconf 73' lang='lat'><strong>&#39;72.</strong></span> <span class='ocrx_word' id='word_1_521' title='bbox 2421 2886 2631 2942; x_wconf 81' lang='lat' dir='ltr'><strong>Audita</strong></span> <span class='ocrx_word' id='word_1_522' title='bbox 2674 2888 2857 2962; x_wconf 88' lang='lat' dir='ltr'><strong>igitur</strong></span> <span class='ocrx_word' id='word_1_523' title='bbox 2898 2908 3044 2948; x_wconf 88' lang='lat' dir='ltr'><strong>voce</strong></span> <span class='ocrx_word' id='word_1_524' title='bbox 3074 2893 3289 2967; x_wconf 78' lang='lat' dir='ltr'><strong>Verbi,</strong></span> <span class='ocrx_word' id='word_1_525' title='bbox 3323 2911 3501 2968; x_wconf 89' lang='lat' dir='ltr'><strong>quam</strong></span> <span class='ocrx_word' id='word_1_526' title='bbox 3529 2912 3718 2954; x_wconf 79' lang='lat' dir='ltr'><strong>exue-</strong></span> 
     </span>
    </p>
   </div>
   <div class='ocr_carea' id='block_1_78' title="bbox 2038 2974 3717 3053">
    <p class='ocr_par' dir='ltr' id='par_1_78' title="bbox 2038 2974 3717 3053">
     <span class='ocr_line' id='line_1_79' title="bbox 2038 2974 3717 3053; baseline 0.009 -26"><span class='ocrx_word' id='word_1_527' title='bbox 2038 2990 2137 3029; x_wconf 88' lang='lat' dir='ltr'><strong>ras</strong></span> <span class='ocrx_word' id='word_1_528' title='bbox 2170 2974 2425 3030; x_wconf 91' lang='lat' dir='ltr'><strong>tunicam</strong></span> <span class='ocrx_word' id='word_1_529' title='bbox 2457 2979 2647 3048; x_wconf 92' lang='lat' dir='ltr'><strong>nocte,</strong></span> <span class='ocrx_word' id='word_1_530' title='bbox 2700 2994 2773 3033; x_wconf 90' lang='lat' dir='ltr'><strong>ne</strong></span> <span class='ocrx_word' id='word_1_531' title='bbox 2815 2994 3052 3051; x_wconf 66' lang='lat' dir='ltr'><strong>quaeras</strong></span> <span class='ocrx_word' id='word_1_532' title='bbox 3082 2983 3576 3053; x_wconf 88' lang='lat' dir='ltr'><strong>quemadmodum</strong></span> <span class='ocrx_word' id='word_1_533' title='bbox 3621 2986 3717 3041; x_wconf 79' lang='lat' dir='ltr'><strong>in-</strong></span> 
     </span>
    </p>
   </div>
   <div class='ocr_carea' id='block_1_79' title="bbox 2039 3063 3716 3145">
    <p class='ocr_par' dir='ltr' id='par_1_79' title="bbox 2039 3063 3716 3145">
     <span class='ocr_line' id='line_1_80' title="bbox 2039 3063 3716 3145; baseline 0.008 -28"><span class='ocrx_word' id='word_1_534' title='bbox 2039 3063 2187 3118; x_wconf 88' lang='lat' dir='ltr'><strong>duas</strong></span> <span class='ocrx_word' id='word_1_535' title='bbox 2219 3079 2379 3134; x_wconf 81' lang='lat' dir='ltr'><strong>eam;</strong></span> <span class='ocrx_word' id='word_1_536' title='bbox 2412 3063 2728 3120; x_wconf 84' lang='lat' dir='ltr'><strong>otl&#39;enditur</strong></span> <span class='ocrx_word' id='word_1_537' title='bbox 2756 3067 2912 3122; x_wconf 88' lang='lat' dir='ltr'><strong>enim</strong></span> <span class='ocrx_word' id='word_1_538' title='bbox 2962 3070 3095 3141; x_wconf 72' lang='grc'>(45),</span> <span class='ocrx_word' id='word_1_539' title='bbox 3146 3074 3203 3126; x_wconf 91' lang='lat' dir='ltr'><strong>et</strong></span> <span class='ocrx_word' id='word_1_540' title='bbox 3249 3072 3593 3145; x_wconf 80' lang='lat' dir='ltr'><strong>frequenter</strong></span> <span class='ocrx_word' id='word_1_541' title='bbox 3621 3075 3716 3129; x_wconf 83' lang='lat' dir='ltr'><strong>of-</strong></span> 
     </span>
    </p>
   </div>
   <div class='ocr_carea' id='block_1_80' title="bbox 2038 3153 3713 3231">
    <p class='ocr_par' dir='ltr' id='par_1_80' title="bbox 2038 3153 3713 3231">
     <span class='ocr_line' id='line_1_81' title="bbox 2038 3153 3713 3231; baseline 0.007 -25"><span class='ocrx_word' id='word_1_542' title='bbox 2038 3153 2224 3207; x_wconf 80' lang='lat' dir='ltr'><strong>fertur</strong></span> <span class='ocrx_word' id='word_1_543' title='bbox 2270 3169 2377 3223; x_wconf 87' lang='lat' dir='ltr'><strong>per</strong></span> <span class='ocrx_word' id='word_1_544' title='bbox 2424 3155 2744 3225; x_wconf 88' lang='lat' dir='ltr'><strong>nequitiam</strong></span> <span class='ocrx_word' id='word_1_545' title='bbox 2791 3156 3136 3226; x_wconf 89' lang='lat' dir='ltr'><strong>spiritalem.</strong></span> <span class='ocrx_word' id='word_1_546' title='bbox 3187 3158 3713 3231; x_wconf 86' lang='lat' dir='ltr'><strong>Quemadmodum,</strong></span> 
     </span>
    </p>
   </div>
   <div class='ocr_carea' id='block_1_81' title="bbox 2038 3241 3717 3317">
    <p class='ocr_par' dir='ltr' id='par_1_81' title="bbox 2038 3241 3717 3317">
     <span class='ocr_line' id='line_1_82' title="bbox 2038 3241 3717 3317; baseline 0.006 -22"><span class='ocrx_word' id='word_1_547' title='bbox 2038 3241 2296 3313; x_wconf 88' lang='lat' dir='ltr'><strong>inquam,</strong></span> <span class='ocrx_word' id='word_1_548' title='bbox 2330 3241 2544 3296; x_wconf 88' lang='lat' dir='ltr'><strong>induas</strong></span> <span class='ocrx_word' id='word_1_549' title='bbox 2586 3258 2735 3312; x_wconf 90' lang='lat' dir='ltr'><strong>eam,</strong></span> <span class='ocrx_word' id='word_1_550' title='bbox 2783 3244 3182 3317; x_wconf 89' lang='lat' dir='ltr'><strong>obliviscaris,</strong></span> <span class='ocrx_word' id='word_1_551' title='bbox 3236 3251 3294 3302; x_wconf 90' lang='lat' dir='ltr'><strong>et</strong></span> <span class='ocrx_word' id='word_1_552' title='bbox 3336 3249 3576 3304; x_wconf 88' lang='lat' dir='ltr'><strong>nescias</strong></span> <span class='ocrx_word' id='word_1_553' title='bbox 3611 3265 3624 3305; x_wconf 90' lang='lat'><strong>:</strong></span> <span class='ocrx_word' id='word_1_554' title='bbox 3657 3253 3717 3305; x_wconf 89' lang='lat' dir='ltr'><strong>et</strong></span> 
     </span>
    </p>
   </div>
   <div class='ocr_carea' id='block_1_82' title="bbox 2038 3330 3715 3408">
    <p class='ocr_par' dir='ltr' id='par_1_82' title="bbox 2038 3330 3715 3408">
     <span class='ocr_line' id='line_1_83' title="bbox 2038 3330 3715 3408; baseline 0.005 -24"><span class='ocrx_word' id='word_1_555' title='bbox 2038 3330 2208 3402; x_wconf 90' lang='lat' dir='ltr'><strong>quasi</strong></span> <span class='ocrx_word' id='word_1_556' title='bbox 2252 3330 2377 3403; x_wconf 78' lang='lat' dir='ltr'><strong>jam</strong></span> <span class='ocrx_word' id='word_1_557' title='bbox 2421 3331 2706 3386; x_wconf 90' lang='lat' dir='ltr'><strong>Dominus</strong></span> <span class='ocrx_word' id='word_1_558' title='bbox 2755 3333 3019 3403; x_wconf 85' lang='lat' dir='ltr'><strong>assistat,</strong></span> <span class='ocrx_word' id='word_1_559' title='bbox 3072 3351 3287 3391; x_wconf 83' lang='lat' dir='ltr'><strong>exsors</strong></span> <span class='ocrx_word' id='word_1_560' title='bbox 3319 3338 3715 3408; x_wconf 87' lang='lat' dir='ltr'><strong>corporalium</strong></span> 
     </span>
    </p>
   </div>
   <div class='ocr_carea' id='block_1_83' title="bbox 2037 3420 3713 3495">
    <p class='ocr_par' dir='ltr' id='par_1_83' title="bbox 2037 3420 3713 3495">
     <span class='ocr_line' id='line_1_84' title="bbox 2037 3420 3713 3495; baseline 0.006 -22"><span class='ocrx_word' id='word_1_561' title='bbox 2037 3420 2407 3475; x_wconf 87' lang='lat' dir='ltr'><strong>vinculorum</strong></span> <span class='ocrx_word' id='word_1_562' title='bbox 2437 3420 2666 3475; x_wconf 87' lang='lat' dir='ltr'><strong>turbata</strong></span> <span class='ocrx_word' id='word_1_563' title='bbox 2698 3437 3031 3494; x_wconf 88' lang='lat' dir='ltr'><strong>consurgas</strong></span> <span class='ocrx_word' id='word_1_564' title='bbox 3064 3423 3208 3495; x_wconf 67' lang='lat' dir='ltr'><strong>(t6);</strong></span> <span class='ocrx_word' id='word_1_565' title='bbox 3256 3424 3544 3481; x_wconf 90' lang='lat' dir='ltr'><strong>internam</strong></span> <span class='ocrx_word' id='word_1_566' title='bbox 3575 3442 3713 3483; x_wconf 84' lang='lat' dir='ltr'><strong>ora-</strong></span> 
     </span>
    </p>
   </div>
   <div class='ocr_carea' id='block_1_84' title="bbox 2036 3510 3714 3586">
    <p class='ocr_par' dir='ltr' id='par_1_84' title="bbox 2036 3510 3714 3586">
     <span class='ocr_line' id='line_1_85' title="bbox 2036 3510 3714 3586; baseline 0.005 -23"><span class='ocrx_word' id='word_1_567' title='bbox 2036 3510 2296 3564; x_wconf 89' lang='lat' dir='ltr'><strong>tionibus</strong></span> <span class='ocrx_word' id='word_1_568' title='bbox 2329 3524 2631 3579; x_wconf 67' lang='lat' dir='ltr'><strong>praepares</strong></span> <span class='ocrx_word' id='word_1_569' title='bbox 2664 3512 2918 3564; x_wconf 87' lang='lat' dir='ltr'><strong>montem</strong></span> <span class='ocrx_word' id='word_1_570' title='bbox 2949 3511 3087 3565; x_wconf 90' lang='lat' dir='ltr'><strong>dum</strong></span> <span class='ocrx_word' id='word_1_571' title='bbox 3120 3514 3354 3586; x_wconf 90' lang='lat' dir='ltr'><strong>surgis:</strong></span> <span class='ocrx_word' id='word_1_572' title='bbox 3404 3517 3467 3570; x_wconf 88' lang='lat' dir='ltr'><strong>ut</strong></span> <span class='ocrx_word' id='word_1_573' title='bbox 3497 3530 3573 3570; x_wconf 81' lang='lat' dir='ltr'><strong>ex</strong></span> <span class='ocrx_word' id='word_1_574' title='bbox 3601 3516 3714 3572; x_wconf 87' lang='lat' dir='ltr'><strong>hu-</strong></span> 
     </span>
    </p>
   </div>
   <div class='ocr_carea' id='block_1_85' title="bbox 2037 3598 3710 3669">
    <p class='ocr_par' dir='ltr' id='par_1_85' title="bbox 2037 3598 3710 3669">
     <span class='ocr_line' id='line_1_86' title="bbox 2037 3598 3710 3669; baseline 0.005 -16"><span class='ocrx_word' id='word_1_575' title='bbox 2037 3599 2275 3653; x_wconf 90' lang='lat' dir='ltr'><strong>milibus</strong></span> <span class='ocrx_word' id='word_1_576' title='bbox 2324 3598 2397 3652; x_wconf 90' lang='lat' dir='ltr'><strong>ad</strong></span> <span class='ocrx_word' id='word_1_577' title='bbox 2444 3613 2700 3669; x_wconf 89' lang='lat' dir='ltr'><strong>superna</strong></span> <span class='ocrx_word' id='word_1_578' title='bbox 2748 3600 3101 3668; x_wconf 82' lang='lat' dir='ltr'><strong>contendas,</strong></span> <span class='ocrx_word' id='word_1_579' title='bbox 3151 3606 3207 3656; x_wconf 90' lang='lat' dir='ltr'><strong>et</strong></span> <span class='ocrx_word' id='word_1_580' title='bbox 3254 3603 3498 3659; x_wconf 89' lang='lat' dir='ltr'><strong>studeas</strong></span> <span class='ocrx_word' id='word_1_581' title='bbox 3544 3604 3710 3663; x_wconf 77' lang='lat' dir='ltr'><strong>fores</strong></span> 
     </span>
    </p>
   </div>
   <div class='ocr_carea' id='block_1_86' title="bbox 2036 3688 3711 3757">
    <p class='ocr_par' dir='ltr' id='par_1_86' title="bbox 2036 3688 3711 3757">
     <span class='ocr_line' id='line_1_87' title="bbox 2036 3688 3711 3757; baseline 0.006 -16"><span class='ocrx_word' id='word_1_582' title='bbox 2036 3688 2120 3742; x_wconf 91' lang='lat' dir='ltr'><strong>tui</strong></span> <span class='ocrx_word' id='word_1_583' title='bbox 2168 3688 2367 3742; x_wconf 87' lang='lat' dir='ltr'><strong>cordis</strong></span> <span class='ocrx_word' id='word_1_584' title='bbox 2413 3688 2643 3757; x_wconf 88' lang='lat' dir='ltr'><strong>aperire</strong></span> <span class='ocrx_word' id='word_1_585' title='bbox 2698 3702 2710 3742; x_wconf 88' lang='lat'><strong>:</strong></span> <span class='ocrx_word' id='word_1_586' title='bbox 2760 3688 2897 3743; x_wconf 91' lang='lat' dir='ltr'><strong>dum</strong></span> <span class='ocrx_word' id='word_1_587' title='bbox 2945 3705 3157 3745; x_wconf 90' lang='lat' dir='ltr'><strong>manus</strong></span> <span class='ocrx_word' id='word_1_588' title='bbox 3207 3694 3338 3747; x_wconf 88' lang='lat' dir='ltr'><strong>tuas</strong></span> <span class='ocrx_word' id='word_1_589' title='bbox 3387 3693 3596 3757; x_wconf 88' lang='lat' dir='ltr'><strong>tendes</strong></span> <span class='ocrx_word' id='word_1_590' title='bbox 3635 3690 3711 3751; x_wconf 90' lang='lat' dir='ltr'><strong>ad</strong></span> 
     </span>
    </p>
   </div>
   <div class='ocr_carea' id='block_1_87' title="bbox 2032 3776 3554 3849">
    <p class='ocr_par' dir='ltr' id='par_1_87' title="bbox 2032 3776 3554 3849">
     <span class='ocr_line' id='line_1_88' title="bbox 2032 3776 3554 3849; baseline 0.005 -18"><span class='ocrx_word' id='word_1_591' title='bbox 2032 3776 2332 3831; x_wconf 89' lang='lat' dir='ltr'><strong>Christum</strong></span> <span class='ocrx_word' id='word_1_592' title='bbox 2364 3776 2595 3831; x_wconf 76' lang='lat' dir='ltr'><strong>ﬁdelem</strong></span> <span class='ocrx_word' id='word_1_593' title='bbox 2624 3778 2722 3831; x_wconf 90' lang='lat' dir='ltr'><strong>tua</strong></span> <span class='ocrx_word' id='word_1_594' title='bbox 2752 3781 2922 3849; x_wconf 87' lang='lat' dir='ltr'><strong>gesta</strong></span> <span class='ocrx_word' id='word_1_595' title='bbox 2952 3779 3262 3847; x_wconf 88' lang='lat' dir='ltr'><strong>spirabunt</strong></span> <span class='ocrx_word' id='word_1_596' title='bbox 3291 3780 3554 3839; x_wconf 89' lang='lat' dir='ltr'><strong>odorem.</strong></span> 
     </span>
    </p>
   </div>
   <div class='ocr_carea' id='block_1_88' title="bbox 2103 3865 3712 3940">
    <p class='ocr_par' dir='ltr' id='par_1_88' title="bbox 2103 3865 3712 3940">
     <span class='ocr_line' id='line_1_89' title="bbox 2103 3865 3712 3940; baseline 0.006 -20"><span class='ocrx_word' id='word_1_597' title='bbox 2103 3866 2193 3920; x_wconf 80' lang='lat'><strong>&#39;73.</strong></span> <span class='ocrx_word' id='word_1_598' title='bbox 2234 3866 2498 3921; x_wconf 82' lang='lat' dir='ltr'><strong>Admove</strong></span> <span class='ocrx_word' id='word_1_599' title='bbox 2531 3865 2713 3937; x_wconf 90' lang='lat' dir='ltr'><strong>igitur</strong></span> <span class='ocrx_word' id='word_1_600' title='bbox 2745 3883 2953 3923; x_wconf 84' lang='lat' dir='ltr'><strong>manus</strong></span> <span class='ocrx_word' id='word_1_601' title='bbox 2979 3868 3225 3925; x_wconf 87' lang='lat' dir='ltr'><strong>naribus</strong></span> <span class='ocrx_word' id='word_1_602' title='bbox 3267 3871 3407 3940; x_wconf 87' lang='lat' dir='ltr'><strong>tuis,</strong></span> <span class='ocrx_word' id='word_1_603' title='bbox 3454 3875 3513 3928; x_wconf 89' lang='lat' dir='ltr'><strong>et</strong></span> <span class='ocrx_word' id='word_1_604' title='bbox 3559 3873 3712 3930; x_wconf 82' lang='lat' dir='ltr'><strong>edo-</strong></span> 
     </span>
    </p>
   </div>
   <div class='ocr_carea' id='block_1_89' title="bbox 2031 3954 3711 4033">
    <p class='ocr_par' dir='ltr' id='par_1_89' title="bbox 2031 3954 3711 4033">
     <span class='ocr_line' id='line_1_90' title="bbox 2031 3954 3711 4033; baseline 0.004 -23"><span class='ocrx_word' id='word_1_605' title='bbox 2031 3971 2159 4010; x_wconf 88' lang='lat' dir='ltr'><strong>rem</strong></span> <span class='ocrx_word' id='word_1_606' title='bbox 2184 3958 2420 4010; x_wconf 88' lang='lat' dir='ltr'><strong>actuum</strong></span> <span class='ocrx_word' id='word_1_607' title='bbox 2450 3958 2683 4010; x_wconf 89' lang='lat' dir='ltr'><strong>tuorum</strong></span> <span class='ocrx_word' id='word_1_608' title='bbox 2715 3954 3018 4013; x_wconf 88' lang='lat' dir='ltr'><strong>indefessa</strong></span> <span class='ocrx_word' id='word_1_609' title='bbox 3041 3974 3110 4013; x_wconf 90' lang='lat' dir='ltr'><strong>ac</strong></span> <span class='ocrx_word' id='word_1_610' title='bbox 3142 3959 3419 4033; x_wconf 88' lang='lat' dir='ltr'><strong>pervigili</strong></span> <span class='ocrx_word' id='word_1_611' title='bbox 3447 3961 3711 4017; x_wconf 82' lang='lat' dir='ltr'><strong>alacrita-</strong></span> 
     </span>
    </p>
   </div>
   <div class='ocr_carea' id='block_1_90' title="bbox 2031 4044 3704 4124">
    <p class='ocr_par' dir='ltr' id='par_1_90' title="bbox 2031 4044 3704 4124">
     <span class='ocr_line' id='line_1_91' title="bbox 2031 4044 3704 4124; baseline 0.005 -25"><span class='ocrx_word' id='word_1_612' title='bbox 2031 4047 2086 4099; x_wconf 90' lang='lat' dir='ltr'><strong>te</strong></span> <span class='ocrx_word' id='word_1_613' title='bbox 2117 4044 2328 4098; x_wconf 91' lang='lat' dir='ltr'><strong>mentis</strong></span> <span class='ocrx_word' id='word_1_614' title='bbox 2361 4044 2623 4114; x_wconf 85' lang='lat' dir='ltr'><strong>explora.</strong></span> <span class='ocrx_word' id='word_1_615' title='bbox 2657 4044 2935 4100; x_wconf 89' lang='lat' dir='ltr'><strong>Mulcebit</strong></span> <span class='ocrx_word' id='word_1_616' title='bbox 2978 4049 3034 4101; x_wconf 93' lang='lat' dir='ltr'><strong>te</strong></span> <span class='ocrx_word' id='word_1_617' title='bbox 3080 4048 3227 4104; x_wconf 90' lang='lat' dir='ltr'><strong>odor</strong></span> <span class='ocrx_word' id='word_1_618' title='bbox 3270 4049 3532 4106; x_wconf 59' lang='lat' dir='ltr'><strong>dextera</strong></span> <span class='ocrx_word' id='word_1_619' title='bbox 3564 4054 3704 4124; x_wconf 66' lang='lat' dir='ltr'><strong>tum,</strong></span> 
     </span>
    </p>
   </div>
   <div class='ocr_carea' id='block_1_91' title="bbox 2031 4133 3708 4205">
    <p class='ocr_par' dir='ltr' id='par_1_91' title="bbox 2031 4133 3708 4205">
     <span class='ocr_line' id='line_1_92' title="bbox 2031 4133 3708 4205; baseline 0.004 -16"><span class='ocrx_word' id='word_1_620' title='bbox 2031 4137 2089 4189; x_wconf 90' lang='lat' dir='ltr'><strong>et</strong></span> <span class='ocrx_word' id='word_1_621' title='bbox 2117 4133 2498 4205; x_wconf 85' lang='lat' dir='ltr'><strong>fragrantiam</strong></span> <span class='ocrx_word' id='word_1_622' title='bbox 2528 4134 2988 4190; x_wconf 88' lang='lat' dir='ltr'><strong>resurrectionis</strong></span> <span class='ocrx_word' id='word_1_623' title='bbox 3020 4139 3118 4191; x_wconf 85' lang='lat' dir='ltr'><strong>tua</strong></span> <span class='ocrx_word' id='word_1_624' title='bbox 3166 4138 3430 4194; x_wconf 88' lang='lat' dir='ltr'><strong>membra</strong></span> <span class='ocrx_word' id='word_1_625' title='bbox 3469 4140 3708 4196; x_wconf 53' lang='lat' dir='ltr'><strong>redole‘</strong></span> 
     </span>
    </p>
   </div>
   <div class='ocr_carea' id='block_1_92' title="bbox 2030 4222 3707 4301">
    <p class='ocr_par' dir='ltr' id='par_1_92' title="bbox 2030 4222 3707 4301">
     <span class='ocr_line' id='line_1_93' title="bbox 2030 4222 3707 4301; baseline 0.003 -23"><span class='ocrx_word' id='word_1_626' title='bbox 2030 4223 2196 4293; x_wconf 91' lang='lat' dir='ltr'><strong>bunt,</strong></span> <span class='ocrx_word' id='word_1_627' title='bbox 2230 4222 2527 4293; x_wconf 76' lang='lat' dir='ltr'><strong>myrrham</strong></span> <span class='ocrx_word' id='word_1_628' title='bbox 2558 4222 2728 4292; x_wconf 88' lang='lat' dir='ltr'><strong>digiti</strong></span> <span class='ocrx_word' id='word_1_629' title='bbox 2758 4223 2842 4277; x_wconf 93' lang='lat' dir='ltr'><strong>tui</strong></span> <span class='ocrx_word' id='word_1_630' title='bbox 2880 4224 3196 4295; x_wconf 89' lang='lat' dir='ltr'><strong>sudabunt,</strong></span> <span class='ocrx_word' id='word_1_631' title='bbox 3247 4227 3359 4283; x_wconf 89' lang='lat' dir='ltr'><strong>hoc</strong></span> <span class='ocrx_word' id='word_1_632' title='bbox 3403 4231 3517 4301; x_wconf 90' lang='lat' dir='ltr'><strong>est,</strong></span> <span class='ocrx_word' id='word_1_633' title='bbox 3567 4226 3707 4293; x_wconf 78' lang='lat' dir='ltr'><strong>ﬁdei</strong></span> 
     </span>
    </p>
   </div>
   <div class='ocr_carea' id='block_1_93' title="bbox 2031 4311 3703 4388">
    <p class='ocr_par' dir='ltr' id='par_1_93' title="bbox 2031 4311 3703 4388">
     <span class='ocr_line' id='line_1_94' title="bbox 2031 4311 3703 4388; baseline 0.004 -23"><span class='ocrx_word' id='word_1_634' title='bbox 2031 4326 2190 4366; x_wconf 64' lang='lat' dir='ltr'><strong>verte</strong></span> <span class='ocrx_word' id='word_1_635' title='bbox 2239 4311 2487 4382; x_wconf 88' lang='lat' dir='ltr'><strong>gratiam</strong></span> <span class='ocrx_word' id='word_1_636' title='bbox 2535 4311 2820 4382; x_wconf 88' lang='lat' dir='ltr'><strong>spiritalia</strong></span> <span class='ocrx_word' id='word_1_637' title='bbox 2868 4317 3040 4385; x_wconf 89' lang='lat' dir='ltr'><strong>gesta</strong></span> <span class='ocrx_word' id='word_1_638' title='bbox 3104 4316 3458 4388; x_wconf 76' lang='lat' dir='ltr'><strong>flagrabunt.</strong></span> <span class='ocrx_word' id='word_1_639' title='bbox 3526 4316 3703 4387; x_wconf 82' lang='lat' dir='ltr'><strong>Capis</strong></span> 
     </span>
    </p>
   </div>
   <div class='ocr_carea' id='block_1_94' title="bbox 2031 4400 3700 4475">
    <p class='ocr_par' dir='ltr' id='par_1_94' title="bbox 2031 4400 3700 4475">
     <span class='ocr_line' id='line_1_95' title="bbox 2031 4400 3700 4475; baseline 0.002 -20"><span class='ocrx_word' id='word_1_640' title='bbox 2031 4415 2198 4472; x_wconf 89' lang='lat' dir='ltr'><strong>ergo,</strong></span> <span class='ocrx_word' id='word_1_641' title='bbox 2231 4401 2422 4471; x_wconf 89' lang='lat' dir='ltr'><strong>virgo,</strong></span> <span class='ocrx_word' id='word_1_642' title='bbox 2457 4415 2533 4455; x_wconf 80' lang='lat' dir='ltr'><strong>ex</strong></span> <span class='ocrx_word' id='word_1_643' title='bbox 2563 4400 2841 4456; x_wconf 88' lang='lat' dir='ltr'><strong>interiore</strong></span> <span class='ocrx_word' id='word_1_644' title='bbox 2885 4406 2985 4457; x_wconf 92' lang='lat' dir='ltr'><strong>tuo</strong></span> <span class='ocrx_word' id='word_1_645' title='bbox 3024 4418 3273 4474; x_wconf 90' lang='lat' dir='ltr'><strong>corpore</strong></span> <span class='ocrx_word' id='word_1_646' title='bbox 3320 4404 3700 4475; x_wconf 88' lang='lat' dir='ltr'><strong>voluptatem,</strong></span> 
     </span>
    </p>
   </div>
   <div class='ocr_carea' id='block_1_95' title="bbox 2031 4488 3703 4562">
    <p class='ocr_par' dir='ltr' id='par_1_95' title="bbox 2031 4488 3703 4562">
     <span class='ocr_line' id='line_1_96' title="bbox 2031 4488 3703 4562; baseline 0.002 -19"><span class='ocrx_word' id='word_1_647' title='bbox 2031 4492 2089 4543; x_wconf 93' lang='lat' dir='ltr'><strong>et</strong></span> <span class='ocrx_word' id='word_1_648' title='bbox 2116 4490 2246 4559; x_wconf 87' lang='lat' dir='ltr'><strong>ipsa</strong></span> <span class='ocrx_word' id='word_1_649' title='bbox 2276 4489 2381 4542; x_wconf 88' lang='lat' dir='ltr'><strong>tibi</strong></span> <span class='ocrx_word' id='word_1_650' title='bbox 2409 4488 2622 4558; x_wconf 90' lang='lat' dir='ltr'><strong>dulcis,</strong></span> <span class='ocrx_word' id='word_1_651' title='bbox 2655 4489 2789 4559; x_wconf 89' lang='lat' dir='ltr'><strong>ipsa</strong></span> <span class='ocrx_word' id='word_1_652' title='bbox 2818 4490 2925 4544; x_wconf 91' lang='lat' dir='ltr'><strong>tibi</strong></span> <span class='ocrx_word' id='word_1_653' title='bbox 2953 4492 3157 4546; x_wconf 89' lang='lat' dir='ltr'><strong>suavis</strong></span> <span class='ocrx_word' id='word_1_654' title='bbox 3187 4508 3276 4561; x_wconf 86' lang='lat' dir='ltr'><strong>es,</strong></span> <span class='ocrx_word' id='word_1_655' title='bbox 3327 4495 3384 4547; x_wconf 89' lang='lat' dir='ltr'><strong>et</strong></span> <span class='ocrx_word' id='word_1_656' title='bbox 3424 4492 3554 4562; x_wconf 89' lang='lat' dir='ltr'><strong>ipsa</strong></span> <span class='ocrx_word' id='word_1_657' title='bbox 3594 4492 3703 4547; x_wconf 89' lang='lat' dir='ltr'><strong>tibi</strong></span> 
     </span>
    </p>
   </div>
   <div class='ocr_carea' id='block_1_96' title="bbox 2032 4577 3703 4650">
    <p class='ocr_par' dir='ltr' id='par_1_96' title="bbox 2032 4577 3703 4650">
     <span class='ocr_line' id='line_1_97' title="bbox 2032 4577 3703 4650; baseline 0.002 -19"><span class='ocrx_word' id='word_1_658' title='bbox 2032 4577 2210 4649; x_wconf 91' lang='lat' dir='ltr'><strong>(quod</strong></span> <span class='ocrx_word' id='word_1_659' title='bbox 2240 4577 2623 4648; x_wconf 88' lang='lat' dir='ltr'><strong>peccantibus</strong></span> <span class='ocrx_word' id='word_1_660' title='bbox 2655 4593 2818 4647; x_wconf 87' lang='lat' dir='ltr'><strong>saepe</strong></span> <span class='ocrx_word' id='word_1_661' title='bbox 2849 4579 3156 4650; x_wconf 90' lang='lat' dir='ltr'><strong>contingit)</strong></span> <span class='ocrx_word' id='word_1_662' title='bbox 3188 4595 3306 4634; x_wconf 93' lang='lat' dir='ltr'><strong>non</strong></span> <span class='ocrx_word' id='word_1_663' title='bbox 3336 4579 3551 4650; x_wconf 89' lang='lat' dir='ltr'><strong>incipis</strong></span> <span class='ocrx_word' id='word_1_664' title='bbox 3580 4580 3703 4635; x_wconf 90' lang='lat' dir='ltr'><strong>dis-</strong></span> 
     </span>
    </p>
   </div>
   <div class='ocr_carea' id='block_1_97' title="bbox 265 4656 3698 4744">
    <p class='ocr_par' dir='ltr' id='par_1_97' title="bbox 265 4656 3698 4744">
     <span class='ocr_line' id='line_1_98' title="bbox 265 4656 3698 4744; baseline 0.005 -35"><span class='ocrx_word' id='word_1_665' title='bbox 265 4659 442 4714; x_wconf 89' lang='lat' dir='ltr'><strong>mulet.</strong></span> <span class='ocrx_word' id='word_1_666' title='bbox 477 4663 892 4733; x_wconf 80' lang='lat' dir='ltr'><strong>Respondebit</strong></span> <span class='ocrx_word' id='word_1_667' title='bbox 940 4664 1046 4718; x_wconf 89' lang='lat' dir='ltr'><strong>tibi</strong></span> <span class='ocrx_word' id='word_1_668' title='bbox 1078 4665 1256 4737; x_wconf 77' lang='lat' dir='ltr'><strong>:Ego</strong></span> <span class='ocrx_word' id='word_1_669' title='bbox 1284 4666 1533 4738; x_wconf 83' lang='lat' dir='ltr'><strong>dormio,</strong></span> <span class='ocrx_word' id='word_1_670' title='bbox 1569 4673 1628 4723; x_wconf 90' lang='lat' dir='ltr'><strong>et</strong></span> <span class='ocrx_word' id='word_1_671' title='bbox 1661 4683 1763 4724; x_wconf 83' lang='lat' dir='ltr'><strong>cor</strong></span> <span class='ocrx_word' id='word_1_672' title='bbox 1792 4685 1919 4723; x_wconf 85' lang='lat' dir='ltr'><strong>me-</strong></span> <span class='ocrx_word' id='word_1_673' title='bbox 1951 4656 2010 4723; x_wconf 73' lang='grc' dir='ltr'><strong><em>Β</em></strong></span> <span class='ocrx_word' id='word_1_674' title='bbox 2033 4666 2286 4737; x_wconf 80' lang='lat' dir='ltr'><strong>plicare;</strong></span> <span class='ocrx_word' id='word_1_675' title='bbox 2316 4666 2450 4736; x_wconf 90' lang='lat' dir='ltr'><strong>plus</strong></span> <span class='ocrx_word' id='word_1_676' title='bbox 2482 4666 2638 4720; x_wconf 90' lang='lat' dir='ltr'><strong>enim</strong></span> <span class='ocrx_word' id='word_1_677' title='bbox 2685 4666 2790 4719; x_wconf 91' lang='lat' dir='ltr'><strong>tibi</strong></span> <span class='ocrx_word' id='word_1_678' title='bbox 2832 4666 3084 4735; x_wconf 86' lang='lat' dir='ltr'><strong>placebit</strong></span> <span class='ocrx_word' id='word_1_679' title='bbox 3126 4667 3282 4722; x_wconf 91' lang='lat' dir='ltr'><strong>nuda</strong></span> <span class='ocrx_word' id='word_1_680' title='bbox 3328 4668 3698 4744; x_wconf 84' lang='lat' dir='ltr'><strong>simplicitas,</strong></span> 
     </span>
    </p>
   </div>
   <div class='ocr_carea' id='block_1_98' title="bbox 270 4750 1009 4824">
    <p class='ocr_par' dir='ltr' id='par_1_98' title="bbox 270 4750 1009 4824">
     <span class='ocr_line' id='line_1_99' title="bbox 270 4750 1009 4824; baseline 0.014 -27"><span class='ocrx_word' id='word_1_681' title='bbox 270 4760 346 4799; x_wconf 83' lang='lat' dir='ltr'><strong>um</strong></span> <span class='ocrx_word' id='word_1_682' title='bbox 380 4750 580 4821; x_wconf 85' lang='lat' dir='ltr'><strong>vigilat</strong></span> <span class='ocrx_word' id='word_1_683' title='bbox 613 4752 808 4823; x_wconf 87' lang='lat' dir='ltr'><strong>(Cant,</strong></span> <span class='ocrx_word' id='word_1_684' title='bbox 843 4770 899 4823; x_wconf 94' lang='lat' dir='ltr'><strong>v,</strong></span> <span class='ocrx_word' id='word_1_685' title='bbox 933 4754 1009 4824; x_wconf 73' lang='lat'><strong>2).</strong></span> 
     </span>
    </p>
   </div>
   <div class='ocr_carea' id='block_1_99' title="bbox 326 4834 1919 4916">
    <p class='ocr_par' dir='ltr' id='par_1_99' title="bbox 326 4834 1919 4916">
     <span class='ocr_line' id='line_1_100' title="bbox 326 4834 1919 4916; baseline 0.009 -28"><span class='ocrx_word' id='word_1_686' title='bbox 326 4834 407 4892; x_wconf 77' lang='lat'><strong>&#39;10.</strong></span> <span class='ocrx_word' id='word_1_687' title='bbox 448 4840 635 4895; x_wconf 77' lang='lat' dir='ltr'><strong>Audis</strong></span> <span class='ocrx_word' id='word_1_688' title='bbox 665 4857 875 4895; x_wconf 91' lang='lat' dir='ltr'><strong>vocem</strong></span> <span class='ocrx_word' id='word_1_689' title='bbox 903 4843 1199 4912; x_wconf 90' lang='lat' dir='ltr'><strong>pulsantis</strong></span> <span class='ocrx_word' id='word_1_690' title='bbox 1231 4844 1303 4899; x_wconf 92' lang='lat' dir='ltr'><strong>ad</strong></span> <span class='ocrx_word' id='word_1_691' title='bbox 1326 4843 1591 4916; x_wconf 83' lang='lat' dir='ltr'><strong>januam,</strong></span> <span class='ocrx_word' id='word_1_692' title='bbox 1627 4847 1683 4900; x_wconf 90' lang='lat' dir='ltr'><strong>et</strong></span> <span class='ocrx_word' id='word_1_693' title='bbox 1713 4845 1919 4902; x_wconf 87' lang='lat' dir='ltr'><strong>dicen-</strong></span> 
     </span>
    </p>
   </div>
   <div class='ocr_carea' id='block_1_100' title="bbox 267 4925 1915 5007">
    <p class='ocr_par' dir='ltr' id='par_1_100' title="bbox 267 4925 1915 5007">
     <span class='ocr_line' id='line_1_101' title="bbox 267 4925 1915 5007; baseline 0.007 -28"><span class='ocrx_word' id='word_1_694' title='bbox 267 4925 578 4999; x_wconf 87' lang='lat' dir='ltr'><strong>tis:Aperi</strong></span> <span class='ocrx_word' id='word_1_695' title='bbox 610 4930 778 4998; x_wconf 81' lang='lat' dir='ltr'><strong>mihi,</strong></span> <span class='ocrx_word' id='word_1_696' title='bbox 821 4946 996 4986; x_wconf 87' lang='lat' dir='ltr'><strong>soror</strong></span> <span class='ocrx_word' id='word_1_697' title='bbox 1033 4948 1160 4987; x_wconf 88' lang='lat' dir='ltr'><strong>mea</strong></span> <span class='ocrx_word' id='word_1_698' title='bbox 1184 4953 1201 4986; x_wconf 91' lang='lat'><em>:</em></span> <span class='ocrx_word' id='word_1_699' title='bbox 1224 4948 1429 5005; x_wconf 81' lang='lat' dir='ltr'><strong>surge,</strong></span> <span class='ocrx_word' id='word_1_700' title='bbox 1461 4935 1738 5007; x_wconf 63' lang='lat' dir='ltr'><strong>proxima</strong></span> <span class='ocrx_word' id='word_1_701' title='bbox 1764 4950 1915 5006; x_wconf 86' lang='lat' dir='ltr'><strong>mea,</strong></span> 
     </span>
    </p>
   </div>
   <div class='ocr_carea' id='block_1_101' title="bbox 267 5014 1917 5094">
    <p class='ocr_par' dir='ltr' id='par_1_101' title="bbox 267 5014 1917 5094">
     <span class='ocr_line' id='line_1_102' title="bbox 267 5014 1917 5094; baseline 0.007 -27"><span class='ocrx_word' id='word_1_702' title='bbox 267 5014 509 5071; x_wconf 85' lang='lat' dir='ltr'><strong>columba</strong></span> <span class='ocrx_word' id='word_1_703' title='bbox 549 5034 694 5087; x_wconf 86' lang='lat' dir='ltr'><strong>mea,</strong></span> <span class='ocrx_word' id='word_1_704' title='bbox 725 5019 997 5089; x_wconf 77' lang='lat' dir='ltr'><strong>perfecta</strong></span> <span class='ocrx_word' id='word_1_705' title='bbox 1020 5036 1146 5075; x_wconf 86' lang='lat' dir='ltr'><strong>mea</strong></span> <span class='ocrx_word' id='word_1_706' title='bbox 1186 5020 1427 5093; x_wconf 66' lang='lat' dir='ltr'><strong>(Ibid):</strong></span> <span class='ocrx_word' id='word_1_707' title='bbox 1462 5022 1745 5079; x_wconf 87' lang='lat' dir='ltr'><strong>charitate</strong></span> <span class='ocrx_word' id='word_1_708' title='bbox 1774 5039 1917 5094; x_wconf 88' lang='lat' dir='ltr'><strong>pro-</strong></span> 
     </span>
    </p>
   </div>
   <div class='ocr_carea' id='block_1_102' title="bbox 268 5103 1954 5185">
    <p class='ocr_par' dir='ltr' id='par_1_102' title="bbox 268 5103 1954 5185">
     <span class='ocr_line' id='line_1_103' title="bbox 268 5103 1954 5185; baseline 0.009 -31"><span class='ocrx_word' id='word_1_709' title='bbox 268 5103 426 5175; x_wconf 80' lang='lat' dir='ltr'><strong>xima,</strong></span> <span class='ocrx_word' id='word_1_710' title='bbox 458 5108 828 5177; x_wconf 88' lang='lat' dir='ltr'><strong>simplicitate</strong></span> <span class='ocrx_word' id='word_1_711' title='bbox 858 5109 1149 5180; x_wconf 88' lang='lat' dir='ltr'><strong>columba,</strong></span> <span class='ocrx_word' id='word_1_712' title='bbox 1182 5110 1395 5166; x_wconf 89' lang='lat' dir='ltr'><strong>virtute</strong></span> <span class='ocrx_word' id='word_1_713' title='bbox 1433 5111 1733 5183; x_wconf 81' lang='lat' dir='ltr'><strong>perfecta;</strong></span> <span class='ocrx_word' id='word_1_714' title='bbox 1784 5113 1918 5185; x_wconf 89' lang='lat' dir='ltr'><strong>quia</strong></span> <span class='ocrx_word' id='word_1_715' title='bbox 1946 5165 1954 5173; x_wconf 84' lang='lat'><strong>.</strong></span> 
     </span>
    </p>
   </div>
   <div class='ocr_carea' id='block_1_103' title="bbox 329 5247 1914 5322">
    <p class='ocr_par' dir='ltr' id='par_1_103' title="bbox 329 5247 1914 5322">
     <span class='ocr_line' id='line_1_104' title="bbox 329 5247 1914 5322; baseline 0.004 -20"><span class='ocrx_word' id='word_1_716' title='bbox 329 5247 431 5322; x_wconf 57' lang='grc'><strong>[43)</strong></span> <span class='ocrx_word' id='word_1_717' title='bbox 470 5250 550 5305; x_wconf 89' lang='lat' dir='ltr'><strong>De</strong></span> <span class='ocrx_word' id='word_1_718' title='bbox 595 5251 839 5320; x_wconf 88' lang='lat' dir='ltr'><strong>psalmis</strong></span> <span class='ocrx_word' id='word_1_719' title='bbox 891 5250 1049 5306; x_wconf 91' lang='lat' dir='ltr'><strong>domi</strong></span> <span class='ocrx_word' id='word_1_720' title='bbox 1096 5252 1368 5322; x_wconf 88' lang='lat' dir='ltr'><strong>privatim</strong></span> <span class='ocrx_word' id='word_1_721' title='bbox 1407 5254 1789 5309; x_wconf 86' lang='lat' dir='ltr'><strong>decantandis</strong></span> <span class='ocrx_word' id='word_1_722' title='bbox 1820 5255 1914 5309; x_wconf 80' lang='lat' dir='ltr'><strong>in-</strong></span> 
     </span>
    </p>
   </div>
   <div class='ocr_carea' id='block_1_104' title="bbox 271 5318 1915 5395">
    <p class='ocr_par' dir='ltr' id='par_1_104' title="bbox 271 5318 1915 5395">
     <span class='ocr_line' id='line_1_105' title="bbox 271 5318 1915 5395; baseline 0.005 -25"><span class='ocrx_word' id='word_1_723' title='bbox 271 5318 764 5395; x_wconf 29' lang='lat' dir='ltr'><strong>Lelligimusgcum</strong></span> <span class='ocrx_word' id='word_1_724' title='bbox 790 5323 1024 5392; x_wconf 85' lang='lat' dir='ltr'><strong>publica</strong></span> <span class='ocrx_word' id='word_1_725' title='bbox 1058 5318 1383 5395; x_wconf 74' lang='lat' dir='ltr'><strong>psalmodia</strong></span> <span class='ocrx_word' id='word_1_726' title='bbox 1412 5325 1471 5378; x_wconf 90' lang='lat' dir='ltr'><strong>id</strong></span> <span class='ocrx_word' id='word_1_727' title='bbox 1520 5326 1805 5395; x_wconf 89' lang='lat' dir='ltr'><strong>temporis</strong></span> <span class='ocrx_word' id='word_1_728' title='bbox 1854 5326 1915 5379; x_wconf 89' lang='lat' dir='ltr'><strong>in</strong></span> 
     </span>
    </p>
   </div>
   <div class='ocr_carea' id='block_1_105' title="bbox 272 5385 1913 5450">
    <p class='ocr_par' dir='ltr' id='par_1_105' title="bbox 272 5385 1913 5450">
     <span class='ocr_line' id='line_1_106' title="bbox 272 5385 1913 5450; baseline 0.006 -10"><span class='ocrx_word' id='word_1_729' title='bbox 272 5385 515 5444; x_wconf 70' lang='lat' dir='ltr'><strong>Ecclesia</strong></span> <span class='ocrx_word' id='word_1_730' title='bbox 559 5385 981 5447; x_wconf 70' lang='lat' dir='ltr'><strong>Mediolanensi</strong></span> <span class='ocrx_word' id='word_1_731' title='bbox 1029 5385 1222 5448; x_wconf 69' lang='lat' dir='ltr'><strong>adhuc</strong></span> <span class='ocrx_word' id='word_1_732' title='bbox 1266 5410 1385 5449; x_wconf 92' lang='lat' dir='ltr'><strong>non</strong></span> <span class='ocrx_word' id='word_1_733' title='bbox 1424 5385 1695 5449; x_wconf 78' lang='lat' dir='ltr'><strong>videatur</strong></span> <span class='ocrx_word' id='word_1_734' title='bbox 1723 5396 1913 5450; x_wconf 86' lang='lat' dir='ltr'><strong>fuisse</strong></span> 
     </span>
    </p>
   </div>
   <div class='ocr_carea' id='block_1_106' title="bbox 272 5457 1916 5549">
    <p class='ocr_par' dir='ltr' id='par_1_106' title="bbox 272 5457 1916 5549">
     <span class='ocr_line' id='line_1_107' title="bbox 272 5457 1916 5549; baseline 0.007 -39"><span class='ocrx_word' id='word_1_735' title='bbox 272 5457 529 5549; x_wconf 56' lang='lat' dir='ltr'><strong>instituta:</strong></span> <span class='ocrx_word' id='word_1_736' title='bbox 566 5464 855 5549; x_wconf 44' lang='lat' dir='ltr'><strong>\‘eluccrtc</strong></span> <span class='ocrx_word' id='word_1_737' title='bbox 888 5481 1001 5549; x_wconf 39' lang='lat' dir='ltr'><strong>per.</strong></span> <span class='ocrx_word' id='word_1_738' title='bbox 1022 5480 1229 5548; x_wconf 74' lang='lat' dir='ltr'><strong>vocem</strong></span> <span class='ocrx_word' id='word_1_739' title='bbox 1254 5466 1505 5549; x_wconf 73' lang='lat' dir='ltr'><strong>psalmis</strong></span> <span class='ocrx_word' id='word_1_740' title='bbox 1532 5467 1758 5549; x_wconf 76' lang='lat' dir='ltr'><strong>signari</strong></span> <span class='ocrx_word' id='word_1_741' title='bbox 1776 5483 1916 5549; x_wconf 65' lang='lat' dir='ltr'><strong>pos:</strong></span> 
     </span>
    </p>
   </div>
   <div class='ocr_carea' id='block_1_107' title="bbox 274 5534 1916 5610">
    <p class='ocr_par' dir='ltr' id='par_1_107' title="bbox 274 5534 1916 5610">
     <span class='ocr_line' id='line_1_108' title="bbox 274 5534 1916 5610; baseline 0.007 -28"><span class='ocrx_word' id='word_1_742' title='bbox 274 5534 393 5585; x_wconf 86' lang='lat' dir='ltr'><strong>sunt</strong></span> <span class='ocrx_word' id='word_1_743' title='bbox 436 5534 526 5587; x_wconf 83' lang='lat' dir='ltr'><strong>alii</strong></span> <span class='ocrx_word' id='word_1_744' title='bbox 576 5535 821 5610; x_wconf 76' lang='lat' dir='ltr'><strong>quilibet</strong></span> <span class='ocrx_word' id='word_1_745' title='bbox 852 5534 1061 5589; x_wconf 75' lang='lat' dir='ltr'><strong>cantici</strong></span> <span class='ocrx_word' id='word_1_746' title='bbox 1115 5538 1199 5606; x_wconf 85' lang='lat' dir='ltr'><strong>pii</strong></span> <span class='ocrx_word' id='word_1_747' title='bbox 1248 5534 1421 5609; x_wconf 81' lang='lat' dir='ltr'><strong>atque</strong></span> <span class='ocrx_word' id='word_1_748' title='bbox 1466 5534 1797 5610; x_wconf 69' lang='lat' dir='ltr'><strong>spiritales,</strong></span> <span class='ocrx_word' id='word_1_749' title='bbox 1842 5538 1916 5593; x_wconf 90' lang='lat' dir='ltr'><strong>ad</strong></span> 
     </span>
    </p>
   </div>
   <div class='ocr_carea' id='block_1_108' title="bbox 273 5607 1578 5679">
    <p class='ocr_par' dir='ltr' id='par_1_108' title="bbox 273 5607 1578 5679">
     <span class='ocr_line' id='line_1_109' title="bbox 273 5607 1578 5679; baseline 0.008 -25"><span class='ocrx_word' id='word_1_750' title='bbox 273 5614 407 5679; x_wconf 70' lang='lat' dir='ltr'><strong>quos</strong></span> <span class='ocrx_word' id='word_1_751' title='bbox 433 5621 539 5679; x_wconf 82' lang='lat' dir='ltr'><strong>nos</strong></span> <span class='ocrx_word' id='word_1_752' title='bbox 568 5607 929 5679; x_wconf 11' lang='lat' dir='ltr'><strong>exhortatur,</strong></span> <span class='ocrx_word' id='word_1_753' title='bbox 952 5612 1198 5662; x_wconf 85' lang='lat' dir='ltr'><strong>sanctus</strong></span> <span class='ocrx_word' id='word_1_754' title='bbox 1232 5607 1578 5679; x_wconf 78' lang='lat' dir='ltr'><strong>Apostolus.</strong></span> 
     </span>
    </p>
   </div>
   <div class='ocr_carea' id='block_1_109' title="bbox 333 5673 1916 5754">
    <p class='ocr_par' dir='ltr' id='par_1_109' title="bbox 333 5673 1916 5754">
     <span class='ocr_line' id='line_1_110' title="bbox 333 5673 1916 5754; baseline 0.007 -27"><span class='ocrx_word' id='word_1_755' title='bbox 333 5673 433 5743; x_wconf 70' lang='lat'><strong>(44)</strong></span> <span class='ocrx_word' id='word_1_756' title='bbox 474 5677 638 5754; x_wconf 76' lang='lat' dir='ltr'><strong>Rom.</strong></span> <span class='ocrx_word' id='word_1_757' title='bbox 671 5678 810 5733; x_wconf 83' lang='lat' dir='ltr'><strong>edit.</strong></span> <span class='ocrx_word' id='word_1_758' title='bbox 845 5678 998 5749; x_wconf 88' lang='lat' dir='ltr'><strong>sola,</strong></span> <span class='ocrx_word' id='word_1_759' title='bbox 1035 5673 1314 5736; x_wconf 73' lang='lat' dir='ltr'><strong>Cincinni</strong></span> <span class='ocrx_word' id='word_1_760' title='bbox 1342 5686 1538 5738; x_wconf 83' lang='lat' dir='ltr'><strong>autem</strong></span> <span class='ocrx_word' id='word_1_761' title='bbox 1568 5680 1688 5737; x_wconf 84' lang='lat' dir='ltr'><strong>mei</strong></span> <span class='ocrx_word' id='word_1_762' title='bbox 1714 5685 1916 5754; x_wconf 84' lang='lat' dir='ltr'><strong>gutta-</strong></span> 
     </span>
    </p>
   </div>
   <div class='ocr_carea' id='block_1_110' title="bbox 276 5749 621 5807">
    <p class='ocr_par' dir='ltr' id='par_1_110' title="bbox 276 5749 621 5807">
     <span class='ocr_line' id='line_1_111' title="bbox 276 5749 621 5807; baseline 0.023 -8"><span class='ocrx_word' id='word_1_763' title='bbox 276 5757 392 5799; x_wconf 78' lang='lat' dir='ltr'><strong>rum</strong></span> <span class='ocrx_word' id='word_1_764' title='bbox 420 5749 621 5807; x_wconf 88' lang='lat' dir='ltr'><strong>noctis.</strong></span> 
     </span>
    </p>
   </div>
   <div class='ocr_carea' id='block_1_111' title="bbox 335 5815 1916 5904">
    <p class='ocr_par' dir='ltr' id='par_1_111' title="bbox 335 5815 1916 5904">
     <span class='ocr_line' id='line_1_112' title="bbox 335 5815 1916 5904; baseline 0.012 -31"><span class='ocrx_word' id='word_1_765' title='bbox 335 5815 436 5901; x_wconf 66' lang='lat'><strong>(45&#39;)</strong></span> <span class='ocrx_word' id='word_1_766' title='bbox 472 5819 704 5904; x_wconf 60' lang='lat' dir='ltr'><strong>Agerb.</strong></span> <span class='ocrx_word' id='word_1_767' title='bbox 738 5822 796 5882; x_wconf 86' lang='lat' dir='ltr'><strong>et</strong></span> <span class='ocrx_word' id='word_1_768' title='bbox 821 5819 1018 5904; x_wconf 51' lang='lat'><strong>939.,</strong></span> <span class='ocrx_word' id='word_1_769' title='bbox 1053 5819 1382 5887; x_wconf 72' lang='lat' dir='ltr'><strong>oﬂ&#39;unditur</strong></span> <span class='ocrx_word' id='word_1_770' title='bbox 1421 5825 1621 5904; x_wconf 71' lang='lat' dir='ltr'><strong>enim;</strong></span> <span class='ocrx_word' id='word_1_771' title='bbox 1659 5820 1795 5890; x_wconf 81' lang='lat' dir='ltr'><strong>Gill.</strong></span> <span class='ocrx_word' id='word_1_772' title='bbox 1840 5838 1916 5892; x_wconf 69' lang='lat' dir='ltr'><strong>eo</strong></span> 
     </span>
    </p>
   </div>
   <div class='ocr_carea' id='block_1_112' title="bbox 530 5889 980 5960">
    <p class='ocr_par' dir='ltr' id='par_1_112' title="bbox 530 5889 980 5960">
     <span class='ocr_line' id='line_1_113' title="bbox 530 5889 980 5960; baseline 0.016 -7"><span class='ocrx_word' id='word_1_773' title='bbox 530 5889 783 5957; x_wconf 67' lang='grc' dir='ltr'>Ριτιιοι..</span> <span class='ocrx_word' id='word_1_774' title='bbox 821 5891 980 5960; x_wconf 82' lang='lat' dir='ltr'><strong>XVI.</strong></span> 
     </span>
    </p>
   </div>
   <div class='ocr_carea' id='block_1_113' title="bbox 2031 4754 3209 4825">
    <p class='ocr_par' dir='ltr' id='par_1_113' title="bbox 2031 4754 3209 4825">
     <span class='ocr_line' id='line_1_114' title="bbox 2031 4754 3209 4825; baseline 0.001 -16"><span class='ocrx_word' id='word_1_775' title='bbox 2031 4770 2334 4825; x_wconf 62' lang='lat' dir='ltr'><strong>corporea;</strong></span> <span class='ocrx_word' id='word_1_776' title='bbox 2366 4754 2591 4809; x_wconf 84' lang='lat' dir='ltr'><strong>fraudis</strong></span> <span class='ocrx_word' id='word_1_777' title='bbox 2623 4757 2797 4808; x_wconf 82' lang='lat' dir='ltr'><strong>exuta</strong></span> <span class='ocrx_word' id='word_1_778' title='bbox 2824 4754 3209 4825; x_wconf 87' lang='lat' dir='ltr'><strong>tegminibus.</strong></span> 
     </span>
    </p>
   </div>
   <div class='ocr_carea' id='block_1_114' title="bbox 2097 4841 3701 4915">
    <p class='ocr_par' dir='ltr' id='par_1_114' title="bbox 2097 4841 3701 4915">
     <span class='ocr_line' id='line_1_115' title="bbox 2097 4841 3701 4915; baseline 0.004 -18"><span class='ocrx_word' id='word_1_779' title='bbox 2097 4844 2186 4898; x_wconf 78' lang='grc' dir='ltr'><strong>Ἡ.</strong></span> <span class='ocrx_word' id='word_1_780' title='bbox 2229 4843 2430 4897; x_wconf 84' lang='lat' dir='ltr'><strong>&#39;J‘alem</strong></span> <span class='ocrx_word' id='word_1_781' title='bbox 2460 4846 2514 4897; x_wconf 90' lang='lat' dir='ltr'><strong>te</strong></span> <span class='ocrx_word' id='word_1_782' title='bbox 2543 4841 2819 4896; x_wconf 85' lang='lat' dir='ltr'><strong>Christus</strong></span> <span class='ocrx_word' id='word_1_783' title='bbox 2852 4842 3231 4915; x_wconf 88' lang='lat' dir='ltr'><strong>desideravit,</strong></span> <span class='ocrx_word' id='word_1_784' title='bbox 3264 4844 3440 4902; x_wconf 89' lang='lat' dir='ltr'><strong>talem</strong></span> <span class='ocrx_word' id='word_1_785' title='bbox 3460 4849 3516 4903; x_wconf 90' lang='lat' dir='ltr'><strong>te</strong></span> <span class='ocrx_word' id='word_1_786' title='bbox 3532 4847 3701 4904; x_wconf 52' lang='lat' dir='ltr'><strong>Chri‘</strong></span> 
     </span>
    </p>
   </div>
   <div class='ocr_carea' id='block_1_115' title="bbox 2028 4930 3695 5009">
    <p class='ocr_par' dir='ltr' id='par_1_115' title="bbox 2028 4930 3695 5009">
     <span class='ocr_line' id='line_1_116' title="bbox 2028 4930 3695 5009; baseline 0.004 -22"><span class='ocrx_word' id='word_1_787' title='bbox 2028 4935 2159 4987; x_wconf 88' lang='lat' dir='ltr'><strong>stus</strong></span> <span class='ocrx_word' id='word_1_788' title='bbox 2192 4931 2392 5002; x_wconf 87' lang='lat' dir='ltr'><strong>elegit.</strong></span> <span class='ocrx_word' id='word_1_789' title='bbox 2426 4932 2644 5000; x_wconf 80' lang='lat' dir='ltr'><strong>Aperto</strong></span> <span class='ocrx_word' id='word_1_790' title='bbox 2676 4930 2871 5002; x_wconf 85' lang='lat' dir='ltr'><strong>itaque</strong></span> <span class='ocrx_word' id='word_1_791' title='bbox 2902 4930 3233 5002; x_wconf 88' lang='lat' dir='ltr'><strong>ingreditur</strong></span> <span class='ocrx_word' id='word_1_792' title='bbox 3264 4936 3449 5007; x_wconf 87' lang='lat' dir='ltr'><strong>ostio;</strong></span> <span class='ocrx_word' id='word_1_793' title='bbox 3499 4952 3695 5009; x_wconf 87' lang='lat' dir='ltr'><strong>neque</strong></span> 
     </span>
    </p>
   </div>
   <div class='ocr_carea' id='block_1_116' title="bbox 2027 5019 3698 5097">
    <p class='ocr_par' dir='ltr' id='par_1_116' title="bbox 2027 5019 3698 5097">
     <span class='ocr_line' id='line_1_117' title="bbox 2027 5019 3698 5097; baseline 0.004 -22"><span class='ocrx_word' id='word_1_794' title='bbox 2027 5022 2179 5076; x_wconf 90' lang='lat' dir='ltr'><strong>enim</strong></span> <span class='ocrx_word' id='word_1_795' title='bbox 2212 5022 2406 5090; x_wconf 89' lang='lat' dir='ltr'><strong>potest</strong></span> <span class='ocrx_word' id='word_1_796' title='bbox 2434 5019 2658 5088; x_wconf 90' lang='lat' dir='ltr'><strong>fallere,</strong></span> <span class='ocrx_word' id='word_1_797' title='bbox 2693 5021 2795 5090; x_wconf 91' lang='lat' dir='ltr'><strong>qui</strong></span> <span class='ocrx_word' id='word_1_798' title='bbox 2826 5035 2893 5074; x_wconf 89' lang='lat' dir='ltr'><strong>se</strong></span> <span class='ocrx_word' id='word_1_799' title='bbox 2924 5020 3342 5092; x_wconf 88' lang='lat' dir='ltr'><strong>ingressurum</strong></span> <span class='ocrx_word' id='word_1_800' title='bbox 3372 5040 3510 5080; x_wconf 93' lang='lat' dir='ltr'><strong>esse</strong></span> <span class='ocrx_word' id='word_1_801' title='bbox 3554 5042 3698 5097; x_wconf 89' lang='lat' dir='ltr'><strong>pro-</strong></span> 
     </span>
    </p>
   </div>
   <div class='ocr_carea' id='block_1_117' title="bbox 2026 5108 3697 5183">
    <p class='ocr_par' dir='ltr' id='par_1_117' title="bbox 2026 5108 3697 5183">
     <span class='ocr_line' id='line_1_118' title="bbox 2026 5108 3697 5183; baseline 0.004 -19"><span class='ocrx_word' id='word_1_802' title='bbox 2026 5109 2204 5165; x_wconf 90' lang='lat' dir='ltr'><strong>misit.</strong></span> <span class='ocrx_word' id='word_1_803' title='bbox 2238 5108 2639 5179; x_wconf 89' lang='lat' dir='ltr'><strong>Complectere</strong></span> <span class='ocrx_word' id='word_1_804' title='bbox 2688 5108 2871 5181; x_wconf 89' lang='lat' dir='ltr'><strong>igitur</strong></span> <span class='ocrx_word' id='word_1_805' title='bbox 2911 5126 3087 5181; x_wconf 89' lang='lat' dir='ltr'><strong>quem</strong></span> <span class='ocrx_word' id='word_1_806' title='bbox 3130 5112 3403 5183; x_wconf 85' lang='lat' dir='ltr'><strong>quaesisti</strong></span> <span class='ocrx_word' id='word_1_807' title='bbox 3434 5129 3448 5170; x_wconf 94' lang='lat'>:</span> <span class='ocrx_word' id='word_1_808' title='bbox 3480 5115 3697 5171; x_wconf 87' lang='lat' dir='ltr'><strong>accede</strong></span> 
     </span>
    </p>
   </div>
   <div class='ocr_carea' id='block_1_118' title="bbox 2030 5252 3694 5323">
    <p class='ocr_par' dir='ltr' id='par_1_118' title="bbox 2030 5252 3694 5323">
     <span class='ocr_line' id='line_1_119' title="bbox 2030 5252 3694 5323; baseline 0.003 -16"><span class='ocrx_word' id='word_1_809' title='bbox 2030 5253 2200 5307; x_wconf 82' lang='lat' dir='ltr'><strong>Rom.</strong></span> <span class='ocrx_word' id='word_1_810' title='bbox 2247 5268 2378 5307; x_wconf 91' lang='lat' dir='ltr'><strong>cum</strong></span> <span class='ocrx_word' id='word_1_811' title='bbox 2423 5252 2627 5323; x_wconf 83' lang='lat' dir='ltr'><strong>paucis</strong></span> <span class='ocrx_word' id='word_1_812' title='bbox 2675 5268 2847 5321; x_wconf 89' lang='lat' dir='ltr'><strong>mss.,</strong></span> <span class='ocrx_word' id='word_1_813' title='bbox 2897 5252 3153 5307; x_wconf 78' lang='lat' dir='ltr'><strong>oll‘ertur</strong></span> <span class='ocrx_word' id='word_1_814' title='bbox 3184 5255 3373 5321; x_wconf 87' lang='lat' dir='ltr'><strong>enim;</strong></span> <span class='ocrx_word' id='word_1_815' title='bbox 3418 5257 3514 5311; x_wconf 89' lang='lat' dir='ltr'><strong>alii</strong></span> <span class='ocrx_word' id='word_1_816' title='bbox 3542 5273 3694 5312; x_wconf 89' lang='lat' dir='ltr'><strong>mss.</strong></span> 
     </span>
    </p>
   </div>
   <div class='ocr_carea' id='block_1_119' title="bbox 2024 5323 3693 5396">
    <p class='ocr_par' dir='ltr' id='par_1_119' title="bbox 2024 5323 3693 5396">
     <span class='ocr_line' id='line_1_120' title="bbox 2024 5323 3693 5396; baseline 0.003 -19"><span class='ocrx_word' id='word_1_817' title='bbox 2024 5324 2298 5394; x_wconf 86' lang='lat' dir='ltr'><strong>denique,</strong></span> <span class='ocrx_word' id='word_1_818' title='bbox 2348 5323 2671 5378; x_wconf 82' lang='lat' dir='ltr'><strong>oll‘cnditnr</strong></span> <span class='ocrx_word' id='word_1_819' title='bbox 2716 5324 2890 5387; x_wconf 83' lang='lat' dir='ltr'><strong>enim,</strong></span> <span class='ocrx_word' id='word_1_820' title='bbox 2944 5329 3054 5378; x_wconf 90' lang='lat' dir='ltr'><strong>etc.</strong></span> <span class='ocrx_word' id='word_1_821' title='bbox 3122 5326 3254 5380; x_wconf 88' lang='lat' dir='ltr'><strong>Non</strong></span> <span class='ocrx_word' id='word_1_822' title='bbox 3300 5328 3693 5396; x_wconf 91' lang='lat' dir='ltr'><strong>incommode,</strong></span> 
     </span>
    </p>
   </div>
   <div class='ocr_carea' id='block_1_120' title="bbox 2025 5395 3696 5465">
    <p class='ocr_par' dir='ltr' id='par_1_120' title="bbox 2025 5395 3696 5465">
     <span class='ocr_line' id='line_1_121' title="bbox 2025 5395 3696 5465; baseline 0.002 -17"><span class='ocrx_word' id='word_1_823' title='bbox 2025 5395 2179 5448; x_wconf 89' lang='lat' dir='ltr'><strong>idem</strong></span> <span class='ocrx_word' id='word_1_824' title='bbox 2210 5397 2425 5465; x_wconf 85' lang='lat' dir='ltr'><strong>quippe</strong></span> <span class='ocrx_word' id='word_1_825' title='bbox 2455 5397 2548 5449; x_wconf 91' lang='lat' dir='ltr'><strong>est</strong></span> <span class='ocrx_word' id='word_1_826' title='bbox 2575 5398 2747 5465; x_wconf 87' lang='lat' dir='ltr'><strong>atque</strong></span> <span class='ocrx_word' id='word_1_827' title='bbox 2781 5397 3062 5449; x_wconf 84' lang='lat' dir='ltr'><strong>occurrit.</strong></span> <span class='ocrx_word' id='word_1_828' title='bbox 3114 5396 3265 5461; x_wconf 90' lang='lat' dir='ltr'><strong>Quid</strong></span> <span class='ocrx_word' id='word_1_829' title='bbox 3297 5402 3491 5452; x_wconf 89' lang='lat' dir='ltr'><strong>autem</strong></span> <span class='ocrx_word' id='word_1_830' title='bbox 3522 5400 3574 5451; x_wconf 91' lang='lat' dir='ltr'><strong>si</strong></span> <span class='ocrx_word' id='word_1_831' title='bbox 3607 5395 3696 5451; x_wconf 54' lang='lat' dir='ltr'><strong>le?-</strong></span> 
     </span>
    </p>
   </div>
   <div class='ocr_carea' id='block_1_121' title="bbox 2025 5465 3694 5537">
    <p class='ocr_par' dir='ltr' id='par_1_121' title="bbox 2025 5465 3694 5537">
     <span class='ocr_line' id='line_1_122' title="bbox 2025 5465 3694 5537; baseline 0.001 -18"><span class='ocrx_word' id='word_1_832' title='bbox 2025 5481 2134 5537; x_wconf 87' lang='lat' dir='ltr'><strong>gas</strong></span> <span class='ocrx_word' id='word_1_833' title='bbox 2167 5466 2545 5520; x_wconf 86' lang='lat' dir='ltr'><strong>ostenditur?</strong></span> <span class='ocrx_word' id='word_1_834' title='bbox 2573 5466 2744 5521; x_wconf 87' lang='lat' dir='ltr'><strong>Certe</strong></span> <span class='ocrx_word' id='word_1_835' title='bbox 2793 5466 2944 5520; x_wconf 90' lang='lat' dir='ltr'><strong>hanc</strong></span> <span class='ocrx_word' id='word_1_836' title='bbox 2989 5465 3301 5522; x_wconf 86' lang='lat' dir='ltr'><strong>lectionem</strong></span> <span class='ocrx_word' id='word_1_837' title='bbox 3341 5468 3694 5523; x_wconf 87' lang='lat' dir='ltr'><strong>duceremus</strong></span> 
     </span>
    </p>
   </div>
   <div class='ocr_carea' id='block_1_122' title="bbox 2024 5537 3695 5608">
    <p class='ocr_par' dir='ltr' id='par_1_122' title="bbox 2024 5537 3695 5608">
     <span class='ocr_line' id='line_1_123' title="bbox 2024 5537 3695 5608; baseline 0.002 -18"><span class='ocrx_word' id='word_1_838' title='bbox 2024 5538 2204 5591; x_wconf 89' lang='lat' dir='ltr'><strong>multo</strong></span> <span class='ocrx_word' id='word_1_839' title='bbox 2235 5538 2542 5607; x_wconf 86' lang='lat' dir='ltr'><strong>potiorem,</strong></span> <span class='ocrx_word' id='word_1_840' title='bbox 2578 5538 2632 5591; x_wconf 89' lang='lat' dir='ltr'><strong>si</strong></span> <span class='ocrx_word' id='word_1_841' title='bbox 2661 5537 2817 5608; x_wconf 89' lang='lat' dir='ltr'><strong>quod</strong></span> <span class='ocrx_word' id='word_1_842' title='bbox 2835 5537 2991 5591; x_wconf 86' lang='lat' dir='ltr'><strong>aliud</strong></span> <span class='ocrx_word' id='word_1_843' title='bbox 3012 5538 3357 5608; x_wconf 83' lang='lat' dir='ltr'><strong>praesidium</strong></span> <span class='ocrx_word' id='word_1_844' title='bbox 3378 5538 3433 5593; x_wconf 88' lang='lat' dir='ltr'><strong>ei</strong></span> <span class='ocrx_word' id='word_1_845' title='bbox 3452 5538 3695 5593; x_wconf 89' lang='lat' dir='ltr'><strong>adesset</strong></span> 
     </span>
    </p>
   </div>
   <div class='ocr_carea' id='block_1_123' title="bbox 2024 5608 3638 5690">
    <p class='ocr_par' dir='ltr' id='par_1_123' title="bbox 2024 5608 3638 5690">
     <span class='ocr_line' id='line_1_124' title="bbox 2024 5608 3638 5690; baseline 0.014 -32"><span class='ocrx_word' id='word_1_846' title='bbox 2024 5608 2693 5690; x_wconf 47' lang='lat' dir='ltr'><strong>printer-conjecturam.</strong></span> <span class='ocrx_word' id='word_1_847' title='bbox 3088 5681 3098 5690; x_wconf 30' lang='grc' dir='ltr'>θ</span> <span class='ocrx_word' id='word_1_848' title='bbox 3197 5684 3207 5690; x_wconf 28' lang='grc' dir='ltr'><em>Α</em></span> <span class='ocrx_word' id='word_1_849' title='bbox 3598 5678 3638 5690; x_wconf 72' lang='lat'><strong>_,</strong></span> 
     </span>
    </p>
   </div>
   <div class='ocr_carea' id='block_1_124' title="bbox 2119 5680 3696 5756">
    <p class='ocr_par' dir='ltr' id='par_1_124' title="bbox 2119 5680 3696 5756">
     <span class='ocr_line' id='line_1_125' title="bbox 2119 5680 3696 5756; baseline -0.001 -20"><span class='ocrx_word' id='word_1_850' title='bbox 2119 5681 2207 5752; x_wconf 80' lang='lat'><strong>46)</strong></span> <span class='ocrx_word' id='word_1_851' title='bbox 2248 5680 2398 5737; x_wconf 77' lang='lat' dir='ltr'><strong>Mss.</strong></span> <span class='ocrx_word' id='word_1_852' title='bbox 2430 5680 2671 5752; x_wconf 85' lang='lat' dir='ltr'><strong>aliquot,</strong></span> <span class='ocrx_word' id='word_1_853' title='bbox 2705 5696 3032 5756; x_wconf 73' lang='lat' dir='ltr'><strong>consurges</strong></span> <span class='ocrx_word' id='word_1_854' title='bbox 3073 5681 3137 5737; x_wconf 86' lang='lat' dir='ltr'><strong>in</strong></span> <span class='ocrx_word' id='word_1_855' title='bbox 3187 5684 3431 5749; x_wconf 78' lang='lat' dir='ltr'><strong>terram,</strong></span> <span class='ocrx_word' id='word_1_856' title='bbox 3479 5680 3696 5742; x_wconf 61' lang='lat' dir='ltr'><strong>oratio.</strong></span> 
     </span>
    </p>
   </div>
   <div class='ocr_carea' id='block_1_125' title="bbox 2023 5752 2836 5831">
    <p class='ocr_par' dir='ltr' id='par_1_125' title="bbox 2023 5752 2836 5831">
     <span class='ocr_line' id='line_1_126' title="bbox 2023 5752 2836 5831; baseline -0.004 -16"><span class='ocrx_word' id='word_1_857' title='bbox 2023 5752 2203 5815; x_wconf 78' lang='lat' dir='ltr'><strong>nibus</strong></span> <span class='ocrx_word' id='word_1_858' title='bbox 2223 5767 2536 5831; x_wconf 62' lang='lat' dir='ltr'><strong>prepares</strong></span> <span class='ocrx_word' id='word_1_859' title='bbox 2561 5756 2836 5813; x_wconf 82' lang='lat' dir='ltr'><strong>mentem.</strong></span> 
     </span>
    </p>
   </div>
   <div class='ocr_carea' id='block_1_126' title="bbox 3339 5893 3407 5957">
    <p class='ocr_par' dir='ltr' id='par_1_126' title="bbox 3339 5893 3407 5957">
     <span class='ocr_line' id='line_1_127' title="bbox 3339 5893 3407 5957; baseline 0.029 -2"><span class='ocrx_word' id='word_1_860' title='bbox 3339 5893 3407 5957; x_wconf 87' lang='grc'><strong>10</strong></span> 
     </span>
    </p>
   </div>
  </div>
