4060 6158
353 352 473 418 299

1804 347 1872 412 s.
1917 300 2360 414 AMBRosn.

3681 361 3786 432 300

353 553 427 607 ad
461 553 675 622 ipsum,
707 553 766 604 et
795 548 1247 620 illuminabcris,
1281 551 1412 604 tene
1443 548 1626 618 illum,
1651 564 1796 620 roga
1819 564 1890 603 ne
1913 547 2028 604 cito
2054 529 2101 590 Α
2133 550 2364 606 ternum
2409 554 2527 608 tum
2577 559 2991 629 secretumque
3041 561 3308 616 naturae?
3363 563 3522 619 Hanc
3570 565 3786 622 domum

353 641 544 708 abeat,
581 639 834 694 obsecra
865 653 940 693 ne
969 638 1240 708 recedat;
1275 637 1532 692 Verbum
1563 637 1720 692 enim
1748 638 1850 692 Dei
1883 653 2022 692 cur-

313 795 322 799 η
351 729 449 797 rit,
482 727 721 783 fastidio
754 743 872 782 non
921 729 1168 798 capitur,
1215 727 1576 798 negligentia
1625 743 1742 781 non
1773 729 2019 782 tenetur.

351 817 540 872 Obeat
563 816 755 871 anima
788 820 885 872 tua
915 816 976 870 in
1005 815 1190 870 verbo
1223 814 1378 887 ejus,
1413 818 1471 870 et
1496 815 1758 870 caelestis
1791 831 2023 870 sermo-

350 906 447 961 nis
479 905 693 962 insiste
723 905 1011 978 vestigio;
1046 905 1160 960 cito
1189 905 1346 960 enim
1374 905 1603 959 transit.

420 995 510 1050 '15.
554 995 819 1066 Denique
867 994 1008 1066 quid
1053 994 1134 1048 ait
1177 993 1314 1048 illa?
1347 991 1612 1059 Quaesivi
1641 1009 1787 1059 eum,
1822 999 2023 1048 etnon

349 1084 563 1140 inveni
605 1084 768 1138 illum
801 1099 816 1140 :
855 1083 1060 1138 vocavi
1106 1099 1254 1152 eum,
1293 1089 1366 1138 et
1416 1099 1530 1138 non
1577 1081 1886 1137 obaudirit
1932 1098 2026 1138 me

350 1171 548 1244 (Cant.
577 1189 635 1243 v,
667 1172 744 1242 6).
778 1172 868 1227 Ne
896 1175 1070 1242 putes
1099 1172 1416 1242 displicere
1465 1174 1542 1242 te,
1594 1186 1730 1242 quae
1770 1171 2022 1241 vocasti,

349 1277 484 1334 qum
515 1261 762 1334 rogasti,
816 1277 948 1332 quae
980 1261 1284 1331 apernisti,
1337 1259 1495 1332 quod
1542 1263 1660 1314 tam
1689 1259 1804 1315 cito
1834 1259 1977 1314 abiit
2008 1275 2022 1315 :

351 1351 493 1406 sinit
522 1365 635 1406 nos
665 1365 826 1421 saepe
858 1350 1089 1404 tentari.
1124 1348 1390 1420 Denique
1436 1348 1629 1404 turbis
1673 1347 2024 1420 rogantibus

353 1455 429 1495 ne
458 1439 784 1508 recederet,
817 1437 958 1510 quid
989 1438 1068 1492 ait
1097 1437 1156 1492 in
1189 1437 1554 1510 Evangelio‘?
1591 1437 1674 1492 Et
1704 1437 1844 1492 aliis
1871 1437 2025 1492 civi-

351 1528 578 1584 tatibus
606 1533 838 1600 oportet
866 1543 960 1581 me
989 1527 1410 1599 evangelizare
1447 1527 1690 1581 verbum
1720 1525 1834 1581 Dei
1879 1526 2024 1596 (4'7);

350 1618 482 1691 quia
531 1617 666 1672 ideo
712 1616 934 1671 missus
974 1632 1099 1670 sum
1140 1616 1302 1686 (Luc.
1353 1632 1432 1685 1v,
1476 1615 1586 1684 43).
1619 1615 1734 1670 Sed
1765 1616 1940 1670 etiam
1971 1615 2021 1670 si

348 1707 456 1762 tibi
486 1705 584 1761 ille
614 1705 839 1760 abiisse
872 1705 1122 1774 videtur,
1156 1705 1272 1774 exi,
1308 1720 1521 1759 rursus
1553 1703 1795 1774 explora
1818 1704 1950 1774 (48).

417 1793 508 1850 76.
551 1794 687 1849 Noli
734 1793 858 1866 jam
911 1794 1032 1849 Deo
1083 1793 1292 1848 devota
1341 1793 1476 1848 illos
1523 1792 1871 1848 metuendos
1904 1793 2022 1847 cir-

347 1883 765 1942 cumforaneos
813 1881 1219 1960 intelligibiles
1275 1881 1480 1936 timere
1537 1882 1840 1952 custodes,
1902 1881 2024 1937 noli

347 1975 557 2028 timere
599 1988 706 2028 eos
751 1972 853 2044 qui
901 1972 1270 2027 circumeunt
1301 1969 1596 2025 civitatem
1624 1969 1820 2039 (Cant.
1854 1987 1911 2040 v,
1943 1967 2020 2040 7),

346 2062 468 2118 noli
495 2062 742 2118 vulnera
772 2061 1110 2131 formidare,
1145 2076 1278 2132 quae
1309 2058 1700 2131 sequentibus
1720 2057 2024 2114 Christum

344 2167 562 2208 nocere
609 2167 726 2207 non
775 2153 1048 2222 possunt.
1096 2149 1284 2204 Etiam
1320 2149 1375 2204 si
1417 2163 1635 2219 corpus
1672 2151 1856 2218 tuum,
1907 2147 2020 2203 hoc

347 2243 442 2296 est
471 2241 648 2295 vitam
677 2239 948 2310 corporis
976 2239 1083 2308 tui,
1115 2237 1404 2308 auferant,
1435 2237 1673 2292 vicinus
1703 2239 1796 2292 est
1825 2237 2024 2292 Chris-

345 2333 444 2386 tus
479 2346 493 2386 :
528 2345 704 2402 quem
752 2345 886 2384 cum
934 2328 1258 2396 inveneris,
1309 2326 1412 2382 ubi
1443 2341 1577 2382 cum
1620 2325 1828 2382 eodem
1857 2341 2023 2381 com-

342 2419 565 2476 morari
594 2417 816 2474 debeas
845 2432 1131 2490 agnosce,
1164 2431 1238 2472 ne
1262 2415 1412 2472 forte
1438 2418 1544 2471 ate
1575 2415 1874 2486 discedat;
1907 2414 2023 2471 cito

343 2510 503 2566 enim
531 2507 754 2564 deserit
782 2505 1179 2578 negligentes.

885 2612 1034 2678 232
1073 2611 1326 2666 CAPUT
1363 2610 1512 2666 XIII.
1831 2617 1868 2650 ⁸⁵

343 2709 706 2768 Discendum
737 2709 910 2788 nobis
941 2708 1176 2788 esseab
1206 2707 1481 2788 Ecclesia
1513 2721 1622 2788 quo
1635 2714 1808 2788 pacto
1837 2707 2024 2788 Sponf

416 2799 522 2838 sus
553 2783 752 2837 teneri
781 2785 974 2852 queat,
1031 2778 1286 2852 vinculis
1310 2778 1564 2852 scilicet
1605 2778 1928 2852 charitatis
1963 2783 2022 2832 et

417 2849 838 2926 suppliciorum
878 2849 1226 2926 bene/icio;
1296 2849 1784 2926 introducendum
1844 2850 2020 2926 etiam

418 2920 546 2981 eum
591 2925 667 3002 in
698 2922 1052 3002 interiorem
1100 2921 1368 3002 domum,
1428 2920 1539 2974 sed
1586 2921 1808 2975 virtute
1848 2921 2024 3002 prius

418 3001 784 3053 exornatam.
819 2993 944 3047 Per
975 3008 1141 3066 quam
1170 2991 1500 3066 fenestram
1528 3007 1758 3066 manum
1778 2991 2022 3066 mittere

417 3068 652 3123 dicatur
683 3066 967 3137 Sponsus,
983 3062 1062 3137 'et
1087 3062 1564 3137 quemadmodum
1587 3062 1873 3117 fenestrae
1899 3063 2020 3137 vir-

414 3137 698 3212 gini__sint
724 3134 1050 3208 parandae?
1078 3134 1226 3212 Eam
1260 3150 1481 3212 quoque
1512 3134 1717 3212 januaz
1764 3150 1884 3189 suae
1927 3134 2016 3188 si-

413 3205 592 3266 lentii
631 3205 804 3263 seras
847 3221 1159 3278 apponere
1185 3205 1429 3275 debere,
1483 3205 1634 3278 quod
1678 3221 1886 3277 magno
1913 3221 2019 3261 suo

416 3279 569 3336 malo
598 3279 731 3334 Eva
765 3267 1070 3333 non't'ecit.
1113 3276 1268 3331 Tunc
1310 3267 1799 3331 niortiticationis'
1815 3293 1882 3330 ac
1921 3294 2020 3332 re-
2038 3267 2101 3330 Ὀ

413 3349 814 3408 surrectionis
844 3349 1150 3421 myrrham
1180 3347 1521 3421 sudatur-am
1545 3367 1562 3402 :
1585 3349 1642 3402 si
1657 3348 1826 3421 modo
1852 3348 2021 3421 virgo

414 3423 519 3478 illa
551 3421 692 3476 talis
723 3418 929 3488 fuerit,
963 3419 1154 3492 qualis
1183 3435 1318 3492 esse
1332 3418 1588 3490 jubetur
1608 3418 2016 3492 abiApostolo;

416 3494 526 3550 sed
577 3492 879 3548 Christum
919 3489 1146 3564 inquiri
1196 3489 1364 3558 velle,
1413 3496 1586 3562 atque
1633 3489 1770 3546 odio
1793 3490 2020 3546 habere

415 3563 857 3638 garrulitatem.

415 3672 504 3728 ’7‘7.
545 3671 690 3738 Quis
723 3671 906 3744 igitur
935 3673 992 3725 te
1020 3668 1138 3724 nisi
1169 3671 1374 3724 sancta
1406 3667 1676 3724 Ecclesia
1705 3667 1879 3724 debet
1909 3669 2019 3726 do-

346 3775 482 3818 cere
526 3759 1020 3833 quemadmodum
1062 3757 1363 3814 Christum
1415 3759 1662 3817 teneas?
1723 3758 1841 3814 imo
1893 3758 2020 3831 jam

345 3851 564 3921 docuit,
613 3849 666 3904 si
713 3864 847 3920 quae
893 3847 1068 3920 legis,
1115 3847 1462 3918 intelligas:
1502 3847 1683 3913 Quam
1729 3848 2017 3903 modicum

337 3939 552 4012 inquit,
571 3937 704 4008 fuit,
729 3954 856 3992 cum
871 3937 1066 3992 transi
1076 3937 1132 3990 vi
1147 3935 1221 3990 ab
1238 3937 1406 4008 ipsis,
1423 3935 1609 3992 donec
1624 3937 1686 3990 in
1697 3938 1834 3992 veni
1852 3953 2018 4010 quem

341 4028 544 4100 diligit
587 4027 780 4081 anima
823 4041 952 4081 mea
983 4045 1000 4079 :
1033 4025 1200 4079 tenui
1228 4041 1375 4089 eum,
1428 4032 1486 4080 et
1534 4041 1647 4081 non
1687 4025 2019 4098 relinquam

344 4133 478 4172 eum
509 4115 708 4186 (Cant.
744 4131 826 4182 ιιι,
855 4115 930 4183 4).
975 4112 1205 4178 Quibus
1237 4114 1418 4186 igitur
1444 4113 1721 4168 Christus
1749 4117 2020 4170 tenetur?

349 4205 489 4262 Non
519 4203 756 4275 injuriae
787 4201 1063 4272 nexibus,
1096 4217 1214 4257 non
1247 4203 1493 4258 restium
1523 4202 1698 4257 nodis
1723 4217 1736 4258 :
1761 4203 1868 4258 sed
1897 4203 2022 4258 vin-

344 4294 502 4352 culis
536 4292 860 4362 cbaritatis,
896 4292 1111 4346 mentis
1143 4291 1394 4347 habenis
1426 4291 1756 4364 stringitur,
1789 4295 1845 4346 et
1885 4292 2017 4346 ani-

337 4400 452 4440 ma:
494 4385 726 4439 tenetur
767 4379 1000 4437 aﬁ‘ectu.
1048 4380 1112 4436 Si
1159 4381 1252 4436 vis
1284 4383 1341 4434 et
1369 4383 1430 4435 tu
1462 4383 1663 4436 tenere
1693 4379 2013 4454 Christum,

338 4487 541 4546 quare
567 4471 813 4545 jugiter,
847 4486 958 4526 nec
986 4485 1220 4540 poenam
1251 4471 1511 4539 metuas;
1543 4470 1700 4524 inter
1725 4470 2018 4541 supplicia

339 4563 496 4618 enim
524 4561 866 4633 frequenter
895 4561 1186 4630 conparis,
1212 4559 1543 4628 interipsas
1564 4562 2012 4629 persecutorum

2137 654 2310 693 serva
2361 639 2543 712 hujus
2591 643 2803 698 domus
2849 647 3125 703 mundato
3174 651 3518 720 penetralia;
3567 657 3626 707 ut
3667 670 3788 710 eum

2137 727 2503 784 immaculata
2557 731 2768 788 domus
2819 733 3016 806 fuerit,
3083 753 3192 792 nec
3241 739 3415 794 ullius
3467 741 3788 798 adulterinis

2138 819 2520 875 conscientite
2569 821 2852 878 sordibus
2903 824 3224 898 inquinata,
3277 828 3554 899 spiritalis
3592 831 3788 886 domus

2135 905 2197 959 in
2227 908 2622 964 sacerdotium
2654 915 2922 966 sanctum
2952 913 3144 984 lapide
3185 917 3455 988 angulari
3495 934 3792 990 coagmen-

2135 997 2250 1049 tata
2293 1001 2636 1070 consurgat,
2685 1001 2744 1054 et
2790 999 3045 1071 Spiritus
3091 1008 3335 1060 sanctus
3376 1005 3591 1061 habitet
3620 1007 3676 1061 in
3703 1023 3785 1063 ea.

2135 1081 2278 1148 Quae
2311 1085 2399 1140 sic
2429 1085 2728 1142 Christum
2758 1089 3026 1160 requirit,
3057 1107 3192 1164 quae
3223 1093 3312 1148 sic
3342 1093 3652 1165 Christum,
3686 1096 3788 1150 ob-

2134 1177 2348 1245 secrat,
2379 1190 2498 1230 non
2528 1175 2880 1248 relinquitur
2909 1179 2982 1234 ab
3015 1196 3106 1250 eo,
3139 1181 3256 1238 imo
3275 1183 3448 1238 etiam
3467 1183 3792 1254 frequenter

2135 1262 2436 1334 revisitur,
2483 1267 2576 1320 est
2624 1267 2782 1320 enim
2826 1267 3140 1323 nobiscum
3188 1286 3382 1342 usque
3419 1271 3492 1326 ad
3521 1287 3787 1328 consum-

2133 1353 2449 1407 mationem
2481 1353 2682 1408 mundi
2715 1355 2958 1424 (Matth.
2992 1375 3200 1430 xxvm,
3235 1360 3346 1428 20).

2204 1439 2292 1495 '79.
2337 1439 2496 1513 Ergo
2545 1440 2820 1498 Christus
2866 1450 3138 1516 repertus
3186 1452 3297 1518 est,
3349 1454 3408 1504 et
3440 1452 3665 1505 tenetur
3695 1465 3707 1505 :
3740 1453 3792 1505 et

2135 1531 2408 1599 repertus
2455 1532 2548 1585 est
2575 1529 2672 1586 ille
2721 1531 2822 1604 qui
2850 1549 2956 1604 per
3001 1534 3322 1593 fenestram
3365 1541 3524 1594 tuam
3571 1555 3793 1594 manum

2135 1617 2296 1672 misit
2342 1618 2538 1688 (Cant.
2571 1636 2628 1689 v,
2661 1619 2736 1691 4).
2785 1620 2927 1686 Quae
2974 1627 3067 1682 est
3113 1625 3377 1682 fenestra
3419 1629 3640 1698 nostra,
3689 1627 3794 1682 nisi

2139 1722 2247 1778 per
2295 1723 2469 1778 quam
2517 1723 2696 1780 opera
2742 1709 2965 1766 Christi
3011 1715 3304 1786 videmus,
3338 1716 3548 1772 oculus
3578 1715 3795 1771 scilicet

2135 1796 2335 1866 animi,
2387 1799 2444 1850 et
2489 1798 2704 1852 mentis
2752 1799 3031 1856 obtutus?
3064 1801 3133 1857 Et
3165 1803 3318 1875 ideo,
3351 1805 3546 1878 virgo,
3575 1820 3679 1876 per
3705 1804 3788 1858 fe-

2053 1904 2102 1967 B
2135 1887 2396 1939 uestram
2441 1887 2600 1940 tuam
2643 1886 2917 1944 Christus
2950 1889 3217 1958 introeat,
3269 1893 3548 1949 Christus
3576 1909 3797 1949 manum

2136 1989 2305 2028 suam
2333 1973 2519 2029 mittat
2547 1991 2654 2045 per
2682 1975 3023 2048 fenestram,
3073 1980 3181 2035 tibi
3210 1982 3410 2038 veniat
3441 1982 3637 2052 Verbi,
3688 1996 3798 2037 non

2135 2062 2404 2132 corporis
2433 2079 2617 2119 amor.
2649 2064 2711 2120 Si
2727 2065 2909 2138 igitur
2928 2084 3035 2139 per
3051 2068 3375 2126 fenestram
3393 2075 3549 2127 tuam
3570 2086 3794 2126 manum

2140 2151 2311 2206 mittit
2339 2151 2446 2207 Dei
2479 2152 2755 2224 errbum,
2789 2156 2924 2211 vide
2971 2159 3470 2229 quemadmodum
3516 2161 3795 2216 fenestras

2135 2243 2269 2295 tuas
2299 2257 2622 2312 praepares,
2653 2243 2788 2298 vido
2817 2247 3311 2316 quemadmodum
3339 2250 3416 2305 ab
3466 2249 3623 2305 omni
3673 2247 3796 2319 pul-

2135 2345 2277 2385 vere
2325 2329 2676 2386 delictorum
2720 2333 3030 2407 detergere
3088 2336 3328 2398 debeas.
3393 2339 3556 2394 Nihil
3601 2341 3799 2394 tetrum

2135 2418 2348 2474 habeat
2395 2419 2530 2491 (49),
2579 2421 2725 2476 nihil
2771 2423 3164 2480 adulterinum
3211 2425 3480 2484 fenestra
3535 2427 3794 2500 virginis.

2135 2507 2350 2562 Procul
2378 2509 2622 2564 stibium
2668 2513 2726 2566 et
2756 2515 3002 2568 ceteras
3032 2513 3283 2571 atl‘ectati
3313 2533 3513 2590 nugas
3545 2515 3789 2584 decoris,

2133 2597 2342 2668 procul
2371 2597 2682 2654 aduiterini
2710 2601 2932 2656 amoris
2963 2601 3298 2659 illecebras.
3347 2605 3538 2660 Simili
3576 2604 3794 2660 aurium

2135 2686 2410 2742 clausura
2438 2690 2548 2758 est,
2583 2688 2802 2759 quibus
2831 2705 2950 2745 non
2981 2692 3402 2762 suspendenda
3438 2710 3636 2763 onera,
3687 2708 3797 2748 non

2134 2775 2369 2846 figenda
2413 2775 2658 2832 vulnera
2691 2793 2704 2832 :
2739 2778 2847 2832 sed
2908 2795 3064 2836 unus
3119 2786 3364 2838 ornatus
3433 2787 3546 2854 est,
3609 2781 3801 2838 audire

2134 2864 2292 2935 quod
2322 2865 2530 2935 prosit.

2213 2953 2360 3018 233
2389 2955 2478 3009 80.
2510 2954 2759 3010 Januam
2788 2973 3025 3030 quoque
3055 2961 3215 3015 tuam
3245 2961 3425 3018 disce
3454 2961 3804 3034 temporibus

2133 3042 2416 3098 obserere
2447 3045 2774 3116 nocturnis,
2817 3062 2936 3102 non
2967 3046 3137 3104 facile
3168 3051 3497 3122 quisquam
3524 3034 3804 3122 patentem

2132 3133 2408 3203 reperiat.
2440 3132 2712 3204 Sponsus
2742 3135 2872 3206 ipse
2902 3137 3026 3191 vult
3055 3138 3318 3194 clausam
3341 3156 3512 3212 esse,
3539 3156 3668 3196 cum
3688 3137 3808 3210 pul-

2134 3225 2244 3276 sat.
2279 3221 2467 3277 Janus
2498 3227 2700 3278 nostra
2732 3239 2801 3279 os
2831 3229 3102 3282 nostrum
3147 3231 3258 3298 est,
3304 3228 3552 3285 Christo
3600 3242 3804 3300 prope-

2132 3311 2371 3365 modum
2399 3311 2514 3366 soli
2541 3311 2719 3367 debet
2747 3315 2964 3384 aperiri
2991 3331 3004 3371 :
3038 3331 3148 3371 nec
3176 3318 3503 3388 aperiatur,
3537 3318 3652 3372 nisi
3678 3319 3802 3371 ante

2131 3400 2390 3470 pulsavit
2421 3401 2526 3456 Dei
2559 3401 2837 3458 Verbum.
2892 3404 3155 3477 Denique
3185 3406 3318 3462 idco
3347 3409 3643 3480 scriptum
3673 3409 3760 3461 est
3788 3419 3800 3459 :

2129 3487 2355 3544 Hortus
2383 3488 2710 3560 conclusus,
2743 3507 2917 3548 soror
2942 3509 3071 3548 mea
3103 3493 3370 3566 Sponsa,
3419 3497 3633 3552 hortus
3675 3510 3807 3550 con-

2131 3577 2346 3646 clusus,
2381 3578 2518 3634 fons
2547 3580 2820 3652 signatus
2848 3580 3042 3649 (Cant.
3075 3599 3154 3652 iv,
3189 3583 3298 3653 12),
3331 3599 3452 3640 nec
3485 3584 3656 3640 facile
3675 3597 3804 3654 ape-

2128 3667 2240 3722 riat
2269 3683 2340 3722 os
2369 3683 2565 3734 suum,
2599 3684 2708 3723 nec
2738 3669 2971 3742 vulgari
2998 3670 3274 3744 designet
3294 3671 3585 3747 alloquio.
3605 3673 3805 3744 Neque

2128 3756 2286 3810 enim
2315 3757 2386 3810 de
2415 3758 2568 3827 ipsis
2600 3757 2820 3813 divinis
2851 3758 3040 3829 decet,
3085 3761 3204 3815 nisi
3253 3761 3456 3819 Verbo
3491 3763 3595 3818 Dei
3625 3763 3802 3818 inter-

2127 3843 2358 3915 pellata,
2404 3846 2791 3916 respondeas.
2841 3846 2992 3912 Quid
3041 3849 3146 3904 tibi
3192 3851 3658 3922 cumﬁcaeteris?
3687 3848 3805 3906 Soli

2127 3932 2364 3988 Christo
2395 3932 2658 4004 loquere,
2693 3934 2804 3990 soli
2839 3935 3103 3992 fabulare
3131 3936 3391 3994 Christo.
3443 3941 3506 3996 Si
3557 3939 3712 3996 enim
3746 3939 3804 3993 ut

2127 4022 2408 4078 mulieres
2437 4023 2496 4077 in
2530 4023 2800 4079 Ecclesia
2830 4027 3078 4096 taceant,
3114 4027 3406 4098 scriptum
3445 4033 3542 4085 est
3587 4027 3645 4098 (Ι
3671 4027 3803 4084 Cor.

2127 4127 2248 4181 xxv,
2293 4111 2406 4182 34),
2456 4116 2673 4184 quanto
2715 4115 2910 4186 magis
2958 4131 3077 4170 non
3116 4115 3284 4170 decet
3315 4121 3523 4187 patere
3555 4115 3804 4190 virginis

2123 4199 2388 4272 januam,
2421 4216 2538 4256 non
2571 4201 2742 4257 decet
2769 4203 2964 4258 viduae
2996 4207 3196 4274 patere
3238 4205 3432 4263 foresl
3487 4206 3618 4263 Cito
3667 4203 3807 4261 insi-

2127 4289 2318 4344 diator
2361 4290 2606 4360 pudoris
2659 4290 2908 4362 obrepit,
2959 4293 3074 4348 cito
3118 4293 3367 4349 verbum
3418 4295 3644 4351 excidit
3671 4293 3802 4366 (50),

2127 4379 2285 4449 quod
2316 4393 2597 4434 revocare
2629 4379 2961 4436 desideres.

2196 4466 2284 4522 8t.
2326 4467 2390 4521 Si
2421 4467 2560 4522 Eva)
2591 4467 2792 4523 clausa
2821 4468 3037 4524 fuisset
3062 4469 3264 4542 janua,
3311 4488 3423 4528 nec
3469 4473 3664 4529 Adam
3707 4471 3806 4526 de-

2127 4559 2334 4626 ceptus
2382 4555 2616 4627 fuisset,
2665 4573 2775 4612 nec
2821 4557 3233 4629 respondisset
3271 4561 3642 4635 interrogata
3671 4576 3803 4616 ser-

337 4667 549 4706 manus
580 4631 854 4705 Christus
887 4648 1096 4704 melius
1131 4647 1444 4702 invenitur.
1492 4646 1671 4712 Quam
1701 4647 2010 4719 modicum,
2032 4631 2090 4694 θ
2127 4645 2280 4716 penti
2313 4645 2486 4716 (Gen.
2521 4663 2602 4715 ιιι,
2634 4647 2780 4714 2-6).
2814 4647 3076 4702 Introivit
3114 4665 3276 4704 mors
3319 4666 3428 4720 per
3478 4631 3804 4706 fenestram

337 4739 547 4810 inquit,
572 4739 705 4807 fuit,
731 4755 857 4792 cum
878 4738 1072 4792 transi
1081 4741 1136 4792 vi
1153 4736 1228 4792 ab
1249 4737 1418 4808 ipsis.
1445 4735 1677 4808 Exiguo
1700 4737 1855 4790 enim
1879 4752 2012 4807 spa-

334 4824 440 4897 tio,
473 4827 760 4898 brevique
791 4830 1084 4881 momento
1132 4842 1264 4881 cum
1311 4830 1760 4896 persecutorum
1802 4841 2012 4880 manus

339 4915 630 4986 evaseris,
663 4930 774 4970 nec
805 4915 1199 4970 succubueris
1229 4914 1620 4985 potestatibus
1655 4915 1875 4984 mundi,
1909 4915 2014 4970 tibi

338 5004 614 5062 Christus
647 5008 939 5073 occurret,
971 5019 1081 5058 nec
1110 5007 1166 5058 te
1197 5003 1297 5057 diu
1325 5003 1534 5058 tentari
1567 5003 1837 5074 patietur.

406 5093 496 5148 '78.
537 5091 682 5158 Qum
727 5093 817 5147 sic
861 5093 1160 5148 Christum
1203 5091 1470 5162 requirit,
1533 5107 1667 5162 quae
1711 5091 2012 5148 Christum

335 5182 579 5252 invenit,
613 5185 807 5252 potest
839 5182 1035 5236 dicere
1069 5197 1080 5236 :
1125 5179 1308 5234 Tenui
1338 5196 1486 5250 eum,
1541 5197 1648 5234 nec
1677 5181 2009 5254 relinquam

336 5265 486 5344 eum,
519 5271 706 5326 donec
736 5269 1103 5326 introducam
1135 5285 1264 5325 eum
1291 5268 1354 5323 in
1377 5268 1604 5324 domum
1634 5271 1848 5326 matris
1866 5286 2012 5326 meae

333 5367 396 5420 et
427 5362 490 5417 in
521 5359 848 5417 cubiculum
880 5359 1006 5432 ejus
1036 5375 1160 5433 quae
1189 5374 1283 5414 me
1313 5359 1580 5431 concepit
1618 5358 1820 5430 (lbid.)
1866 5359 2010 5426 Qum

333 5454 428 5508 est
456 5451 669 5506 domus
699 5450 906 5505 matris
935 5452 1052 5504 tua:
1081 5452 1139 5504 et
1167 5447 1505 5504 cubiculum
1549 5446 1706 5522 ejus,
1752 5449 1871 5504 nisi
1915 5449 2011 5504 in-

427 5594 517 5663 4'7)
560 5594 730 5650 Rom.
766 5592 903 5664 edit.
939 5591 1086 5662 sola,
1119 5608 1367 5664 regnum
1401 5591 1534 5648 Dei.
1587 5593 1821 5650 Rursus
1861 5607 2004 5664 vero

330 5663 539 5736 eadem
571 5679 706 5736 cum
734 5663 903 5734 aliis,
922 5666 979 5721 et
1007 5679 1156 5736 mss.
1189 5663 1431 5736 aliquot,
1469 5670 1531 5719 tu
1559 5679 1776 5736 rursus
1806 5663 2004 5736 exple

331 5735 588 5818 raqubi
629 5751 804 5818 mss._
827 5733 1114 5811 ncnnulli,
1166 5733 1484 5796 extrorsus
1513 5735 1777 5813 explora,
1819 5733 2004 5798 et'alii

331 5804 568 5884 melius,
602 5806 722 5886 ext,
753 5809 865 5869 etc.

2125 4735 2367 4803 (Jerem.
2400 4751 2481 4805 ix,
2516 4735 2627 4803 21),
2660 4735 2774 4790 hoc
2797 4739 2907 4807 est,
2941 4753 3048 4808 per
3074 4737 3216 4792 Evae
3249 4739 3487 4794 ostium.
3525 4737 3798 4812 Ingredi-

2121 4825 2218 4876 tur
2244 4839 2405 4878 mors
2437 4839 2543 4894 per
2572 4824 2789 4880 ostium
2817 4827 3002 4895 tuum,
3049 4827 3104 4880 si
3155 4827 3370 4883 falsum
3419 4829 3716 4900 loquaris,
3752 4826 3802 4881 si

2120 4913 2385 4982 turpiter,
2418 4913 2469 4967 si
2503 4914 2850 4983 procaciter,
2882 4918 3183 4984 postremo
3215 4917 3268 4970 si
3299 4917 3400 4972 ubi
3418 4933 3541 4972 non
3574 4917 3806 4988 oportet

2119 4999 2402 5071 loquaris.
2437 5002 2669 5058 Clausae
2701 5003 2820 5058 sint
2849 5005 3031 5076 igitur
3046 5004 3334 5060 labiorum
3355 5005 3520 5060 fores
3543 5010 3804 5074 tuorum,

2119 5093 2176 5144 et
2206 5089 2546 5146 obseratum
2590 5096 2820 5148 maneat
2860 5093 3028 5148 vocis
3059 5094 3418 5149 vestibulum
3453 5110 3467 5150 :
3500 5099 3647 5150 tunc
3679 5093 3798 5149 for-

2118 5182 2283 5235 tasse
2329 5181 2736 5249 reserandum,
2783 5199 2917 5238 cum
2963 5183 3224 5239 audieris
3258 5184 3362 5239 Dei
3397 5199 3632 5256 vocem,
3671 5199 3805 5238 cum

2119 5269 2380 5325 audieris
2412 5270 2515 5325 Dei
2547 5271 2813 5326 verbum.

2189 5359 2278 5414 82.
2321 5359 2485 5415 Tunc
2515 5359 2621 5413 tibi
2651 5361 2888 5431 myrrha
2919 5361 3156 5417 sudabit
3201 5362 3396 5432 (Cant.
3440 5378 3501 5434 v,
3537 5362 3617 5433 5),
3667 5365 3806 5418 tunc

2117 5448 2224 5504 tibi
2264 5448 2635 5520 baptismatis
2682 5449 2968 5522 aspirabit
3018 5452 3227 5524 gratia,
3282 5455 3342 5506 ut
3379 5451 3451 5506 ab
3485 5451 3805 5507 elementis

2187 5591 2302 5666 (48)
2339 5590 2588 5666 Quidam
2618 5608 2791 5662 mss.,
2827 5593 2946 5666 exi,
2982 5600 3299 5650 extrorsus
3327 5591 3604 5666 explora.

2187 5663 2302 5736 (49)
2341 5663 2520 5736 l’auci
2549 5679 2721 5736 mss.,
2757 5665 2914 5721 nihil
2941 5671 3248 5722 terrenum
3277 5663 3522 5723 habent.

2187 5735 2298 5813 (50)
2340 5735 2509 5793 Rom.
2543 5735 2684 5796 edit.
2717 5736 2868 5813 sola,
2899 5738 3017 5796 cito
3052 5737 3304 5799 verbum
3331 5735 3590 5812 excipit.
