4060 6158
293 417 394 483 301

1501 409 1756 479 LIBER
1797 415 1908 477 DE
1953 409 2526 477 VIRGINITATE.

3613 406 3730 482 302

296 601 482 656 mundi
533 599 920 654 commoriare
968 615 1102 654 cum
1149 598 1408 667 Christo,
1451 599 1507 652 et
1539 613 1672 652 cum
1714 597 1952 651 Christo
1975 599 2028 661 Α
2062 596 2194 667 ejus
2224 613 2337 651 non
2370 596 2721 650 claudentur
2746 612 2856 667 per
2885 596 3042 651 diem
3073 597 3275 669 (Apoc.
3308 615 3432 668 xxx,
3465 598 3576 668 25);
3611 615 3732 654 nox

294 705 585 762 resurgas.
625 688 777 754 Quid
825 689 1034 755 adhuc,
1087 688 1294 759 inquit,
1353 687 1509 741 velut
1558 688 1832 741 viventes
1879 686 1954 740 de

295 779 391 832 hoc
419 778 626 832 mundo
659 776 1033 832 decernitis?
1079 776 1174 830 Nc
1205 777 1554 848 tetigeritis,
1608 791 1680 829 ne
1713 776 1951 828 attami-

295 867 596 930 naveritis,
636 883 708 920 ne
737 873 910 938 gusta
924 866 1139 920 veritis
1189 882 1313 936 qum
1343 872 1480 918 sunt
1513 865 1588 920 ad
1619 865 1952 936 corruptio-

295 972 416 1010 nem
453 957 581 1026 ipso
622 973 727 1009 usu
774 954 1025 1023 (Coloss.
1075 972 1136 1022 ιι,
1172 955 1380 1022 20-22),
1435 954 1767 1024 corruptela
1797 953 1953 1007 enim

295 1045 497 1099 abesse
529 1045 702 1098 debet
733 1060 764 1097 a
797 1044 981 1098 castis
1017 1059 1028 1096 :
1065 1044 1260 1115 itaque
1294 1043 1490 1097 carnis
1523 1047 1578 1098 et
1620 1043 1822 1096 mundi
1853 1058 1954 1096 se-

296 1133 458 1204 pelite
487 1149 710 1187 curam.
748 1131 859 1197 Qui
888 1149 1014 1186 cum
1052 1132 1297 1187 Christo
1329 1132 1788 1200 resurrexistis,
1833 1147 1957 1203 qua?

295 1239 515 1276 sursum
548 1228 685 1275 sunt
716 1223 965 1294 quaerite
1000 1221 1099 1275 ubi
1149 1221 1430 1276 Christus
1461 1229 1552 1275 est
1584 1219 1835 1285 (Coloss.
1871 1237 1954 1288 ιιι,

297 1311 360 1378 1).
391 1310 533 1364 Cum
565 1310 865 1364 Christum
896 1310 1185 1382 quaeritis,
1239 1310 1468 1364 Patrem
1515 1311 1676 1364 Deus
1705 1309 1954 1376 videtis;

303 1398 572 1453 Christus
604 1399 761 1454 enim
791 1400 852 1454 in
883 1399 1123 1454 dextera
1155 1399 1261 1454 Dei
1290 1399 1476 1454 sedet.

357 1487 442 1542 83.
494 1489 615 1543 Sed
665 1503 729 1543 ea
778 1505 912 1559 quae
959 1488 1259 1542 Christum
1301 1487 1576 1559 requirit,
1628 1504 1744 1542 non
1786 1487 1960 1542 debet

297 1592 424 1631 esse
453 1577 747 1648 vulgaris,
781 1593 900 1632 non
933 1577 1108 1632 debet
1137 1592 1276 1632 esse
1307 1575 1367 1631 in
1395 1576 1556 1646 foro,
1591 1593 1710 1631 non
1743 1577 1800 1631 in
1833 1576 1959 1646 pla-

295 1665 418 1734 teis,
450 1681 600 1720 voce
651 1666 916 1736 querula,
969 1682 1188 1738 gressu
1235 1666 1482 1734 lubrica,
1535 1665 1728 1719 facilis
1759 1665 1959 1718 auditu

295 1754 418 1823 (5t),
473 1755 611 1808 vilis
641 1759 906 1824 aspectu.
959 1755 1283 1810 Terrenum
1317 1755 1417 1808 tibi
1454 1755 1779 1824 Apostolus
1811 1770 1958 1808 con-

295 1843 536 1897 sortium
570 1847 767 1915 negat,
799 1847 854 1898 et
886 1844 1034 1898 ultra
1069 1847 1293 1898 naturae
1324 1843 1749 1913 propemodum
1771 1843 1965 1897 termi-

294 1948 397 1986 nos
426 1931 540 1986 alis
588 1932 659 1986 ad
712 1933 926 1987 caelum
975 1933 1146 1987 docet
1177 1932 1544 2002 spiritalibus
1586 1931 1958 1986 evolandum.
1994 1977 2021 2009 ,-

299 2020 428 2086 Quae
473 2037 713 2076 sursum
761 2028 917 2088 sunt,
969 2022 1177 2092 inquit,
1213 2022 1422 2092 sapite,
1474 2039 1584 2078 non
1619 2038 1743 2092 quae
1782 2037 1962 2091 super

300 2116 514 2164 terram
534 2110 715 2178 (Ibid.
743 2111 816 2180 2).
853 2110 969 2165 Sed
1001 2111 1138 2181 quia
1186 2109 1298 2164 hoc
1333 2110 1701 2180 impossibile
1734 2113 1858 2164 erat
1905 2111 1962 2164 in

304 2197 408 2252 hoc
438 2200 712 2268 corporis
757 2199 918 2254 velut
965 2199 1222 2254 claustro
1253 2199 1538 2268 reclusis;
1573 2203 1628 2254 et
1675 2199 1810 2270 quia
1854 2199 1960 2254 de-

299 2287 513 2341 functis
549 2287 926 2357 corporibus,
975 2288 1167 2342 anima
1204 2288 1392 2342 fertur
1419 2288 1492 2342 ad
1524 2289 1832 2358 superiora
1864 2304 1961 2342 re-

300 2376 490 2431 volare
512 2419 526 2445 ,
564 2376 801 2448 alligata
850 2377 987 2430 dum
1017 2377 1272 2431 vivimus
1302 2377 1554 2448 quadam
1583 2380 1802 2431 nostrae
1833 2377 1966 2447 lege

303 2468 539 2534 natura},
597 2465 729 2519 ideo
762 2465 986 2520 addidit
1026 2481 1037 2520 :
1072 2466 1300 2520 Mortui
1343 2467 1498 2521 enim
1531 2468 1697 2532 estis,
1752 2473 1809 2521 et
1847 2467 1966 2520 vita

306 2561 496 2608 vestra
527 2554 878 2609 abscondita
911 2561 1004 2608 est
1035 2571 1160 2608 cum
1186 2554 1431 2609 Christo
1451 2555 1512 2608 in
1543 2555 1666 2609 Deo
1687 2555 1866 2623 (Ibid.
1887 2555 1964 2626 3).

300 2643 353 2697 Si
383 2644 734 2698 abscondita
767 2647 858 2697 est
890 2659 1023 2697 cum
1053 2644 1291 2698 Christo
1340 2644 1398 2698 in
1432 2643 1574 2713 Deo,
1625 2660 1744 2698 non
1784 2659 1966 2714 appa-

303 2737 417 2786 reat
462 2733 710 2802 mundo,
762 2731 1038 2786 Christus
1085 2733 1242 2787 enim
1290 2735 1558 2788 mortuus
1602 2737 1694 2788 est
1725 2733 1963 2804 mundo,

302 2822 436 2875 vivit
469 2823 617 2876 Deo.

364 2911 449 2965 8t.
504 2912 654 2964 \‘ide
698 2927 854 2964 nunc
907 2911 1400 2982 quemadmodum
1443 2911 1770 2966 desiderari
1813 2914 1969 2965 amet

310 2999 602 3069 Christus,
643 3000 1151 3054 confabulationes
1188 3017 1308 3056 non
1329 3004 1501 3054 amet.
1541 3001 1786 3070 Aperuit
1821 3000 1972 3064 234

305 3101 438 3160 ergo
470 3089 648 3159 virgo
677 3089 774 3142 illa
793 3104 937 3142 suas
960 3088 1122 3143 fores
1147 3089 1252 3144 Dei
1275 3090 1491 3144 verbo:
1516 3089 1622 3144 sed
1656 3091 1962 3159 transivit,

305 3177 502 3248 inquit,
540 3183 603 3231 et
633 3179 826 3231 exivit
847 3178 1040 3231 anima
1066 3194 1194 3232 mea
1231 3179 1292 3231 in
1323 3179 1506 3232 verbo
1531 3179 1658 3248 ejus
1678 3179 1875 3248 (Cant.
1909 3195 1967 3246 v,

305 3265 372 3328 6).
405 3265 606 3320 Exivit
636 3283 668 3319 a
717 3267 956 3334 mundo,
989 3267 1174 3321 exivit
1218 3283 1249 3320 a
1291 3267 1544 3334 szeculo,
1578 3267 1862 3322 remansit
1914 3267 1971 3320 in

2069 686 2225 740 enim
2266 701 2384 739 non
2429 685 2540 738 erit
2586 685 2839 755 amplius
2882 685 2941 738 in
2988 701 3078 753 ea,
3119 685 3365 742 afferent
3391 687 3642 760 gloriam
3675 692 3733 743 et

2068 775 2354 829 honorem
2386 777 2596 844 gentes
2639 774 2699 826 in
2745 774 2923 827 illam.
2959 775 3056 827 llla
3089 777 3181 828 est
3210 791 3355 846 ergo
3387 777 3596 830 civitas
3628 777 3732 832 Je-

2068 863 2326 918 rusalem
2357 879 2490 933 quae
2515 863 2573 916 in
2597 861 2746 916 cmlo
2769 865 2859 915 cst
2890 862 3098 928 (Hebr.
3119 880 3218 927 xu,
3247 865 3356 932 22),
3377 865 3526 919 intra
3556 881 3733 937 quam

2058 951 2183 1023 jam
2241 953 2409 1022 quasi
2469 951 2726 1022 perfecta
2761 955 2817 1005 et
2847 950 3214 1005 immaculata
3248 954 3508 1008 servaris
3541 969 3556 1023 ;
3615 970 3733 1010 non

2067 1042 2222 1095 enim
2272 1043 2446 1094 intrat
2477 1041 2533 1094 in
2577 1057 2705 1095 eam
2738 1055 2909 1095 omne
2959 1055 3266 1094 commune
3298 1041 3429 1110 (52).
3464 1041 3735 1098 Commu-

2069 1131 2162 1184 nis
2195 1131 2437 1184 castitas
2484 1145 2602 1184 non
2635 1133 2746 1198 est,
2781 1129 3113 1183 communis
3161 1130 3442 1199 pudicitia
3471 1146 3589 1185 non
3619 1136 3732 1202 est,

2067 1235 2199 1290 quae
2230 1219 2289 1273 in
2319 1219 2470 1273 libro
2503 1219 2638 1273 vita)
2671 1218 2954 1273 scribitur
2981 1218 3186 1290 (Apoc.
3222 1236 3346 1283 xxx,
3379 1217 3492 1288 27).

2139 1308 2228 1362 86.
2275 1307 2336 1362 Si
2385 1307 2568 1378 igitur
2596 1307 2933 1362 invenimus
2975 1308 3290 1377 civitatem,
3334 1308 3740 1380 ingrediamur

2071 1397 2130 1450 in
2160 1413 2310 1466 eam,
2361 1397 2668 1451 videamus
2717 1397 2915 1451 lumen
2962 1395 3127 1468 ejus,
3160 1397 3469 1452 videamus
3501 1415 3736 1468 muros,

2070 1486 2378 1540 videamus
2427 1485 2638 1554 tribus,
2689 1485 2998 1540 videamus
3042 1485 3420 1542 fundamenta
3467 1489 3736 1556 muralia,

2072 1575 2381 1630 videamus
2421 1576 2593 1629 etiam
2626 1575 2907 1630 custodes
2939 1591 3260 1631 murorum.
3295 1576 3412 1632 Sed
3443 1578 3740 1649 quomodo

2074 1665 2480 1736 ingrediantur
2527 1665 2584 1717 in
2633 1665 2800 1718 eam?
2847 1664 2909 1718 In
2958 1663 3070 1719 hac
3100 1665 3333 1720 civitate
3363 1667 3481 1720 vita
3528 1669 3651 1736 est,
3687 1670 3744 1722 et

2073 1770 2187 1807 una
2219 1757 2311 1807 est
2343 1754 2436 1807 via
2487 1769 2619 1824 quae
2651 1753 2810 1808 ducit
2841 1753 2912 1807 ad
2944 1755 3123 1808 vitam
3159 1771 3172 1808 :
3206 1755 3299 1809 via
3328 1759 3523 1810 autem
3566 1755 3744 1812 Chri-

2073 1849 2204 1897 stus
2251 1845 2363 1911 est,
2416 1858 2562 1914 ergo
2609 1842 2909 1897 Christum
2957 1859 3296 1914 sequamur.
3349 1844 3464 1899 Sed
3513 1845 3642 1916 ipsa
3683 1847 3745 1901 in

2074 1932 2224 1986 coelo
2256 1935 2348 1986 est
2397 1931 2626 1986 civitas.
2659 1931 2962 1996 Quomodo
3009 1933 3189 2005 igitur
3235 1934 3630 1990 ascendamus
3670 1936 3748 1991 ad

2080 2021 2314 2088 coelum,
2351 2021 2521 2076 docet
2552 2021 2916 2093 evangelista
2949 2023 3060 2091 (53)
3104 2023 3204 2094 qui
3234 2023 3376 2078 dicit
3407 2039 3420 2078 :
3455 2023 3536 2078 Et
3575 2024 3748 2080 duxit

2077 2126 2168 2163 me
2201 2109 2467 2181 Spiritus
2489 2111 2548 2164 in
2578 2117 2830 2166 mou/em
2862 2127 3133 2182 maguum
3155 2117 3213 2166 et
3235 2111 3434 2182 altum,
3469 2119 3527 2168 et
3550 2121 3748 2168 osten-

2077 2200 2164 2254 dit
2195 2199 2345 2252 mibi
2376 2200 2682 2252 civitatem
2713 2204 2978 2253 sanctam
3017 2199 3348 2256 Jerusalem
3379 2201 3747 2257 descenden-
3792 2187 3802 2202 ’

2079 2293 2195 2342 tem
2228 2288 2302 2342 de
2333 2287 2479 2342 ctelo
2509 2287 2712 2358 (Apoc.
2748 2288 2987 2356 xx1,tO).
3014 2289 3425 2345 Ascendamus
3457 2305 3602 2362 ergo
3631 2292 3749 2362 spi-

2074 2377 2210 2446 ritu,
2243 2375 2380 2447 quia
2414 2391 2551 2430 caro
2599 2376 2926 2430 ascendere
2957 2377 3030 2430 ad
3060 2393 3188 2432 eam
3218 2393 3336 2432 non
3377 2381 3592 2449 potest.
3625 2381 3746 2434 As-

2077 2465 2399 2520 cendamus
2432 2481 2542 2520 nos
2578 2465 2810 2520 interim
2832 2465 2903 2518 ad
2938 2465 3172 2535 coelum,
3205 2470 3267 2521 ut
3295 2468 3366 2523 ad
3397 2484 3508 2523 nos
3538 2471 3749 2540 postea

2077 2557 2149 2609 de
2183 2555 2330 2609 cmlo
2364 2555 2460 2608 illa
2511 2554 2860 2624 descendat,
2896 2555 2956 2608 in
3003 2571 3117 2626 qua
3167 2556 3364 2614 lumen
3413 2559 3505 2613 est
3553 2559 3748 2613 simile

2078 2645 2292 2715 lapidis
2341 2643 2784 2714 pretiosissimi,
2832 2648 2893 2698 ut
2941 2643 3155 2715 lapidis
3180 2645 3439 2716 jaspidis
3470 2650 3527 2702 et
3576 2663 3750 2718 crys-

2079 2731 2201 2787 talli
2233 2732 2409 2786 habet
2438 2748 2671 2787 murum
2703 2748 2980 2804 magnum
3012 2736 3068 2786 et
3098 2733 3277 2788 altum
3309 2735 3484 2802 (Ibid.
3521 2733 3630 2808 11).

2150 2821 2240 2879 8Ἶ.
2263 2821 2532 2876 Didicisti
2550 2821 2766 2891 lumen,
2784 2821 3042 2875 didicisti
3064 2838 3323 2878 murum:
3341 2823 3505 2878 disce
3523 2828 3748 2898 portas,

2081 2911 2247 2966 disce
2281 2911 2585 2965 custodes.
2611 2910 2825 2978 Habet,
2860 2911 3068 2982 inquit,
3100 2919 3310 2983 portas
3330 2913 3668 2977 duodecim;
3693 2920 3754 2970 et

2077 3001 2140 3054 in
2166 3001 2362 3072 portis
2391 3000 2638 3071 angelos
2670 3000 2975 3054 duodecim
3023 3001 3154 3070 (52),
3195 3002 3257 3055 in
3295 3001 3506 3074 quibus
3541 3003 3755 3060 duode-

2081 3091 2192 3144 cim
2229 3089 2486 3143 tribuum
2507 3088 2761 3142 ﬁliorum
2780 3088 2978 3143 Israel
2993 3091 3400 3162 superscripta
3418 3097 3557 3146 sunt
3578 3094 3756 3148 nomi-

2081 3195 2154 3232 na
2178 3177 2355 3246 (Ibid.
2392 3178 2500 3244 12:.
2527 3178 2588 3230 ln
2610 3177 2796 3248 portis
2828 3178 3292 3248 patriarcharum
3317 3180 3552 3234 nomina
3576 3181 3754 3237 conti-

2082 3271 2326 3337 nentur;
2360 3267 2418 3320 in
2466 3282 2654 3333 muro,
2708 3267 3142 3336 apostolorum;
3176 3267 3552 3324 fundamenta
3595 3270 3753 3326 enim

309 3353 564 3410 Christo.
615 3354 896 3422 Quaesivi,
931 3356 1136 3427 inquit,
1173 3373 1321 3425 cum,
1355 3362 1548 3411 etnon
1581 3358 1791 3410 inveni
1841 3373 1970 3412 eum
2003 3345 2053 3404 C
2084 3356 2360 3432 civitatis,
2395 3354 2648 3426 apostoli
2677 3354 2853 3424 (Ibid.
2893 3355 2978 3424 14)
3011 3370 3024 3410 :
3059 3358 3115 3409 et
3146 3355 3298 3426 lapis
3321 3357 3628 3430 angularis
3661 3363 3756 3416 est

309 3443 472 3511 (Ibid.
473 3447 534 3514 );
576 3449 730 3498 amat
759 3446 914 3499 enim
943 3444 1219 3500 Christus
1251 3446 1350 3500 diu
1379 3445 1622 3516 requiri.

919 3551 1172 3606 CAPUT
1211 3552 1364 3606 XIV.

309 3637 592 3708 Speusam
624 3640 893 3694 inveniri
914 3658 945 3694 a
977 3641 1322 3696 custodibus
1343 3641 1606 3697 caelestis
1637 3641 1972 3696 Jerusalem

375 3713 431 3785 in
462 3729 636 3784 quam
655 3712 761 3785 illi
789 3713 1271 3782 ingrediendum,
1298 3720 1355 3766 et
1375 3730 1481 3785 qua
1503 3715 1756 3768 ratione.
1791 3713 1973 3784 [ﬂus-

376 3784 501 3855 deni
533 3784 808 3837 civitatis
839 3785 1052 3852 lumen,
1089 3785 1263 3850 muri,
1310 3784 1519 3855 portte,
1564 3802 1630 3838 ac
1663 3787 1829 3838 cives
1861 3801 1970 3838 ex-

371 3854 692 3924 plicantur.
748 3855 1038 3926 Quomodo
1069 3854 1446 3926 ime/ligatur
1485 3857 1677 3910 anima
1729 3855 1978 3926 spoliari

379 3941 407 3998 a
429 3927 660 3998 sanctis
680 3925 912 3998 angelis
944 3945 960 3978 :
995 3925 1480 3996 quomodoctiam
1513 3945 1638 3998 quae
1673 3925 1976 3980 Christum

379 3996 436 4068 in
463 3996 685 4068 foroct
711 3997 938 4068 plateis
959 3998 1238 4068 mysticis
1280 3996 1584 4068 quresitdm
1634 3999 1974 4065 invenerit,

379 4067 458 4140 ab
481 4067 713 4140 eisdem
761 4067 995 4136 angelis
1022 4067 1396 4140 vulneretur.
1434 4069 1658 4132 Quibus
1692 4069 1976 4140 jungitur

382 4139 493 4192 alia
527 4138 706 4210 pallii
737 4140 971 4192 utiliter
999 4139 1187 4193 ablati
1217 4141 1530 4210 expositio.

379 4245 462 4299 85.
511 4245 870 4300 Invenerunt
917 4245 1078 4299 illam
1129 4247 1412 4301 custodes
1457 4263 1780 4300 murorum.
1831 4246 1979 4300 For-

319 4335 468 4388 tasse
498 4337 640 4388 sunt
671 4337 726 4388 et
759 4334 878 4388 allii
909 4335 1211 4404 custodes,
1236 4350 1388 4406 quos
1420 4334 1613 4406 magis
1647 4335 1978 4406 intelligere

321 4421 651 4478 debeamus.
704 4423 812 4477 Est
839 4425 994 4477 enim
1026 4423 1236 4478 civitas
1269 4439 1402 4494 qme
1442 4427 1643 4493 portas
1674 4439 1976 4478 murorum

324 4510 546 4566 clausas
579 4529 700 4567 non
743 4512 938 4582 habet,
971 4513 1043 4567 de
1093 4528 1207 4582 qua
1240 4512 1461 4566 dictum
1491 4515 1582 4567 est
1615 4529 1626 4567 :
1662 4513 1744 4566 Et
1791 4519 1982 4584 portae

391 4655 496 4724 (5t)
528 4654 610 4708 Ita
665 4657 773 4709 vet.
809 4654 944 4708 edit.
990 4671 1058 4708 ac
1107 4655 1310 4725 plures
1344 4670 1530 4725 mss.;
1584 4655 1754 4710 Rom.
1791 4658 1978 4709 autem

331 4724 452 4778 edit.
487 4730 542 4780 et
565 4742 712 4780 mss.
748 4727 1033 4793 nonnulli,
1067 4724 1268 4780 facilis
1299 4727 1482 4780 aditu.

394 4797 502 4861 (.32)
534 4798 867 4869 Commune,
914 4799 1235 4869 scripturae
1279 4813 1413 4863 usu,
1470 4797 1623 4851 idem
1674 4801 1766 4852 est
1812 4801 1985 4869 atque

333 4865 631 4936 impurum,
667 4872 726 4922 ut
750 4867 874 4939 jam
903 4865 1502 4923 alibi’adnotavimus.

395 4939 500 5006 (53)
531 4939 718 4993 Fuere
750 4941 899 4992 inter
931 4939 1246 4994 haereticos
1279 4944 1392 4992 tam
1425 4944 1659 4994 veteres
1692 4956 1864 5010 quam
1890 4956 1988 4993 no-

333 5023 453 5078 vos,
501 5011 599 5080 qui
651 5011 1068 5080 Apocalypsin]
1100 5027 1132 5063 a
1163 5011 1386 5064 Joanne
1417 5011 1784 5080 evangelista
1835 5011 1989 5064 scri-

336 5082 480 5146 ptam
508 5085 791 5152 negarent
825 5097 836 5134 :
872 5097 902 5135 e
931 5082 1148 5151 quibus
1181 5083 1448 5135 nonnulli
1491 5083 1664 5135 etiam
1699 5098 1768 5135 eo
1807 5083 1989 5136 devc-

339 5157 534 5222 nerunt
580 5153 980 5222 impudentiae,
1013 5157 1071 5205 ut
1101 5168 1227 5206 eam
1258 5153 1536 5206 Cerintho
1568 5154 1983 5221 attribuerent,

338 5220 927 5294 cujusmodi‘fuerunt
965 5220 1270 5294 'Alogiani,
1315 5240 1467 5294 quos
1521 5224 1798 5277 refutavit
1846 5220 1986 5293 Epié

339 5291 595 5366 phanius.
619 5295 1019 5366 WExstiterunt
1049 5291 1283 5366 quoque
1312 5291 1466 5366 inter
1493 5294 1849 5360 Catholicos,
1888 5291 1990 5365 qui

343 5364 592 5436 eumdem
613 5365 825 5418 librum
844 5370 940 5418 aut
961 5365 1128 5419 alteri
1152 5364 1646 5436 Joanniejusdem
1667 5383 1798 5419 cum
1821 5364 1993 5419 cvan-

345 5433 538 5553 gelista
598 5437 784 5490 aetatis
834 5437 1221 5504 ascriberent,
1280 5440 1377 5490 aut
1413 5433 1734 5490 crederent
1779 5437 1988 5490 merito

383 5504 578 5553 ubilari
603 5523 800 5553 nosse-
835 5511 1026 5553 utrum
1048 5507 1204 5553 illius.
1227 5513 1432 5553 nuctm-
1447 5508 1558 5553 dini
1585 5509 1793 5553 «lnlmnt
1815 5524 1988 5553 cvan-

383 5504 580 5576 ubitari
603 5523 802 5576 posse,
835 5511 1026 5560 utrum
1047 5507 1204 5561 illius
1227 5508 1562 5561 auctordici
1585 5509 1794 5562 debeat
1815 5524 1991 5561 evan-

349 5575 562 5642 gelista.
597 5575 806 5632 Verum
840 5582 1032 5632 tamen
1065 5579 1348 5648 quidquid
1383 5580 1440 5632 in
1464 5581 1820 5632 contrarium
1851 5577 1992 5632 affe-

350 5653 487 5721 runt,
521 5649 808 5721 infirmum
839 5654 949 5716 est,
971 5651 1024 5721 si
1057 5651 1338 5704 universo
1365 5650 1596 5703 Patrum
1621 5652 1993 5721 antiquorum

351 5719 573 5792 agmini
594 5725 936 5790 opponatur.
973 5720 1330 5792 Etenimpro
1391 5723 1686 5776 communi
1718 5719 1994 5792 opinione

355 5791 510 5866 stant,
543 5789 830 5865 Justinus,
855 5791 1191 5866 Dia_l,_cum_
1211 5789 1909 5866 ’l'ryphnlrenguglib.
1942 5807 2001 5847 iv

355 5833 510 5938 iii,"
531 5833 646 5921 ιίἕὲ
654 5833 1744 5942 ἱῖἷάξῖἱιέἱἘὶέἒιαῖιὶῶτῖἰίὲὶῖῗοῗ
1761 5833 1998 5944 ἱῶῖᾉὶᾐ

2003 4708 2056 4769 D

2083 3445 2381 3513 Christus,
2425 3444 2485 3498 in
2517 3460 2633 3516 quo
2667 3444 2860 3498 omnis
2900 3447 3194 3498 structura
3226 3447 3556 3518 consurgit.
3592 3447 3753 3502 Deus

1983 3562 1991 3568 -
2083 3538 2270 3602 extra,
2303 3534 2464 3587 Deus
2497 3533 2678 3601 intus,
2730 3532 2889 3587 Deus
2921 3532 3140 3604 ubique
3189 3537 3308 3603 est;
3359 3534 3536 3590 habet
3573 3536 3750 3604 enim,

2083 3625 2291 3694 inquit,
2331 3624 2542 3676 civitas
2589 3621 2956 3692 majestatem
2988 3621 3091 3675 Dei
3123 3622 3300 3688 (Ibid.
3355 3623 3464 3693 11).
3507 3623 3666 3696 Ergo
3698 3629 3756 3680 ct

2083 3729 2214 3782 vos,
2249 3715 2472 3766 sanctae
2496 3710 2783 3782 virgines,
2809 3713 2864 3764 et
2886 3711 3222 3782 quicunque
3241 3711 3388 3782 justi
3407 3713 3576 3783 estis,
3603 3715 3752 3780 235

2085 3805 2142 3856 et
2163 3800 2594 3855 immaculatum
2617 3799 2826 3854 animae
2850 3800 3058 3872 geritis
3078 3801 3404 3856 castitatem
3425 3803 3560 3873 (55),
3587 3803 3753 3858 cives

2086 3893 2427 3944 sanctorum
2459 3889 2607 3944 estis
2633 3891 2688 3942 et
2711 3887 3023 3943 domestici
3056 3889 3180 3944 Dei.
3214 3889 3330 3944 Sed
3371 3893 3510 3946 tunc
3535 3891 3756 3946 nobili-

2085 3981 2262 4033 tatem
2297 3979 2468 4033 istam
2499 3978 2702 4048 patriae
2731 3978 3141 4048 possidebitis,
3176 3979 3226 4033 si
3268 3978 3568 4036 Christum
3607 3981 3758 4037 intra

2087 4068 2342 4121 civitatis
2385 4067 2568 4138 hujus
2600 4070 2766 4137 septa
2797 4067 3106 4138 quaeratis,
3139 4068 3403 4140 ingressi
3434 4086 3540 4140 per
3582 4069 3759 4126 ﬁdem

2087 4161 2376 4227 actusque
2407 4157 2726 4226 pretiosos,
2761 4156 3227 4226 patriarcharum
3258 4157 3559 4213 clarificati
3588 4159 3760 4214 lumi-

2087 4262 2180 4311 ne,
2203 4245 2426 4300 fundati
2440 4261 2622 4316 super
2636 4245 2964 4316 apostolos,
2981 4248 3294 4305 versantes
3311 4247 3463 4301 inter
3481 4247 3755 4319 angelos.

2159 4335 2246 4389 88.
2299 4333 2603 4398 Quomodo
2656 4335 2836 4406 igitur
2881 4335 2981 4389 isti
3027 4335 3308 4390 custodes
3353 4335 3546 4407 angeli
3589 4339 3758 4405 sunt,

2089 4424 2189 4494 qui
2227 4425 2427 4477 'castae
2485 4424 2695 4478 animae
2743 4423 2983 4493 pallium
3038 4424 3246 4478 tollunt
3301 4423 3496 4494 (Cant.
3554 4439 3612 4493 v,
3653 4423 3760 4494 7)?

2091 4513 2264 4568 Aliud
2297 4512 2536 4582 pallium
2558 4513 2858 4584 virginum
2875 4515 2986 4582 est,
3021 4512 3178 4565 aliud
3200 4511 3618 4566 adolescentiae
3641 4509 3761 4582 (56)

2091 4672 2218 4726 cap.
2273 4656 2376 4714 ‘23:
2423 4655 2697 4710 Clemens
2734 4655 2920 4726 Alex._
2951 4653 3087 4707 item
3119 4652 3327 4726 eodem
3364 4653 3467 4708 lib.
3501 4669 3630 4726 cap.
3663 4653 3758 4724 25,

2093 4724 2449 4782 universalis
2481 4740 2856 4792 consensus;
2909 4724 3118 4778 iterum
3158 4725 3312 4794 apud
3341 4725 3612 4780 eumdem
3652 4726 3764 4782 lib.

2089 4816 2147 4852 v.
2185 4814 2312 4867 cap.
2348 4797 2414 4858 18
2444 4803 2500 4851 et
2530 4797 2619 4864 28,
2655 4795 3103 4868 Apollonius,et
3133 4796 3487 4868 tandemlib.
3523 4813 3603 4864 vi,
3629 4813 3760 4868 cap.

2091 4871 2179 4938 25,
2232 4866 2758 4940 Origenes,quei_s_
2779 4866 3008 4919 accedit
3037 4866 3436 4940 Tertullinus
3469 4866 3769 4922 adversus

2093 4937 2479 4994 Marcionem.
2527 4939 2671 4991 Cum
2704 4937 2798 4990 his
2829 4941 3002 5007 atque
3033 4937 3165 4990 aliis
3199 4939 3475 4994 omnibus
3507 4940 3768 4994 concinit

2097 5010 2450 5065 Ambrosius
2483 5012 2687 5080 noster
2717 5008 2811 5080 hic
2843 5011 2997 5062 sicut
3029 5013 3084 5063 et
3116 5009 3175 5062 in
3209 5009 3366 5066 l’sal.
3393 5027 3430 5080 ι,
3463 5026 3522 5064 ιι.
3555 5011 3623 5065 54
3658 5026 3670 5064 :
3703 5011 3767 5066 in

2096 5082 2252 5135 Psal.
2288 5098 2382 5134 XL.
2418 5096 2474 5133 ιι.
2510 5079 2598 5146 26,
2633 5083 2688 5132 ct
2716 5079 2876 5133 alibi.

2167 5152 2280 5220 (54)
2313 5152 2459 5204 Mss.
2494 5151 2735 5221 aliquot,
2771 5149 3016 5222 angulos
3047 5151 3381 5221 duodecim,
3415 5167 3533 5208 non
3572 5152 3769 5208 solum

2097 5227 2298 5278 contra
2329 5224 2690 5294 reliquorum
2728 5226 2905 5295 atque
2955 5223 3092 5277 edit.
3129 5224 3420 5295 omnium,
3454 5224 3564 5278 sed
3592 5224 3768 5279 etiam

2099 5295 2256 5349 sacri
2286 5293 2485 5348 textus
2515 5293 2940 5348 auctoritatem.

2169 5367 2282 5436 (55)
2316 5366 2447 5419 Non
2491 5364 2660 5434 pauci
2692 5380 2862 5432 mss.,
2898 5364 3327 5420 immaculatum
3377 5381 3628 5420 annnam
3665 5378 3768 5435 ge-

2098 5437 2241 5490 ritis
2267 5435 2583 5498 eastitate;
2633 5437 2920 5504 nonnulli,
2954 5442 3012 5490 et
3035 5437 3402 5491 immaculato
3441 5437 3633 5490 animo
3659 5449 3768 5504 ge-

2098 5509 2244 5562 ritis
2274 5509 2632 5574 castitatem,
2669 5509 2867 5560 caeteri
2899 5523 2966 5561 ac
2997 5508 3134 5561 edit.
3161 5508 3335 5561 nobis
3369 5506 3766 5560 consentiunt.

2173 5578 2286 5647 (56)
2313 5579 2393 5632 Ita
2426 5578 2562 5632 edit.
2597 5582 2711 5632 vet.
2739 5582 2794 5631 et
2827 5594 2971 5633 mss.
2999 5594 3226 5646 omnes,
3259 5578 3448 5630 tribus
3480 5575 3768 5647 exceptis,

2103 5645 2204 5722 ubi
2245 5645 2464 5722 legitur
2513 5650 2745 5722 zialiud
2797 5645 3234 5722 adolescentiae.
3277 5645 3775 5722 Circumforanea

2099 5721 2204 5776 illa
2224 5718 2368 5792 quae,
2401 5725 2513 5777 etc.
2535 5721 2719 5792 Rom.
2754 5725 2948 5792 autem
2969 5721 3107 5776 edit.
3139 5718 3252 5774 hoc
3268 5718 3775 5792 tant_um_rccessit

2101 5787 2363 5924 gignis,
2394 5791 2550 5868 quod
2567 5807 2674 5870 pro
2703 5791 3139 5858 adolescentiae.
3158 5788 3423 5866 reposuit
3440 5787 3775 5850 adolescen-

2129 5879 2258 5927 U169-
