3932 6152
301 327 420 394 303

1799 324 1865 388 S.
1912 325 2357 392 AMBROSII.

3591 342 3690 410 304

300 533 804 589 circumforaneae.
839 533 936 587 llla
961 550 1094 605 quas
1125 534 1182 588 in
1213 533 1342 588 foro
1371 533 1673 588 Christum
1693 531 1959 604 requirit,
1989 508 2049 570 Α
2077 545 2136 599 v,
2166 529 2242 598 8).
2276 529 2544 600 Denique
2572 529 2674 584 ubi
2705 530 3006 586 mundavit
3049 547 3172 602 cor,
3205 533 3447 590 Verbum
3472 541 3688 613 reperit,

295 623 535 692 pallium
599 621 771 676 etiam
820 623 978 694 quod
1031 623 1318 691 habebat,
1370 623 1602 692 amisit;
1653 619 1961 692 prudentia

295 711 450 766 enim
481 725 602 765 non
629 710 690 764 in
721 711 870 780 foro,
919 727 1037 766 non
1068 712 1127 766 in
1159 711 1391 782 plateis,
1443 711 1552 766 sed
1599 711 1658 765 in
1692 710 1962 765 Ecclesia

291 798 654 868 possidetur.
703 799 770 854 Et
805 800 1062 856 fortasse
1105 802 1191 870 (ut
1221 817 1356 854 cum
1385 801 1538 870 ipsis
1585 814 1821 871 quoque
1860 813 1961 852 ve-

290 887 526 943 niamus
573 889 632 942 in
672 890 959 960 gratiam,
992 892 1166 961 atque
1209 889 1469 945 omnium
1513 887 1961 942 misericordem

291 976 476 1031 Deum
510 994 648 1032 esse
697 979 1017 1033 doceamus
1051 995 1064 1034 :
1097 979 1236 1050 quia
1283 983 1340 1034 et
1388 978 1470 1033 illi
1498 977 1800 1032 Christum
1846 976 1958 1030 ali-

289 1067 525 1135 quando
557 1067 878 1136 reperiunt,
931 1069 982 1122 si
1015 1071 1210 1122 tamen
1249 1067 1483 1140 jugitur
1510 1069 1799 1138 quaerant)
1829 1064 1958 1136 pal-

285 1154 431 1209 lium
461 1155 574 1210 hoc
603 1156 852 1211 amictus
883 1160 976 1212 est
1006 1157 1295 1228 corporis.

357 1259 446 1316 89.
480 1263 639 1334 Ergo
671 1263 772 1334 qui
802 1264 1081 1335 quaesivit
1118 1265 1179 1318 in
1208 1263 1390 1319 cubili
1419 1263 1721 1318 Christum
1754 1261 1830 1322 (si
1867 1265 1956 1316 ta-

284 1367 421 1406 men
451 1351 540 1406 sic
572 1353 870 1422 quaesivit,
919 1353 1074 1407 sicut
1104 1353 1202 1408 ille
1232 1354 1334 1424 qui
1362 1353 1508 1408 dixit
1539 1367 1553 1406 :
1588 1351 1693 1406 Sic
1731 1365 1957 1406 memor

283 1440 374 1495 fui
406 1441 491 1494 tui
517 1456 700 1512 super
727 1447 981 1496 stratum
1013 1457 1200 1496 meum
1223 1440 1412 1511 (Psal.
1445 1458 1584 1510 1.x",
1619 1441 1705 1509 '1);
1729 1439 1782 1494 si
1800 1455 1958 1511 quae-

283 1529 423 1584 sivit
453 1530 512 1584 in
545 1529 841 1600 noctibus,
871 1529 1039 1602 juxta
1069 1531 1227 1602 quod
1249 1530 1535 1601 scriptum
1563 1533 1691 1584 est:
1728 1527 1794 1582 In
1827 1545 1956 1584 noc-

285 1619 448 1673 tibus
503 1618 774 1673 extollite
821 1635 1028 1673 manus
1090 1626 1326 1674 vestras
1383 1623 1446 1674 in
1504 1625 1709 1674 saneta
1756 1617 1947 1687 (Psal.

282 1724 529 1778 cxxxm,
563 1707 652 1777 2);
703 1708 755 1762 si
800 1708 1080 1778 quaesivit
1119 1709 1178 1762 in
1210 1709 1466 1776 civitate,
1519 1709 1578 1762 in
1610 1708 1740 1763 foro
1782 1710 1840 1762 et
1890 1707 1950 1762 in

2075 618 2264 673 Deum
2293 618 2458 672 vidit.

2706 707 2958 764 CAPUT
2995 709 3122 764 XV.

2071 813 2173 868 Ad
2199 813 2578 892 quaerendum
2619 814 2805 892 Deum
2852 817 3104 892 animam
3134 817 3382 892 oscitat,
3414 821 3698 892 explicato-

2144 900 2255 960 que
2285 900 2490 960 eur_ea
2523 886 2811 941 feminino
2847 887 3126 960 vocabulo
3151 886 3400 960 dicatur,
3431 886 3614 948 mouet
3633 896 3705 949 di-

2151 955 2344 1030 vinum
2369 955 2641 1030 favorem
2670 972 2806 1030 esse
2837 958 3283 1030 implorandum,
3319 955 3395 1014 αι’
3413 963 3600 1018 eadem
3635 966 3699 1020 ab

2142 1026 2247 1081 illo
2275 1026 2650 1099 gubernetur
2669 1029 2867 1082 instar
2887 1026 3188 1100 cuiusdam
3209 1026 3445 1095 currus;
3463 1033 3546 1086 illi
3566 1037 3701 1090 enim

2143 1104 2392 1175 quatuor
2429 1104 2621 1152 motus
2671 1115 2808 1154 esse
2852 1106 3123 1175 tanquam
3169 1102 3408 1175 totidem
3453 1119 3632 1175 equos,
3675 1123 3702 1160 a

2143 1168 2354 1294 qui?»
2383 1175 2688 1294 reflatur;
2716 1187 2858 1242 quos
2886 1168 3054 1226 (locet
3077 1174 3309 1226 ratione
3325 1189 3390 1226 ue
3413 1168 3704 1244 prudentia

2143 1257 2234 1294 mo
2277 1256 2424 1294 eran
2470 1256 2556 1294 os.

2140 1256 2556 1296 ωοαρτειιαοε.

2135 1347 2226 1402 93.
2275 1344 2485 1412 Quaere
2533 1363 2680 1420 ergo
2727 1348 2922 1418 illum,
2971 1350 3182 1422 virgo,
3235 1350 3353 1406 imo
3397 1367 3708 1422 queremus

2065 1450 2307 1505 omnes;
2350 1436 2544 1490 anima
2593 1437 2749 1492 enim
2783 1453 2994 1492 sexum
3043 1454 3158 1493 non
3189 1438 3366 1494 habet
3397 1455 3410 1495 :
3443 1441 3548 1495 sed
3591 1442 3708 1498 ideo

2064 1523 2323 1580 fortasse
2368 1525 2686 1580 femineum
2737 1541 2951 1582 nomen
2982 1529 3228 1598 accepit,
3258 1529 3416 1600 quod
3444 1545 3569 1584 eam
3595 1530 3714 1586 vio-

2062 1613 2278 1669 lentior
2324 1617 2511 1668 aestus
2543 1615 2812 1686 corporis
2860 1616 2983 1686 agit
3017 1631 3030 1671 :
3063 1616 3194 1687 ipsa
3237 1621 3432 1672 autem
3477 1619 3713 1690 impetus

2064 1703 2262 1756 carnis
2294 1718 2494 1758 amore
2539 1703 2636 1758 sui
2682 1703 2843 1758 molli
2873 1704 3125 1776 quadam
3167 1708 3225 1760 et
3256 1705 3470 1761 blanda
3507 1709 3716 1764 ratione

279 1796 490 1868 plateis
527 1812 540 1851 :
573 1797 633 1850 in
687 1797 919 1852 civitate
964 1798 1069 1852 Dei
1119 1797 1309 1852 nostri
1352 1815 1364 1852 :
1407 1797 1466 1851 in
1509 1797 1639 1852 foro
1689 1796 1948 1851 fortasse
1981 1827 2033 1889 Β
2063 1791 2376 1889 demulcet.

279 1887 341 1940 in
369 1901 484 1957 quo
510 1884 699 1956 judex
746 1885 844 1940 ille
874 1885 1056 1940 divini
1082 1886 1239 1956 juris
1271 1885 1439 1942 sedet
1471 1887 1604 1955 (5'7),
1647 1885 1706 1940 in
1735 1885 1947 1957 plateis

277 1975 434 2030 unde
466 1974 696 2029 collecti
742 1978 881 2030 sunt
909 1976 1011 2046 qui
1039 1975 1110 2030 ad
1144 1991 1372 2030 coenam
1413 1975 1778 2030 Dominicam
1809 1990 1950 2030 con-

276 2065 590 2134 venerunt)
621 2066 840 2135 potest,
872 2064 1347 2120 custodientibus
1379 2065 1671 2119 civitatem
1703 2064 1807 2119 Dei
1840 2079 1949 2118 an-

278 2155 454 2227 gelis,
483 2154 621 2208 dum
653 2153 752 2208 diu
783 2153 1014 2225 quaerit,
1051 2169 1389 2209 occurrere.

345 2269 435 2323 90.
469 2269 620 2333 Quin
649 2268 822 2324 etiam
852 2285 924 2324 ex
957 2269 1186 2324 caelesti
1219 2270 1534 2324 custodum
1581 2272 1788 2324 natura
1830 2284 1949 2323 cce-

275 2358 488 2414 lestem
537 2358 868 2431 intelligere
929 2374 1256 2430 possumus
1322 2359 1653 2428 civitatem,
1705 2357 1946 2412 cmleste

277 2448 470 2503 forum
495 2445 746 2518 justitiae
777 2447 1155 2518 sempiternae
1188 2462 1202 2502 :
1237 2463 1357 2503 non
1385 2447 1536 2502 viles
1556 2447 1802 2518 plateas,
1837 2446 1945 2502 sed

275 2537 534 2592 fortasse
566 2535 625 2590 in
665 2536 884 2608 quibus
914 2538 1282 2608 superﬂuere
1313 2536 1448 2592 fons
1481 2536 1580 2591 ille
1614 2535 1947 2606 consuevit,

275 2626 349 2681 de
419 2641 536 2697 quo
611 2625 896 2696 scriptum
943 2630 1034 2680 est
1095 2641 1108 2680 :
1171 2625 1554 2697 Super/luant
1623 2625 1738 2680 tibi
1786 2641 1951 2698 aquae

277 2717 351 2772 de
403 2721 500 2769 tuo
529 2713 712 2783 fonte,
766 2719 823 2767 et
871 2715 931 2768 in
974 2713 1196 2786 plateis
1229 2715 1346 2768 tuis
1393 2713 1806 2770 dill'umluntur
1839 2719 1950 2769 tuae

276 2821 438 2878 aqum
460 2803 669 2874 (Prov.
703 2818 760 2870 v,
796 2802 902 2871 16).
935 2803 1044 2868 Qui
1067 2805 1156 2858 sic
1189 2819 1334 2876 ergo
1356 2803 1656 2859 Christum
1680 2803 1945 2875 requirit,

275 2895 346 2948 ad
378 2892 628 2965 angelos
659 2892 945 2962 pervenit.

344 3008 434 3064 91.
467 3007 584 3062 Sed
615 3007 666 3061 si
697 3007 872 3061 bonis
917 3007 988 3061 ad
1023 3007 1272 3078 angelos
1313 3007 1540 3062 meritis
1573 3008 1947 3078 pervenitur;

277 3115 383 3154 cur
411 3097 511 3169 qui
555 3097 892 3167 pervenerit
924 3096 1306 3150 vulneratur?
1338 3096 1444 3151 Est
1475 3101 1532 3151 et
1571 3097 1806 3168 gladius
1838 3096 1944 3150 bo-

275 3205 412 3256 nus,
445 3186 620 3257 cujus
653 3185 830 3258 gladii
865 3185 1083 3240 bonum
1108 3185 1344 3240 vulnus.
1371 3184 1652 3239 Vulnerat
1685 3186 1790 3239 Dei
1818 3200 1944 3240 ver-
1976 3161 2022 3220 ί)

273 3277 436 3345 bum,
489 3276 594 3329 scd
646 3291 762 3329 non
797 3275 1037 3328 ulcerat.
1091 3274 1196 3328 Est
1243 3274 1460 3328 vulnus
1505 3274 1645 3328 boni
1694 3275 1938 3344 amoris,

276 3369 415 3420 sunt
442 3365 684 3418 vulnera
714 3364 1054 3432 charitatis;
1097 3363 1348 3434 ideoque
1387 3363 1535 3417 dixit
1567 3378 1580 3420 :
1628 3362 1944 3418 Vulnerata

277 3454 596 3508 eliaritutis
628 3469 736 3524 ego
765 3470 891 3506 sum
921 3453 1142 3523 (Cant,
1167 3471 1226 3521 ιι,
1260 3455 1336 3523 5).
1367 3450 1510 3516 Quae
1539 3451 1800 3523 perfecta
1831 3456 1944 3522 est,

276 3543 579 3598 vulnerata
629 3547 721 3598 est
766 3542 1090 3597 charitatis.
1142 3543 1302 3597 Bona
1361 3545 1499 3596 sunt
1548 3543 1730 3614 igitur
1767 3540 1946 3595 Verbi

274 3633 542 3703 vulnera,
588 3632 744 3686 bona
777 3634 917 3686 sunt
957 3633 1208 3686 amantis
1240 3631 1486 3686 vulnera
1523 3647 1535 3686 :
1575 3629 1758 3685 Utilia
1790 3631 1946 3684 enim

282 3722 528 3777 vulnera
586 3721 780 3790 amici,
849 3738 1014 3792 quam
1086 3721 1414 3776 voluntaria
1465 3720 1659 3776 oscula
1718 3719 1950 3774 mimici

277 3811 462 3866 Prov.
497 3827 681 3877 xxv",
715 3808 790 3876 6).
840 3809 1156 3863 Vulnerata
1188 3809 1490 3864 charitatis
1527 3808 1796 3864 Rebecca
1829 3811 1940 3877 est,

275 3917 432 3972 quae,
482 3899 708 3953 relictis
761 3897 1148 3967 parentibus,
1206 3899 1482 3970 migravit
1527 3898 1598 3952 ad
1655 3913 1944 3968 sponsum

276 3993 452 4059 (Gen.
487 4003 648 4054 xxxv,
681 3985 770 4054 61)
808 4002 820 4040 :
853 3985 1156 4040 vulnerata
1198 3986 1498 4040 eharitatis
1535 3986 1776 4054 Rachel,
1809 4001 1942 4058 quae

275 4077 485 4133 zelavit
515 4090 804 4143 sororem,
829 4065 1350 4128 amavitmaritum.
1375 4074 1573 4129 Sorori
1599 4074 1754 4128 enim
1784 4075 1941 4144 quod

274 4164 609 4221 abundabat
640 4164 798 4231 ﬁliis,
824 4163 951 4234 ipsa
973 4163 1165 4217 adhuc
1196 4163 1417 4218 sterilis
1448 4163 1938 4232 invidebat(Gen.

273 4274 418 4326 xxx,
453 4253 541 4326 1);
572 4253 706 4324 quia
739 4256 937 4322 typum
971 4251 1214 4323 gerebat
1245 4250 1552 4319 Ecclesiae,
1578 4253 1670 4306 cui
1695 4251 1934 4307 dicitur:

272 4348 528 4415 Ltetare,
564 4341 822 4411 sterilis,
859 4358 983 4413 quae
1018 4357 1128 4394 non
1145 4356 1317 4412 paris
1345 4361 1362 4394 :
1386 4356 1626 4413 erumpe
1658 4347 1716 4395 et
1751 4341 1941 4396 excla-

270 4453 385 4508 ma,
420 4452 544 4508 quae
574 4449 686 4489 non
710 4431 984 4504 parturis
1013 4429 1152 4498 (Isa.
1185 4445 1299 4500 LIV,
1335 4429 1409 4501 1).

2130 1880 2222 1934 94.
2275 1879 2436 1953 Ergo
2479 1880 2847 1936 orationibus
2898 1885 2956 1937 et
3000 1882 3518 1940 obsecrationibus
3549 1885 3720 1941 Deum

2061 1968 2311 2024 invitare
2342 1969 2628 2025 debemus
2659 1973 2721 2025 ut
2748 1971 2922 2043 quasi
2951 1971 3146 2028 bonus
3176 1978 3385 2029 auster
3409 1974 3608 2030 aftlare
3645 1974 3715 2029 di-

2059 2061 2293 2130 gnetur.
2345 2057 2644 2131 Verbique
2687 2059 2864 2115 nobis
2907 2077 3109 2116 auram
3160 2063 3430 2118 caelestis
3462 2063 3716 2134 aspiret:

2058 2163 2193 2218 quae
2224 2147 2563 2202 fructiferas
2593 2147 2842 2204 arbores
2895 2165 3014 2204 non
3062 2151 3302 2205 turbare
3333 2153 3510 2206 vento
3541 2151 3716 2223 gravi,

2055 2235 2163 2290 sed
2217 2235 2337 2290 leni
2367 2237 2689 2307 spiramine
2717 2238 2977 2310 ﬂatuque
3005 2239 3166 2294 molli
3200 2239 3518 2296 consuevit
3545 2240 3722 2312 agita-

2054 2341 2140 2378 re.
2175 2324 2345 2380 Unde
2378 2325 2664 2397 scriptum
2695 2329 2787 2380 est
2819 2342 2832 2382 :
2867 2325 3077 2382 Posuit
3109 2343 3202 2382 me
3233 2345 3454 2382 currus
3482 2329 3716 2383 Amina-

2056 2413 2172 2468 dab
2220 2413 2416 2482 (Cant.
2467 2431 2547 2484 vi,
2594 2413 2713 2485 tt);
2766 2430 2837 2470 eo
2886 2415 3046 2486 quod
3089 2416 3286 2470 anima
3356 2421 3558 2472 nostra
3588 2417 3717 2472 dum

2049 2501 2325 2574 jungitur
2352 2504 2608 2574 corpori,
2661 2503 2822 2558 velut
2859 2504 3099 2575 quidam
3145 2519 3442 2576 equorum
3475 2506 3722 2560 fremen-

2052 2592 2198 2646 tium
2228 2607 2442 2646 currus
2469 2595 2763 2647 rectorem
2792 2593 2888 2647 sui
2918 2593 3131 2664 quaerit
3156 2595 3468 2666 aurigam;
3502 2595 3723 2649 Amina-

2052 2679 2165 2734 dab
2197 2681 2353 2735 enim
2382 2684 2548 2752 pater
2578 2681 2854 2736 Naasson
2887 2681 3013 2752 fuit,
3055 2681 3212 2736 sicut
3241 2683 3302 2736 in
3338 2683 3390 2737 Ν
3398 2684 3616 2738 umeris
3646 2683 3726 2738 le-

2051 2769 2250 2842 gimus
2281 2769 2478 2840 (Num.
2515 2787 2553 2834 ι,
2585 2767 2660 2840 7,),
2695 2769 2795 2842 qui
2829 2773 2953 2825 erat
2983 2771 3266 2842 princeps
3299 2772 3504 2842 populi
3533 2772 3677 2826 Juda
3711 2788 3722 2827 :

2051 2857 2229 2928 cujus
2263 2857 2454 2930 figura
2483 2857 2738 2912 refertur
2785 2859 2858 2912 ad
2889 2857 3219 2929 Christum,
3256 2861 3364 2932 qui
3414 2877 3596 2916 verus
3636 2876 3730 2932 po-

2051 2947 2172 3017 puli
2205 2947 2485 3018 princeps
2516 2947 2770 3001 animam
2796 2945 2946 3019 justi
2985 2947 3146 3003 velut
3194 2965 3444 3004 currum
3491 2949 3734 3022 agitator

2051 3035 2408 3105 ascendens,
2442 3035 2616 3091 Verbi
2651 3036 2902 3091 habenis
2947 3037 3276 3109 gubernat;
3313 3055 3390 3094 ne
3441 3039 3731 3095 violento-

2053 3140 2184 3179 rum
2214 3140 2500 3196 equorum
2531 3125 2730 3180 furore
2760 3125 2821 3179 in
2849 3125 3095 3196 abrupta
3125 3129 3418 3197 rapiatur.

2125 3213 2214 3268 '75.
2246 3213 2394 3268 Sunt
2423 3214 2578 3268 enim
2611 3213 2745 3284 ejus
2777 3213 2939 3270 velut
2964 3217 3220 3286 quatuor
3261 3217 3430 3288 equi,
3489 3219 3734 3289 quatuor

2053 3301 2418 3372 affectiones,
2451 3303 2555 3370 ira,
2589 3303 2900 3374 cupiditas,
2936 3303 3230 3375 voluptas,
3268 3307 3474 3362 timor.
3508 3305 3729 3370 Quibus

2052 3391 2388 3446 furentibus
2449 3407 2581 3446 cum
2629 3392 2874 3462 coeperit
2924 3392 3052 3463 agi,
3103 3408 3492 3466 nequaquam
3541 3395 3738 3465 seipsa

2052 3481 2364 3553 cognoscit
2397 3497 2410 3536 :
2447 3481 2828 3552 eorruptibile
2859 3482 3015 3536 enim
3047 3497 3273 3553 corpus
3317 3483 3581 3538 animam
3613 3499 3743 3555 gra-

2049 3574 2166 3640 vat,
2233 3573 2289 3624 et
2348 3572 2626 3642 tanquam
2674 3570 3160 3626 irrationabilium
3227 3572 3352 3642 (58)
3402 3571 3740 3628 animalium

2051 3673 2265 3712 currus
2296 3658 2546 3713 invitam.
2568 3659 2741 3729 rapit,
2772 3658 3152 3714 volventibus
3185 3661 3359 3716 curis
3389 3662 3558 3718 velut
3595 3676 3740 3734 quo-

2051 3748 2184 3802 dam
2216 3748 2434 3818 impetu
2466 3751 2866 3819 proruentem,
2900 3748 3090 3804 donec
3133 3755 3490 3806 memoratas
3523 3765 3732 3822 corpo-

2052 3837 2136 3890 ris
2167 3837 2484 3906 passiones
2520 3836 2699 3892 Verbi
2729 3837 2942 3891 virtute
2985 3838 3328 3894 mitescant.
3384 3839 3538 3896 Hmc
3582 3838 3741 3895 verbi

2051 3928 2328 3997 tanquam
2373 3925 2511 3980 boni
2562 3926 2870 3998 agitatoris
2927 3930 3020 3980 est
3067 3927 3494 4000 providentia,
3545 3944 3619 3983 ne
3663 3927 3743 3982 illi

2051 4015 2262 4068 animae
2293 4030 2426 4086 quae
2458 4014 2518 4068 in
2549 4029 2617 4068 se
2668 4029 2786 4068 non
2828 4017 2921 4069 est
2965 4015 3136 4068 morti
3170 4015 3470 4090 obnoxia,
3530 4033 3744 4089 corpus

2050 4102 2292 4158 mortale
2326 4101 2664 4174 cojunctum
2694 4103 3072 4174 agitationem
3102 4104 3198 4159 sui
3231 4104 3422 4162 faciat
3455 4123 3598 4162 esse
3630 4104 3742 4160 dif-

2051 4192 2285 4247 ﬁcilem.

2119 4281 2209 4335 96.
2260 4281 2458 4335 Primo
2520 4280 2702 4352 igitur
2753 4280 2865 4336 hos
2914 4282 3154 4338 veloces
3204 4287 3419 4340 motus
3473 4284 3744 4356 corporis

2057 4369 2318 4437 domitet,
2353 4373 2410 4424 et
2440 4385 2595 4424 nexu
2642 4369 2886 4424 rationis
2917 4371 3171 4427 infrenet
3202 4388 3214 4426 :
3253 4374 3404 4430 dein
3437 4376 3650 4430 caveat
3677 4387 3746 4428 ne

2055 4459 2277 4529 dispari
2307 4462 2466 4513 motu
2499 4473 2568 4513 se
2595 4459 2755 4512 velut
2785 4459 2923 4530 equi
2950 4459 3232 4531 implicet,
3271 4466 3342 4518 ut
3385 4463 3618 4520 bonum
3649 4464 3744 4515 aut

340 4552 429 4605 92.
461 4551 816 4605 Invenerunt
860 4562 1004 4619 ergo
1037 4545 1338 4616 custodes,
1381 4549 1437 4600 et
1475 4545 1936 4600 vulneraverunt
1966 4538 2020 4600 D
2053 4547 2359 4618 improbus
2391 4547 2711 4616 decolorat,
2745 4553 2843 4602 aut
2873 4549 3076 4604 tardus
3099 4550 3415 4622 impediat,
3443 4555 3548 4608 aut
3574 4549 3752 4607 turbi-

273 4655 422 4708 eam,
448 4642 503 4694 et
532 4640 790 4692 tulerunt
825 4637 878 4690 ei
911 4636 1170 4707 pallium,
1197 4635 1308 4690 hoc
1327 4639 1438 4704 est,
1461 4639 1628 4689 actus
1653 4651 1936 4705 corpora-

271 4725 348 4779 lis
379 4726 747 4780 involucrum
780 4726 1168 4795 sustulerunt,
1202 4729 1263 4779 ut
1284 4725 1436 4780 nuda
1467 4725 1682 4780 mentis
1713 4725 1937 4794 simpli-

273 4815 422 4866 citas
453 4819 745 4884 qutereret
773 4814 1069 4867 Christum
1094 4831 1107 4882 ;
1141 4815 1274 4884 quia
1298 4831 1467 4870 nemo
1499 4818 1691 4885 potest
1720 4815 1936 4868 amictu

271 4902 522 4956 vestitus
574 4901 986 4972 philosophim,
1022 4904 1080 4956 in
1130 4903 1330 4957 habitu
1364 4904 1591 4958 scilicet
1628 4903 1934 4974 sapientiae

269 4991 618 5058 saecularis,
670 4989 970 5042 Christum
1013 4990 1234 5046 videre.
1288 4992 1354 5044 Et
1410 4993 1560 5048 bene
1609 4993 1833 5046 tollitur
1880 4993 1934 5047 ei

268 5079 518 5134 amictus
563 5077 988 5149 phiIOSOphite;
1037 5093 1108 5131 ne
1159 5078 1292 5149 quis
1341 5095 1468 5134 eam
1516 5098 1622 5150 per
1663 5081 1933 5152 philoso-

265 5169 465 5241 phiam
495 5167 867 5238 deprmdetur
896 5165 1144 5234 (Coloss.
1181 5185 1238 5236 ll,
1275 5168 1349 5236 8).
1403 5169 1559 5224 Bene
1609 5170 1834 5225 tollitur
1878 5172 1932 5226 ei

264 5258 526 5330 pallium,
577 5272 708 5328 quae
759 5255 831 5309 ad
869 5254 1170 5308 Christum
1217 5256 1594 5328 propinquat;
1643 5263 1703 5313 ut
1746 5260 1931 5315 Deum

261 5347 466 5403 visura
499 5345 716 5401 mundo
747 5343 924 5398 corde
957 5343 1357 5415 ingrediatur:
1392 5345 1567 5400 Beati
1595 5347 1741 5412 236
1773 5351 1928 5404 enim

258 5439 474 5496 mundo
495 5437 697 5506 corde,
723 5434 988 5508 quoniam
1012 5433 1130 5505 ipsi
1149 5433 1332 5490 [leum
1365 5434 1925 5510 videbunt(lllattli.,

336 5581 452 5654 (57)
481 5579 762 5654 Nonnulli
796 5594 966 5654 mss_.,
1002 5577 1066 5634 di
1076 5577 1364 5654 vinojure
1394 5579 1584 5654 sedet.

330 5650 444 5732 (58)
475 5653 628 5715 Edit.
657 5669 726 5712 ac
755 5651 930 5732 pauci
957 5665 1129 5725 mss.,
1163 5650 1688 5719 irrationabilium.
1726 5653 1921 5733 Rom.,

2049 4637 2161 4691 dus
2195 4637 2505 4708 inquietet;
2540 4636 2735 4690 fremit
2765 4637 2921 4693 enim
2951 4653 3142 4708 equus
3175 4641 3454 4710 malitiw,
3492 4655 3750 4712 seseque

2039 4725 2320 4795 jactando
2353 4741 2590 4780 currum
2621 4725 2801 4796 laedit,
2852 4727 3387 4800 gravatjugalem.
3431 4731 3608 4786 Hunc
3646 4729 3748 4784 bo—

2043 4831 2157 4868 nus
2185 4815 2388 4886 auriga
2423 4814 2734 4883 demulcet,
2759 4817 2816 4868 et
2843 4814 2903 4868 in
2925 4831 3193 4886 campum
3219 4820 3510 4874 veritatis
3535 4819 3746 4874 immit-

2041 4905 2126 4971 tit,
2155 4903 2380 4957 fraudis
2413 4902 2666 4957 declinat
2706 4902 3054 4958 anfractum.
3092 4904 3288 4960 Tutus
3313 4909 3392 4962 ad
3429 4909 3746 4980 superiora

2043 5007 2259 5046 cursus
2291 4994 2401 5059 est,
2436 4991 2814 5062 periculosus
2843 4991 2916 5045 ad
2947 4992 3228 5047 inferiora
3255 4997 3637 5052 descensus.
3659 4996 3748 5050 ln-

2041 5081 2112 5134 de
2135 5081 2307 5152 quasi
2325 5081 2548 5136 emeriti
2575 5082 2675 5151 qui
2705 5080 2856 5135 bene
2887 5084 3256 5151 portaverint
3275 5083 3511 5157 jugum
3541 5084 3743 5154 Verbi,

2043 5185 2232 5240 usque
2273 5170 2345 5224 ad
2378 5170 2610 5224 Domini
2657 5185 2930 5240 praesepe
2975 5171 3300 5242 ducuntur,
3357 5175 3423 5230 in
3457 5192 3582 5248 quo
3631 5189 3748 5230 non

2039 5258 2238 5314 fenum
2269 5261 2360 5313 est
2391 5273 2553 5326 esca,
2591 5257 2696 5312 sed
2727 5259 2897 5330 panis
2927 5260 3028 5330 qui
3061 5259 3392 5317 descendit
3421 5280 3459 5319 e
3491 5264 3670 5320 creto.

2108 5347 2196 5403 ΕΠ.
2223 5346 2420 5418 Hujus
2440 5363 2652 5401 currus
2677 5350 2821 5402 rotas
2845 5353 3004 5415 sunt,
3046 5347 3118 5404 de
3139 5349 3380 5420 quibus
3413 5353 3573 5409 dixit
3605 5367 3749 5426 pro-

2036 5436 2211 5509 pheta
2237 5453 2248 5492 :
2274 5437 2354 5492 Et
2385 5435 2636 5508 spiritus
2663 5436 2798 5490 vitae
2819 5442 2950 5492 erat
2973 5437 3032 5491 iu
3076 5438 3242 5493 rotis
3258 5440 3532 5510 (Επειδὴ.
3559 5459 3601 5514 i,
3620 5441 3747 5512 ‘20);

2036 5577 2475 5638 irrationalium
2495 5619 2510 5648 ,
2541 5576 2878 5636 animalium
2909 5594 3151 5654 cursus,-
3181 5581 3333 5659 alii,
3369 5601 3602 5662 magno
3631 5601 3748 5645 nu-

2035 5667 2314 5730 mero,....
2347 5666 2582 5712 currus.
