3932 6152
258 276 361 344 305

1426 271 1678 345 LIBER
1719 272 1830 337 DE
1873 272 2447 340 VIRGINITATE.

3556 275 3675 343 306

256 500 317 541 eo
343 482 490 558 quod
521 500 732 540 currus
775 484 986 542 animas
1016 488 1176 542 teres
1207 487 1264 541 et
1293 485 1583 541 rotundus
1617 484 1746 540 sine
1778 484 1882 540 ulla

2051 492 2183 549 des!
2217 509 2251 549 ο
2283 492 2598 547 virtutibus
2632 494 2900 564 corporis
2932 492 3209 548 omnibus
3241 492 3391 548 ﬁdes
3420 491 3667 549 fortior!

254 572 556 629 offensione
586 574 878 629 volvatur.

773 690 921 756 237
943 699 1195 756 CAPUT
1226 700 1376 755 XVI.

255 788 486 861 Verbum
503 789 562 843 in
580 790 817 844 hortum
836 804 1003 844 nauis
1026 806 1152 861 qua)
1181 790 1534 845 tentationis
1557 788 1746 861 figura
1779 796 1888 854 est,

303 860 587 915 invitatur
608 880 625 921 ,·
647 868 705 915 ut
726 861 867 932 ﬁdei
879 878 947 915 ac
968 860 1253 916 virtutum
1273 862 1488 932 odores
1516 860 1725 932 capiat,
1753 862 1894 916 mel-

303 948 402 1003 que
420 932 752 987 manducet.
786 931 852 986 In
886 932 1131 987 Christo
1161 931 1433 987 omnibus
1454 931 1644 987 omnia
1680 949 1894 1004 suppe-

303 1009 465 1075 tere
484 1020 553 1057 ac
564 1004 820 1074 proinde
839 1004 1107 1075 exemplo
1124 1004 1603 1075 haemorrhoissze
1621 1004 1897 1058 mulieris

299 1074 684 1147 accedendum
707 1076 782 1129 ad
812 1074 1153 1146 ipsum’cum
1172 1076 1342 1129 Iirma
1362 1074 1499 1147 (ide,
1521 1076 1686 1147 cqjus
1714 1076 1896 1129 mira-

300 1144 444 1217 biles
460 1142 1149 1217 eﬂ'ectusprmdicantur.
1174 1142 1597 1217 Adjiciendani
1616 1146 1759 1201 fidei
1781 1147 1892 1200 hu-

296 1215 484 1289 milem
514 1215 739 1289 quoque
771 1217 1240 1280 confessionem,-
1263 1215 1389 1289 nec
1408 1218 1498 1271 eis
1521 1218 1619 1289 qui
1650 1218 1895 1289 Christo

294 1286 1131 1359 detrahant,respondendum
1155 1308 1173 1351 ;
1206 1288 1317 1343 sed
1334 1286 1597 1358 ejusdem
1619 1288 1895 1342 mulieris

294 1359 812 1414 moredicendum:
847 1360 978 1413 Non
1012 1359 1295 1415 laboravi.
1329 1363 1441 1412 etc.
1471 1359 1788 1414 Postremo
1819 1359 1895 1414 ad

290 1429 715 1484 conciliandam
748 1431 985 1485 feminea
999 1429 1308 1485 conlitenti
1329 1431 1742 1485 auctoritatem
1769 1430 1892 1485 Pc-

289 1501 366 1574 tri
396 1507 455 1554 et
490 1500 679 1574 Pauli
709 1501 977 1572 exempla
1010 1502 1086 1557 ad
1124 1501 1388 1557 eamdem
1440 1501 1719 1556 virtutem
1743 1517 1891 1574 per-

286 1571 537 1627 tinentia
563 1571 993 1644 proponuntur.

282 1659 364 1714 98.
398 1659 518 1716 Sed
560 1677 634 1715 ne
675 1662 916 1734 longius
958 1662 1246 1729 labamur,
1293 1662 1575 1717 invitatur
1603 1661 1710 1716 Dei
1745 1662 1888 1716 Ver-

223 1746 348 1801 bum
377 1749 436 1802 in
469 1748 709 1804 hortum
742 1750 912 1804 nucis
942 1750 1138 1817 (Cant.
1175 1767 1255 1818 vr,
1282 1750 1390 1818 10),
1421 1751 1480 1805 in
1511 1766 1627 1822 quo
1658 1750 1887 1805 fructus

2007 600 2040 639 ο
2082 583 2328 637 medicis
2371 582 2645 636 omnibus
2686 581 3032 636 salutariorl
3085 581 3271 637 Simul
3309 585 3373 636 ut
3410 584 3673 638 accessit

2006 672 2235 742 mulier,
2256 672 2533 725 virtutem
2573 672 2782 739 sensit,
2823 671 3173 725 medicinam
3205 671 3572 741 impetravit;
3607 675 3671 727 ut

2004 763 2057 817 si
2089 762 2323 817 oculum
2354 760 2557 814 lumini
2591 760 2930 830 admoveas,
2966 760 3325 815 illuminatur
3358 765 3672 833 antequam

2004 855 2256 923 sentias,
2318 857 2374 908 et
2431 852 2693 922 operatio
2751 850 2903 905 lucis
2960 851 3248 921 prmvcnit
3299 856 3662 923 apparatum.

1999 944 2211 999 Passio
2261 943 2603 1011 inveterata,
2654 940 2858 1010 passio
2909 940 3379 1008 immedicabilis,
3431 958 3564 1012 quae
3612 944 3669 995 et

1997 1034 2142 1088 artis
2183 1048 2415 1087 omnem
2455 1031 2678 1084 vicerat
2718 1028 3236 1098 excogitationem,
3288 1031 3344 1082 et
3382 1030 3664 1099 pecunia-

1996 1139 2125 1177 rum
2166 1119 2796 1182 subministrationem,
2831 1109 2981 1173 238
3025 1118 3153 1172 solo
3201 1117 3449 1171 ﬁmbriae
3490 1134 3665 1171 cura-

1995 1215 2090 1266 tur
2128 1214 2362 1266 attactu.
2405 1209 2569 1263 Illius
2608 1208 2790 1280 igitur
2829 1207 3063 1261 t‘emina:
3106 1206 3231 1274 tibi,
3272 1207 3466 1277 virgo,
3510 1209 3568 1260 et
3605 1207 3664 1262 in

1995 1301 2263 1355 adeundo
2304 1299 2598 1354 servanda
2629 1297 3006 1364 verecundia,
3042 1300 3097 1351 et
3138 1296 3193 1350 in
3235 1296 3348 1350 ﬁde
3388 1295 3667 1350 imitanda

1994 1389 2228 1444 devotio
2269 1392 2379 1443 est.

2066 1479 2188 1533 101.
2222 1477 2446 1543 Quanta
2477 1492 2620 1531 vero
2653 1476 2749 1530 illa
2780 1475 2987 1548 gratia,
3022 1475 3179 1546 quod
3211 1491 3277 1530 ea
3309 1491 3442 1546 quae
3477 1475 3665 1529 videri

1994 1567 2406 1634 erubescebat,
2452 1565 2659 1620 vitium
2707 1568 2901 1619 tamen
2942 1580 3060 1619 non
3090 1564 3325 1619 erubuit
3356 1562 3663 1619 conﬁteri!

1994 1657 2131 1711 Noli
2161 1672 2305 1728 ergo
2336 1657 2542 1726 lapsus
2567 1654 2840 1709 occulere
2860 1657 3017 1722 tuos,
3039 1654 3222 1709 fatere
3244 1654 3399 1725 quod
3424 1654 3522 1708 ille
3540 1653 3666 1725 jam

1993 1746 2191 1800 novit:
2235 1744 2354 1799 noli
2388 1744 2745 1799 erubescere
2791 1743 2947 1814 quod
2980 1759 3096 1797 non
3129 1743 3493 1798 erubuerunt
3519 1758 3660 1813 pro-

222 1837 576 1908 propheticae
600 1838 892 1908 lectionis,
918 1841 975 1893 et
996 1839 1384 1894 sacerdotalis
1406 1841 1498 1894 est
1520 1839 1728 1911 gratia,
1755 1855 1887 1910 quae
1910 1846 1964 1910 Β
1995 1835 2208 1905 phetm.
2235 1834 2386 1888 Audi
2409 1832 2723 1888 Jeremiam
2743 1832 3063 1887 dicentem:
3088 1830 3247 1886 Sana
3261 1848 3372 1899 me,
3392 1832 3656 1901 Domine,

220 1942 397 1980 amara
422 1927 944 1997 intentationibus,
972 1928 1116 1982 dura
1139 1927 1197 1982 in
1220 1928 1548 1996 laboribus,
1574 1928 1633 1982 in
1656 1928 1887 1982 virtuti-

217 2012 321 2067 bus
362 2015 755 2069 interioribus
809 2015 1112 2070 fructuosa
1160 2019 1271 2071 est.
1309 2015 1477 2070 Unde
1508 2016 1682 2070 etiam
1712 2016 1885 2088 virga

219 2104 399 2157 Aaron
433 2120 629 2158 nucea
663 2103 857 2158 ﬂoruit
888 2104 1086 2174 (Num.
1120 2122 1263 2174 xvu,
1289 2104 1367 2175 8),
1392 2120 1510 2159 non
1537 2103 1661 2177 jam
1679 2108 1887 2160 natura

219 2206 333 2260 sua,
354 2192 462 2246 sed
494 2192 718 2247 virtute
742 2196 993 2248 secreta.
1030 2194 1364 2249 Descendat
1393 2210 1539 2266 ergo
1562 2194 1620 2248 in
1652 2194 1885 2249 hortum

216 2296 395 2348 suum,
431 2285 496 2335 ut
533 2281 852 2337 vindemiet
882 2283 1078 2352 ﬁdem,
1114 2282 1305 2353 capiat
1334 2282 1572 2353 odores,
1606 2283 1885 2354 pabulum

214 2370 441 2425 cmleste
475 2370 742 2441 reperiat
770 2371 904 2439 (59),
941 2371 1289 2426 suavitatem
1320 2372 1509 2426 nostri
1534 2371 1728 2426 mellis
1751 2388 1887 2442 epu-

210 2457 349 2513 letur
376 2459 596 2513 dicens
619 2476 631 2513 :
677 2459 983 2514 Vindemia
998 2461 1054 2513 vi
1069 2461 1378 2533 myrrham
1396 2476 1583 2515 meum
1608 2477 1734 2515 cum
1753 2476 1883 2515 aro-

208 2547 471 2614 matibus,
528 2548 882 2603 manducavi
914 2565 1126 2621 panem
1163 2565 1353 2604 meum
1385 2565 1511 2604 cum
1549 2549 1722 2604 melle
1755 2565 1883 2605 meo

207 2635 390 2703 (Cant.
426 2654 484 2706 v,
534 2635 606 2707 1).
631 2636 796 2702 Quod
831 2636 1203 2693 diversarum
1231 2637 1509 2692 virtutum
1541 2641 1882 2693 concretum

211 2726 467 2793 ﬂoribus,
538 2725 774 2780 illarum
832 2742 1005 2796 apum
1064 2742 1197 2797 quae
1259 2726 1605 2798 sapientiam
1664 2726 1881 2797 praedi-

209 2818 328 2868 cant
361 2815 580 2883 (Prov.
607 2832 687 2883 vr,
723 2816 799 2884 8),
827 2831 1092 2869 consono
1117 2831 1294 2886 Opere
1318 2819 1745 2887 congregatum
1767 2815 1879 2884 (60)

211 2906 401 2957 sancta
442 2902 726 2958 Ecclesia
768 2903 827 2958 in
870 2904 1023 2958 favis
1066 2904 1284 2973 condit,
1332 2907 1396 2958 ut
1442 2890 1613 2958 cibus
1658 2903 1881 2958 Christi

208 2991 292 3046 sit.

267 3081 352 3136 99.
404 3080 622 3136 Omnia
679 3082 862 3154 igitur
916 3082 1205 3137 habemus
1255 3081 1315 3136 in
1364 3081 1623 3137 Christo.
1672 3081 1876 3136 Omnis

203 3169 379 3224 anima
420 3170 675 3225 accedat
725 3170 798 3225 ad
846 3186 1000 3243 eum,
1052 3171 1180 3225 sive
1239 3171 1653 3241 corporalibus
1707 3187 1869 3243 aegra

206 3259 475 3328 peccatis,
513 3259 650 3313 sive
689 3259 877 3315 clavis
907 3260 1263 3332 quibusdam
1295 3259 1604 3315 saecularis
1637 3260 1868 3331 cupidi-

206 3348 330 3403 tatis
360 3348 573 3417 inﬁxa,
600 3348 728 3402 sive
753 3348 1093 3419 impcrtecta
1127 3348 1320 3403 adhuc
1349 3348 1606 3420 quidem,
1643 3349 1749 3403 sed
1780 3349 1872 3403 in-

205 3439 349 3491 tenta
377 3440 585 3492 tamen
618 3437 992 3492 meditatione
1022 3438 1134 3508 (61)
1157 3437 1496 3508 proﬁciens,
1521 3437 1649 3492 sive
1673 3437 1870 3492 multis

204 3524 385 3597 aliqua
427 3528 510 3581 sit
545 3525 673 3597 jam
713 3525 974 3597 perfecta
1015 3526 1363 3581 virtutibus:
1419 3527 1611 3582 omnis
1652 3527 1713 3582 in
1753 3527 1873 3581 Du-

204 3614 331 3669 mini
363 3618 664 3687 potestate
696 3618 807 3683 est,
842 3619 898 3670 et
929 3615 1124 3670 omnia
1151 3616 1428 3670 Christus
1461 3618 1553 3671 est
1584 3616 1779 3672 nobis.
1812 3615 1875 3670 Si

206 3704 410 3759 vulnus
447 3721 666 3760 curare
696 3704 1027 3774 desideras,
1063 3705 1331 3759 medicus
1362 3708 1486 3760 est:
1521 3704 1574 3760 si
1607 3704 1876 3760 febribus

204 3797 435 3864 metuas,
481 3794 625 3849 fons
674 3798 802 3849 est:
855 3795 908 3848 si
949 3795 1221 3866 gravaris
1272 3794 1595 3865 iniquitate,
1644 3793 1875 3865 justitia

203 3885 311 3937 est:
343 3884 397 3937 si
416 3882 649 3938 auxilio
672 3882 930 3955 indiges,
967 3884 1158 3937 virtus
1184 3886 1303 3937 est:
1341 3882 1390 3936 si
1417 3883 1870 3955 mortemtimes,

204 3971 309 4025 vita
342 3975 466 4027 est:
513 3971 573 4026 si
605 3971 818 4026 coelum
851 3971 1180 4036 desideras.
1215 3971 1311 4025 via
1342 3974 1469 4026 est:
1514 3971 1567 4025 si
1596 3971 1872 4027 tenebras

202 4058 373 4131 fugis,
408 4062 513 4115 lux
550 4064 677 4115 est:
734 4061 787 4115 si
837 4061 1033 4115 cibum
1083 4059 1330 4133 quaeris,
1378 4060 1718 4115 alimentum
1756 4064 1865 4116 est.

205 4146 441 4203 Gustata
463 4149 670 4223 igitur.
697 4154 756 4205 et
787 4149 983 4204 ridete
1007 4150 1274 4222 quoniam
1305 4165 1410 4204 sua
1423 4150 1512 4202 vis
1542 4155 1634 4204 est
1668 4149 1869 4205 Domi-

207 4254 338 4292 nus:
383 4238 607 4293 beatus
641 4238 735 4292 vir
764 4238 862 4311 qui
889 4245 1095 4311 sperat
1129 4238 1188 4292 in
1234 4254 1302 4293 eo
1329 4237 1519 4309 (Psal.
1554 4254 1760 4307 χχχιιι,
1791 4239 1867 4307 9).

266 4327 380 4381 100.
416 4328 696 4399 Speravit
726 4327 784 4381 in
815 4342 885 4382 eo
918 4328 1034 4394 illa,
1077 4344 1210 4399 quas
1242 4327 1403 4381 ﬂuxu
1435 4327 1749 4398 sanguinis
1781 4326 1870 4380 la-

204 4413 457 4487 borabat,
494 4420 555 4472 et
589 4417 869 4471 continuo
920 4419 1122 4470 sanata
1173 4420 1302 4471 est:
1348 4416 1456 4470 sed
1500 4416 1636 4487 quia
1678 4415 1870 4470 ﬁdelis

206 4506 449 4560 accessit
477 4505 651 4573 (Luc.
678 4522 798 4574 vm,
824 4504 893 4559 43
916 4511 972 4559 et
996 4505 1167 4577 seq.).
1203 4504 1274 4558 Et
1302 4507 1362 4559 tu
1394 4520 1527 4559 cum
1560 4504 1694 4573 ﬁde,
1731 4504 1866 4572 ﬁlia,

1996 1930 2055 1979 et
2086 1923 2346 1978 sanahor
2372 1921 2617 1994 (Jercm.
2651 1939 2793 1990 xvu,
2828 1921 2935 1989 14).
2968 1920 3066 1975 Sic
3107 1923 3163 1975 et
3198 1920 3292 1975 illa
3328 1921 3496 1989 dixit,
3530 1937 3664 1975 cum

1995 2014 2365 2084 contingeret
2394 2012 2716 2065 ﬁmbriam:
2762 2010 2920 2065 Sana
2951 2026 3063 2077 me,
3099 2009 3366 2077 Domine,
3401 2016 3461 2064 et
3490 2026 3663 2064 sana-

1990 2102 2120 2158 bor.
2147 2101 2329 2156 Salva
2350 2116 2462 2169 me,
2482 2099 2746 2167 Domine,
2769 2104 2827 2154 et
2850 2098 3132 2154 salvabor
3148 2099 3291 2168 (6‘2);
3317 2099 3450 2170 quia
3468 2098 3662 2170 gloria

1990 2207 2118 2246 mea
2152 2196 2212 2245 tu
2233 2206 2299 2244 es
2329 2189 2576 2259 (Ibid.);
2609 2189 2736 2243 sola
2759 2188 2912 2243 enim
2947 2204 3091 2241 sana
3123 2190 3233 2256 est,
3266 2204 3442 2259 quam
3472 2191 3533 2243 tu
3567 2205 3662 2243 sa-

1989 2281 2249 2335 noveris.

2059 2369 2181 2423 109..
2215 2367 2276 2423 Si
2308 2368 2443 2439 quis
2475 2369 2665 2421 tamen
2688 2367 2795 2421 tibi
2818 2367 2974 2420 dicat
2994 2366 3154 2437 (quia
3187 2365 3275 2419 sic
3304 2365 3655 2436 plerumque

1983 2461 2281 2514 tentantur
2301 2457 2565 2527 ﬁdeles):
2605 2456 2721 2511 Ubi
2743 2463 2834 2512 est
2870 2456 3112 2511 verbum
3138 2456 3410 2510 Domini?
3451 2454 3660 2510 Veniat

1985 2547 2167 2616 (Ibid.
2202 2547 2326 2615 15);
2359 2546 2577 2600 dictum
2607 2548 2697 2600 est
2729 2545 2885 2600 enim
2917 2547 2973 2599 et
3003 2544 3252 2600 Domino
3278 2561 3289 2599 :
3316 2545 3656 2600 Descendat

1988 2653 2138 2691 nunc
2160 2636 2235 2691 de
2264 2651 2460 2705 cruce,
2496 2640 2553 2689 et
2578 2635 2880 2690 credimus
2900 2635 2958 2689 ei
2979 2654 2996 2699 ;
3029 2633 3271 2690 conlidit
3302 2635 3364 2688 in
3384 2633 3652 2699 Domino,

1986 2725 2208 2779 liberet
2240 2741 2392 2779 nunc
2421 2740 2569 2793 eum,
2605 2725 2660 2779 si
2701 2723 2817 2778 vult
2849 2724 3086 2791 (Matth.
3119 2741 3306 2793 xxvu,
3342 2723 3430 2790 42,
3463 2722 3658 2789 43).Si

1987 2814 2122 2885 quis
2155 2829 2300 2885 ergo
2347 2814 2452 2867 tibi
2484 2812 2820 2868 insultando
2853 2812 2966 2867 hoc
3013 2812 3269 2881 dixerit;
3300 2815 3358 2867 et
3386 2814 3440 2866 te
3470 2812 3531 2865 in
3562 2810 3652 2865 fa-

1984 2903 2158 2958 bulas
2190 2902 2443 2957 voluerit
2472 2917 2743 2971 evocare,
2778 2902 2899 2957 noli
2947 2901 3309 2972 respondere
3332 2901 3383 2955 ei
3411 2917 3425 2969 ;
3472 2899 3659 2956 noluit

1985 2992 2140 3047 enim
2168 2992 2388 3046 talibus
2410 2991 2773 3061 respondere
2796 2990 3091 3045 Christus.
3116 2991 3319 3045 Solum
3351 2990 3652 3045 (Zhristum

1983 3082 2320 3153 interroga;
2364 3080 2483 3134 illis
2533 3080 2690 3133 enim
2733 3080 2785 3133 si
2827 3079 3072 3149 dixeris,
3125 3095 3242 3135 non
3276 3079 3552 3134 credent:
3599 3079 3651 3133 si

1985 3168 2470 3242 interrogaveris,
2526 3184 2643 3224 non
2691 3169 3137 3239 respondebunt
3194 3168 3318 3222 tibi.
3378 3168 3484 3221 Dic
3538 3167 3653 3221 soli

1986 3260 2180 3315 Verbo
2204 3258 2349 3328 (63):
2383 3257 2515 3313 Non
2544 3257 2750 3312 labora
2764 3259 2819 3311 vi
2846 3273 3102 3330 sequens
3123 3262 3257 3328 post
3299 3262 3377 3324 te,
3410 3262 3469 3311 et
3493 3257 3648 3311 diem

1982 3348 2241 3404 hominis
2270 3364 2384 3403 non
2414 3347 2724 3418 concupivi
2753 3346 3000 3410 (Jerem.
3036 3363 3179 3415 xvn,
3216 3345 3324 3415 16).

2054 3439 2176 3493 103.
2213 3438 2340 3492 Hoc
2362 3435 2509 3490 dixit
2530 3436 2625 3489 illa
2645 3435 2876 3504 mulier,
2899 3438 2954 3489 et
2977 3435 3137 3490 stetit
3153 3435 3423 3507 sanguis.
3444 3434 3651 3500 Quam-

1980 3528 2073 3581 vis
2086 3527 2348 3599 fatigata,
2368 3524 2639 3597 quamvis
2655 3540 2836 3597 aegra,
2853 3541 2987 3596 quae
3005 3524 3103 3579 diu
3117 3524 3434 3595 quaesierat
3447 3524 3650 3579 Chris-

1982 3619 2122 3686 tum,
2144 3615 2290 3670 dixit
2308 3617 2499 3669 tamen
2522 3630 2534 3670 :
2560 3615 2693 3670 Non
2708 3614 2913 3669 labora
2925 3615 2982 3668 vi
2998 3630 3256 3686 sequens
3272 3620 3404 3685 post
3426 3619 3514 3677 te;
3538 3630 3645 3669 ne-

1979 3721 2092 3777 que
2111 3704 2268 3759 enim
2287 3703 2532 3772 laborat,
2554 3720 2687 3774 quae
2708 3702 3007 3758 Christum
3027 3703 3314 3774 sequitur,
3339 3719 3469 3757 cum
3486 3703 3648 3757 labo-

1978 3796 2178 3849 rantes
2211 3794 2282 3848 ad
2306 3809 2373 3848 se
2405 3795 2465 3847 ut
2495 3793 2893 3864 requiescant,
2927 3795 3136 3848 evocet
3167 3792 3404 3853 (Matth.
3427 3809 3508 3861 Xt,
3532 3793 3644 3862 28).

1979 3883 2139 3955 Ergo
2172 3883 2366 3953 ipsum
2404 3897 2742 3953 sequamur.
2778 3881 3047 3947 Quandiu
3084 3882 3279 3952 ipsum
3319 3882 3644 3953 sequimur,

1978 3989 2097 4028 non
2116 3972 2456 4026 laboramus
2483 3987 2498 4039 ;
2531 3971 2666 4042 quia
2696 3987 2815 4026 non
2832 3974 2923 4026 est
2944 3971 3112 4026 labor
3140 3971 3199 4025 in
3230 3971 3415 4026 Jacob
3447 3971 3643 4040 (Num.

1979 4079 2145 4130 xxm,
2178 4060 2288 4131 2'1).
2324 4060 2391 4116 Et
2416 4060 2474 4114 in
2497 4060 2677 4115 Isaia:
2717 4060 2829 4125 Qui
2850 4065 3199 4132 exspectant
3218 4060 3642 4115 Dominum.....

1979 4155 2246 4219 current,
2281 4156 2339 4205 et
2373 4166 2485 4205 non
2526 4148 2879 4204 laborabunt
2909 4148 3051 4217 ('Isa.
3085 4167 3180 4219 XL,
3214 4148 3324 4219 31).

2049 4240 2171 4294 104.
2210 4239 2432 4294 Deinde
2464 4254 2596 4293 cum
2629 4240 2923 4310 quareret
2949 4237 3223 4293 Christus
3257 4239 3393 4310 quis
3426 4237 3649 4309 tetigis-

1974 4332 2067 4383 set
2111 4344 2245 4383 eum
2294 4328 2458 4397 (Luc.
2509 4344 2629 4397 vm,
2687 4328 2799 4397 45),
2847 4343 3041 4382 nonne
3100 4327 3208 4382 tibi
3266 4327 3501 4381 videtur
3546 4326 3645 4379 illa

1976 4418 2238 4473 dixisse:
2272 4416 2421 4482 Quid
2467 4418 2823 4487 interrogas,
2858 4416 3143 4471 Domine?
3190 4416 3275 4468 Tu
3308 4415 3465 4483 scis;
3509 4430 3642 4485 quas

1975 4507 2267 4583 prodeunt
2314 4522 2422 4577 per
2448 4505 2602 4560 labia
2646 4521 2796 4576 mea,
2829 4508 2961 4559 ante
3011 4504 3219 4558 faciem
3265 4507 3420 4557 tuam
3467 4506 3640 4572 sunt;

207 4593 290 4647 vel
322 4594 619 4649 ﬁmbriam
660 4593 795 4665 ejus
829 4594 1072 4666 attinge.
1099 4593 1226 4648 Jam
1264 4593 1639 4649 saecularium
1672 4594 1868 4649 ﬂuxus
1894 4570 1951 4635 Β
1977 4600 2033 4651 et
2063 4596 2194 4651 ideo
2232 4571 2359 4650 [non
2410 4594 2742 4649 confundor
2786 4595 3024 4664 peccata
3074 4592 3306 4663 pr0pria
3350 4592 3637 4647 conﬁteri.

206 4682 579 4753 voluptatum,
613 4683 787 4738 modo
820 4682 1099 4737 torrentis
1131 4683 1463 4751 exundans,
1499 4683 1680 4737 Verbi
1710 4683 1868 4739 salu-

208 4771 340 4826 taris
371 4772 573 4827 calore
604 4771 961 4840 siccabitur;
994 4771 1046 4825 si
1081 4787 1212 4826 cum
1244 4771 1358 4825 ﬁde
1378 4774 1570 4826 tamen
1592 4773 1863 4839 accedas,

208 4859 253 4911 si
283 4861 401 4930 pari
427 4860 744 4916 devotione
776 4860 959 4915 divini
980 4861 1276 4915 sermonis
1306 4864 1627 4915 extremam
1660 4861 1868 4916 saltem

208 4945 487 5004 ﬁmbriam
520 4949 1009 5022 comprehendas,
1044 4950 1097 5004 si
1126 4953 1386 5004 tremens
1427 4949 1703 5021 procidas
1735 4953 1867 5006 ante

209 5033 427 5093 Domini
461 5039 666 5109 pedes.
704 5038 816 5093 Ubi
848 5042 987 5093 sunt
1018 5039 1202 5109 pedes
1234 5038 1437 5107 Verbi,
1461 5036 1577 5094 nisi
1607 5038 1709 5093 ubi
1739 5054 1867 5093 cor-

207 5137 308 5193 pus
342 5132 435 5182 est
468 5127 739 5182 Christi?
785 5126 832 5181 Ο
871 5127 1173 5182 thesauris
1217 5127 1492 5183 omnibus
1535 5127 1867 5199 opulentior

263 5268 369 5333 (59)
401 5270 551 5342 Tres
584 5287 755 5342 mss.,
784 5276 843 5324 ut
870 5270 1189 5325 vindemiet
1212 5288 1265 5324 ιιι
1269 5271 1539 5342 ιγιονΙιιιιιιι,
1567 5270 1741 5327 ﬁdem
1764 5287 1858 5326 ca-

204 5339 313 5412 piat
334 5341 566 5412 σάοι-ις,
597 5341 872 5412 pabulum
904 5342 1149 5396 cce/este
1180 5339 1469 5412 reperiat.

268 5410 375 5485 (60)
404 5410 557 5485 Mss.
587 5410 946 5485 complures,
967 5410 1379 5485 consono—ore
1417 5419 1855 5485 congregatum.

270 5481 377 5555 t6!)
410 5482 557 5555 ltiss.
591 5481 832 5555 aliquot,
868 5483 977 5537 sed
995 5484 1214 5538 nitenti
1237 5490 1430 5538 tamen
1453 5481 1855 5539 meditatione.

246 5552 374 5628 _i62)
405 5552 585 5628 Salva
615 5552 725 5615 me,
752 5553 1019 5624 Domine,
1056 5560 1115 5610 et
1147 5555 1447 5625 satvabor,
1473 5556 1531 5609 in
1553 5570 1700 5610 mss.
1734 5555 1860 5627 plu-

217 5621 364 5677 ribus
393 5624 757 5681 omittuntur.

1980 4684 2433 4740 Confundantur
2470 4684 2569 4755 qui
2595 4687 3038 4754 persequuntur
3079 4698 3187 4747 me,
3234 4688 3292 4736 et
3342 4697 3455 4737 non
3500 4698 3641 4737 con-

1975 4773 2193 4829 fundar
2222 4789 2331 4844 ego
2360 4772 2606 4841 (Jercm.
2639 4787 2780 4839 xvn,
2815 4770 2924 4837 18).

2046 4863 2167 4917 105.
2202 4862 2335 4917 Νοιι
2359 4860 2648 4916 confusus
2670 4862 2763 4914 est
2792 4860 3002 4914 Petrus
3044 4860 3241 4915 dicere
3267 4877 3278 4915 :
3314 4861 3436 4916 Exi
3465 4877 3496 4916 a
3527 4878 3639 4932 me,

1976 4950 2383 5023 Domine,quia
2397 4953 2813 5021 peccatorsum
2837 4964 2945 5018 ego
2965 4949 3127 5015 (Luc.
3153 4967 3208 5017 v,
3246 4951 3300 5018 8)
3326 4967 3339 5017 ;
3372 4950 3464 5005 vir
3485 4953 3641 5006 enim

1976 5039 2216 5110 sapiens
2234 5042 2291 5094 et
2310 5037 2535 5111 gravis,
2562 5037 2621 5092 in
2643 5053 2760 5109 quo
2783 5042 2946 5093 esset
2980 5038 3266 5094 Ecclesiae
3302 5042 3641 5096 ﬁrmamen—

1974 5131 2097 5183 tum
2139 5128 2272 5196 (6-1),
2317 5130 2374 5181 et
2417 5126 2825 5199 magisterium
2870 5126 3221 5198 disciplinae,
3254 5129 3397 5183 nihil
3437 5130 3641 5185 utilius

2043 5270 2156 5336 (63)
2176 5270 2362 5326 Paris.
2386 5269 2840 5341 qlwedamedit.,
2863 5270 2971 5324 Dic
2984 5269 3107 5325 solo
3125 5270 3326 5325 verbo.
3349 5271 3638 5326 Pessime.

2042 5342 2154 5405 (61)
2176 5340 2423 5407 Quidam
2449 5357 2619 5410 mss.,
2641 5340 3102 5396 fundamentum.
3130 5341 3260 5395 Non
3287 5342 3463 5395 male:
3485 5342 3640 5395 unde

1970 5412 2012 5466 ii
2043 5413 2215 5467 etiam
2246 5429 2278 5468 e
2308 5413 2617 5467 catholicis
2649 5412 2750 5483 qui
2780 5412 2878 5483 illa
2898 5411 3128 5483 Christi
3172 5412 3403 5465 Domini
3435 5411 3636 5476 verba,

1972 5501 2153 5555 super
2192 5484 2343 5539 hanc
2376 5491 2610 5555 petram
2647 5481 2956 5538 aediﬁcabo
2996 5483 3330 5555 la‘cclesium
3370 5497 3573 5555 meum,
3606 5497 3639 5532 ιι

1974 5551 2249 5630 Patribus
2284 5551 2389 5630 _dc‘
2449 5556 2621 5630 Petro
2677 5553 3285 5630 unquamJintellecta
3348 5553 3487 5630 cunt
3552 5551 3639 5603 in-

1973 5627 2162 5699 ﬁcias,
2207 5627 2301 5682 vel
2341 5643 2414 5682 ex
2454 5626 2567 5682 hoc
2606 5625 2735 5683 solo
2782 5620 2985 5683 'sancti
3041 5620 3299 5678 doctoris
3357 5620 3488 5679 loco
3550 5638 3639 5678 rc-
