4060 6158
261 213 382 308 θφγ

1735 225 1794 316 s.
1837 225 2278 292 AMBROSII.

3526 208 3539 221 ’
3591 245 3700 310 308

265 418 383 474 sibi
423 435 561 476 esse
601 420 926 491 prospexit,
975 437 1150 494 quam
1189 439 1261 478 ne
1304 427 1688 482 secundantis
1729 429 1926 499 operis
1955 409 2015 470 Α
2047 431 2370 500 sapientia:
2409 436 2462 488 et
2495 434 2544 487 si
2580 434 2638 488 in
2687 435 2800 490 hoc
2831 437 3047 492 mundo
3080 439 3176 510 sit,
3221 455 3400 511 supra
3429 445 3696 501 mundum

265 509 648 564 extolleretur
691 512 926 564 eventu.
979 510 1047 565 Et
1089 512 1262 568 ideo:
1313 515 1454 584 Exi,
1507 515 1714 588 inquit,
1751 535 1782 571 a
1810 535 1922 589 me,

263 597 531 669 Domine.
567 597 700 652 Non
739 602 911 670 rogat
949 602 1009 654 ut
1049 600 1376 674 deseratur,
1411 606 1517 660 sed
1557 623 1630 662 ne
1669 608 1922 662 inﬂetur.

311 685 456 757 106.
495 685 712 740 Paulus
750 703 984 759 quoque
1006 689 1078 745 de
1118 693 1315 747 carnis
1339 695 1576 750 stimulo
1617 697 1926 768 gloriatur,

267 774 424 845 quod
473 774 588 828 sibi
639 791 713 830 ne
757 779 1156 851 extolleretur,
1190 785 1496 854 provisum
1545 791 1638 840 est
1669 787 1756 856 (II
1791 788 1924 842 Cor.

265 879 368 932 xu,
392 863 468 932 '7).
495 863 850 921 lllecebrosa
869 867 1150 940 jactantia
1181 877 1290 943 est,
1313 890 1487 944 quam
1512 876 1687 930 etiam
1709 877 1926 931 Paulus

261 955 536 1009 veretur:
571 953 817 1025 lubrica,
853 973 984 1028 qum
1017 960 1188 1014 etiam
1220 961 1280 1016 in
1310 962 1491 1018 Paulo
1529 969 1786 1020 cavetur.
1814 966 1929 1020 Sed

263 1055 384 1095 non
437 1041 550 1096 iste
607 1043 768 1098 facili
818 1047 1056 1102 mobilis
1107 1066 1271 1120 casu,
1315 1052 1416 1123 qui
1465 1055 1928 1110 revelationibus

264 1129 507 1184 timebat
537 1132 776 1204 extolli;
811 1137 868 1189 et
895 1136 1026 1192 ideo
1057 1140 1230 1209 quasi
1261 1140 1432 1196 fortis
1453 1143 1668 1198 athleta
1701 1144 1932 1199 laetatur

267 1221 426 1290 quod
463 1221 708 1278 vulnere
749 1227 1017 1297 corporis
1057 1243 1252 1284 emere
1283 1230 1566 1286 didicerat
1596 1233 1806 1288 animae
1838 1251 1932 1288 sa-

266 1308 526 1366 nitatem.

773 1467 917 1532 239
949 1477 1201 1534 CAPUT
1249 1479 1424 1537 XVII.

273 1613 611 1700 cavendam
631 1622 992 1700 Jactantiam‘
1027 1623 1249 1700 suadet
1278 1643 1404 1700 eum
1445 1627 1582 1682 aliis
1623 1629 1930 1700 exemplis,

343 1693 458 1742 tum
483 1690 856 1759 potissimum
887 1693 1175 1764 apiculae:
1225 1697 1452 1752 habere
1495 1701 1650 1753 enim
1683 1690 1932 1754 animum

340 1765 604 1844 nostram
630 1777 768 1816 suos
803 1763 1048 1844 volatus,
1075 1766 1290 1844 quibus
1327 1771 1538 1844 mundo
1559 1771 1930 1844 factaﬁsupe-

338 1830 998 1910 rior,DeO{eternisque
1028 1830 1668 1910 virtutibusjungatur.
1695 1830 1932 1896 Hasten—

330 1917 446 1986 pra
467 1903 1090 1986 mundumessedocet
1115 1903 1382 1986 eremplo
1407 1903 1658 1986 Cliristi,
1681 1914 1756 1968 ad
1769 1931 1935 1986 culus

340 1978 514 2044 atque
534 1975 924 2056 apostolorum
947 1975 1607 2056 imitationemauimam
1628 1975 1934 2056 urget."/Ve

341 2046 838 2123 tamenqvideatur
869 2050 1174 2123 exemplar
1209 2051 1540 2123 sublimius,
1577 2046 1852 2110 bortvatur
1875 2063 1934 2110 ut

338 2115 442 2198 fiat
485 2116 726 2198 Qbristi
757 2115 1224 2198 discipula,__q_uo
1270 2115 1538 2179 oratione
1577 2127 1932 2198 adjuvetur:

339 2188 584 2264 interim
603 2188 988 2264 diligentiam
1019 2188 1320 2264 adliibeat,
1355 2211 1422 2250 ac
1458 2198 1598 2252 vitia
1636 2188 1800 2254 varia
1831 2216 1933 2255 re-

336 2257 564 2330 linquat
585 2257 758 2314 foris.

340 2384 484 2439 106'.
509 2384 668 2458 Ergo
696 2388 753 2440 et
789 2389 852 2442 tu
880 2388 934 2443 si
973 2405 1215 2446 munera
1246 2392 1443 2448 divina
1479 2397 1844 2466 superﬂuere
1874 2398 1934 2452 in

264 2474 323 2528 fe
346 2477 402 2529 et
430 2475 763 2532 redundare
795 2481 1172 2552 cognoveris,
1207 2485 1366 2536 tuam
1397 2485 1601 2540 metire
1632 2486 1928 2556 virtutem,

265 2565 516 2636 gratiam
556 2563 678 2620 Deo
717 2567 919 2634 redde,
953 2571 1622 2646 contemplationemque
1662 2577 1932 2647 corporis

267 2652 402 2725 (65),
433 2653 594 2709 velut
622 2655 793 2710 navis
824 2655 1134 2712 saburram
1167 2661 1444 2732 suscipe;
1479 2679 1550 2718 ne
1581 2667 1636 2719 te
1666 2666 1726 2718 in
1757 2666 1934 2720 tantis

264 2742 471 2798 mundi
501 2743 780 2799 ﬂuctibus
817 2745 1116 2816 jactantiaa
1155 2749 1410 2822 alicujus
1439 2767 1580 2806 aura
1625 2753 1935 2810 circumfe-

265 2834 375 2888 rat.
411 2832 558 2904 Apis
598 2833 695 2888 illa
733 2836 974 2906 sapiens
1017 2852 1148 2892 eum
1181 2839 1338 2894 aeris
1379 2843 1574 2896 motus
1617 2847 1934 2912 suspectos

265 2919 466 2991 habet,
498 2921 716 2992 lapillis
747 2939 909 2997 saepe
964 2927 1238 2997 sublatis,
1271 2945 1378 3000 per
1421 2930 1614 2986 inania
1665 2948 1732 2987 se
1762 2933 1936 2988 librat

267 3011 509 3082 nubila;
559 3028 632 3067 ne
662 3013 793 3068 leve
825 3014 1050 3070 alarum
1088 3019 1400 3090 remigium
1431 3021 1798 3092 praecipitent
1827 3023 1934 3077 ﬂa-

265 3099 376 3155 bra
405 3104 737 3158 ventorum.
769 3104 991 3160 Paulus
1037 3110 1093 3160 et
1137 3107 1440 3163 Barnabas
1487 3115 1838 3180 putaverunt
1867 3128 1934 3168 se

267 3191 528 3262 gravari,
563 3207 697 3247 cum
737 3198 1048 3250 cernerent
1092 3196 1323 3251 adorari
1356 3199 1512 3268 (Act.
1545 3218 1664 3270 xxv,
1700 3201 1786 3272 12,
1822 3203 1930 3272 13).

269 3277 344 3333 Et
371 3282 434 3334 tu
467 3296 631 3351 cave,
665 3282 858 3356 virgo,
891 3284 1052 3340 illius
1083 3285 1330 3356 apicula:
1379 3289 1573 3358 modo,
1606 3305 1678 3344 ne
1711 3291 1934 3346 alarum

267 3371 501 3424 tuarum
529 3369 788 3427 volatum
817 3387 958 3428 aura
987 3375 1188 3432 mundi
1221 3375 1405 3448 hujus
1434 3378 1692 3434 extollat.

343 3477 467 3532 107.
499 3475 691 3533 Habet
721 3479 876 3534 enim
906 3481 1100 3536 anima
1129 3483 1362 3537 volatus
1393 3499 1560 3539 suos.
1598 3485 1667 3540 Et
1697 3485 1829 3541 ideo
1851 3487 1935 3542 di-

271 3567 430 3624 ctum
461 3569 584 3622 est:
623 3567 734 3634 Qui
752 3577 891 3624 sunt
929 3571 1053 3636 isti,
1094 3573 1193 3644 qui
1230 3572 1386 3627 sicut
1425 3573 1613 3629 nubes
1639 3575 1850 3642 volant,
1879 3583 1937 3631 et

270 3659 428 3716 sicut
457 3657 738 3716 columbae
755 3675 882 3715 cum
897 3660 1220 3732 pullissuis
1238 3661 1378 3730 (Isa.
1401 3679 1496 3733 1.x,
1521 3663 1616 3733 8)?
1648 3664 1838 3721 Habet
1854 3681 1940 3720 er-

268 3765 350 3822 go
381 3749 574 3804 anima
611 3748 910 3820 spiritales
942 3750 1196 3819 volatus,
1246 3767 1378 3822 quae
1424 3751 1593 3806 brevi
1643 3759 1937 3810 momento

269 3842 456 3894 totum
486 3839 778 3910 percurrit
809 3839 1047 3909 orbem;
1096 3840 1300 3895 liberae
1345 3841 1500 3896 enim
1540 3843 1678 3896 sunt
1709 3844 1938 3915 cogita-

269 3929 466 3984 tiones
499 3928 914 3998 prudentium;
955 3932 1172 4000 quanto
1221 3929 1294 3984 ad
1323 3929 1528 3985 altiora
1564 3935 1621 3985 et
1649 3931 1939 3987 diviniora

270 4033 340 4076 se
370 4017 708 4090 subrigunt,
739 4020 898 4073 tanto
931 4019 1124 4091 magis
1173 4018 1304 4074 sine
1334 4018 1454 4074 ullo
1483 4021 1735 4076 terrenae
1763 4021 1938 4076 molis

269 4108 690 4180 impedimento
747 4107 1035 4164 feruntur.
1078 4109 1277 4180 Itaque
1327 4109 1640 4164 adhaerens
1692 4111 1832 4180 Deo,
1884 4116 1940 4166 et

272 4198 557 4270 imaginis
575 4198 636 4253 in
655 4213 722 4254 se
741 4198 1014 4254 referens
1035 4197 1299 4254 caelestis
1312 4198 1592 4270 effigiem,
1609 4198 1710 4254 ubi
1723 4215 1938 4255 cursus

269 4303 420 4343 suos
477 4289 552 4343 ab
605 4303 890 4360 equorum
928 4287 1368 4360 perturbatione
1425 4287 1825 4358 placidaverit,
1880 4289 1938 4342 in

2047 522 2237 574 tamen
2273 525 2382 576 est.

2121 609 2242 663 108.
2289 610 2476 681 Supra
2534 613 2814 668 mundum
2871 619 2994 670 erat
3045 617 3294 688 justitia,
3342 636 3472 674 cum
3515 623 3701 678 omnia

2047 713 2233 768 regna
2274 701 2474 754 mundi
2515 706 2571 754 ct
2609 703 2949 758 universam
2980 704 3114 776 ejus
3153 707 3400 777 gloriam
3441 710 3700 766 diabolus

2050 785 2286 840 oﬂ‘erret
2317 789 2554 855 (Matt/1.
2589 807 2665 859 IV,
2697 785 2771 860 8).
2823 792 3010 863 Supra
3041 796 3322 849 mundum
3353 797 3475 866 fuit,
3509 799 3606 868 qui
3635 801 3701 855 de

2049 876 2265 930 mundo
2289 877 2432 931 nihil
2455 880 2663 951 attigit.
2700 881 2964 953 Denique
2987 884 3094 938 ait:
3137 883 3306 938 Venit
3323 886 3492 958 huius
3514 889 3706 943 mundi

2043 966 2346 1036 princeps,
2385 974 2442 1021 et
2473 969 2662 1038 inme,
2690 969 2894 1041 inquit,
2915 973 2976 1024 in
2990 972 3184 1028 veniet
3208 974 3364 1028 nihil
3375 975 3560 1044 (Joan.
3583 993 3701 1046 xxv,

2047 1055 2388 1122 30,).Discite
2409 1071 2552 1128 ergo
2577 1057 2636 1112 in
2655 1058 2767 1112 hoc
2785 1060 3002 1115 mundo
3026 1077 3208 1132 supra
3229 1064 3509 1119 mundum
3537 1080 3701 1122 esse:

2049 1146 2104 1195 et
2134 1143 2184 1196 si
2219 1159 2436 1213 corpus
2469 1147 2698 1217 geritis,
2731 1147 2932 1202 volitet
2972 1149 3030 1202 in
3072 1151 3246 1206 vobis
3285 1151 3410 1207 ales
3448 1153 3703 1208 interior.

2049 1231 2237 1302 Supra
2269 1233 2550 1288 mundum
2584 1239 2674 1290 est
2704 1236 2821 1307 ille,
2857 1238 2958 1308 qui
2986 1238 3134 1294 tollit
3167 1241 3349 1295 Deum
3379 1241 3439 1296 in
3471 1258 3710 1314 corpore

2050 1335 2180 1374 SUO.

2123 1410 2244 1464 109.
2277 1409 2393 1465 Sed
2426 1411 2611 1466 Deum
2640 1413 2854 1469 imitari
2887 1432 3004 1472 non
3045 1433 3390 1488 possumus.
3421 1419 3712 1476 Imitemur

2051 1497 2376 1568 apostolos,
2437 1516 2588 1571 quos
2627 1503 2882 1558 mundus
2934 1505 3069 1560 odio
3117 1506 3360 1577 habuit;
3407 1509 3544 1580 quia
3572 1500 3713 1565 240

2051 1603 2168 1640 non
2201 1590 2366 1641 erant
2404 1588 2474 1642 de
2515 1589 2628 1644 hoc
2660 1593 2876 1646 mundo
2909 1593 3096 1661 (Joan.
3130 1612 3229 1663 xv,
3267 1597 3376 1666 19).
3424 1599 3548 1652 llos
3590 1599 3712 1652 imi-

2048 1679 2192 1746 tare,
2227 1676 2338 1730 hos
2370 1693 2642 1748 sequere.
2678 1679 2795 1735 Sed
2825 1683 3070 1737 arduum
3103 1687 3274 1754 putas
3308 1685 3562 1740 humana
3593 1689 3712 1741 vir-

2052 1768 2171 1820 tute
2204 1782 2384 1836 supra
2415 1767 2694 1822 mundum
2717 1771 3064 1827 ascendere.
3101 1773 3258 1826 Bene
3289 1776 3553 1845 asseris;
3586 1793 3711 1830 nam

2053 1857 2109 1908 et
2138 1855 2388 1924 apostoli
2419 1871 2536 1910 non
2568 1859 2738 1928 quasi
2762 1863 3094 1930 consortes,
3121 1863 3227 1916 sed
3251 1865 3425 1934 quasi
3446 1865 3716 1934 discipuli

2051 1944 2358 2014 sequendo
2406 1943 2740 2017 Dominum,
2775 1963 2956 2018 supra
2988 1951 3269 2006 mundum
3320 1969 3461 2008 esse
3492 1969 3714 2008 merue-

2049 2036 2206 2086 runt.
2241 2033 2310 2086 Et
2338 2036 2400 2087 tu
2432 2037 2558 2088 esto
2591 2033 2810 2090 Christi
2857 2037 3168 2110 discipula,
3217 2039 3440 2096 Christi
3472 2043 3710 2098 aemula:

2052 2127 2106 2175 et
2135 2137 2242 2192 pro
2277 2125 2330 2176 te
2362 2127 2549 2194 rogat,
2587 2125 2689 2196 qui
2715 2141 2822 2195 pro
2845 2126 2964 2180 illis
2995 2129 3244 2200 rogavit.
3271 2129 3408 2186 Non
3429 2133 3581 2186 enim
3611 2147 3714 2202 pro

2051 2211 2338 2282 apostolis
2371 2214 2610 2282 tantum,
2645 2213 2850 2285 inquit,
2872 2230 3056 2288 rogo;
3091 2217 3196 2272 sed
3229 2235 3337 2288 pro
3369 2220 3450 2274 iis
3479 2221 3719 2294 quiore-

2053 2299 2190 2354 dcnt
2219 2316 2325 2370 per
2354 2317 2686 2356 sermonem
2719 2319 2922 2358 eorum
2953 2307 3014 2360 in
3042 2322 3174 2376 me;
3209 2311 3270 2360 ut
3293 2324 3508 2364 omnes
3539 2325 3714 2365 unum

2051 2389 2190 2444 sint.
2227 2389 2419 2444 Unum
2448 2391 2629 2462 igitur
2659 2408 2770 2446 nos
2805 2409 2942 2448 esse
2973 2395 3097 2449 vult
3126 2396 3442 2467 Dominus,
3467 2401 3719 2470 utsupra

2049 2479 2331 2533 mundum
2364 2480 2552 2534 simus
2585 2497 2823 2552 omnes;
2856 2485 2916 2536 ut
2940 2499 3052 2538 una
3086 2485 3163 2539 sit
3194 2486 3466 2558 castitas,
3487 2503 3598 2542 una
3615 2504 3718 2543 vo-

2050 2566 2266 2637 luntas,
2303 2585 2416 2623 una
2445 2569 2700 2641 bonitas,
2736 2588 2852 2626 una
2883 2575 3090 2645 gratia.
3127 2574 3236 2630 His
3277 2575 3442 2630 enim
3471 2577 3643 2631 alitur
3669 2579 3722 2634 et

2051 2661 2302 2728 augetur
2331 2659 2543 2714 animae
2574 2661 2827 2716 volatus.

2123 2745 2244 2800 110.
2285 2745 2442 2818 Ergo
2471 2763 2588 2802 non
2623 2749 3193 2822 pigrescamus(6’l),
3231 2755 3336 2808 sed
3359 2755 3440 2810 de
3475 2755 3718 2810 terrenis

2052 2849 2530 2907 consurgamus;
2581 2853 2645 2891 ea
2681 2841 2772 2892 est
2821 2840 2978 2894 enim
3028 2843 3233 2896 natura
3277 2859 3632 2914 pennarum,
3661 2846 3719 2899 ut

2049 2923 2324 2995 agitando
2356 2941 2422 2980 se
2453 2927 2723 2981 virtutem
2757 2929 3005 2998 capiant.
3040 2930 3124 2985 Eo
3165 2931 3418 3003 juvatur
3444 2935 3708 3002 volatus;

1975 3036 2024 3098 C
2054 3031 2170 3085 quo
2202 3015 2392 3068 anima
2426 3015 2768 3086 delectatur,
2804 3035 2936 3090 quae
2967 3019 3018 3074 si
3053 3037 3292 3092 semper
3308 3022 3498 3077 Deum
3523 3038 3722 3094 sequa-

269 4376 437 4432 illum
467 4351 788 4432 mthereum
818 4351 1148 4449 purumque
1198 4376 1394 4431 locum
1426 4351 1655 4446 plausu
1697 4351 1937 4447 Spirita-
1968 4351 2022 4414 D

270 4466 415 4522 lium
445 4471 648 4524 evecta
679 4483 1023 4538 pennarum,
1059 4467 1311 4536 despicit
1340 4465 1532 4520 omnia
1565 4482 1697 4537 quae
1737 4467 1796 4520 in
1826 4467 1938 4521 hoc

271 4557 492 4613 mundo
539 4560 704 4613 sunt:
749 4561 808 4612 et
855 4557 1095 4612 aeternis
1136 4555 1353 4610 intenta
1387 4555 1724 4626 virtutibus,
1760 4571 1940 4626 supra

273 4647 557 4702 mundum
585 4647 820 4702 labitur.
849 4645 1039 4716 Supra
1070 4645 1351 4699 mundum
1384 4645 1538 4699 enim
1564 4643 1794 4716 justitia
1826 4649 1936 4714 est,

273 4751 456 4806 supra
511 4736 794 4795 mundum
863 4734 1120 4789 charitas
1181 4732 1332 4805 (66),
1411 4749 1593 4804 supra
1659 4734 1940 4788 mundum

273 4824 536 4896 castitas,
581 4839 761 4897 supra
803 4823 1085 4879 mundum
1132 4823 1388 4893 bonitas,
1441 4837 1620 4893 supra
1659 4823 1939 4878 mundum

271 4969 430 5025 vinci
461 4969 743 5042 possunt:
781 4966 878 5023 hic
911 4967 1066 5022 enim
1087 4966 1159 5030 ad
1197 4981 1330 5021 eum
1352 4965 1531 5021 alludi
1563 4965 1938 5021 manifestum

271 5045 384 5098 est.

344 5113 457 5184 (65)
481 5113 652 5168 Rom.
673 5111 811 5182 edit,
833 5111 1381 5190 contentionemque
1397 5110 1666 5190 corporis
1688 5129 1704 5163 :
1726 5108 1938 5190 melius

271 5180 402 5240 alite
434 5180 503 5240 ac
535 5180 1793 5262 ms_s.,contemplationemquecorporisrid
1825 5183 1936 5262 est,

273 5255 810 5334 considerationem
843 5251 1144 5334 corporea:
1179 5251 1514 5334 fragilitatis
1556 5267 1626 5334 ac
1674 5251 1935 5334 vilitatis.

271 5329 380 5384 Est
409 5330 600 5382 autem
624 5326 900 5392 saburra,
921 5323 1098 5396 cujus
1131 5323 1573 5396 continuo‘post
1606 5324 1829 5396 mentio
1853 5324 1934 5392 tit,

271 5416 450 5454 arena
481 5399 540 5453 in
569 5399 752 5454 fundo
783 5393 1020 5451 navium
1051 5395 1263 5466 posita,
1296 5409 1368 5448 ne
1400 5393 1514 5466 illte
1565 5397 1664 5448 aut
1695 5395 1937 5466 nimium

270 5473 573 5552 ﬂuctuent,
607 5469 976 5552 authalteram
1103 5469 1324 5552 partem
1364 5465 1738 5552 inclinentur.
1773 5465 1937 5552 Quod

267 5559 414 5597 vero
433 5537 820 5610 subjungitur
836 5541 907 5594 de
928 5539 1162 5610 apibus,
1187 5537 1245 5610 id
1277 5553 1395 5591 non
1416 5537 1671 5592 obscure
1695 5540 1939 5606 petitum

270 5613 380 5668 fuit
407 5629 483 5669 ex
511 5607 611 5670 illo
643 5607 897 5687 Virgilii,
939 5609 1041 5666 lib.
1078 5625 1154 5664 ιν.
1195 5607 1438 5681 Georg;

2009 4559 2057 4613 ’ί
2128 4559 2339 4640 solitus
2353 4559 2698 4649 nscezildere,
2721 4586 2883 4640 modo
2902 4603 2972 4639 nu
2987 4559 3096 4639 vin;
3115 4607 3130 4649 ,ο
3151 4588 3258 4641 hac
3271 4604 3473 4641 ansam
3493 4595 3712 4652 nactus,

1969 5519 2004 5534 Ι

2052 3106 2166 3173 tur,
2199 3107 2372 3175 atque
2422 3105 2481 3158 in
2515 3107 2686 3161 domo
2736 3107 2969 3162 Domini
3006 3109 3270 3164 habitare
3313 3111 3634 3180 desideret,
3665 3113 3718 3166 et

2053 3191 2187 3262 ejus
2218 3193 2602 3251 delectatione
2651 3200 2947 3267 pascatur,
2980 3214 3048 3252 ac
3098 3199 3406 3255 miraculis
3449 3203 3718 3256 virtutum

2051 3281 2240 3336 alatur
2290 3283 2848 3354 cmlcstium;.furis
2898 3287 3189 3359 relinquet
3238 3289 3544 3360 invidiam,
3589 3305 3716 3361 quae

2053 3373 2216 3424 extra
2246 3371 2489 3426 chorum
2513 3376 2604 3428 est
2626 3375 2995 3447 angelorum,
3035 3376 3182 3431 foris
3206 3378 3562 3448 cupiditates
3587 3395 3716 3434 cor-

2052 3461 2238 3533 poris,
2274 3477 2406 3531 quae
2450 3463 2728 3533 templum
2767 3464 2872 3520 Dei
2902 3465 3195 3520 maculare
3229 3482 3345 3520 non
3379 3468 3616 3522 debent.
3651 3466 3718 3522 Et

2053 3531 2185 3586 ideo
2235 3533 2512 3602 quoniam
2561 3531 2841 3605 templum
2888 3536 2992 3591 Dei
3039 3553 3268 3608 sumus,
3313 3539 3649 3594 materiales
3686 3555 3718 3592 a

2053 3619 2228 3674 nobis
2259 3621 2692 3678 sollicitudines
2724 3625 3091 3680 abdicemus.

2632 3711 2884 3768 CAPUT
2929 3715 3130 3769 XVIII.

2060 3797 2222 3864 Quod
2251 3815 2283 3854 a
2306 3801 2744 3876 poetisanima}
2763 3819 2996 3873 currus,
3025 3805 3160 3876 equi
3181 3810 3240 3860 et
3261 3805 3371 3860 abi:
3395 3805 3720 3860 attribuun-

2129 3875 2242 3935 tur,
2301 3871 2365 3923 id
2397 3873 2646 3948 petitum
2700 3889 2732 3926 a
2785 3871 3086 3948 propheta
3130 3876 3478 3932 Ezechiele.
3539 3877 3720 3948 Hujus

2129 3891 2242 3935 (ur,
2301 3891 2360 3923 Ia
2397 3891 2646 3942 pentum
2700 3891 2732 3926 a
2767 3891 3074 3998 [propheta
3130 3891 3478 3932 b'zeemele.
3539 3891 3718 3948 lin/us

2127 3949 2372 4013 quatuor
2403 3943 2738 4020 animalium
2795 3962 2992 4000 ormas
3022 3948 3234 4020 quibus
3255 3957 3506 4020 quatuor
3525 3949 3718 4020 expri-

2124 4019 2364 4089 muntur
2392 4015 2797 4089 evangelista),
2843 4015 3089 4089 quatuor
3122 4015 3298 4073 etiam
3329 4015 3717 4075 cardinalium

2132 4085 2653 4157 virtutumﬁguras
2685 4103 2820 4141 esse
2844 4085 3198 4144 ostenditur.
3221 4091 3419 4145 David
3449 4092 3625 4146 etiam
3647 4090 3717 4150 de

2127 4157 2336 4234 animae
2356 4156 2736 4228 alis’pulcbre
2765 4159 3017 4234 dixisse.
3042 4161 3336 4234 Accendit
3359 4177 3507 4234 ergo
3524 4179 3629 4218 nos
3648 4159 3720 4216 ad

2133 4227 2382 4303 volatum
2399 4227 2640 4282 sanctus
2657 4231 2934 4303 antistes,
2962 4238 3020 4286 et
3044 4248 3168 4302 quae
3189 4227 3474 4303 fugienda
3493 4236 3720 4289 moneat

2125 4299 2286 4372 Icari
2314 4299 2531 4371 lapsus,
2569 4300 2740 4355 nobis
2771 4303 2984 4372 aperit.
3021 4299 3529 4359 Deindewvolandi
3556 4303 3717 4359 dif/i-

2127 4370 2345 4426 cultate
2368 4370 2690 4442 proposita,
2726 4370 2892 4427 dot-ct
2923 4375 2978 4427 si
3008 4381 3174 4428 artus
3206 4377 3402 4428 nostri
3430 4377 3554 4430 sibi
3583 4392 3718 4429 con-

2129 4443 2454 4511 senserint,
2488 4443 2621 4498 fore
2655 4450 2714 4497 ut
2750 4444 3051 4498 videmnus
3076 4445 3380 4500 Clu-istum
3401 4447 3464 4500 in
3491 4448 3718 4512 throno,

2130 4515 2242 4597 qui.
2259 4530 2364 4568 nos
2393 4515 2617 4597 dirigat
2637 4535 2652 4568 .·
2685 4531 2810 4568 cum
2836 4531 2976 4597 vero
3007 4515 3244 4597 legatur
3273 4517 3441 4572 modo
3471 4524 3719 4597 montem

2127 4659 2302 4730 navis
2333 4674 2399 4710 ne
2421 4657 2775 4728 piscationis
2793 4657 2971 4712 Petri
2989 4661 3300 4730 mysticam
3333 4659 3546 4713 enodat
3579 4675 3716 4713 sen-

2130 4729 2392 4782 tentiam.

2127 4817 2250 4872 111.
2305 4817 2391 4872 Ac
2439 4832 2512 4872 ne
2573 4816 2722 4872 forte
2780 4816 3195 4890 philosophica
3246 4819 3356 4888 (68)
3399 4818 3577 4873 alicui
3623 4819 3718 4871 aut

2119 4961 3430 5022 ................Etsmpelapillos,

2063 5064 2076 5071 -
2117 5023 2414 5086 Uticymba:
2445 5022 2718 5072 instabiles
2741 5023 3150 5086 ﬂuctujactante
3177 5025 3468 5082 saburram,

2116 5085 2330 5134 Tollunt
2355 5101 2364 5132 :
2393 5086 2476 5133 his
2499 5099 2617 5133 sese
2647 5099 2739 5148 per
2773 5085 2948 5133 inania
2971 5087 3150 5134 nubila
3177 5087 3386 5134 librant.

2127 5175 2238 5252 (66)
2273 5175 2464 5252 Supra
2497 5174 2768 5229 mundum
2808 5175 3092 5244 charitas,
3128 5175 3188 5228 in
3227 5191 3373 5229 mss.
3417 5173 3724 5252 plerisque

2053 5249 2484 5304 desiderantur.

2123 5320 2235 5388 (67)
2265 5318 2482 5372 Omnes
2515 5317 2675 5385 edit.,
2711 5333 2824 5372 non
2849 5316 3260 5387 pigreseamus
3291 5317 3582 5388 deserere
3605 5321 3721 5368 ter-

2053 5387 2231 5454 rena;
2257 5405 2322 5443 ea
2343 5395 2454 5456 est,
2479 5393 2612 5455 etc.;
2639 5404 2784 5442 mss.
2810 5404 2950 5442 vero
2974 5388 3260 5460 nonnulli,
3287 5387 3718 5460 nonpigresca-

2053 5478 2181 5517 mus
2209 5461 2354 5514 sede
2380 5466 2622 5514 terrena
2645 5478 2663 5522 ,ο
2698 5476 2764 5513 ea
2789 5466 2897 5524 est,
2919 5463 3054 5528 etc.;
3071 5459 3281 5530 reliqui
3313 5457 3492 5514 multo
3517 5457 3718 5527 plures

2055 5534 2204 5588 utin
2246 5535 2541 5608 contextu.
2585 5600 2596 5608 _
2720 5601 2731 5608 _
2888 5600 2903 5608 _
2987 5602 2997 5608 _
3163 5601 3172 5608 _
3341 5601 3351 5608 _
3407 5601 3432 5608 Α
3481 5599 3492 5608 ,
3536 5598 3593 5608 ,,

2125 5605 2238 5674 (68)
2263 5603 2562 5657 Platonem
2585 5600 2695 5656 hoc
2717 5601 2848 5656 loco
2873 5600 3175 5674 designari
3198 5617 3316 5658 non
3337 5598 3713 5668 inﬁciabitur,
