4060 6158
328 297 442 367 309

1516 295 1774 360 LIBER
1801 293 1915 358 DE
1948 292 2517 359 VIRGINITA'I‘E.

3644 285 3763 354 310

329 499 540 570 poetica
572 514 899 570 usurpasse
929 497 1254 568 videamur,
1287 500 1351 553 ut
1369 513 1602 566 currus,
1628 511 1838 567 equos,
1862 495 1988 551 alas
2029 483 2055 525 Α
2100 496 2289 551 locata
2309 495 2493 565 videt,
2525 495 2907 566 exploratque
2947 495 3142 551 omnia
3175 510 3189 552 :
3219 509 3353 566 quae
3397 492 3528 548 allis
3563 491 3763 564 potius

331 589 529 643 animae
567 588 923 657 diceremus,
958 604 1090 658 quae
1121 588 1206 641 illi
1265 587 1457 659 magis
1498 601 1884 656 assumpsere
1917 585 1988 640 de

327 678 540 732 nostris
566 693 581 746 ;
605 677 950 731 domesticis
989 692 1101 730 nos
1133 691 1280 730 usos
1312 674 1602 729 subsidiis
1625 674 1986 745 propheticis

326 767 508 820 series
558 766 830 820 lectionis
875 764 1164 833 ostendit,
1222 781 1354 835 quae
1399 765 1458 817 in
1490 764 1647 817 hunc
1677 763 1913 817 modum
1954 778 1986 815 a

326 858 521 909 sancto
555 854 863 908 Ezechiele
887 853 1105 923 scripta
1146 857 1237 906 est
1271 873 1287 905 .-
1322 853 1402 906 Et
1432 852 1589 906 facta
1615 857 1707 906 est
1728 851 1855 906 illic
1885 867 1986 904 su-

317 961 424 1015 per
442 959 531 997 me
560 959 766 996 manus
780 942 1032 1009 Domini,
1059 948 1116 996 et
1147 942 1284 1003 vidi,
1312 948 1370 996 et
1393 957 1530 995 ecce
1552 941 1807 1012 spiritus
1843 956 1982 994 sur-

322 1049 464 1104 gens
485 1030 593 1100 (69)
635 1031 913 1085 veniebat
957 1031 1031 1084 ab
1066 1030 1377 1103 Aquilone,
1431 1037 1489 1084 et
1534 1029 1723 1085 nubes
1776 1045 1986 1101 magna

324 1121 521 1175 eratin
553 1136 639 1188 eo,
672 1126 729 1174 et
758 1120 922 1191 ignis
950 1119 1287 1190 refulgens,
1328 1124 1385 1173 et
1412 1118 1606 1172 lumen
1632 1119 1694 1171 in
1734 1118 1988 1171 circuitu

323 1211 442 1282 ejus
463 1211 615 1263 sicut
640 1209 833 1263 lumen
858 1208 1072 1262 electri
1106 1210 1167 1261 in
1201 1208 1394 1263 medio
1426 1207 1605 1279 ignis,
1633 1213 1691 1260 et
1710 1206 1902 1261 lumen
1926 1207 1986 1259 in

322 1315 401 1367 eo,
430 1299 572 1352 etin
598 1298 792 1352 medio
817 1299 970 1353 sicut
1002 1296 1335 1351 similitudo
1370 1300 1619 1368 quatuor
1648 1294 1985 1349 animalium

321 1387 558 1455 (Ezech.
586 1404 624 1453 ι,
656 1386 801 1454 3-5).

394 1475 531 1539 241
594 1475 715 1528 112.
778 1474 957 1528 Vides
1005 1474 1187 1546 igitur
1232 1473 1505 1527 animalia
1565 1471 1690 1543 jam
1736 1474 1988 1543 quatuor

318 1580 448 1618 esse
466 1563 787 1633 descripta.
812 1562 1161 1633 Cujusmodi
1196 1562 1316 1616 sint
1351 1561 1623 1615 animalia
1658 1560 1772 1615 ista
1802 1560 1986 1615 debe-

317 1669 443 1706 mus
469 1653 781 1706 advertere
813 1667 826 1706 :
864 1651 1229 1719 Similitudo,
1279 1651 1486 1721 inquit,
1545 1649 1740 1704 vultus
1779 1665 1980 1704 eorum

317 1742 500 1796 facies
520 1741 800 1809 hominis,
825 1740 1017 1795 facies
1038 1739 1228 1794 leonis
1249 1756 1280 1793 a
1305 1739 1545 1793 dextris
1565 1738 1692 1793 illis
1710 1744 1981 1811 quatuor,

2101 589 2233 639 nata
2263 586 2374 654 ('70)
2405 601 2580 656 quam
2619 584 2756 653 sibi,
2799 600 2917 639 non
2941 587 3067 663 tam;
3089 600 3231 638 suas
3270 583 3554 638 utilitates
3587 596 3764 653 quam

2101 674 2334 744 publica
2382 674 2775 729 emolumenta
2839 673 3101 727 rimatur.
3176 672 3501 743 Meritoque
3570 670 3766 725 anima

2100 766 2334 832 operata
2379 761 2698 834 justitiam,
2759 760 2986 815 forman
3043 762 3255 832 aquilae
3311 761 3551 831 accipit,
3608 758 3766 831 quod

2098 854 2331 905 terrena
2353 851 2692 921 defugicns,
2743 854 2978 920 totaque
3022 849 3247 903 ccelesti
3278 849 3551 904 sublimis
3584 851 3642 903 et
3671 849 3768 903 in-

2098 943 2254 994 tenta
2276 940 2577 1010 mysterio,
2612 939 3069 994 resurrectionis
3086 939 3333 1010 gloriam
3358 939 3546 1008 pretio
3577 938 3769 1009 sequi-

2098 1029 2235 1082 tatis
2275 1028 2642 1098 adipiscitur.
2690 1028 2936 1098 Propter
3000 1027 3157 1098 quod
3224 1025 3297 1080 ad
3364 1042 3493 1080 eam
3550 1027 3769 1081 dictum

2098 1120 2190 1172 est
2223 1132 2236 1172 :
2269 1116 2682 1172 llenovabitur
2715 1117 2869 1172 sicut
2905 1116 3117 1189 aquilae
3128 1117 3422 1189 juventus
3458 1120 3553 1169 tua
3575 1115 3766 1186 (Psal.

2097 1223 2201 1276 ιιι,
2226 1208 2302 1275 5).

2169 1296 2291 1350 145.
2319 1295 2425 1349 Est
2463 1311 2608 1367 ergo
2641 1298 2697 1350 et
2736 1294 2907 1367 juxta
2958 1295 3177 1364 David,
3235 1295 3347 1349 alis
3401 1293 3769 1364 spiritalibus

2095 1385 2288 1438 anima
2323 1384 2483 1453 fulta,
2509 1400 2684 1455 quam
2715 1400 2982 1456 cousque
3028 1385 3332 1440 volucrem
3381 1384 3555 1439 nobis
3587 1382 3772 1437 voluit

2096 1472 2419 1541 declarare,
2446 1476 2507 1526 ut
2538 1473 2679 1527 alibi
2727 1490 2962 1545 quoque
2994 1473 3219 1528 diceret
3261 1489 3274 1528 :
3309 1474 3526 1527 Anima
3564 1478 3769 1527 nostra

2097 1563 2251 1617 sicut
2263 1577 2483 1633 passer
2505 1568 2711 1632 erepta
2743 1568 2835 1616 est
2868 1562 2942 1616 de
2976 1562 3182 1634 laqueo
3221 1562 3554 1617 venantium
3577 1559 3767 1631 (Psal.

2095 1668 2311 1719 cxxm,
2347 1651 2422 1719 Ἴ).
2460 1650 2531 1704 Et
2570 1650 2712 1704 alibi
2745 1666 2757 1705 :
2793 1650 2858 1704 In
2908 1650 3154 1707 Domino
3191 1650 3449 1720 conﬁdo,
3492 1650 3771 1723 quomodo

2096 1740 2302 1794 dicitis
2335 1739 2547 1793 animae
2584 1755 2729 1794 mete
2751 1759 2768 1792 :
2811 1739 3193 1812 Transmigra
3232 1742 3295 1794 in
3332 1747 3585 1795 montem
3613 1739 3769 1795 sicut

316 1831 569 1886 etfacies
617 1829 786 1883 vituli
822 1846 854 1882 a
894 1828 1179 1883 sinistris
1220 1828 1349 1882 illis
1386 1833 1663 1900 quatuor,
1703 1833 1761 1881 et
1797 1826 1987 1881 facies
2019 1860 2069 1922 Β
2091 1845 2309 1900 passer
2329 1827 2518 1897 (Psal.
2550 1847 2610 1897 x,
2645 1829 2719 1898 92),
2774 1828 2965 1883 Habet
3008 1829 3188 1901 igitur
3218 1829 3343 1883 alas
3374 1830 3567 1883 anima
3599 1846 3764 1899 suas,

315 1919 520 1991 aquilae
544 1919 803 1989 desuper
826 1917 950 1971 illis
965 1923 1229 1989 quatuor,
1256 1923 1315 1970 et
1340 1916 1448 1971 alae
1479 1932 1680 1971 eorum
1721 1921 1987 1971 extensae

312 2008 483 2078 (Ibid,
512 2006 738 2076 10,11).

380 2114 501 2168 113.
558 2113 669 2167 Hic
719 2128 954 2184 quoque
995 2111 1248 2166 animam
1297 2112 1556 2167 describi
1614 2112 1983 2182 accepimus,

314 2203 484 2272 cujus
516 2206 773 2284 quatuor
816 2201 1110 2268 animalia,
1150 2204 1401 2272 quatuor
1433 2199 1776 2255 affectiones
1808 2202 1983 2254 sunt:

314 2294 414 2346 sed
445 2309 569 2346 non
592 2293 689 2360 ita,
715 2295 774 2345 ut
792 2291 908 2345 illae
927 2306 1076 2362 quas
1099 2306 1279 2360 supra
1302 2290 1769 2360 descripsimus;
1793 2288 1986 2342 adhuc

313 2382 461 2435 enim
492 2381 616 2435 illa;
650 2380 999 2434 erudiuntur
1036 2379 1278 2449 animae,
1324 2393 1795 2449 processumque
1825 2377 1985 2431 acci-

312 2472 471 2540 piunt
506 2486 521 2524 :
568 2469 665 2523 hic
701 2468 824 2539 jam
856 2467 1116 2538 perfecta
1148 2468 1526 2522 describitur.
1573 2467 1838 2537 Denique
1869 2466 1985 2520 illa)

308 2560 633 2613 invitantur
653 2558 725 2611 ad
749 2557 983 2625 coelum,
1009 2556 1138 2611 haec
1166 2557 1225 2610 in
1257 2558 1408 2612 caelo
1427 2560 1521 2611 est
1553 2572 1684 2611 cum
1720 2556 1824 2610 Dei
1853 2571 1986 2609 ver-

308 2649 400 2703 bo.
437 2649 635 2701 Habet
663 2652 856 2700 autem
887 2649 1140 2716 quatuor
1167 2644 1534 2715 affectiones,
1567 2644 1625 2698 id
1660 2648 1771 2699 est.
1813 2644 1984 2698 simi-

309 2737 541 2791 litudini
572 2736 848 2802 hominis,
893 2735 1105 2803 leonis,
1161 2735 1357 2803 vituli,
1404 2738 1460 2789 et
1498 2734 1711 2805 aquilae
1743 2749 1983 2803 compa-

310 2827 551 2880 randas.
584 2825 743 2890 Quas
783 2824 1006 2878 formas
1039 2840 1142 2894 pro
1187 2824 1473 2879 librorum
1503 2815 1984 2894 evangelicorum

310 2915 669 2986 preprietate
690 2913 1028 2983 accepimus
1051 2913 1357 2984 figuratas.
1378 2912 1449 2966 Et
1465 2912 1596 2966 ideo
1620 2912 1715 2966 hic
1747 2927 1983 2982 quoque

310 3005 365 3058 in
416 3004 663 3058 homine
723 3001 1119 3070 rationabilis,
1167 3003 1226 3055 in
1273 3001 1444 3056 leone
1500 3000 1861 3071 impetibilis,
1923 3000 1983 3055 in

306 3094 482 3147 vitulo
530 3090 1038 3161 concupiscibilis,
1079 3090 1137 3143 in
1168 3090 1361 3160 aquila
1394 3089 1653 3144 visibilis
1686 3105 1794 3160 per
1822 3090 1979 3161 figu-

309 3199 400 3237 ras
423 3181 771 3235 animalium
803 3179 1038 3250 species
1068 3177 1398 3234 affectionis
1431 3195 1720 3250 expressa
1763 3181 1872 3233 est.

377 3271 498 3327 114.
542 3270 690 3323 Nam
713 3269 772 3322 in
803 3268 959 3322 omni
992 3268 1257 3338 sapiente
1294 3269 1424 3323 viro
1463 3269 1783 3339 prudentes
1815 3268 1983 3323 Grae-

310 3362 411 3415 ciae
442 3375 589 3415 esse
636 3360 1111 3412 memoraverunt
1157 3363 1464 3438 λογιστικδν,
1512 3364 1799 3439 ουμηοιχὸν,
1863 3363 1980 3418 έπι..

308 3456 601 3531 θυμητικὸν,
635 3452 922 3530 διορατικὸν
949 3466 962 3506 :
1000 3447 1191 3501 Latini
1222 3463 1364 3502 vero
1386 3447 1775 3517 prudentiam,
1812 3446 1983 3501 forti-

310 3541 591 3607 tudinem,
628 3537 1073 3607 temperantiam
1114 3540 1286 3607 atque
1323 3536 1632 3607 justitiam.
1668 3535 1983 3591 Prudentia

311 3628 458 3682 enim
482 3626 736 3681 rationis
759 3625 1030 3679 humana:
1062 3629 1183 3679 est:
1211 3625 1489 3680 fortitudo
1520 3625 1638 3678 vim
1670 3625 1982 3696 quamdam

313 3715 654 3771 ferocientis
685 3714 920 3769 virtutis
960 3713 1155 3782 habet,
1200 3715 1523 3785 mortisque
1547 3716 1977 3784 contemptum:

309 3804 694 3877 temperantia
762 3806 1012 3857 sacratm
1079 3802 1316 3857 vinculo
1364 3803 1700 3871 charitatis,
1759 3804 1981 3873 myste-

311 3897 652 3965 riorumque
681 3892 1171 3962 contemplatione
1204 3892 1555 3963 ccelestium,
1581 3892 1831 3965 negligit
1850 3908 1981 3947 cor-

310 3986 468 4054 poris
506 3982 843 4052 voluptates
869 3980 1132 4052 :justitia
1163 3981 1223 4036 in
1260 3981 1377 4036 alto
1399 3982 1653 4053 quodam
1684 3984 1981 4054 suggestu

310 4124 858 4205 cuilibueritbung
880 4123 1092 4205 locum
1113 4127 1169 4178 et
1197 4140 1331 4205 quae
1362 4124 1464 4179 lib.
1497 4142 1537 4179 ιι
1566 4125 1640 4180 de
1672 4124 1979 4205 Abrabpm

311 4214 359 4252 ο.
387 4197 440 4262 8,
476 4212 641 4252 num.
675 4195 763 4263 54,
799 4195 1191 4264 disputantur,
1218 4195 1448 4250 interse
1480 4212 1841 4266 comparare.
1860 4196 1977 4251 Sed

313 4277 364 4326 et
382 4278 515 4328 ante
564 4266 947 4337 Ambrosium
983 4266 1258 4320 Justinus
1308 4270 1528 4337 martyr
1555 4266 1711 4321 Orat.
1748 4267 1975 4321 Paraen.

314 4345 580 4399 eumdem
612 4336 1030 4408 philosophum
1062 4336 1479 4407 pr0phetarum
1499 4339 1705 4405 libros,
1734 4341 1791 4392 et
1823 4338 1978 4391 hunc

313 4414 618 4488 imprimis.
654 4408 982 4488 Ezechielis
1041 4409 1256 4488 locum_
1287 4409 1620 4488 perlegisse
1684 4411 1934 4488 testatus
1961 4449 1975 4478 ,

310 4483 523 4571 adjicit
540 4505 563 4571 :_
594 4483 1052 4571 WEv’Jsvbpgtdipsvo;
1074 4483 1453 4571 o‘maléquo;
1477 4486 1821 4571 Πλᾴτωγμετά
1841 4486 1971 4571 πολλ-

314 4562 392 4625 λὶρς
423 4566 715 4642 καρρησίας
748 4566 851 4641 βοᾷ
886 4565 1059 4639 λέγων,
1088 4562 1131 4620 ὸ
1153 4569 1249 4641 μὴν
1270 4563 1329 4625 δὴ
1350 4566 1504 4641 μέγας
1545 4568 1595 4621 ἐν
1626 4567 1820 4642 οὐρανῶ
1863 4569 1977 4629 In);
2011 4575 2063 4636 D

314 4647 489 4720 πτηνὸν
510 4667 651 4720 αρμα
674 4646 908 4699 ἐλαύνων.

384 4719 488 4789 (69)
520 4719 780 4792 Ιίεἱγωεξ.
812 4721 935 4774 fere
965 4720 1037 4773 ad
1088 4730 1268 4774 unum
1307 4736 1318 4792 ;
1355 4721 1491 4775 edit.
1527 4736 1688 4789 vero,
1723 4721 1976 4792 spiritus

319 4802 574 4860 urgens;
607 4791 784 4859 LXX,
814 4803 1006 4872 πνεῦμα
1029 4799 1246 4873 ἐξαίρων,
1300 4791 1357 4845 id
1391 4795 1501 4857 est,
1537 4793 1782 4862 spiritus
1812 4792 1975 4846 aufe-

318 4884 473 4937 rens,
508 4870 882 4940 procellosus
915 4870 982 4924 ac
1004 4870 1341 4939 violentus;
1390 4872 1535 4926 nihil
1582 4876 1777 4926 tamen
1820 4874 1977 4925 vetat

318 4940 453 5009 quin
483 4942 839 5016 Ambrosius
872 4943 1133 5009 verterit,
1153 4945 1405 5016 spiritus
1423 4959 1663 5016 urgens,
1689 4958 1820 4997 cum
1844 4945 1980 5012 post

317 5018 507 5091 ἱξαῐρον
538 5013 988 5085 subintelligere
1017 5013 1273 5083 potuerit
1302 5013 1512 5088 ἐκυτὸνί
1543 5015 1655 5068 hoc
1686 5017 1797 5083 est,
1824 5020 1977 5067 atto-

320 5090 467 5164 llens
487 5108 555 5146 se
603 5094 809 5164 ipsmn.
845 5094 1079 5147 Rursus
1125 5098 1318 5148 autem
1368 5094 1469 5148 ubi
1500 5110 1609 5148 nos
1642 5110 1776 5147 cum
1823 5109 1971 5146 mss.

319 5162 635 5235 plerisque,
661 5171 718 5217 et
752 5164 913 5233 ignis
950 5164 1279 5235 refulgens,
1320 5170 1378 5219 et
1408 5165 1602 5219 lumen
1630 5166 1690 5218 in
1722 5165 1976 5218 circuitu

322 5234 591 5303 ejus,alii
624 5250 769 5288 mss.
802 5238 1025 5289 tantum
1057 5234 1443 5290 exhibentzet
1463 5237 1623 5305 ignis
1643 5234 1973 5305 refulgens,

323 5310 375 5356 et
406 5305 597 5358 lumen
618 5306 677 5358 in
697 5322 780 5367 eo,
832 5312 890 5360 et
915 5307 974 5359 in
1025 5308 1218 5361 medio
1263 5308 1416 5360 sicut
1447 5306 1794 5372 similitudo,
1830 5310 1975 5373 etc.;

322 5375 413 5428 ubi
443 5375 651 5429 lacuna
690 5382 781 5430 est
803 5377 1039 5432 minime
1062 5378 1259 5432 dubia.
1287 5378 1469 5431 Porro
1491 5378 1627 5432 edit.
1662 5394 1693 5430 a
1724 5378 1977 5431 lectione

322 5450 514 5519 nostra
544 5450 765 5502 tantum
804 5448 1161 5517 discrepant,
1223 5448 1380 5519 quod
1424 5464 1531 5518 pro
1582 5453 1641 5519 et
1679 5449 1873 5502 lumen
1919 5449 1981 5501 in

322 5516 566 5571 circuitu
587 5519 712 5589 ejus
732 5519 885 5572 sicut
919 5516 1129 5583 lumen,
1154 5516 1496 5588 praeferunt,
1515 5524 1572 5573 et
1594 5518 1783 5573 lumen
1807 5519 1868 5570 in
1890 5533 1978 5587 eo,

321 5595 374 5663 et
403 5589 462 5663 in
481 5590 692 5663 medio
708 5592 867 5663 sicut
894 5591 1106 5663 lumen.
1132 5591 1247 5646 Sed
1270 5594 1589 5645 neutruma
1618 5589 1980 5663 propheticis

327 5655 531 5713 Verbis
554 5661 792 5715 multum
816 5661 1087 5716 dissidet.

385 5729 495 5802 (Ἳο)
547 5731 690 5788 Mss.
724 5733 966 5806 aliquot,
989 5750 1114 5808 quae
1147 5731 1287 5788 aliis
1317 5732 1517 5808 potius
1554 5738 1727 5799 nota;
1760 5730 1973 5790 melius

2015 3213 2068 3280 Ο

2096 1918 2315 1989 quibus
2348 1934 2414 1972 se
2444 1918 2638 1988 possit
2685 1917 2870 1972 libera
2916 1918 3114 1973 levare
3172 1919 3244 1974 de
3276 1919 3471 1974 terris.
3525 1919 3768 1974 Alarum

2095 2010 2288 2061 autem
2323 2006 2632 2077 remigium
2672 2023 2790 2061 non
2841 2007 3160 2062 materialis
3205 2024 3493 2081 compago
3540 2025 3767 2079 penna-

2095 2112 2246 2165 rum,
2280 2096 2386 2149 sed
2418 2095 2733 2149 continuus
2780 2096 2924 2151 ordo
2984 2097 3274 2151 bonorum
3327 2098 3617 2154 factorum
3639 2102 3767 2170 est;

2096 2184 2288 2255 qualis
2319 2184 2414 2238 ille
2448 2184 2813 2254 Dominicus,
2849 2185 2943 2238 cui
2974 2185 3125 2240 bene
3158 2186 3374 2241 dicitur
3405 2187 3521 2241 :Et
3556 2188 3619 2241 in
3640 2204 3765 2241 um-

2093 2272 2206 2326 bra
2258 2273 2482 2326 alarum
2535 2277 2764 2326 tuarum
2804 2273 3060 2344 sperabo
3106 2274 3296 2344 (Psal.
3348 2292 3463 2343 va,
3506 2276 3581 2345 2).
3630 2275 3766 2331 Non

2095 2361 2287 2415 solum
2321 2361 2478 2415 enim
2503 2376 2713 2415 manus
2734 2361 2848 2416 illae
2878 2361 3108 2416 Domini
3143 2361 3340 2417 affixas
3363 2363 3522 2417 rruci
3554 2363 3613 2417 in
3642 2380 3737 2419 mo

2096 2451 2232 2504 dum
2264 2449 2519 2504 volantis
2576 2452 2849 2519 extentae,
2894 2450 3000 2504 sed
3061 2450 3233 2504 etiam
3274 2449 3426 2505 facta
3476 2453 3763 2522 caelestia,

2095 2539 2255 2593 velut
2310 2538 2517 2593 umbra
2557 2537 2947 2610 refrigerante
2995 2539 3205 2594 salutis
3251 2543 3519 2609 aeternae,
3562 2542 3765 2598 mundi

2098 2627 2381 2682 ferventis
2413 2627 2684 2681 incendia
2726 2630 3147 2699 temperarunt.

2168 2734 2290 2789 116.
2314 2734 2473 2806 Ergo
2502 2735 2640 2805 quia
2678 2734 2910 2789 volandi
2933 2735 3107 2791 nobis
3132 2735 3263 2789 data
3286 2737 3378 2790 est
3400 2736 3589 2807 cepia,
3611 2736 3761 2802 242

2098 2824 2313 2878 excitet
2340 2823 2401 2876 in
2433 2838 2499 2877 se
2530 2823 2941 2895 unusquisque
2997 2825 3248 2895 gratiam
3293 2825 3419 2895 Dei,
3461 2841 3530 2881 ac
3559 2830 3766 2896 poste-

2096 2911 2253 2965 riora
2286 2911 2672 2978 obliviscens,
2720 2912 2917 2983 priora
2967 2916 3290 2984 appetens,
3348 2914 3421 2969 ad
3478 2915 3769 2971 destinata

2098 2999 2636 3069 contemdat(Pliil.
2673 3018 2755 3070 ιιι,
2792 3001 2898 3066 13).
2934 3001 3147 3056 Procul
3187 3019 3219 3056 a
3262 3003 3485 3059 militiae
3518 3004 3766 3061 honori-

2095 3089 2212 3143 bus
2243 3089 2376 3158 (71),
2412 3088 2618 3159 procul
2641 3088 2714 3142 ab
2730 3091 2979 3144 aestibus
3010 3091 3209 3145 mundi
3237 3107 3250 3161 ;
3276 3108 3348 3146 ne
3371 3092 3526 3163 quod
3550 3093 3765 3149 fabula)

2096 3177 2313 3247 ferunt,
2372 3181 2522 3232 aestu
2562 3177 2709 3232 solis
2760 3193 2893 3232 cera
2940 3180 3200 3233 resoluta
3250 3180 3484 3235 Icareos
3533 3182 3765 3237 volatus

2095 3282 2287 3337 penna
2317 3266 2617 3320 relabente
2661 3267 2956 3321 destituat.
3007 3267 3155 3321 Nam
3184 3268 3320 3322 licet
3356 3270 3620 3340 gravitas
3673 3270 3767 3325 di-

2096 3358 2323 3410 ctorum
2366 3355 2522 3409 absit
2570 3355 2706 3424 ('72),
2766 3355 2996 3426 poetico
3056 3359 3250 3412 tamen
3299 3358 3423 3413 sale
3463 3357 3765 3415 declarare

2094 3444 2408 3499 voluerunt
2436 3443 2808 3514 prudentium
2831 3444 3145 3499 maturitati
3174 3448 3331 3501 tutos
3365 3464 3502 3503 esse
3530 3449 3766 3505 volatus

2094 3549 2202 3604 per
2229 3533 2536 3601 saeculum,
2579 3532 2906 3604 juvenilem
2937 3550 3078 3589 vero
3119 3535 3411 3591 levitatem
3445 3537 3766 3594 obnoxiam

2095 3622 2513 3693 cupiditatibus
2536 3622 2758 3692 mundi,
2795 3623 3187 3678 reﬂuentibus
3227 3624 3340 3695 (‘73)
3398 3627 3632 3697 pennis,
3683 3631 3762 3699 et,

2092 3726 2201 3781 per
2227 3710 2445 3765 oblivia
2474 3710 2759 3780 veritatis,
2786 3712 3125 3767 meritorum
3161 3729 3445 3787 compage
3475 3715 3761 3785 resoluta,

2092 3799 2319 3871 majore
2342 3800 2604 3870 pernicie
2625 3799 2686 3854 in
2715 3803 2930 3855 terram
2962 3802 3168 3857 relabi.

2164 3888 2286 3942 ll'l.
2340 3889 2510 3942 Haud
2557 3888 2751 3943 facilis
2817 3890 3048 3946 volatus
3108 3893 3384 3948 omnibus
3439 3910 3452 3949 :
3499 3894 3762 3951 difficilis

2093 3978 2265 4032 etiam
2296 3977 2778 4033 discordantibus
2811 3980 3061 4035 internis
3101 3982 3456 4039 animalibus
3487 3984 3602 4057 ('74)
3624 3986 3761 4043 vita:

2090 4120 2270 4198 aliiet
2290 4120 2467 4198 edi_t.._
2484 4137 2592 4193 qua
2632 4121 2774 4198 aliis
2813 4124 3192 4198 potiusnata,
3225 4128 3337 4180 etc.
3364 4142 3378 4195 ;
3410 4141 3584 4198 quam
3617 4145 3762 4185 sea-

2089 4191 2568 4316 tqsrétiamgisdém
2605 4191 3107 4265 verbis'repcries
3143 4191 3203 4250 in
3232 4191 3381 4267 psal.
3417 4191 3601 4271 xxxv,
3643 4201 3756 4257 col.

2104 4280 2117 4316 l
2200 4305 2213 4316 .
2248 4279 2305 4316 ιι.
2377 4304 2390 4316 .

2104 4279 2213 4329 locs,
2248 4279 2305 4317 ιι,
2339 4279 2390 4325 '1.

2157 4333 2508 4414 (:ll)_OMilit.ia
2541 4350 2658 4414 non
2691 4336 2885 4414 solum
2908 4336 2985 4414 de
3031 4340 3321 4414 castrensi
3370 4340 3756 4414 intelligitur,

2088 4405 2195 4458 sed
2225 4404 2398 4480 etiam
2428 4404 2515 4480 _d_e_
2535 4406 2761 4480 forensi
2789 4407 3186 4480 professione.
3230 4404 3620 4480 Symmachus
3652 4404 3755 4468 lib:

2085 4491 2184 4539 vn,
2220 4476 2393 4546 epist.
2410 4475 2519 4549 1⁸24
2552 4493 2565 4532 :
2593 4475 2898 4549 Fungetur
2918 4479 3131 4533 militia
3161 4481 3225 4533 in
3255 4475 3505 4535 scriniis
3522 4481 3759 4538 littera-

2086 4550 2373 4625 rumtetc.
2409 4548 2529 4602 lmo
2560 4548 2927 4625 vero’etiam
2976 4551 3048 4603 ad
3099 4550 3755 4625 signiﬁcanduquuo-

2086 4617 2270 4697 dlibet
2311 4634 2525 4698 munus
2567 4634 2695 4673 eam
2740 4620 3069 4698 dictionem
3133 4617 3398 4698 solemus
3447 4617 3752 4698 adhibere,

2086 4689 2261 4759 cujus
2291 4689 2559 4759 exempla
2587 4691 2813 4759 passim
2846 4695 3183 4746 occurrunt.

2155 4760 2246 4840 72)
2279 4759 2467 4840 Daris.
2516 4761 2786 4840 quaedam
2818 4760 2955 4840 edit,
3006 4777 3075 4815 ac
3101 4779 3255 4840 mss.
3288 4765 3575 4840 nonnulli,
3608 4785 3756 4840 gra-

2092 4830 2245 4905 vitas
2274 4831 2564 4905 dictorum
2596 4830 2793 4905 obsit;
2823 4831 3034 4905 melius
3066 4833 3216 4904 alia},
3242 4851 3307 4888 ac
3324 4835 3526 4905 plures
3555 4830 3752 4896 mss...

2086 4901 2285 4970 absit;
2311 4901 2405 4977 hic
2438 4901 2591 4956 enim
2615 4903 2877 4977 gravitas
2901 4903 3056 4977 idem
3087 4910 3179 4959 est
3204 4901 3396 4977 atque
3433 4911 3755 4965 auctoritas

2084 4988 2192 5026 seu
2222 4973 2463 5048 veritas,
2500 4973 2673 5043 quam
2716 4974 2906 5048 poetis
2946 4975 3194 5048 abrogat
3224 4973 3600 5036 Ambrosius.
3648 4982 3757 5037 Ite-

2084 5059 2234 5120 rum,
2274 5042 2373 5096 ubi
2411 5042 2616 5120 omnes
2663 5042 2799 5120 edit.
2842 5060 2911 5100 ac
2950 5042 3381 5120 mssialiquot,
3441 5052 3756 5108 declarare

2092 5113 2409 5190 voluerunt
2428 5114 2834 5190 prudentium_
2860 5113 3376 5189 maturitatifnon'
3403 5125 3572 5190 pauci
3604 5140 3752 5179 mss.

2084 5184 2321 5260 legunt,
2370 5184 2683 5260 declarare
2738 5187 3044 5244 voluerunt
3086 5184 3465 5260 prudentiam
3504 5197 3755 5250 maturi-

2088 5261 2227 5337 εἶτε,
2254 5259 2389 5324 etc.,
2414 5257 2708 5337 nonsatis
2739 5264 2918 5313 recte.
2954 5257 3259 5317 Postremo
3291 5264 3422 5318 Gill.
3466 5266 3527 5321 in
3563 5283 3751 5337 marg.

2086 5329 2141 5400 et
2176 5327 2344 5400 Rom.
2388 5328 2506 5381 edit
2552 5328 2611 5382 in
2660 5345 2907 5400 corpore
2953 5348 3086 5386 cum
3130 5349 3277 5387 mss.
3312 5337 3614 5391 nonnullis
3646 5327 3754 5390 1ιέ-

2086 5397 2226 5451 bent
2251 5397 2476 5453 Volatus
2491 5415 2604 5477 per
2633 5397 2858 5477 caelum,
2887 5402 2983 5456 ubi
3020 5406 3135 5457 vet.
3162 5405 3298 5477 edit.
3322 5422 3391 5459 ac
3423 5408 3604 5461 multo
3636 5407 3757 5477 plu-

2087 5484 2402 5543 res_mss.,
2425 5471 2667 5543 rectius,
2708 5472 2935 5526 volatus
2951 5490 3065 5543 per
3082 5475 3377 5529 saeculum.

2158 5539 2270 5614 ('73)
2299 5539 2544 5614 Quidam
2578 5558 2752 5614 mss.,
2776 5539 3203 5614 cupiditatibus
3222 5545 3425 5599 mundi
3454 5546 3754 5600 revellen-

2090 5610 2331 5686 tibus":
2342 5612 2610 5686 resoluta
2628 5610 2884 5686 calorum
2911 5616 3201 5686 pernicie.

2156 5681 2264 5754 ('74)
2295 5681 2514 5741 Omnes
2546 5684 2707 5759 edit.,
2741 5681 3228 5744 discordantibus
3245 5685 3307 5742 in
3330 5686 3521 5745 terris
3540 5687 3758 5749 anima-
