3932 6152
464 256 584 326 315
1902 264 1968 328 S.
2015 264 2458 332 AMBROSII.
3739 279 3846 344 316

461 459 710 518 retibus.
743 459 807 516 In
837 460 973 518 illos
1021 463 1212 536 sinus,
1243 467 1301 520 et
1349 465 1636 537 quosdam
1665 466 2125 538 apostolicarum
2154 450 2213 512 Α
2240 469 2336 523 tim
2370 469 2699 542 saecularis,
2734 470 3070 542 opinionem
3098 473 3279 545 auget
3326 473 3615 544 sapientiae
3643 477 3841 548 spirita-

462 549 922 619 disputationum
943 567 1226 609 recessus
1248 554 1358 624 (86)
1389 558 1673 626 vestrum,
1699 572 1732 610 ο
1756 556 1911 626 iilite,
1947 573 2123 629 coga-
2239 557 2336 613 lis.
2368 557 2477 624 Qui
2507 560 2700 630 legem
2729 576 2845 614 non
2875 561 3098 631 didicit,
3131 566 3187 616 et
3219 577 3350 633 quae
3368 562 3516 634 legis
3545 569 3670 619 sunt
3695 570 3836 638 sapit,

459 640 557 693 tur
577 653 810 710 agmen.
843 639 1112 694 Viviticet
1140 657 1248 696 vos
1282 643 1512 714 Petrus,
1565 644 1736 700 tiliae:
1771 646 1872 717 qui
1903 649 1959 700 et
1988 661 2123 715 pro-
2239 647 2368 717 ipse
2400 648 2516 702 sibi
2539 648 2635 704 lex
2665 651 2755 703 est
2785 649 2971 717 (Rom.
3026 667 3087 717 ιι,
3123 649 3252 718 14);
3295 651 3392 724 qui
3431 651 3614 722 legem
3640 669 3742 708 non
3768 657 3840 711 di-

458 725 634 781 vidua
653 726 966 815 intervenit
986 729 1143 797 (Act.
1170 747 1250 798 ix,
1273 731 1342 785 39
1364 730 1474 802 4t),
1510 737 1726 803 quanto
1757 735 1950 806 magis
1979 751 2122 804 ιιι-ο·
2239 736 2398 807 dicit,
2431 741 2485 791 et
2516 737 2663 790 ultra
2694 737 2886 809 legem
2919 738 3197 808 loquitur,
3233 739 3306 792 ab
3338 755 3406 794 eo
3435 743 3664 811 accepit,
3693 759 3720 796 a
3747 760 3842 815 quo

461 813 720 886 virgine!
745 814 850 880 Qui
875 816 1094 872 diutius
1111 819 1322 873 viduas
1342 819 1482 874 flere
1504 837 1621 876 non
1643 838 1884 892 passus,
1927 826 2122 879 motus
2239 825 2367 896 ipsa
2398 826 2494 880 lex
2523 827 2705 884 venit.

461 919 662 957 earum
685 903 982 974 lacrymis,
1003 909 1384 962 resuscitavit
1402 910 1686 965 altricem.
1719 911 1991 966 Viviticet
2013 928 2122 966 vos
2310 913 2432 970 133.
2456 914 2597 982 Quae
2619 920 2734 970 tam
2757 916 3061 986 repentina
3091 914 3392 988 dignitas?
3417 916 3726 974 Piscatores
3751 920 3845 976 duo

460 990 704 1062 Paulus,
753 993 853 1062 qui
881 1009 992 1048 vos
1039 997 1320 1068 praecepit
1360 999 1636 1054 honorari
1685 999 1739 1069 (Ι
1774 1000 1916 1055 Tim.
1952 1018 2010 1071 v,
2043 1001 2118 1071 3),
2239 1003 2297 1056 in
2327 1008 2521 1057 monte
2555 1004 2785 1059 Domini
2815 1005 3052 1072 (Matth.
3082 1021 3226 1070 xvu,
3251 1003 3278 1058 1
3307 1011 3364 1058 et
3391 1008 3554 1077 seq),
3588 1007 3681 1060 uni
3707 1007 3846 1063 latori

461 1079 563 1152 qui
591 1079 700 1135 ait:
737 1081 958 1136 Bonum
991 1090 1082 1138 est
1118 1085 1174 1139 si
1217 1086 1307 1140 sic
1335 1093 1610 1143 maneant
1658 1089 1812 1142 sicut
1846 1095 1904 1143 et
1935 1105 2042 1161 ego
2072 1089 2130 1159 (Ι
2237 1091 2412 1162 legis,
2438 1093 2772 1148 exsecutori
2795 1093 2959 1148 alteri
2976 1093 3380 1148 conferuntur.
3399 1093 3850 1165 Videtequalissit

464 1167 598 1225 Cor.
631 1185 733 1238 vn,
785 1169 860 1239 8).
911 1171 1150 1254 Honore
1182 1180 1482 1244 provocat,
1534 1178 1880 1248 magisterio
1927 1178 2118 1248 docet,
2239 1179 2351 1235 iste
2373 1181 2650 1250 piscator.
2671 1181 2910 1254 Moyses
2933 1181 3172 1252 quidem
3194 1185 3425 1236 terrena
3449 1183 3633 1236 omnia
3649 1188 3699 1238 et
3718 1201 3851 1240 mun-

458 1255 665 1311 invitat
687 1260 956 1330 exemplo
981 1251 1113 1332 (8T).
1147 1255 1292 1318 246
1317 1265 1588 1320 Viviﬁcet
1613 1267 1732 1336 ille,
1753 1268 1874 1337 qui,
1899 1267 2122 1320 relictis
2239 1269 2406 1323 dante
2440 1270 2743 1340 sapientiae
2778 1251 3164 1325 altitudinem
3213 1285 3660 1344 supergressus,
3689 1288 3844 1345 usque

459 1346 589 1400 suis
621 1347 918 1415 omnibus,
952 1354 1197 1406 secutus
1229 1357 1320 1407 est
1369 1353 1682 1409 Dominum
1708 1371 1720 1410 :
1757 1359 2000 1410 secutus
2031 1358 2125 1410 est
2238 1357 2310 1411 ad
2334 1357 2540 1412 caelum
2562 1360 2618 1413 et
2639 1359 2834 1412 sidera
2857 1359 3167 1429 prudentia
3191 1359 3406 1413 mentis
3443 1359 3722 1415 ascendit:
3758 1362 3848 1431 pis-

457 1433 668 1488 Petrus
699 1437 936 1505 (Matth.
963 1456 1042 1509 ιν,
1073 1438 1187 1509 20),
1221 1445 1466 1497 secutus
1498 1447 1589 1498 est
1620 1443 1903 1500 Joannes.
2240 1447 2459 1500 catoris
2481 1447 2655 1500 istius
2678 1463 2845 1501 mens
2863 1462 2980 1502 non
3003 1447 3266 1501 nubibus
3289 1447 3590 1519 caligatur,
3609 1463 3715 1502 non
3729 1453 3847 1508 tem-

528 1521 650 1578 131.
687 1523 832 1579 Vide
889 1527 1030 1598 quid
1086 1529 1350 1598 piscator
1389 1531 1562 1586 etiam
1613 1532 1724 1588 iste
1782 1533 2118 1604 profecerit.
2237 1534 2482 1604 poribus
2515 1535 2848 1602 includitur,
2882 1551 2999 1589 non
3032 1535 3336 1605 mysteriis
3385 1538 3602 1590 natura;
3631 1537 3845 1592 caelestis

457 1609 608 1667 Dum
639 1611 698 1666 in
743 1615 890 1668 mari
933 1615 1162 1672 lucrum
1194 1635 1368 1674 suum
1419 1621 1649 1692 quaerit,
1677 1621 1852 1676 vitam
1896 1623 2121 1676 invenit
2238 1623 2588 1691 excluditur,
2621 1624 2727 1678 sed
2779 1639 3012 1678 omnem
3051 1624 3419 1694 corporalem
3471 1625 3750 1680 materiam
3774 1641 3843 1680 su-

456 1700 737 1756 omnium.
773 1702 1060 1760 Lembum
1098 1707 1380 1778 deseruit,
1417 1709 1603 1764 Deum
1649 1711 1900 1781 reperit:
1959 1712 2118 1765 scal-
2156 1763 2203 1784 η
2236 1727 2576 1782 pergressa,
2614 1711 2870 1765 Verbum
2901 1712 3054 1782 apud
3090 1712 3276 1766 Deum
3307 1711 3472 1781 vidit,
3505 1715 3560 1766 et
3588 1713 3849 1784 quodVer-

452 1801 616 1843 mum
647 1791 900 1862 reliquit,
938 1794 1196 1849 Verbum
1227 1797 1480 1852 invenit:
1521 1799 1637 1852 lina
1671 1800 1908 1869 laxavit,
1943 1800 2118 1854 tidem
2156 1763 2205 1823 Β
2236 1763 2379 1854 bum:
2389 1800 2581 1870 ipsum
2613 1800 2770 1854 Deus
2803 1763 2966 1854 esset
2997 1801 3243 1868 (Joan.1,
3265 1763 3623 1870 t),aspexit,1
3653 1817 3747 1855 nec
3765 1801 3849 1854 ob-

451 1876 643 1931 vinxit
673 1879 843 1949 (Ibid.
891 1883 1020 1952 22);
1061 1884 1299 1954 plicavit
1344 1887 1506 1955 retia,
1543 1887 1814 1942 homines
1865 1889 2118 1943 elevavit
2235 1889 2360 1943 tutu
2410 1888 2606 1944 carnis
2635 1889 2694 1942 in
2738 1889 2912 1942 Petro
2957 1889 3246 1942 infirmata
3287 1889 3616 1959 trepidavit,
3649 1890 3742 1944 sed
3769 1889 3850 1942 Dei

453 1962 604 2037 (83):
663 1983 822 2024 mare
870 1973 1114 2042 sprevit,
1169 1974 1382 2029 coelum
1439 1976 1772 2046 acquisivit.
1810 1977 1918 2032 I-Iic
1969 1993 2114 2048 ergo
2231 1977 2443 2034 Filium
2489 1978 2662 2032 etiam
2699 1977 2759 2031 in
2789 1977 3028 2031 homine
3070 1977 3462 2048 deprehendit
3491 1978 3712 2046 (Matth.
3749 1994 3846 2044 xw,

451 2054 718 2125 piscator
775 2059 912 2112 dum
971 2063 1098 2132 ipse
1135 2064 1364 2118 turbato
1421 2067 1674 2138 agitatur
1704 2067 1853 2134 salo,
1915 2067 2114 2121 mobili
2229 2065 2352 2135 17):
2389 2069 2450 2121 ut
2478 2066 2804 2136 assumptio
2829 2065 3100 2135 corporis
3133 2065 3206 2118 ad
3233 2064 3342 2135 jus
3374 2065 3684 2121 divinitatis
3711 2082 3847 2121 assu-

453 2147 686 2198 mantes
717 2148 967 2204 statione
999 2151 1110 2220 (89)
1141 2156 1412 2207 nutantes
1445 2154 1708 2208 fundavit
1730 2155 1787 2208 in
1820 2159 2003 2225 petra.
2227 2155 2441 2210 mentis
2469 2155 2653 2209 ascita
2684 2155 2820 2224 (91),
2855 2155 2914 2208 in
2945 2169 3160 2208 nomen
3189 2154 3476 2210 transiret
3505 2155 3763 2208 auctoris.

527 2231 650 2287 132.
675 2237 1028 2294 Astruamus
1061 2240 1242 2312 igitur
1271 2242 1584 2311 piscatoris
1625 2247 1808 2297 artem
1841 2243 2116 2315 frequen-
2300 2243 2422 2298 131.
2449 2243 2516 2297 Et
2535 2243 2773 2313 Moyses
2792 2242 3030 2313 quidem
3054 2257 3188 2296 cum
3219 2242 3404 2298 dicit:
3439 2243 3520 2297 Et
3551 2243 3694 2296 dixit
3721 2243 3852 2297 Deus

449 2319 590 2389 tius,
626 2326 686 2378 ut
715 2323 950 2394 plenius
983 2327 1052 2382 de
1084 2329 1297 2384 virtute
1342 2331 1673 2386 credamus.
1713 2333 1908 2386 Fuerit
1938 2333 2114 2386 mini-
2351 2337 2410 2387 et
2442 2331 2588 2386 fecit
2627 2331 2788 2386 Deus
2827 2330 3000 2399 (Gen.
3027 2330 3120 2400 1,3
3155 2336 3212 2386 et
3244 2332 3437 2404 seq.);
3471 2331 3704 2400 Patrem,
3735 2331 3853 2384 Fili-

452 2411 578 2463 ster
608 2411 910 2483 ignobilis,
944 2419 1004 2469 ut
1034 2417 1110 2470 sit
1137 2419 1503 2490 evangelista
1537 2421 1829 2474 nobilior:
1862 2437 2116 2492 pauper.
2227 2436 2442 2492 umque
2456 2420 2746 2492 signavit:
2779 2419 2886 2473 sed
2917 2419 3014 2473 ille
3038 2435 3155 2472 non
3198 2419 3535 2490 ignorabat,
3566 2435 3670 2491 ego
3689 2419 3850 2472 adhuc

452 2504 566 2556 tate
597 2518 846 2573 egenus,
881 2508 942 2559 ut
971 2506 1184 2561 virtute
1215 2507 1599 2578 locupletior:
1660 2510 1798 2564 vilis
1830 2511 1900 2563 ad
1937 2511 2120 2564 hono-
2229 2509 2594 2580 ignorabam.
2642 2509 2902 2578 Denique
2936 2511 3069 2576 post
3111 2507 3313 2579 legem
3361 2509 3612 2579 populus
3647 2508 3847 2574 erravit,

453 2606 579 2647 rem
598 2592 885 2662 videatur,
912 2595 1017 2650 sed
1039 2597 1338 2665 pretiosus
1362 2597 1432 2651 ad
1460 2599 1653 2652 tidem.
1675 2597 1899 2662 Quanto
1919 2599 2118 2653 minus
2227 2600 2363 2668 post
2393 2597 2777 2668 Evangelium
2809 2595 3078 2649 credidit.
3110 2595 3331 2667 Magna
3363 2597 3421 2650 in
3455 2597 3699 2651 diversis
3717 2596 3850 2648 virtu

455 2679 714 2734 creditur
734 2682 1036 2751 piscatori,
1059 2687 1218 2738 tanto
1237 2685 1490 2755 amplius
1510 2687 1801 2754 creditur;
1835 2687 1969 2758 quia
2000 2704 2118 2743 non
2226 2686 2386 2740 tibus
2424 2685 2536 2754 (92)
2570 2685 2670 2738 Dei
2695 2685 2903 2756 gratia.
2939 2683 3001 2736 In
3034 2683 3153 2752 illo,
3189 2683 3330 2753 quia
3363 2685 3638 2738 mundum
3663 2683 3854 2738 descri-

454 2783 584 2836 sua,
619 2769 726 2823 sed
758 2769 954 2824 divina
987 2777 1142 2843 sunt,
1176 2790 1308 2844 quae
1340 2775 1573 2830 locutus
1606 2779 1716 2829 est.
1759 2775 2121 2847 Obsequitur
2227 2775 2382 2846 psit:
2417 2773 2476 2828 in
2504 2773 2639 2843 isto,
2674 2771 2810 2843 quia
2840 2771 3117 2826 mundum
3152 2771 3476 2844 ignoravit.

452 2855 682 2928 plebeia
705 2859 960 2914 conditio
983 2860 1116 2932 (90),
1143 2863 1642 2932 exspectationem
1665 2863 1854 2918 aufert
1875 2865 2115 2935 sapien-

523 3001 636 3077 (βξ)
666 3001 812 3077 Mss.
848 3005 1186 3077 non_pauci,
1223 3006 1668 3077 dispositionum
1697 3023 1999 3062 recessus.
2165 3074 2182 3077 Α
2231 3007 2442 3060 Baron.
2477 3004 2674 3077 adian.
2707 3001 2810 3077 Si];
2870 3002 3142 3077 Bellarm.
3177 3002 3282 3057 lib.
3322 3021 3339 3057 ι
3399 3003 3474 3077 de
3509 3001 3724 3077 Clerici
3749 3016 3854 3070 cap.

520 3073 638 3197 (8Ἶέ
667 3072 924 3155 Fuerunt
959 3072 1216 3156 Eusebio
1246 3072 1416 3143 teste,
1451 3079 1550 3132 lib.
1577 3096 1637 3131 ιιι
1661 3078 1817 3132 Hist.
1850 3079 2108 3146 Eccles.,
2150 3074 2200 3136 C
2228 3077 2337 3143 20;
2373 3076 2588 3130 Pamel.
2623 3075 2680 3128 in
2711 3072 2936 3155 Tertul.
2967 3075 3042 3129 de
3073 3074 3313 3156 Monog.
3348 3075 3548 3128 adnot.
3583 3074 3676 3142 t3;
3706 3073 3854 3152 Leon.

525 3159 580 3197 ι).
641 3143 693 3197 0.
719 3159 820 3197 aut
860 3145 1196 3197 caelibatum
1237 3148 1394 3197 Pauli
1429 3153 1704 3197 negatum
1751 3165 1782 3197 a
1815 3150 2112 3197 Clemente
2229 3148 2504 3197 Allatium
2537 3147 2611 3197 de
2640 3146 2988 3197 Methodns.
3039 3149 3096 3197 et
3126 3149 3519 3197 interm-etum
3566 3149 3789 3197 turmam
3813 3157 3854 3195 In

453 3159 580 3221 cap.
605 3143 820 3221 30,_q_ui
860 3145 1196 3221 caelibatum
1237 3148 1394 3202 Pauli
1429 3153 1704 3221 negatum
1751 3165 1783 3202 a
1815 3143 2112 3221 Clemente
2229 3148 2504 3221 Allatium
2537 3147 2611 3200 de
2640 3146 2988 3221 diethodiis,
3039 3149 3096 3199 et
3126 3143 3519 3216 interpretum
3566 3149 3789 3199 turmam
3813 3143 3859 3195 in

450 3214 850 3290 Alexandrino
867 3219 1315 3290 contenderent:
1342 3214 2114 3290 quaiiiopinioneClementi
2229 3219 2395 3290 locos
2428 3217 2698 3290 Apostoli
2730 3220 3174 3290 corntrpversos.

451 3287 680 3361 socium
711 3286 892 3361 aliqui
925 3285 1564 3361 coniunxerunt-etiam
1583 3285 1884 3361 'Ignatium
1936 3292 2108 3360 epist.
2299 3287 2411 3358 (88)
2431 3285 2578 3361 Lina
2601 3287 2736 3361 laxa
2749 3289 2850 3361 vit,
2878 3287 3052 3361 ﬁdem
3090 3289 3319 3361 vinxit:
3339 3288 3592 3361 plicarit
3615 3287 3756 3361 retia
3772 3285 3858 3339 lio-

451 3355 523 3410 ad
543 3355 986 3426 Philadephios.
1014 3355 1238 3413 Horum
1267 3362 1609 3416 auctoritate
1627 3355 1772 3416 inoti
1794 3355 2112 3416 catholico-
2227 3355 2420 3414 mines
2433 3359 2601 3414 elera
2615 3358 2933 3422 vit,isthaec
2951 3359 3009 3412 in
3024 3355 3458 3428 mss.pluribus
3470 3358 3856 3413 desiderantur.

449 3442 581 3500 rum
595 3430 1128 3487 nostrzememoriw
1155 3432 1420 3485 nonnulli
1443 3432 1678 3486 dubiam
1702 3433 1811 3486 hac
1829 3433 1900 3486 de
1924 3448 1985 3486 re
2017 3435 2110 3486 tu-
2299 3429 2412 3498 (89)
2444 3430 2590 3484 Mss.
2627 3444 2744 3483 non
2775 3429 2966 3500 pauci,
2993 3428 3199 3484 mobili
3227 3433 3457 3484 mentis
3482 3429 3740 3500 statione.

450 3496 644 3573 l_eru_nt
665 3500 1059 3573 sententiam:
1083 3501 1187 3556 sed
1212 3502 1499 3572 imprimis
1522 3503 1858 3573 complures
1880 3503 2112 3558 hetero-
2241 3571 2250 3573 Α
2298 3496 2411 3570 (90)
2443 3501 2539 3554 Sic
2571 3500 2708 3573 edit.
2761 3496 3007 3573 umnes;
3054 3516 3202 3573 _ms_s.
3238 3517 3388 3556 vero
3435 3497 3857 3573 partim,_dirin_a

451 3567 816 3644 doxicupide
833 3567 2110 3644 hancnrlpppugnandamvituperandamque
2225 3567 2453 3644 locutus
2483 3577 2593 3625 est.
2631 3571 2916 3644 Obsequii
2943 3567 3509 3644 plebeiaconditio:
3542 3568 3857 3644 partim,_di-

451 3639 682 3714 caelibis
705 3641 838 3695 vitae
862 3639 2110 3714 conditionem'arripueruntherumtamen
2232 3644 2366 3697 vina
2397 3641 2623 3696 loculus
2653 3649 2745 3695 est
2790 3639 3092 3714 obsequia.
3126 3642 3386 3698 Plebeia
3434 3639 3701 3698 conditio.
3729 3641 3859 3695 Neu-

447 3708 584 3764 licet
606 3709 851 3780 insuper
885 3713 1172 3785 quosdam
1213 3708 1585 3768 Paulinarum
1611 3715 1989 3785 epistolarum
2021 3716 2112 3770 lo-
2223 3717 2377 3785 trum
2409 3713 2556 3785 satis
2589 3713 2918 3785 commode.

449 3796 574 3855 cos,
608 3785 745 3850 puta
777 3798 851 3836 ex
886 3783 904 3855 l
941 3783 1074 3837 Cor.
1101 3801 1180 3850 ιχ,
1202 3789 1257 3838 et
1286 3786 1356 3838 ad
1395 3782 1747 3855 Philippfiv,
1781 3789 1833 3854 5,
1860 3787 2009 3840 male
2032 3787 2113 3840 in-
2296 3782 2409 3854 (91)
2442 3783 2588 3837 Mss.
2623 3783 2888 3854 aliquot.,
2925 3783 2998 3837 al)
3031 3783 3208 3854 hujus
3239 3784 3566 3840 divinitate
3596 3797 3856 3855 assumen-

447 3852 720 3927 t_ellecto_s
767 3853 1090 3927 proferant,
1143 3856 1288 3910 nihil
1337 3857 1396 3910 hi
1449 3852 1653 3910 contra
1696 3852 2111 3927 alia'ejusdem
2228 3852 2598 3927 tis'adscita:
2629 3852 3251 3927 nonnullialii,adjus
3277 3856 3623 3927 divinitatis
3643 3854 3856 3908 adusuui

449 3922 718 4000 Apostoli
751 3923 1082 4000 clarissima
1113 3927 1477 4000 testimonia,
1503 3931 1559 3982 et
1590 3922 1959 3982 communem
1991 3929 2114 3982 uni-
2223 3927 2446 4000 mentis
2476 3925 2732 4000 adsciti:
2792 3925 2986 3996 aptius
3043 3922 3281 3997 reliqui,
3330 3932 3510 4000 atque
3550 3925 3700 3993 editi,
3732 3938 3856 3994 quos

447 4008 642 4047 versae
665 3993 994 4069 traditionis
1008 4011 1366 4069 consensum
1390 3998 1603 4053 valent.
1624 4000 1793 4053 Certe
1813 4015 2112 4069 nunquam
2225 3997 2334 4069 hic
2353 3996 2680 4069 sequimur.

449 4079 652 4144 eorum
677 4065 1591 4144 opinionifavis-senAmbrosium
1615 4069 1846 4144 abunde
1871 4065 2108 4144 signiti-
2294 4067 2408 4144 (92',
2440 4065 2614 4121 Pauci
2651 4082 2821 4137 mss.,
2857 4067 2918 4120 in
2967 4067 3238 4122 diversis
3283 4069 3589 4125 aetatibus.
3621 4067 3771 4123 Haud
3796 4066 3856 4118 ita

449 4136 542 4188 cat
564 4135 658 4189 hic
681 4135 816 4206 ejus
839 4139 1054 4191 textus.
1095 4137 1202 4191 Adi
1229 4154 1463 4210 quoque
1494 4156 1676 4209 super
1724 4140 1833 4194 hac
1868 4135 2108 4194 materia
2225 4135 2397 4194 male.

465 4274 838 4310 Ei“
871 4278 876 4306 ε
2217 4278 3841 4290 _____________________________.

965 4433 1428 4511 247-2481Ν
1497 4433 1862 4512 LIBRUM
1921 4433 2048 4510 DE
2126 4431 2518 4510 INSTITU

1800 4435 1862 4509 Μ
1921 4433 2048 4510 DE
2126 4431 2830 4511 INSTITUTIONE
2915 4433 3353 4514 VlRGlNlS

1899 4575 2406 4639 ADMONITIO.

2217 4279 2582 4288 ’φ’-

495 4807 624 4863 Hoc
654 4825 803 4880 opus
835 4809 896 4864 in
927 4825 1101 4865 manu
1131 4809 1387 4865 exaratis
1417 4812 1589 4882 atque
1619 4809 1680 4863 in
1711 4809 1885 4864 editis
1919 4807 2227 4863 codicibus
2257 4822 2376 4862 non
2407 4807 2614 4862 eodem
2646 4807 2814 4864 titulo
2845 4808 3232 4880 inscribitur;
3267 4811 3330 4866 in
3350 4811 3470 4867 illis
3501 4811 3651 4867 enim
3677 4819 3868 4880 ιιι-ωηο-

424 4899 579 4952 tatur
607 4913 677 4952 eo
709 4898 1006 4952 lemmate:
1041 4898 1253 4954 Sermo
1281 4898 1356 4953 de
1377 4904 1599 4952 sanctae
1620 4897 1834 4952 Mariae
1862 4897 2214 4969 virginitate
2228 4901 2546 4968 perpetua;
2578 4897 2637 4951 in
2659 4897 2755 4952 his
2777 4913 2954 4953 vero:
2985 4899 3085 4954 Ad
3113 4899 3446 4955 Eusebium
3469 4897 3770 4954 institutio:
3787 4890 3863 4946 vel

423 4984 512 5040 De
530 4986 905 5041 institutione
939 4987 1224 5057 Virginis.
1251 4987 1320 5042 Et
1351 5003 1458 5043 sua
1489 4988 1726 5059 quidem
1759 4986 1990 5057 utrique
2023 4985 2395 5056 inscriptioui
2425 4985 2636 5041 subest
2683 4987 2852 5041 ratio.
2889 4987 3060 5041 Enim
3097 5003 3238 5042 vero
3289 4990 3393 5060 qui
3425 4990 3676 5060 priorem
3703 4985 3863 5040 eidem

423 5075 753 5145 praetixere,
790 5075 901 5130 hoc
933 5075 1026 5129 vel
1057 5077 1308 5132 maxime
1339 5078 1549 5132 ductos
1580 5079 1839 5147 apparet,
1873 5074 2028 5146 quod
2043 5072 2298 5146 hujusce
2322 5074 2752 5129 lucubrationis
2775 5076 3083 5145 potissima
3107 5093 3246 5147 pars
3277 5079 3340 5132 in
3362 5076 3698 5132 ret‘ellendis
3718 5074 3862 5144 ejus-

422 5163 554 5218 dem
590 5164 786 5220 Mariae
815 5165 1175 5220 adversariis
1206 5166 1580 5238 impenditur.
1615 5165 1748 5220 Non
1778 5164 2012 5218 aliunde
2043 5165 2218 5218 etiam
2259 5167 2534 5234 putamus
2575 5163 2811 5233 factum,
2849 5169 2910 5218 ut
2942 5181 3076 5219 cum
3120 5166 3374 5220 aliorum
3407 5167 3661 5221 omnium
3689 5161 3776 5234 qui
3802 5157 3860 5211 ad

420 5253 711 5326 virginale
735 5255 1064 5309 institutum
1097 5256 1405 5326 pertinent,
1431 5257 1779 5308 tractatuum
1813 5253 2184 5323 reperiantur
2216 5268 2362 5306 mss.
2397 5252 2755 5322 complures,
2791 5252 2975 5324 hujus
3003 5258 3118 5307 tam
3153 5270 3380 5323 paucos
3413 5260 3472 5310 et
3515 5251 3860 5324 imperfectos

420 5341 686 5398 invenire
719 5343 812 5397 sit.
847 5343 1016 5398 Illum
1045 5345 1274 5398 scilicet
1303 5343 1564 5398 arbitrati
1599 5345 1735 5396 sunt
1766 5341 1839 5395 ad
1872 5341 2109 5394 virtutis
2139 5345 2195 5396 et
2225 5357 2453 5396 morum
2487 5341 2958 5395 informationem
2986 5343 3184 5396 minus
3213 5343 3449 5412 referri,
3473 5358 3643 5415 quam
3669 5339 3734 5394 ad
3763 5337 3864 5391 ha:-

419 5431 577 5486 resis
597 5447 713 5486 non
735 5431 1019 5487 exsoleta:
1041 5432 1258 5501 solum,
1283 5431 1389 5486 sed
1412 5445 1640 5486 eversae
1673 5445 1740 5484 ac
1761 5429 1996 5500 penitus
2019 5429 2329 5484 exstinctae
2348 5429 2828 5484 confutationem.
2847 5429 2970 5484 Nec
2986 5445 3200 5485 novam
3221 5447 3362 5486 esse
3387 5431 3542 5486 illam
3561 5425 3862 5484 earumdem

417 5521 955 5592 manuscriptorum
979 5521 1162 5592 hujus
1186 5521 1324 5575 hinc
1348 5519 1668 5592 intelligas,
1694 5519 1852 5589 quod
1881 5519 1942 5572 in
1972 5534 2040 5574 ea
2067 5518 2442 5574 Canticorum
2465 5517 2853 5588 Expositione
2876 5534 3052 5589 quam
3085 5534 3161 5574 ex
3183 5519 3600 5574 Ambrosianis
3615 5513 3864 5588 operibus

418 5609 658 5681 collegit
685 5610 1034 5665 Guillelmus
1058 5610 1245 5664 abbas
1275 5609 1474 5664 Sancti
1505 5607 1858 5663 Theodorici
1889 5607 2179 5679 (Append.
2231 5607 2324 5662 ad.
2373 5624 2411 5676 ι,
2465 5607 2508 5676 ι,
2557 5624 2612 5677 p.
2666 5607 2846 5676 1545),
2880 5607 3027 5661 nihil
3056 5608 3216 5678 quod
3246 5623 3322 5662 ex
3367 5609 3482 5664 hoc
3509 5607 3705 5662 eodem
3733 5602 3862 5656 libro

416 5697 660 5769 petitum
691 5698 887 5770 fuerit,
921 5699 1212 5754 insertum
1241 5701 1352 5756 est.
1388 5697 1556 5764 Quod
1586 5700 1782 5754 autem
1812 5695 2103 5754 editiones
2134 5699 2382 5769 spectat,
2414 5696 2518 5770 qui
2547 5694 2777 5753 titulum
2809 5695 3036 5753 eisdem
3081 5696 3370 5769 indidere,
3401 5697 3443 5753 ii
3475 5694 3661 5770 magis
3689 5687 3861 5764 operis
