4060 6158
149 275 234 342 317
706 271 963 336 LIBER
1004 274 1116 336 DE
1158 275 1761 343 INSTITUTIONE
1803 277 2182 343 VIRGINIS
2251 313 2326 328 —
2369 279 2883 346 ADMONITIO.
3403 285 3526 352 318

163 492 322 546 scopum
347 491 407 529 ac
436 475 604 530 tinem
634 476 896 531 assecuti
925 480 1080 531 sunt.
1115 475 1482 548 Quapropter
1511 495 1643 533 cum
1675 483 1984 552 utrumque
2017 465 2463 552 inscriptionem
2493 499 2856 539 summarum
2885 486 3234 558 paginarum
3264 487 3527 560 amplitu-

159 570 194 620 do
213 568 453 635 integram
484 581 595 619 non
626 570 878 634 caperet,
913 582 1040 620 eam
1075 571 1297 620 tantum
1329 567 1387 620 in
1417 567 1608 622 fronte
1638 569 1774 622 libri
1807 569 2083 623 duximus
2116 570 2560 642 praefigendam.

189 655 306 708 idem
333 655 384 706 in
413 654 763 709 editionibus
807 655 1134 710 destinatus
1184 657 1406 728 legitur
1435 658 1533 711 Ad
1561 657 1886 712 Eusebium
1918 679 1934 711 :
1965 659 2120 729 quod
2168 674 2382 714 nomen
2411 659 2546 713 licet
2575 659 2633 713 in
2683 676 2830 713 mss.
2862 662 3085 716 nostris
3120 663 3524 734 desideretur,

144 747 348 798 tamenin
375 744 444 797 iis
474 744 801 814 codicibus,
850 746 1004 800 unde
1035 747 1217 816 praelo
1263 748 1583 802 commissa
1614 751 1706 802 est
1749 764 1816 802 ea
1866 749 2130 816 scriptio,
2165 749 2471 802 exstitisse
2517 749 2851 819 negandum
2882 765 3000 803 non
3043 755 3154 816 est,
3191 753 3298 806 sed
3329 753 3524 808 solum

137 836 342 904 quisnam
373 833 460 888 ille
483 833 652 888 fuerit
685 835 1116 906 inquirendum.
1152 836 1431 890 Nonnulli
1463 854 1595 892 cum
1627 822 1878 892 Ba‘ronio
1909 837 2006 907 (ad
2036 853 2170 892 ann.
2204 838 2329 906 3T1)
2353 837 2622 892 eumdem
2653 837 2809 891 hunc
2841 853 2978 892 esse
3007 855 3074 892 ac
3107 844 3375 894 sanctum
3407 841 3526 896 Eu-

134 923 305 974 sebium
347 922 767 976 Bononiensem
799 925 1144 994 episcopum
1176 926 1604 980 existimarunt.
1640 927 2052 981 Verumtamen
2098 927 2331 981 videtur
2360 927 2539 980 multo
2588 927 2956 996 probabilius
2989 927 3311 982 Eusebium
3352 929 3529 984 alium

129 1011 367 1080 designari
395 1011 822 1066 Bononiensem
858 1013 1068 1083 civem,
1118 1015 1213 1068 cui
1245 1014 1695 1070 familiaritatem
1725 1016 2148 1070 intercessisse
2191 1032 2323 1070 cum
2371 1017 2688 1070 Ambrosio
2749 1015 3022 1086 ejusdem
3061 1017 3251 1070 sancti
3280 1018 3353 1071 ad
3397 1033 3532 1072 eum

128 1101 318 1168 epistola
346 1101 480 1154 satis
509 1101 786 1156 declarat.
822 1102 1006 1156 Porro
1040 1103 1090 1157 is
1123 1107 1246 1157 erat
1277 1104 1516 1158 familiae
1548 1104 1938 1160 nobilissima:-
1971 1109 2161 1176 caput,
2196 1121 2264 1158 ac
2295 1105 2477 1159 filium
2509 1104 2762 1159 habebat
2802 1105 3146 1160 Faustinum
3179 1105 3444 1176 pulchrae
3476 1109 3533 1161 et

127 1204 393 1242 numerosae
421 1190 646 1244 sobolis
693 1194 936 1260 patrem.
972 1193 1232 1262 Nepotes
1271 1209 1415 1248 suos
1448 1195 1582 1264 pius
1615 1194 1712 1248 illo
1752 1210 1902 1250 avus
1933 1195 2006 1248 ad
2041 1194 2440 1263 Ambrosium,
2487 1195 2549 1247 ut
2597 1209 2802 1247 eorum
2833 1197 3066 1248 curaret
3097 1195 3526 1264 educationem,

131 1279 411 1332 missitabat.
445 1279 568 1333 Hos
600 1284 794 1336 autem
828 1282 978 1336 inter
1007 1283 1280 1352 puellam,
1330 1285 1705 1338 Ambrosiam
1737 1284 1948 1352 silicet,
1987 1286 2254 1337 numerat
2298 1285 2542 1337 sanctus
2573 1275 2824 1352 praesul,
2857 1299 3031 1353 quam
3063 1283 3399 1354 spiritalem
3430 1299 3530 1338 eo-

130 1366 381 1421 lumbam...
428 1376 654 1423 unctam
705 1371 858 1424 oliva
907 1373 1283 1443 integritatis
1325 1377 1516 1440 vocat,
1561 1378 1616 1426 et
1663 1389 1837 1443 quam
1887 1389 2021 1426 cum
2066 1372 2244 1427 fratre
2292 1372 2563 1442 ejusdem
2612 1373 2868 1426 nominis
2903 1373 3196 1444 designat,
3245 1372 3346 1426 ubi
3391 1372 3534 1426 dicit

131 1465 373 1528 utrumque
406 1458 718 1513 Ambrosii
739 1461 976 1532 pignus,
1013 1464 1122 1517 etc.
1160 1461 1318 1533 Ergo
1351 1478 1481 1516 cum
1515 1465 1747 1532 neptem
1779 1477 1947 1514 suam
1981 1465 2187 1515 sancto
2219 1461 2464 1514 antistiti
2505 1461 2678 1514 enixe
2724 1461 3199 1515 commendasset
3232 1461 3531 1515 Eusebius

128 1561 234 1614 u‘ap.
263 1544 304 1612 1,
351 1563 500 1601 num.
536 1546 610 1614 1),
645 1548 795 1602 hanc
828 1550 924 1604 ille
957 1551 1272 1604 Mediolani
1317 1567 1440 1606 non
1471 1551 1701 1622 vulgari
1733 1567 1864 1604 cum
1894 1551 2072 1604 animi
2102 1549 2397 1619 voluptate
2429 1554 2755 1620 exceptam,
2792 1549 3030 1620 cognito
3063 1549 3198 1620 ejus
3231 1549 3530 1604 desiderio

125 1650 171 1686 ac
194 1639 454 1702 parentum
476 1653 801 1708 consensu,
835 1639 1084 1692 solemni
1108 1641 1220 1694 ritu
1244 1640 1636 1694 consecravit.
1669 1639 1815 1695 Cum
1836 1644 2029 1694 autem
2051 1639 2206 1692 illam
2236 1639 2592 1708 virginitatis
2613 1638 2908 1691 victimam
2932 1638 3002 1692 ad
3021 1654 3156 1692 aras
3186 1638 3530 1710 priusquam

128 1721 349 1777 velamine
378 1724 796 1796 obnuberetur,
833 1728 1000 1798 gravi
1030 1728 1240 1798 pieque
1273 1730 1535 1783 oratione
1584 1745 1658 1783 ex
1691 1745 1850 1783 more
1884 1729 2151 1784 hortatus
2182 1731 2372 1797 esset,
2407 1727 2671 1782 eamdem
2703 1727 3028 1782 orationem
3059 1727 3273 1782 additis
3304 1729 3528 1783 tantum

135 1809 296 1865 duobus
323 1814 587 1882 capitulis
620 1815 692 1868 ad
722 1816 1070 1888 religiosum
1101 1817 1264 1872 illum
1294 1819 1487 1872 virum
1517 1819 1846 1872 transmisit
1876 1819 2026 1889 (cap.
2060 1817 2086 1872 1
2124 1821 2178 1872 et
2209 1819 2284 1886 2).

180 1899 325 1954 Primo
354 1901 530 1972 igitur
561 1902 885 1958 Eusebium
915 1906 1071 1976 quod
1119 1906 1496 1961 Ambrosiam
1527 1907 1641 1960 sibi
1673 1923 1794 1976 prae
1828 1907 2061 1962 caeteris
2095 1907 2223 1962 suis
2254 1907 2460 1961 liberis
2493 1907 2730 1960 charum
2766 1921 2904 1960 esse
2937 1905 3361 1977 significasset,
3396 1905 3532 1960 lau-

128 1986 191 2040 dat
211 1990 330 2058 (cap.
362 1989 408 2060 1,
442 2007 603 2046 num.
642 1992 666 2046 1
701 1997 758 2046 et
789 1992 959 2065 seq.),
993 1995 1322 2066 virgineam
1354 1996 1748 2050 conditionem
1799 1997 2102 2068 conjugali
2130 1997 2308 2067 longe
2358 1999 2642 2066 praestare
2675 1995 2874 2050 multis
2907 1995 3344 2050 demonstrans.
3379 1994 3528 2049 Tum

129 2076 196 2128 ubi
221 2078 389 2133 docuit
420 2081 797 2136 continentia:
843 2097 1080 2152 semper
1109 2083 1355 2155 adjungi
1388 2087 1658 2154 oportere
1689 2085 1985 2140 silentium
2016 2090 2188 2156 atque
2222 2087 2564 2152 orationem,
2600 2085 2784 2156 hujus
2813 2084 3033 2138 ultimas
3081 2084 3249 2138 dotes
3289 2083 3532 2153 exponit

124 2165 245 2219 u'bid.
274 2184 414 2222 num.
449 2170 499 2224 4.
538 2176 596 2223 et
629 2187 777 2242 seq.,
801 2175 854 2224 et
885 2187 1010 2241 cap.
1035 2172 1087 2238 ‘3,
1122 2188 1280 2226 num.
1315 2173 1347 2224 8
1379 2179 1436 2227 et
1468 2177 1635 2245 seq).
1664 2172 1801 2229 Mox
1829 2174 2136 2245 proﬁtetur
2163 2173 2393 2228 tametsi
2425 2173 2496 2227 de
2526 2173 2888 2242 praecellenti
2926 2173 3024 2227 illa
3053 2173 3266 2226 virtute
3305 2172 3530 2242 saepius

123 2256 274 2324 egerit,
296 2272 353 2311 se
394 2261 582 2312 tamen
611 2275 729 2313 non
751 2263 992 2330 gravate
1046 2260 1184 2314 huic
1235 2262 1397 2330 Operi
1430 2262 1692 2317 laborem
1724 2263 2058 2318 Ambrosias
2088 2264 2275 2334 gratia
2307 2263 2671 2332 impendisse
2702 2263 2853 2331 (cap.
2888 2262 2940 2329 2,
2975 2277 3114 2315 num
3160 2261 3268 2329 15).
3301 2259 3531 2324 Quibus

120 2344 401 2414 praemissis,
432 2347 700 2401 habitum
730 2349 946 2403 abesse
978 2349 1116 2403 dum
1147 2351 1443 2404 velaretur
1464 2352 1668 2405 eadem
1698 2352 1890 2424 virgo,
1927 2368 2262 2407 sermonem
2290 2350 2491 2406 refert.
2522 2351 2587 2404 In
2615 2350 2860 2404 exordio
2891 2350 3122 2420 utrique
3146 2349 3318 2404 sexui
3347 2347 3532 2418 virgi-

121 2432 297 2487 nitatem
324 2437 666 2490 testiﬁcatur
697 2437 897 2492 decori
928 2454 1064 2492 esse
1096 2439 1245 2508 (cap.
1279 2439 1331 2507 3,
1367 2456 1525 2494 num.
1576 2441 1651 2508 6),
1705 2457 1772 2495 ac
1802 2441 1983 2495 rebus
2016 2441 2088 2494 ab
2122 2441 2354 2512 origine
2404 2440 2589 2510 prima
2621 2439 2906 2510 repetitis,
2958 2438 3208 2493 feminas
3240 2437 3530 2493 immerito

122 2523 330 2592 tanquam
361 2525 579 2580 homini
613 2527 835 2580 erroris
869 2531 923 2581 et
953 2529 1177 2598 peccati
1213 2545 1426 2584 causas
1457 2531 1516 2584 in
1547 2530 1828 2584 invidiam
1859 2530 2060 2584 vocari
2090 2529 2316 2600 probat.
2353 2529 2695 2599 Respondet
2727 2528 2900 2582 etiam
2931 2527 3122 2582 solitae
3151 2527 3236 2581 illi
3268 2527 3534 2581 crimina’

125 2610 234 2678 tioni,
262 2630 361 2684 qua
394 2617 675 2670 mulieres
724 2617 868 2670 viris
900 2615 1254 2672 offendiculo
1305 2634 1442 2672 esse
1476 2619 1750 2673 dicuntur
1796 2619 1947 2689 (cap.
1982 2619 2034 2686 4,
2069 2635 2208 2672 num
2238 2616 2306 2672 25
2339 2624 2395 2671 et
2427 2618 2606 2688 seq.);
2639 2616 2738 2671 ubi
2782 2616 2854 2670 de
2907 2615 3223 2670 multarum
3253 2614 3529 2686 ejusdem

126 2701 271 2755 saeculi
299 2703 643 2760 feminarum
673 2707 884 2776 pietate
917 2710 1089 2777 atque
1116 2707 1367 2777 jejuniis
1400 2707 1754 2777 perpulchra
1787 2710 1985 2762 narrat
2015 2707 2185 2776 (ibid.
2222 2723 2359 2760 num
2392 2705 2460 2760 30
2491 2709 2547 2760 et
2575 2706 2685 2775 31).
2723 2705 2874 2760 Hinc
2905 2721 2936 2760 a
2969 2708 3156 2759 veteri
3187 2704 3310 2758 Eva
3339 2704 3412 2758 ad
3434 2719 3536 2758 no-

125 2803 211 2842 vam
236 2807 563 2863 conversus,
601 2795 876 2850 nimirum
909 2796 981 2850 ad
1014 2796 1276 2865 Mariam,
1323 2797 1512 2866 ipsam
1542 2797 1774 2867 signum
1805 2812 1993 2850 sacrae
2028 2795 2400 2868 virginitatis
2431 2794 2722 2849 extulisse
2755 2795 3002 2865 primam
3034 2793 3252 2847 asserit
3281 2794 3433 2863 (cap.
3469 2792 3528 2860 5,

124 2891 233 2932 num.
259 2881 318 2934 3'2
347 2892 400 2936 et
431 2887 606 2956 seq.).
643 2883 1010 2955 QuaprOpter
1041 2900 1178 2940 sese
1209 2885 1410 2939 mirari
1441 2885 1641 2940 subdit
1668 2885 2138 2940 Christianorum
2168 2884 2400 2954 aliquos
2430 2883 2567 2938 huic
2611 2883 2718 2937 Dei
2747 2882 3042 2954 simulque
3073 2881 3372 2954 virginum
3402 2896 3532 2936 om-

124 2967 235 3022 nium
259 2975 462 3040 parenti
494 2978 839 3044 perpetuam
895 2975 1290 3046 integritatem
1322 2990 1504 3030 ausos
1538 2991 1778 3047 negare.
1816 2975 1943 3030 Hoc
1988 2975 2369 3045 sacrilegium
2399 2978 2621 3028 aeterno
2653 2973 2890 3044 quidem
2923 2973 3158 3028 silentio
3189 2973 3550 3044 opprimen:

124 3053 217 3110 dum
240 3059 376 3130 dicit,
408 3064 514 3117 sed
546 3080 686 3117 cum
716 3064 1033 3134 episcopus
1058 3065 1358 3133 (Bonosus
1375 3064 2006 3119 videlicetSardicensi
2035 3068 2133 3118 aut
2155 3064 2350 3134 potius
2382 3063 2740 3122 Naissitanae
2759 3063 3024 3131 dioecesi,
3059 3065 3122 3116 ut
3150 3077 3183 3115 a
3213 3061 3388 3116 nobis
3433 3059 3532 3114 ali-

123 3143 160 3195 bi
182 3147 550 3220 declarabitur,
589 3153 931 3223 praefectus)
978 3155 1038 3206 in
1069 3169 1197 3206 eam
1227 3155 1582 3222 impietatem
1614 3154 1904 3222 inciderit,
1936 3154 2058 3224 jam
2090 3169 2207 3207 non
2249 3153 2433 3206 videri
2467 3151 2961 3206 dissimulandum
2993 3150 3166 3220 (ibid.
3200 3165 3340 3204 num
3368 3147 3436 3203 35
3469 3153 3529 3202 et

124 3249 243 3305 5:57.).
271 3240 450 3312 Itaque
484 3243 714 3297 veritus
747 3259 818 3296 ne
852 3247 1029 3297 rectae
1064 3244 1200 3297 tidci
1231 3248 1471 3298 noceret
1503 3243 1861 3314 episcopalis
1893 3243 2232 3311 auctoritas,
2265 3243 2428 3296 illum
2455 3241 2514 3294 in
2545 3240 2782 3310 publico
2815 3242 3108 3294 conventu
3136 3253 3252 3310 quo
3305 3237 3531 3290 infinita

124 3325 360 3384 multitudo
388 3332 456 3384 ad
489 3336 715 3386 exterae
748 3332 1261 3404 nobilissimaeque
1309 3333 1560 3404 virginis
1609 3333 2117 3387 consecrationem
2165 3331 2542 3386 advolaverat
2567 3369 2582 3395 ,
2637 3329 2984 3401 aggreditur
3033 3328 3182 3398 (cap.
3217 3326 3270 3395 6,
3302 3326 3335 3380 ’7
3366 3327 3423 3380 et
3450 3325 3526 3396 8).

124 3409 319 3471 Primum
345 3419 591 3475 istorum
625 3421 1041 3475 haereticorum
1070 3422 1436 3493 sophismata
1460 3423 1517 3475 in
1550 3423 1806 3476 medium
1837 3421 2081 3492 profert,
2115 3421 2333 3492 quibus
2357 3419 2566 3474 deinde
2598 3434 2741 3473 suas
2773 3417 2989 3488 singlis
3018 3416 3257 3470 adhibet
3285 3414 3531 3470 solutio-

123 3516 197 3556 nes
220 3507 344 3577 (cap.
373 3511 423 3578 9,
456 3527 622 3565 num.
673 3511 742 3564 58
779 3518 836 3565 et
863 3513 1012 3583 seq).
1048 3512 1231 3566 Porro
1263 3527 1380 3565 non
1411 3511 1524 3564 alia
1555 3511 1739 3565 ferme
1772 3511 2119 3582 respondet,
2154 3527 2328 3581 quam
2359 3525 2492 3581 quae
2525 3508 2795 3562 Helvidio
2827 3505 3101 3562 Auxentii
3135 3505 3294 3559 illius
3329 3503 3532 3558 Ariani

125 3589 347 3664 discipulo
389 3601 623 3670 reponit
665 3601 1082 3671 Hieronymus.
1119 3601 1246 3656 Hoc
1277 3605 1469 3655 tamen
1499 3601 1874 3670 potissimum
1896 3601 2048 3654 inter
2078 3615 2144 3654 se
2173 3599 2637 3669 distinguuntur,
2663 3596 2818 3668 quod
2839 3612 2970 3651 cum
2989 3595 3228 3682 ultimus
3261 3593 3534 3648 adversa-

125 3680 286 3738 riorum
313 3691 742 3762 paralogismos
775 3691 998 3744 diluere
1034 3691 1180 3744 satis
1211 3691 1443 3760 habeat,
1469 3691 1714 3760 insuper
1733 3692 2076 3762 argumenta
2109 3688 2326 3760 quibus
2359 3689 2636 3756 perpetua
2670 3685 2870 3739 Mariae
2898 3679 3208 3756 virginitas
3249 3683 3531 3736 demons-

125 3771 272 3843 tretur,
298 3778 442 3832 addit
477 3780 855 3834 Ambrosius.
892 3781 974 3833 Ibi
1008 3781 1274 3851 virgines
1305 3781 1377 3833 ad
1411 3779 1680 3850 ejusdem
1703 3780 2110 3850 antesignanae
2144 3793 2270 3831 suae
2292 3771 2673 3830 imitationem
2705 3775 2778 3829 ob
2811 3773 3018 3845 sponsi
3051 3771 3394 3843 zelotypiam
3428 3786 3532 3826 co-

129 3854 325 3919 hortatus
353 3871 496 3939 (cap.
537 3869 625 3935 lO,
663 3868 720 3922 11
757 3872 812 3923 et
846 3869 952 3939 12),
985 3869 1169 3940 hujus
1200 3869 1390 3939 ipsius
1439 3869 1800 3923 divinitatem
1849 3866 2080 3936 probat,
2113 3865 2185 3918 ab
2218 3864 2430 3918 iisdem
2469 3863 2769 3918 haereticis
2821 3860 3078 3932 superbe
3124 3859 3533 3931 impugnatam

129 3963 232 4018 “Cap.
258 3952 328 4020 13,
360 3956 417 4010 14
447 3962 503 4012 et
540 3958 646 4026 15).
685 3958 1002 4028 Postquam
1035 3975 1176 4012 vero
1209 3959 1419 4012 iterum
1443 3958 1514 4010 ad
1544 3957 1879 4010 imitandam
1905 3955 2170 4024 Deiparaa
2204 3952 2609 4008 castimoniam
2640 3951 2908 4023 virgines
2927 3949 3222 4018 excitavit,
3259 3963 3531 4020 quamam

127 4037 309 4096 virtutes
335 4046 388 4100 in
421 4047 568 4117 ipsis
603 4048 998 4118 requirantur,
1031 4047 1285 4117 explicat
1315 4049 1463 4118 (cap.
1501 4047 1585 4101 16.
1638 4063 1776 4100 num
1809 4046 1911 4100 100
1944 4051 2002 4099 et
2033 4060 2154 4116 seq.
2162 4044 2206 4111 ).
2241 4043 2505 4113 Denique
2535 4039 2875 4095 nominatim
2907 4039 2979 4092 ad
3011 4037 3388 4093 Ambrosiam
3434 4051 3533 4091 re-

130 4132 276 4181 vocata
303 4135 573 4202 oratione,
609 4135 748 4205 quid
781 4135 970 4205 ipsam
1003 4141 1288 4206 praestare
1323 4138 1604 4205 Oporteat,
1641 4134 1846 4204 paucis
1876 4133 2062 4204 aperit
2092 4133 2222 4202 (cap
2257 4132 2342 4200 1⁵³1,
2378 4147 2536 4184 num.
2571 4129 2670 4183 101
2704 4136 2762 4182 et
2795 4128 2965 4200 seq.).
2991 4128 3155 4182 Actis
3186 4129 3379 4181 autem
3411 4125 3532 4180 Deo

134 4217 280 4280 t'l‘atiis
305 4223 448 4291 quod
479 4226 538 4278 in
571 4240 728 4278 novo
754 4224 974 4279 foedere
1004 4225 1333 4296 angelicam
1365 4217 1728 4296 virginitatis
1762 4223 2200 4294 professionem
2223 4221 2422 4275 Mariae
2453 4219 2722 4290 exemplo
2755 4217 3112 4273 instituisset
3159 4216 3333 4287 (ibid.
3367 4230 3529 4270 num.

135 4299 197 4354 tu?
221 4313 266 4358 et
292 4313 446 4382 seq.),
478 4313 595 4382 ipsi
645 4313 1021 4367 Ambrosiam
1071 4329 1244 4367 sacro
1294 4315 1562 4368 flammeo
1604 4313 1850 4385 jamjam
1899 4311 2228 4366 donandum
2267 4308 2436 4365 offert
2480 4308 2650 4378 (ibid.
2687 4323 2826 4362 num
2857 4305 3018 4376 1'14);
3051 4308 3224 4376 atque
3263 4307 3326 4358 ut
3365 4303 3525 4356 illam

129 4395 373 4453 mtutibus
402 4416 433 4453 a
467 4401 590 4455 Deo
623 4401 974 4456 cumulatam
1007 4419 1122 4456 non
1156 4403 1508 4474 dedignctur
1539 4403 1598 4456 in
1647 4401 1960 4456 candidum
2004 4416 2360 4471 sponsarum
2389 4414 2632 4453 suarum
2663 4397 2910 4452 chorum
2957 4395 3282 4462 admittere,
3317 4391 3533 4446 arden-

129 4477 301 4537 tissimo
327 4486 526 4544 atl‘ectu
564 4493 974 4559 comprecatur
1004 4493 1154 4560 (cap.
1189 4492 1241 4559 2,
1277 4508 1432 4544 uuln.
1472 4492 1579 4559 15).

177 4567 311 4626 Nunc
357 4582 528 4632 restat
558 4583 620 4632 ut
650 4579 992 4649 scriptionis
1024 4579 1278 4651 hujusce
1309 4584 1540 4650 tempus
1575 4581 1902 4652 indagetur.
1941 4581 2194 4635 Adverte
2227 4582 2418 4634 autem
2452 4577 2830 4632 Ambrosium
2863 4590 2980 4628 non
3013 4572 3184 4627 modo
3217 4570 3438 4641 plures,
3473 4568 3536 4622 ut

130 4652 220 4720 ίρεῡ
245 4660 472 4733 loquitur
501 4674 653 4737 (cap.
691 4669 744 4736 6,
779 4686 915 4722 num
944 4669 1064 4730 43),
1122 4669 1308 4723 libros
1355 4668 1478 4740 jam
1529 4669 1812 4740 edidisse,
1864 4674 2174 4740 antequam
2209 4669 2346 4722 huic
2377 4665 2741 4722 lucubrando
2797 4678 3032 4733 operam
3093 4661 3275 4728 daret,
3328 4672 3535 4712 verum

133 4744 256 4800 etiam
281 4751 403 4808 huid
451 4757 565 4826 ipsi
624 4774 894 4828 magnam
942 4759 1283 4812 affinitatem
1313 4758 1680 4812 intercedere
1738 4776 1872 4813 cum
1902 4759 2074 4813 libris
2117 4759 2201 4812 De
2233 4757 2368 4824 fide,
2431 4771 2563 4809 cum
2595 4755 2840 4808 tractatu
2874 4749 2960 4804 De
3017 4748 3361 4822 Mysteriis,
3417 4747 3534 4799 imo

133 4832 271 4905 etiam,
299 4845 440 4911 quod
472 4847 790 4900 notandum
823 4852 930 4911 est,
967 4864 1098 4901 cum
1133 4863 1310 4918 opere
1334 4847 1422 4902 De
1444 4848 1874 4918 Sacr-amentis,
1897 4865 2030 4903 cum
2061 4847 2309 4918 epistola
2343 4843 2576 4899 concilii
2608 4839 3091 4908 Mediolanensis,
3123 4853 3192 4892 ac
3223 4835 3531 4905 Siriciana,

137 4921 206 4974 ενι]
231 4942 330 4994 pra:
357 4936 582 4988 caeteris
613 4952 746 4989 cum
779 4937 1050 5008 Ex'posit.
1087 4937 1321 5008 Evang.
1359 4937 1600 4991 secum].
1637 4937 1867 5002 Lucam,
1915 4936 2091 5008 cujus
2121 4939 2244 4990 tum
2273 4934 2596 4989 doctrinam
2624 4934 2750 4986 tum
2779 4929 3110 4984 locutiones
3143 4925 3383 4982 exhibet
3415 4941 3534 4980 non

139 5016 286 5071 paucis
312 5018 466 5086 locis,
491 5028 544 5077 et
578 5041 751 5095 quam
785 5027 1096 5080 consulere
1127 5027 1328 5080 verbis
1359 5026 1596 5079 minime
1619 5026 1916 5096 ambiguis
1947 5041 2058 5079 nos
2085 5024 2274 5095 jubet.
2299 5022 2670 5092 Proindeque
2693 5020 2788 5074 hic
2817 5018 2971 5073 liber
2989 5017 3198 5099 eodem
3226 5015 3534 5071 Commen—

140 5099 240 5153 ιὲτξο
265 5109 341 5159 cui
369 5127 575 5167 annum
607 5114 714 5167 386
761 5115 1223 5186 assignavimus,
1269 5115 1566 5186 posterior
1613 5119 1722 5168 est.
1777 5115 1866 5168 Ad
1897 5117 2260 5184 postremum
2291 5111 2508 5166 Conosi
2539 5109 2814 5178 haeresis,
2868 5107 3044 5179 cujus
3074 5106 3371 5178 praecipua
3419 5105 3536 5159 duo

142 5191 273 5254 milita
297 5201 396 5253 tam
425 5204 734 5272 perspicue
785 5205 1044 5258 confutat
1093 5208 1335 5259 sanctus
1383 5205 1607 5269 doctor,
1642 5219 1750 5258 nec
1798 5220 1916 5258 non
1945 5219 2012 5257 ea
2041 5203 2289 5272 epistola
2337 5216 2511 5272 quam
2541 5199 2789 5253 Siricius
2821 5213 2853 5252 e
2881 5197 3155 5267 Capuana
3206 5195 3436 5266 synodo
3467 5194 3527 5248 in

144 5285 222 5338 quo
247 5283 482 5352 ejusdem
513 5309 689 5345 causa
720 5309 972 5348 excussa
1005 5297 1114 5361 est,
1150 5293 1306 5347 dedit
1340 5294 1397 5346 in
1429 5293 1627 5346 multis
1660 5293 2020 5362 persimilem
2048 5292 2147 5344 isti
2169 5289 2438 5360 oppellaa,
2472 5288 2564 5342 hae
2598 5287 2862 5357 profecto
2893 5286 3023 5340 duae
3057 5301 3154 5338 res
3187 5283 3442 5350 faciunt,
3477 5283 3539 5334 ut

146 5369 337 5452 endem
367 5393 474 5432 non
507 5381 622 5435 nisi
653 5386 786 5452 post
816 5399 1032 5436 annum
1053 5381 1148 5435 391
1179 5381 1474 5450 prodiisse
1498 5381 1951 5435 existimandum
1986 5381 2097 5446 sit;
2130 5395 2238 5433 nec
2259 5383 2453 5432 tamen
2471 5377 2693 5430 aliuma
2713 5373 3226 5442 memoratolonge
3251 5373 3537 5426 remotum

148 5451 280 5510 eidem
305 5451 714 5524 altribuendum
745 5486 882 5526 esse
914 5471 1048 5524 inde
1077 5473 1336 5540 apparet,
1369 5470 1526 5540 quod
1557 5485 1623 5522 se
1655 5474 1775 5522 tum
1814 5469 2065 5538 primum
2101 5468 2159 5520 in
2192 5467 2349 5520 illam
2395 5466 2675 5520 haeresim
2705 5465 2921 5529 dicere,
2954 5461 3188 5531 publice
3222 5458 3495 5512 nimirum
3518 5495 3532 5521 ,

149 5549 292 5600 auctor
315 5554 559 5612 testatur.
604 5559 890 5624 Quocirca
923 5561 977 5613 si
1011 5561 1220 5614 horum
1252 5563 1578 5629 temporum
1612 5557 2120 5626 consuetudinem,
2155 5572 2267 5626 qua
2301 5571 2490 5609 sacra:
2522 5554 2790 5624 virgines
2831 5551 3080 5604 maxime
3105 5549 3164 5602 in
3199 5544 3535 5639 celebritate

153 5635 343 5692 t'aschali
369 5645 716 5719 vetabantur,
753 5649 848 5704 hic
881 5652 1124 5706 secutus
1156 5651 1266 5720 est,
1287 5636 1476 5704 illum
1505 5661 1843 5705 sermonem
1877 5645 1934 5702 in
1968 5645 2255 5700 l’aschate
2285 5643 2424 5703 anni
2453 5643 2558 5700 39:).
2591 5641 2851 5696 habitum
2884 5639 3074 5696 fuisse
3115 5635 3252 5708 jure
3285 5632 3530 5686 dixeris.
