4060 6158
513 307 633 372 319

1970 308 2035 373 S.
2081 307 2526 375 AMBROSII.

3834 327 3944 392 320

543 496 3899 530 *Μ’-...Μ

1127 663 2023 837 SANCTI
2161 669 3377 850 AMBROSII

1681 953 2377 1018 MEDIOLANENSIS
2428 957 2816 1023 EPISCOPI
2925 1028 2936 1034 _

937 1141 1174 1302 DE
1297 1147 2622 1313 INSTITUTIONE
2726 1153 3544 1313 VlBGlNlS

1403 1405 1510 1470 ΕΤ
1553 1406 1618 1472 S.
1668 1407 1976 1473 MARI/E
2021 1409 2574 1476 VIRGINITATE
2614 1413 3072 1484 PERPETUA

1935 1542 2049 1605 AD
2095 1543 2560 1609 EUSEBIUM.

1813 1727 2142 1810 LIBER
2228 1729 2370 1809 UN
2391 1730 2512 1809 US
2569 1713 2675 1807 (³).

947 2066 1094 2136 249
1125 2079 1376 2137 CAPUT
1419 2081 1745 2138 PRIMUM.

510 2157 883 2242 Parentibus
919 2169 1135 2242 merito
1173 2177 1372 2242 caram
1411 2169 1877 2242 esse‘majorcm
1925 2163 2188 2242 virginis

583 2240 772 2312 sacrae
804 2245 969 2312 quam
1000 2231 1247 2312 reliqua)
1277 2231 1520 2296 sobolis.
1543 2231 1722 2307 Quam
1746 2231 2051 2312 precstans
2079 2240 2188 2296 illa

584 2304 957 2388 enumeratio
979 2329 996 2364 :
1029 2304 1456 2388 ubi'przecipue
1485 2304 1850 2388 (le'silcn'tio,
1887 2312 2038 2384 quod
2074 2313 2190 2366 vir-

579 2380 861 2446 ginitatis
897 2380 1312 2436 verecundiam
1343 2380 1710 2439 commendat
1743 2401 1855 2438 non
1887 2380 2062 2437 secus
2093 2389 2189 2437 at-

587 2463 697 2518 que
727 2449 1080 2527 Ecclesium,
1126 2454 1292 2527 etg'us
1323 2455 1516 2527 omnis
1545 2455 1738 2526 gloria
1785 2454 1860 2509 ab
1908 2457 2092 2524 intus,
2129 2460 2190 2509 ct

585 2535 750 2594 quam
783 2537 888 2578 nos
916 2523 1146 2580 imitari
1177 2523 1455 2582 convenit
1487 2523 1822 2582 in'orando.

585 2625 636 2680 1.
669 2625 1060 2684 Commendas
1079 2631 1456 2704 mihipignus
1482 2635 1666 2702 tuum,
1703 2632 1859 2704 quod
1897 2647 2066 2704 aeque
2088 2635 2186 2687 est

512 2729 727 2783 meum,
761 2715 1136 2774 Ambrosiam
1168 2719 1398 2776 Domini
1429 2737 1661 2776 sacram
1693 2722 1809 2792 (2):
1851 2724 1908 2776 et
1956 2721 2053 2792 pio
2097 2721 2187 2777 af~

513 2800 669 2857 fectu
699 2801 834 2874 ejus
867 2804 966 2860 tibi
1000 2809 1228 2863 asseris
1257 2810 1731 2880 praestantiorem
1764 2809 1958 2881 aliqua
2001 2810 2186 2864 sobo-

510 2889 566 2946 le
596 2891 1075 2950 sollicitudinem.
1102 2895 1172 2951 Et
1204 2913 1344 2952 vero
1373 2897 1449 2952 ita
1475 2901 1568 2953 est
1599 2899 1749 2969 apud
1772 2902 2026 2954 mentem
2045 2898 2186 2954 tide-

510 2979 624 3036 lem
650 2995 664 3050 ;
711 2983 962 3038 cateros
993 2985 1151 3040 enim
1189 2985 1474 3054 instituis,
1505 2991 1568 3042 ut
1599 2987 1833 3043 emittas
1863 2987 2058 3055 domo,
2093 2989 2184 3042 at-

509 3085 626 3142 que
655 3069 864 3127 alienis
897 3073 1164 3144 copules,
1196 3075 1370 3130 istam
1395 3091 1632 3147 semper
1659 3079 1854 3132 tecum
1885 3075 2139 3132 habebis
2167 3090 2178 3132 :

507 3159 571 3214 in
599 3161 834 3216 caeteris
866 3175 1102 3234 quoque
1130 3166 1391 3235 paternae
1430 3165 1616 3221 uteris
1647 3165 1879 3237 pietatis
1910 3164 2182 3221 necessi-

507 3246 748 3305 tudine:
800 3250 859 3306 in
891 3251 1001 3306 hac
1047 3253 1196 3308 ultra
1236 3257 1459 3325 patrem
1509 3255 1806 3326 procedis,
1841 3257 2095 3326 votoque
2125 3256 2182 3308 et

2215 2011 2276 2074 Α
2302 2056 2449 2108 mea,
2467 2041 2724 2098 formosa
2757 2059 2904 2114 mea,
2939 2043 3202 2100 columba
3233 2059 3361 2099 mea
3389 2063 3408 2098 :
3451 2042 3584 2117 quia
3615 2056 3745 2097 ecce
3773 2038 3937 2094 hiems

2295 2129 2600 2202 prmteriit
2630 2133 2827 2200 (Cant.
2856 2148 2914 2204 ιι,
2948 2131 3034 2203 10,
3070 2132 3205 2203 lt)?
3235 2135 3571 2206 Antequam
3587 2131 3830 2187 Verbum
3850 2125 3936 2181 Dei

2299 2217 2610 2291 reciperet,
2647 2221 2838 2278 hiems
2883 2224 3006 2278 erat
3056 2220 3365 2292 inhonora,
3403 2222 3535 2278 sine
3584 2221 3802 2276 fructu:
3849 2214 3934 2270 ubi

2302 2307 2560 2364 Verbum
2595 2311 2698 2366 Dei
2751 2312 2996 2382 recepit,
3031 2314 3087 2365 et
3129 2311 3385 2366 mundus
3425 2311 3476 2366 ei
3508 2313 3599 2365 est
3627 2306 3932 2371 cruciﬁxus,

2303 2400 2483 2452 aestas
2515 2402 2607 2453 est
2657 2399 2827 2454 facta.
2877 2400 3142 2472 Denique
3191 2399 3430 2455 fervore
3480 2398 3663 2454 sancti
3712 2393 3934 2466 Spiritus

2298 2491 2595 2556 vaporata,
2629 2489 2740 2544 llos
2771 2504 2910 2544 esse
2941 2490 3136 2560 ccepit,
3171 2492 3228 2543 et
3275 2489 3510 2560 spirare
3539 2487 3769 2543 odorem
3798 2481 3929 2549 ﬁdei,

2296 2573 2679 2648 fragrantiam
2711 2578 3020 2647 castitatis,
3056 2577 3413 2633 suavitatem
3445 2577 3666 2650 gratim.

2375 2701 2428 2756 4.
2462 2701 2630 2758 Unde
2658 2706 2714 2758 et
2747 2702 2886 2757 alibi
2918 2702 3105 2757 addit:
3152 2701 3321 2758 Oculi
3360 2703 3453 2757 tui
3483 2699 3758 2756 columba}
3787 2705 3931 2752 extra

2297 2791 2768 2848 taciturnitatem
2819 2797 2975 2845 tuam
3021 2790 3218 2858 (Cant.
3267 2791 3483 2863 iv,1);
3533 2806 3603 2846 eo
3647 2787 3793 2861 quod
3832 2787 3928 2839 tota

2295 2879 2583 2953 spiritalis
2615 2881 2671 2934 et
2691 2879 2944 2950 simplex
2967 2881 3123 2934 sicut
3153 2879 3451 2949 columba,
3472 2880 3530 2934 in
3561 2877 3730 2949 cujus
3758 2871 3928 2946 specie

2291 2969 2463 3025 visus
2485 2971 2577 3024 est
2597 2984 2629 3022 a
2657 2967 2884 3024 Joanne
2905 2967 3270 3024 descendere
3290 2968 3552 3040 Spiritus
3566 2969 3813 3032 sanctus,
3837 2959 3932 3032 spi-

2293 3059 2484 3114 ritalia
2512 3057 2729 3127 videat,
2755 3060 2812 3112 et
2843 3057 3072 3112 noverit
3092 3073 3160 3113 ea
3191 3073 3324 3128 qum
3359 3057 3576 3113 viderit
3611 3059 3792 3110 tacere
3821 3065 3928 3120 my-

2294 3147 2495 3204 steria.
2529 3146 2663 3202 Non
2693 3145 2849 3202 enim
2867 3145 3186 3202 mediocris
3205 3146 3397 3201 virtus
3418 3150 3614 3202 tacere
3638 3160 3654 3212 ;
3683 3145 3770 3198 est
3795 3139 3926 3195 enim

2293 3240 2350 3293 et
2379 3239 2610 3308 tempus
2635 3233 2887 3302 tacendi,
2923 3235 3078 3290 sicut
3107 3238 3339 3306 tempus
3375 3233 3676 3308 loquendi,
3717 3231 3854 3286 sicut
3879 3229 3925 3280 et

508 3338 706 3394 studio
729 3341 1132 3414 progrederis,
1178 3316 1255 3397 ut.
1291 3316 1527 3414 placeat
1549 3343 1692 3399 Deo.
1733 3316 1877 3408 Quae
1924 3316 2058 3398 cuin
2103 3343 2182 3398 sit

2296 3326 2578 3398 scriptum
2613 3328 2744 3380 est:
2789 3323 3074 3379 Dominus
3113 3324 3214 3378 dat
3263 3324 3415 3381 mihi
3459 3325 3710 3396 linguam
3745 3316 3922 3375 erudi-

506 3429 888 3498 prwstantior
949 3446 1129 3486 causa
1187 3434 1498 3502 votorum;
1559 3432 1688 3488 sola
1741 3435 1935 3488 tamen
1988 3433 2181 3488 solvat

507 3515 788 3589 quidquid
820 3533 927 3590 pro
959 3535 1026 3576 se
1057 3523 1114 3574 et
1142 3537 1248 3592 pro
1284 3521 1561 3578 omnibus
1591 3521 1728 3577 filiis
1759 3521 1963 3578 debes.

576 3621 630 3677 2.
666 3622 793 3679 Hoc
825 3627 918 3680 est
948 3626 1308 3683 sacrificium
1339 3628 1494 3700 quod
1532 3627 1676 3684 Abel
1710 3628 1921 3684 obtulit
1950 3644 2025 3684 ex
2054 3645 2178 3698 prl-

505 3710 726 3766 mitivis
761 3713 958 3768 ovium
981 3731 1224 3771 suarum
1256 3715 1476 3772 fetibus
1505 3716 1679 3786 (Gen.
1705 3735 1784 3786 IV,
1816 3717 1892 3785 4).
1936 3717 2104 3784 Quod
2121 3720 2176 3772 et

503 3801 828 3870 Apostolus
851 3819 974 3873 prae
997 3805 1232 3860 caeteris
1254 3805 1472 3875 laudat,
1487 3806 1557 3861 ad
1572 3807 1912 3862 Corinthios
1930 3807 2138 3860 dicens
2159 3821 2171 3860 :

509 3887 790 3954 Quoniam
810 3892 909 3964 qui
922 3894 1134 3948 statuit
1156 3894 1218 3948 in
1241 3895 1424 3950 corde
1444 3911 1550 3950 suo
1579 3895 1786 3950 ﬁrmus
1805 3895 1904 3964 (3),
1931 3902 1989 3950 et
2003 3895 2176 3967 judi-

504 3977 664 4032 cavit
682 3979 744 4034 in
765 3981 946 4036 corde
969 3997 1074 4038 suo
1102 3999 1358 4038 servare
1385 3985 1678 4056 virginem
1710 4001 1894 4052 suam,
1919 3984 2072 4039 bene
2090 3982 2176 4038 fa-

503 4065 606 4120 cit.
641 4067 836 4140 Igitur
853 4076 912 4124 et
937 4071 1036 4144 qui
1057 4073 1432 4127 matrimonio
1447 4072 1652 4145 jungit
1679 4073 1970 4145 virginem
1989 4089 2173 4142 suam,

502 4153 659 4211 bene
679 4156 858 4212 facit:
879 4165 938 4213 et
962 4161 1062 4232 qui
1083 4161 1420 4234 nonjungit,
1446 4161 1659 4216 melius
1680 4161 1823 4216 facit
1845 4162 1900 4230 (Ι
1913 4162 2048 4216 Cor.
2073 4178 2174 4232 vn,

503 4242 594 4314 8‘7,
617 4245 729 4315 38).
753 4246 920 4303 Unde
942 4249 1188 4320 pulchre
1211 4250 1396 4304 David
1429 4266 1562 4305 cum
1595 4250 2022 4322 descripsisset
2059 4249 2176 4305 Ec-

502 4333 705 4390 clesiae
726 4337 994 4408 gratiam,
1020 4337 1196 4410 cujus
1217 4339 1410 4394 omnis
1434 4339 1592 4394 intus
1607 4342 1700 4394 est
1721 4339 1929 4412 gloria,
1955 4355 2073 4395 non
2091 4339 2179 4395 fo-

501 4421 586 4478 ris
609 4423 689 4492 (in
711 4423 885 4480 bonis
909 4426 1065 4482 enim
1089 4427 1570 4500 cogitationibus,
1595 4430 1770 4498 atque
1793 4427 2166 4484 immaculato

501 4501 650 4567 250
687 4514 974 4570 castitatis
1005 4513 1238 4582 affectu,
1273 4519 1329 4572 et
1360 4516 1614 4570 sincerae
1649 4517 1955 4586 preposito
1998 4525 2193 4572 cons-‘

2295 3415 2496 3484 tionis,
2534 3420 2593 3470 ut
2623 3413 2806 3469 sciam
2839 3413 3067 3487 quando
3095 3418 3361 3486 oporteat
3393 3414 3597 3470 dicere
3625 3419 3920 3467 sermonem

2290 3504 2432 3576 (Isa.
2467 3521 2520 3575 ι,
2556 3504 2630 3575 4).

2359 3629 2413 3683 5.
2447 3627 2814 3700 Virginitatis
2833 3627 3027 3698 itaque
3050 3625 3160 3681 dos
3182 3642 3316 3698 quae
3338 3626 3458 3682 lam
3477 3628 3552 3699 (t)
3577 3629 3666 3682 est
3682 3635 3928 3680 verecun-

2289 3716 2405 3786 dia,
2441 3732 2574 3788 quze
2605 3715 3048 3771 commendatur
3093 3714 3351 3771 silentio.
3385 3717 3526 3772 Ideo
3575 3720 3632 3772 et
3674 3711 3926 3770 Ecclesia:

2288 3805 2478 3878 gloria
2510 3805 2670 3859 intus
2701 3807 2812 3871 est,
2848 3819 2965 3858 non
2998 3804 3198 3874 utique
3249 3803 3309 3858 in
3337 3804 3728 3876 multiloquio,
3760 3799 3855 3856 sed
3881 3798 3930 3852 in

2289 3893 2572 3949 sensibus
2602 3893 2695 3948 vel
2729 3893 2787 3946 in
2817 3891 3220 3964 penetralibus
3252 3897 3772 3960 sacramentorum,
3797 3889 3929 3944 sicut

2287 3982 2417 4054 ipsa
2451 3981 2592 4037 dicit
2610 3981 2682 4036 ad
2713 3981 3045 4052 Sponsum:
3083 3980 3228 4046 Quis
3257 3982 3426 4037 dabit
3458 3989 3514 4038 te
3547 3983 3786 4038 fratrem
3801 3975 3927 4034 milii

2287 4069 2604 4126 laetantem
2620 4069 2804 4125 ubera
2825 4070 3040 4124 matris
3061 4087 3206 4125 mea:
3223 4069 3252 4126 .9
3273 4069 3338 4125 lu
3353 4073 3602 4128 veniens
3613 4077 3669 4126 te
3690 4068 3830 4124 foris
3847 4081 3922 4120 os-

2293 4159 2538 4216 culabar
2568 4167 2644 4228 te,
2671 4165 2730 4214 et
2759 4159 2993 4232 quidem
3028 4175 3139 4213 non
3170 4167 3463 4230 spernant
3503 4177 3614 4216 me.
3647 4159 3923 4214 Assumam

2295 4255 2372 4314 te,
2407 4253 2468 4304 et
2488 4247 2694 4304 ducam
2735 4253 2794 4302 te
2820 4249 2882 4301 in
2921 4246 3148 4302 domum
3185 4248 3401 4304 matris
3429 4242 3570 4307 251
3609 4263 3763 4317 mere,
3793 4249 3844 4300 et
3871 4240 3923 4294 in

2293 4343 2588 4393 secretum
2607 4337 2735 4410 ejus
2752 4352 2877 4409 quae
2907 4336 3172 4406 concepit
3202 4337 3510 4408 me(Cant.
3544 4355 3662 4406 Vill,
3697 4336 3743 4405 l,
3772 4334 3837 4402 2).
3867 4327 3924 4383 Et

2293 4443 2476 4498 supra
2507 4427 2623 4482 ait:
2675 4424 3017 4482 Introduxit
3059 4441 3151 4481 me
3180 4441 3296 4481 rex
3331 4427 3392 4482 in
3424 4425 3746 4483 cubiculum
3781 4433 3921 4477 suum

2289 4515 2486 4587 (Cant.
2527 4533 2566 4586 ι,
2598 4515 2674 4585 3).

501 4600 734 4657 cientiae
765 4619 996 4692 summa
1035 4607 1129 4660 est
1173 4581 1347 4674 laus),
1399 4581 1704 4659 subtexuit
1748 4581 1987 4660 dicens:
2033 4603 2177 4661 all‘e-
2205 4581 2262 4644 c
2301 4581 2310 4587 ν
2358 4621 2413 4678 θ,
2447 4581 2618 4678 ροιξίε
2635 4581 2951 4678 ὀεουιειωυ
2970 4621 3240 4678 Ecclesia
3267 4622 3757 4692 οιιι-ίειυω(5),θι
3781 4615 3920 4671 abeo

500 4695 715 4744 rentur
756 4691 911 4765 Regi
965 4694 1234 4765 virgines
1272 4700 1410 4766 post
1459 4710 1586 4749 eam
1628 4692 1816 4762 (Psal.
1849 4710 2008 4764 κων,
2061 4693 2170 4764 15).

501 4775 575 4833 Et
602 4794 935 4837 conversus
967 4783 1040 4838 ad
1072 4783 1384 4838 Dominum
1416 4784 1648 4838 Patrem
1674 4799 1688 4838 :
1739 4782 2046 4852 Proxime,
2081 4785 2174 4839 in-

501 4866 645 4939 quit,
681 4868 809 4939 ejus
836 4868 1170 4928 all‘erentur
1201 4871 1350 4927 tibi:
1399 4871 1734 4927 afferentur
1764 4871 1828 4926 in
1870 4870 2080 4926 laetitia
2114 4878 2172 4928 et

501 4955 918 5098 :xsultatione,
954 4959 1324 5017 adducentur
1352 4961 1414 5016 in
1465 4960 1738 5033 templum
1789 4962 1956 5033 regis
1985 4960 2165 5032 (Ibid.

537 5042 613 5098 6).

537 5042 613 5114 6).

571 5149 625 5206 3.
657 5149 800 5217 Quae
831 5156 924 5209 est
970 5155 1255 5227 proxima,
1290 5157 1408 5212 nisi
1460 5174 1593 5229 quas
1639 5157 1878 5214 Christo
1925 5158 2168 5230 propin-

501 5243 659 5315 quat,
694 5241 789 5296 cui
828 5243 970 5298 dicit
1018 5245 1312 5301 Verbum:
1366 5246 1634 5318 Exurge,
1692 5247 1846 5316 veni,
1896 5248 2169 5319 proxima

570 5381 648 5456 (1)
671 5383 884 5456 Script.
917 5385 1075 5442 circa
1103 5403 1198 5443 an.
1217 5387 1325 5442 392

569 5454 647 5524 (2)
680 5454 1010 5527 Duo'mss.,
1042 5457 1348 5527 Ambrosi,
1376 5458 1611 5513 Domini
1625 5474 1882 5514 sacram.

570 5527 649 5598 (3)
682 5526 829 5584 Mss.
861 5526 1104 5600 aliquot,
1138 5529 1237 5602 qui
1264 5535 1384 5583 stat
1407 5530 1468 5582 in
1485 5529 1665 5584 corde
1696 5547 1802 5585 suo
1829 5529 2058 5587 ﬁrmus.

499 5607 669 5680 Haud
694 5607 876 5677 male;
904 5608 1158 5680 Graecus
1177 5608 1332 5664 enim
1354 5611 1552 5664 textus
1570 5608 1766 5680 habet,
1785 5605 1837 5670 ὃς
1858 5628 1922 5662 κα
1939 5604 2164 5674 timur,

501 5678 600 5756 qui
628 5680 836 5756 stetit_;
865 5679 967 5756 alii
997 5682 1191 5756 autem
1222 5695 1370 5735 mss.
1393 5683 1578 5756 atque
1601 5678 1901 5738 edit.‘cum
1919 5681 2092 5756 Vulg.
2113 5685 2170 5739 et

496 5747 632 5809 aliis
661 5749 1066 5822 versionibus,
1091 5752 1188 5825 qui
1216 5751 1449 5823 statuit,
1479 5747 1592 5810 etc.

2287 4712 2348 4766 in
2380 4710 2718 4767 cubiculum
2757 4711 3166 4768 introducitur.
3198 4711 3514 4768 Osculatus
3555 4715 3644 4768 est
3681 4723 3800 4765 eam
3840 4702 3918 4757 fo-

2286 4801 2394 4872 ris,
2427 4801 2661 4873 quando
2701 4800 2990 4874 Tanquam
3012 4818 3263 4874 sponsus
3285 4802 3621 4875 procedens
3662 4798 3733 4854 de
3760 4790 3920 4850 thala-

2283 4905 2376 4946 mo
2411 4905 2534 4957 suo,
2571 4889 2897 4945 exsultavit
2945 4895 3214 4963 tanquam
3261 4892 3435 4964 gigas
3481 4890 3558 4946 ad
3601 4881 3918 4945 currendam

2289 4980 2441 5034 viam
2472 4978 2663 5050 (Psal.
2686 4995 2850 5046 xvm,
2879 4978 2955 5049 6).
2987 4979 3290 5052 Tanquam
3311 4979 3487 5053 gigas
3506 4978 3650 5034 foris
3668 4977 3780 5041 est;
3800 4966 3914 5042 quia

2282 5083 2401 5122 non
2447 5068 2712 5138 rapinam
2769 5067 3089 5122 arbitratus
3147 5083 3286 5124 esse
3339 5084 3406 5123 se
3462 5065 3740 5138 aequalem
3791 5059 3912 5123 Deo,

2283 5156 2530 5212 formam
2563 5157 2722 5211 servi
2745 5156 3277 5228 accepitinilipp.
3312 5174 3371 5225 ιι,
3404 5156 3457 5226 6,
3488 5156 3563 5224 '7).
3597 5152 3758 5210 Foris
3786 5157 3910 5216 ergo

2281 5245 2474 5301 factus
2505 5248 2616 5315 est,
2641 5245 2741 5317 qui
2771 5247 2894 5300 erat
2924 5245 3103 5300 intus.
3129 5245 3274 5300 Vide
3305 5245 3466 5301 illum
3497 5244 3672 5311 intus,
3703 5232 3910 5312 quando

2350 5388 2442 5467 (4)_
2458 5388 2748 5467 Nonnulli
2769 5403 2938 5455 mss.,
2955 5387 3094 5467 dum
3113 5388 3394 5467 quaedam.
3418 5387 3549 5467 Non
3573 5386 3908 5467 incongrue‘j

2281 5457 2894 5531 cuminterivirginum
2912 5457 3166 5531 virtutes
3179 5458 3370 5531 prima
3385 5460 3442 5531 et
3469 5457 3636 5531 quasi
3667 5457 3910 5531 ordinum

2281 5531 2514 5586 ductrix
2543 5530 2621 5584 sit
2647 5518 3025 5585 ve'recundia.
3065 5518 3208 5585 Vide
3281 5529 3378 5584 uid
3393 5530 3464 5584 de
3485 5518 3686 5582 eadem
3715 5518 3903 5575 virtute

2281 5601 2583 5654 praecipiat
2613 5601 2968 5654 Ambrosius
3008 5603 3214 5654 noster
3237 5546 3359 5654 Ἱίι).
3396 5598 3626 5654 tome”
3675 5608 3792 5654 cap.
3833 5584 3903 5652 is:

2281 5601 2583 5673 praecipiat
2613 5601 2968 5656 Ambrosius
3008 5603 3214 5656 noster
3256 5598 3359 5656 lib.
3396 5598 3626 5664 iOt‘ﬂc.,
3675 5608 3792 5663 cap.
3833 5598 3904 5652 1⁸,

2282 5671 2443 5732 itum.
2475 5671 2543 5727 67
2574 5675 2632 5727 et
2660 5687 2830 5745 seqq.
3767 5733 3777 5743 .

2355 5744 2434 5816 (5)
2461 5742 2721 5813 Quatuor
2749 5759 2921 5815 mss.,
2951 5741 3252 5803 osculatur
3277 5739 3606 5802 Ecclesium
3638 5734 3904 5794 Christus.
