4060 6158
195 322 258 409 £1

182 547 292 618 legis
319 545 465 616 quod
496 545 556 600 in
584 545 722 600 sinu
753 547 844 599 est
865 545 1058 600 Patris
1083 559 1095 600 ε
1122 561 1422 617 cognosce
1445 545 1608 601 illum
1621 530 1870 616 foris,’K

178 634 362 706 quando
391 649 498 687 nos
531 634 761 704 quacrit,
796 637 855 688 ut
903 634 1170 688 redimat.
1214 635 1386 689 Foris
1435 635 1552 690 sibi
1600 635 1792 690 iactus

175 727 258 790 est,
286 727 338 776 ut
355 722 491 775 mihi
509 723 665 776 intus
687 725 868 790 esset,
891 726 946 776 et
965 723 1131 777 fieret
1149 723 1378 778 medius
1401 727 1671 778 nostrum
1691 722 1790 793 (6).

217 812 259 866 ’1.
296 811 371 864 lbi
400 827 541 881 ergo
575 812 784 882 simus,
817 811 918 864 ubi
949 811 1224 866 Christus
1259 813 1488 866 medius
1536 816 1647 882 est,
1697 829 1793 866 ra-

164 903 350 954 «licatus
381 904 432 952 et
461 900 616 952 ﬁxus
651 900 709 953 in
741 899 1021 954 cordibus
1054 902 1300 955 nostris.
1338 901 1408 954 Et
1453 901 1586 956 ideo
1638 903 1796 955 sicut

165 991 266 1060 ipse
291 988 592 1060 praecepit:
623 987 762 1040 Cum
795 1004 960 1054 oras,
995 989 1158 1042 intra
1189 990 1250 1042 in
1283 989 1608 1044 cubiculum
1641 997 1796 1044 tuum

164 1079 362 1142 (.tlattli.
395 1094 470 1143 γι,
503 1077 581 1145 6),
613 1079 672 1130 et
704 1075 936 1132 elfunde
995 1093 1178 1148 super
1221 1081 1275 1131 te
1323 1078 1575 1132 animam
1603 1082 1794 1164 tuam;

164 1165 452 1220 cubiculum
486 1170 649 1219 tuum
681 1165 1022 1220 interiorum
1055 1169 1350 1222 secretum
1379 1170 1490 1236 est,
1545 1167 1793 1222 cubicu-

161 1257 258 1310 lum
281 1259 428 1308 tuum
456 1254 824 1308 conscientia
841 1257 938 1308 tua
961 1258 1071 1310 est.
1108 1255 1375 1326 Denique
1395 1256 1793 1312 Ecclesiastes

161 1343 244 1397 tibi
279 1343 449 1397 dicit:
482 1343 568 1396 Et
613 1343 844 1414 quidem
892 1343 953 1397 in
1003 1345 1368 1398 conscientia
1416 1350 1510 1398 tua
1555 1345 1795 1416 regine

160 1432 524 1498 maledixeris,
582 1439 640 1486 et
686 1433 749 1485 in
793 1431 1210 1502 penetralibus
1269 1433 1665 1488 cubiculorum
1721 1449 1796 1488 ne

162 1519 432 1574 maledicto
479 1521 808 1575 devoveris
857 1521 1106 1575 divitem
1151 1522 1374 1590 (Eccle.
1426 1539 1484 1592 Χ,
1533 1522 1643 1591 20).
1711 1521 1795 1576 lbi

166 1595 280 1681 ergo
306 1625 398 1664 ora
430 1613 487 1662 et
517 1625 623 1664 ora
657 1609 716 1662 in
747 1609 998 1678 occulto,
1033 1613 1093 1664 ut
1125 1610 1320 1664 audiat
1349 1613 1403 1665 te
1435 1611 1536 1681 qui
1584 1611 1644 1664 in
1689 1627 1794 1665 oc-

167 1699 287 1752 culto
313 1699 466 1752 audit
502 1714 514 1752 :
548 1702 614 1752 et
642 1714 744 1753 ora
774 1699 902 1752 sine
934 1698 1021 1752 ira
1051 1703 1107 1753 et
1139 1699 1564 1770 disceptatione
1598 1699 1696 1769 ('7),
1744 1700 1800 1768 (I

176 1788 280 1841 Tim.
322 1805 378 1855 ιι,
422 1788 477 1854 8)
532 1802 546 1841 :
601 1787 872 1842 abdicato
917 1788 1148 1842 occulto
1197 1788 1530 1843 dedecoris.
1584 1788 1793 1843 Justus

170 1877 281 1930 enim
309 1892 417 1931 non
449 1876 847 1946 proditionem
879 1876 1144 1932 criminis
1175 1878 1396 1948 metuit,
1449 1877 1556 1932 sed
1595 1881 1796 1933 conta-
1825 1906 1879 1972 Β

164 1965 374 2037 gionem.

777 2036 1030 2091 CAPUT
1071 2035 1139 2092 II.

165 2125 460 2180 Orationem
491 2126 770 2199 inchoari
799 2125 1023 2180 debere
1052 2143 1084 2180 a
1107 2126 1221 2180 Dei
1249 2126 1540 2192 laudibus,
1577 2133 1636 2181 et
1661 2133 1796 2199 post

215 2199 457 2268 exposita
481 2197 782 2269 postulata
816 2205 1018 2252 nostra
1059 2199 1121 2251 in
1169 2199 1498 2268 gratiarum
1531 2197 1797 2253 actiones

215 2269 490 2322 desinere.
539 2269 828 2322 Eamdem
868 2286 1016 2339 pace
1055 2285 1122 2322 ac
1165 2269 1596 2340 tranquillitate
1639 2286 1794 2324 com-

213 2340 620 2412 mandandum,-
691 2356 798 2412 qua
849 2340 1154 2412 occasione
1205 2340 1600 2412 evangelicusi
1629 2340 1796 2395 locus

213 2427 356 2483 quam
386 2410 861 2464 luculentissime
895 2410 1250 2482 explicatur,
1304 2410 1470 2483 quem
1511 2411 1798 2483 iubentur

215 2481 520 2536 observare
556 2483 850 2553 Virgines.
971 2481 984 2482 ί
1312 2481 1330 2483 “
1512 2481 1520 2483 ’
1567 2497 1570 2502 ·

210 2569 252 2625 8.
288 2570 461 2636 Quam
508 2572 668 2626 bona
712 2572 896 2626 oratio
947 2587 1081 2626 cum
1128 2569 1567 2626 misericordia!
1633 2571 1796 2626 Bona

164 2660 312 2714 oratio
339 2677 468 2732 quae
500 2661 773 2715 ordinem
805 2663 1024 2730 servat,
1059 2664 1118 2714 ut
1148 2661 1337 2730 primo
1368 2676 1400 2714 a
1444 2660 1662 2715 divinis
1703 2661 1796 2715 in-

166 2748 406 2804 choemus
454 2749 758 2804 laudibus.
809 2749 870 2803 Si
917 2749 1072 2803 enim
1123 2765 1256 2803 cum
1303 2749 1455 2820 apud
1503 2749 1797 2805 hominem

166 2838 376 2908 agimus,
401 2839 761 2893 benevolum
776 2839 1049 2893 volumus
1059 2838 1322 2909 judicem
1340 2837 1556 2908 facere,
1581 2843 1798 2910 quanto

166 2927 322 2998 magis
368 2944 500 2984 cum
551 2927 869 2981 Dominum
912 2931 1177 2982 nostrum
1211 2926 1548 2998 precamur!
1603 2929 1800 2983 Primo

172 3029 285 3086 ergo
327 3017 702 3072 immolemus
755 3016 875 3071 Deo
918 3015 1276 3070 sacriﬁcium
1308 3017 1530 3087 laudis;
1564 3017 1717 3071 unde
1748 3021 1804 3072 et

169 3106 449 3173 Apostolus
481 3107 563 3160 ait
598 3121 611 3160 :
650 3105 913 3159 Obsecro
944 3120 1088 3176 ergo
1127 3105 1324 3176 primo
1371 3106 1624 3160 omnium
1666 3105 1805 3161 ﬁeri

1126 337 1382 408 LIBER
1423 334 1535 408 DE
1573 334 2168 412 INSTJTUTIONE
2211 340 2610 412 VIRGINIS.

3454 347 3572 418 322

1884 533 2232 602 'visitatione
2265 548 2599 619 confirmat;
2639 548 2734 604 vel
2770 551 2929 622 quod
2951 550 3571 611 hominianimantium

1895 651 2116 707 genera
2134 637 2416 691 universa
2439 636 2717 708 subjecit.

1965 742 2050 796 10.
2093 742 2376 798 Similiter
2407 746 2464 798 et
2499 744 2801 798 Dominica
2833 745 3019 800 oratio
3058 748 3251 802 omnia
3305 764 3571 820 compre-

1894 831 2114 901 hendit,
2157 849 2333 904 quam
2366 833 2610 904 vulgare
2652 849 2769 888 non
2801 849 2952 904 opus
2990 838 3082 889 est
3118 836 3216 905 (8).
3256 837 3342 891 Tu
3377 841 3569 893 autem

1894 920 1995 991 qui
2017 921 2192 993 legis,
2230 923 2722 992 quemadmodum
2760 922 3128 994 distinguere
3152 924 3372 980 debeas
3392 942 3566 981 reco-

1896 1025 2152 1080 gnosce;
2178 1011 2473 1081 praecipue
2497 1015 2690 1066 tamen
2708 1015 2768 1065 ut
2790 1011 2932 1082 dixi,
2978 1013 3441 1068 commendanda
3479 1019 3570 1069 est

1897 1098 2102 1165 oratio,
2129 1099 2282 1153 sicut
2303 1100 2586 1170 praemisi,
2611 1099 2943 1169 placiditate
2961 1101 3140 1154 animi
3161 1104 3218 1155 et
3236 1102 3570 1172 tranquilli-

1892 1189 2038 1256 tate;
2064 1190 2124 1240 ut
2146 1189 2558 1259 unusquisque
2583 1188 2697 1242 sibi
2730 1191 2962 1243 constet
2989 1192 3046 1243 et
3069 1193 3373 1261 congruat,
3399 1194 3454 1244 et
3477 1192 3574 1246 ﬁat

1893 1274 2040 1329 illud
2077 1276 2236 1346 quod
2269 1278 2555 1347 scriptum
2577 1281 2668 1331 est
2692 1293 2706 1331 ε
2727 1277 2798 1330 Si
2815 1277 3040 1332 duobus
3058 1294 3134 1332 ex
3161 1279 3330 1334 vobis
3352 1296 3459 1334 con
3473 1297 3572 1336 ve-

1894 1365 2056 1419 nerit
2078 1381 2259 1436 super
2283 1372 2527 1435 terram,
2567 1367 2642 1421 de
2677 1367 2834 1420 omni
2868 1382 2938 1422 re
2965 1383 3359 1440 quamcunque
3373 1371 3572 1440 petie-

1892 1454 2040 1522 rint,
2079 1453 2182 1508 Iiet
2217 1471 2248 1508 a
2282 1454 2472 1509 Patre
2499 1471 2644 1521 meo,
2686 1455 2784 1527 qui
2806 1456 2866 1508 in
2904 1456 3073 1510 oculis
3093 1465 3204 1512 est.
3256 1457 3374 1512 Ubi
3414 1459 3572 1514 enim

1893 1548 2029 1596 sunt
2047 1542 2159 1596 duo
2185 1542 2277 1598 vel
2292 1549 2420 1598 tres
2441 1544 2789 1616 congregati
2827 1545 2888 1598 in
2911 1547 3144 1600 nomine
3163 1562 3309 1616 meo,
3355 1547 3444 1602 ibi
3466 1563 3574 1621 ego

1893 1646 2021 1685 sum
2041 1631 2101 1684 in
2123 1632 2316 1687 medio
2338 1649 2536 1686 eorum
2557 1633 2800 1702 (Matth.
2835 1650 2998 1702 xvm,
3027 1633 3112 1704 19,
3138 1635 3249 1704 20).

1966 1746 2052 1800 11.
2093 1746 2204 1810 Qui
2237 1751 2376 1801 sunt
2398 1747 2649 1816 istiduo,
2675 1748 2789 1802 nisi
2814 1749 3003 1803 anima
3029 1753 3085 1804 et
3107 1753 3367 1821 corpus?
3404 1752 3572 1808 Unde

1892 1837 1947 1890 et
1973 1835 2189 1890 Paulus
2221 1835 2548 1908 castigabat
2571 1853 2807 1892 carnem
2839 1854 3026 1906 suam,
3067 1843 3124 1893 et
3167 1841 3438 1895 servituti
3473 1858 3572 1896 re-

1893 1923 2131 1995 digebat
2154 1925 2230 1994 (9)
2252 1925 2310 1992 (1
2325 1925 2460 1979 Cor.
2482 1942 2563 1994 ix,
2588 1926 2708 1996 2'7);
2750 1929 2811 1980 ut
2852 1930 3014 1981 esset
3053 1929 3264 1985 animae
3296 1933 3574 2002 tanquam

1893 2012 2249 2082 imperatrici
2284 2029 2409 2068 sua)
2450 2029 2587 2068 caro
2625 2014 2880 2081 subdita,
2935 2019 2992 2070 et
3043 2018 3254 2072 mentis
3310 2018 3572 2089 imperiis

1895 2102 2325 2172 obtemperaret
2349 2118 2362 2170 ;
2412 2118 2521 2156 nec
2559 2106 2722 2157 esset
2753 2103 2811 2156 in
2834 2120 2950 2157 uno
2974 2104 3210 2159 homine
3232 2106 3571 2174 dissidium,

1893 2205 1962 2244 ac
1979 2190 2198 2244 bellum
2222 2191 2369 2244 intra
2393 2207 2459 2244 se
2485 2195 2736 2262 gereret,
2763 2195 2818 2246 et
2840 2192 2958 2264 legi
2979 2194 3190 2247 mentis
3213 2201 3573 2266 repugnaret

1895 2279 1992 2332 lex
2014 2279 2303 2349 corporis.
2331 2279 2456 2333 Duo
2479 2279 2660 2350 igitur
2679 2281 2792 2333 ista
2811 2280 3046 2335 diversa
3071 2283 3294 2337 ratione
3317 2283 3570 2356 quadam

1895 2370 1951 2421 et
1971 2383 2114 2437 pace
2133 2366 2443 2439 jungebat,
2479 2367 2807 2422 secundum
2833 2369 2990 2440 quod
3027 2369 3156 2440 ipse
3191 2373 3450 2426 asseruit
3485 2372 3571 2426 die

1897 2471 2038 2510 cens
2084 2471 2096 2511 :
2154 2456 2299 2522 Quia
2349 2457 2630 2511 Christus
2678 2462 2769 2512 est
2820 2474 2942 2529 pax
2984 2464 3218 2528 nostra,
3276 2461 3374 2532 qui
3422 2460 3572 2515 fecit

1905 2550 2150 2617 utraque
2191 2562 2382 2614 unum,
2417 2551 2474 2600 et
2514 2545 2772 2600 medium
2817 2547 3114 2618 parietem
3155 2549 3317 2620 scpis
3370 2549 3572 2618 solvit,

1906 2634 2257 2689 inimicitias
2311 2635 2374 2688 in
2423 2650 2604 2688 carne
2661 2651 2768 2689 sua
2812 2635 3060 2707 (Eplies.
3123 2654 3182 2707 ιι,
3241 2635 3359 2707 14);
3395 2654 3468 2693 ne
3520 2637 3582 2694 id

1907 2726 2132 2795 ageret,
2177 2723 2334 2794 quod
2370 2723 2550 2778 nollet
2574 2739 2586 2779 :
2611 2726 2785 2795 atque
2804 2725 2862 2778 id
2886 2725 3124 2794 faceret,
3148 2726 3305 2796 quod
3326 2726 3572 2782 odisset.

1903 2811 2006 2866 Isti
2043 2828 2188 2883 ergo
2229 2816 2367 2866 sunt
2403 2813 2539 2882 duo,
2577 2813 2770 2867 anima
2807 2816 2863 2867 et
2903 2828 3060 2868 caro.
3110 2814 3278 2869 Unde
3309 2819 3365 2870 et
3398 2815 3584 2871 David

1904 2902 1983 2954 ait
2023 2915 2034 2955 :
2073 2901 2206 2955 Non
2246 2901 2464 2956 timebo
2505 2901 2650 2974 quid
2687 2901 2870 2956 faciat
2901 2903 3048 2956 milii
3077 2919 3217 2958 caro
3249 2904 3439 2975 (Psal.
3483 2920 3574 2972 LV,

1905 2987 1981 3060 5),
2007 3004 2180 3060 quam
2202 2989 2605 3045 adversariam
2643 2991 2853 3045 animae
2877 3007 3002 3046 suae
3035 2996 3261 3047 nosset.

1980 3105 2066 3159 12.
2103 3103 2248 3169 Quae
2282 3107 2474 3159 tamen
2503 3105 2640 3173 duo,
2679 3108 2740 3160 ut
2777 3106 3111 3160 evidentius
3142 3107 3545 3176 exprimamus
3566 3148 3580 3177 ,

175 3196 460 3263 orationes,
496 3194 970 3263 obsecrationes,
997 3193 1444 3265 postulationes,
1475 3195 1805 3267 gratiarum
1855 3209 2028 3267 _non
2051 3195 2242 3248 solum
2265 3194 2380 3248 duo
2402 3197 2559 3262 sunt,
2595 3195 2702 3249 sed
2729 3195 2900 3248 etiam
2944 3195 3061 3250 duo
3103 3196 3395 3265 homines,
3429 3212 3586 3252 unus

172 3283 394 3337 actiones
423 3284 478 3353 (1
513 3284 661 3338 lim.
693 3300 752 3350 ιι,
788 3283 859 3352 1).

223 3371 267 3424 9.
302 3372 513 3427 Doceat
565 3377 623 3426 te
675 3373 994 3426 Davidicus
1057 3371 1322 3443 psalmus
1381 3376 1647 3444 octavus,
1705 3375 1806 3445 qui

173 3460 314 3528 cmpit
357 3477 387 3514 a
437 3462 540 3516 Dei
589 3461 914 3516 laudibus:
958 3461 1207 3515 Domine
1249 3461 1532 3516 Dominus
1578 3468 1802 3531 noster,

176 3563 307 3616 quam
327 3548 684 3604 admirabile
707 3555 798 3604 est
818 3565 1024 3604 nomen
1045 3556 1199 3604 tuum
1222 3551 1282 3602 in
1303 3551 1402 3604 uni
1412 3567 1583 3604 versa
1607 3557 1772 3604 terra
1787 3553 1806 3603 .’

177 3633 411 3698 Quoniam
441 3639 679 3694 elevata
712 3644 802 3692 est
825 3637 1264 3710 magniﬁcentia
1288 3644 1381 3692 tua
1407 3655 1586 3710 super
1607 3639 1804 3694 caelos.

181 3723 258 3778 Ex
279 3744 370 3781 ore
397 3728 716 3782 infantium
751 3733 807 3782 et
839 3727 1182 3782 laetantium
1219 3727 1540 3800 perfecisti
1580 3728 1809 3783 laudem

179 3812 334 3878 (Psal.
377 3833 498 3887 vm,
529 3818 587 3885 2,
621 3817 698 3885 3).
749 3817 1050 3872 Hactenus
1097 3818 1282 3872 oratio
1314 3833 1326 3871 :
1361 3817 1496 3871 inde
1543 3818 1813 3888 sequitur

180 3901 490 3974 obsecratio,
523 3910 591 3960 ut
621 3906 959 3960 destruatur
997 3906 1274 3961 inimicus
1309 3923 1320 3961 :
1365 3907 1698 3977 postulatio,
1750 3910 1814 3960 ut

181 3986 342 4048 lunam
372 3999 425 4048 et
453 3995 665 4050 stellas
696 3995 890 4049 videat
923 4011 935 4050 :
971 3995 1166 4049 lunam
1208 3995 1557 4066 Ecclesium,
1611 3995 1815 4050 stellas

182 4076 306 4135 ﬁlios
333 4083 638 4153 Ecclesiae,
673 4084 935 4139 cmlestis
968 4085 1174 4155 gratiae
1205 4085 1335 4139 luce
1366 4084 1663 4156 fulgentes
1700 4100 1712 4140 :
1757 4087 1814 4138 et

189 4170 310 4236 quod
338 4173 489 4241 petit,
522 4172 873 4244 praphetico
903 4173 1113 4244 spiritu
1145 4174 1413 4228 visurum
1443 4189 1508 4228 se
1527 4189 1665 4228 esse
1685 4189 1814 4244 pro-

185 4258 320 4312 mittit
349 4276 360 4314 :
393 4264 713 4333 gratiarum
745 4264 916 4331 actio,
948 4263 1106 4334 quod
1133 4266 1329 4317 tuetur
1371 4263 1656 4317 Dominus
1702 4262 1813 4317 ho-

183 4347 377 4418 minem,
414 4355 468 4405 et
507 4352 668 4406 hunc
700 4351 901 4406 limum
925 4351 1194 4423 corporis
1218 4351 1405 4406 nostri
1429 4351 1624 4405 divina
1665 4351 1814 4416 252

238 4489 302 4560 l6)
336 4491 548 4548 Omnes
579 4493 806 4560 edit.,ct
837 4493 1012 4549 fieret
1041 4494 1306 4550 medicus
1337 4500 1678 4550 noster......
1718 4494 1814 4549 ubi

188 4556 425 4617 Christus
453 4556 737 4619 medicus
756 4573 846 4619 est
879 4586 896 4618 :
928 4581 1136 4620 omnes
1167 4582 1314 4620 mss.
1349 4569 1410 4619 ut
1440 4568 1500 4620 in
1529 4570 1710 4621 textu.

240 4630 303 4692 (Ἰ)
335 4635 541 4689 Omnes
576 4637 712 4689 edit.
750 4653 881 4690 cum
914 4652 1029 4690 uno
1061 4641 1157 4690 aut
1186 4637 1368 4690 altero
1421 4653 1590 4704 mss.,
1642 4637 1814 4690 abdi-

188 4707 290 4752 cato
315 4708 526 4760 occulta
559 4707 906 4770 dedecoris;
939 4707 1035 4760 alii
1071 4724 1240 4773 mss.,
1277 4708 1512 4774 melius,
1545 4708 1819 4763 abdicato

189 4774 371 4848 occulta
401 4779 733 4842 dedecoris,
768 4779 878 4832 hoc
910 4784 1002 4832 est
1046 4780 1278 4833 occulto
1326 4779 1637 4848 dedecore,
1687 4780 1815 4834 sive

192 4843 518 4918 culpaietiam
552 4849 779 4903 occulta
816 4849 1136 4918 repudiata.

196 4979 219 4989 η
241 4915 302 4989 (8)
334 4917 621 4989 indicatur
651 4921 745 4973 his
777 4915 979 4974 verbis
1005 4921 1366 4975 Dominicam
1389 4921 1711 4975 orationem
1744 4937 1818 4975 ex

194 4987 448 5062 Itafuissg
487 4993 786 5062 mysteriis
831 5008 964 5062 quae
1015 4993 1471 5046 catechumenos
1522 4993 1817 5062 quondam

196 5053 696 5132 celabatEcclésia.
733 5053 880 5132 Ejus
913 5063 995 5116 rei
1029 5064 1181 5116 hanc
1205 5079 1442 5116 causam
1461 5053 1822 5132 Ch'rysosto-

198 5137 298 5202 mus
317 5131 489 5203 reddit
514 5133 684 5186 Hom.
716 5131 794 5186 “21’
819 5135 877 5186 in
911 5135 1266 5201 Matthwum,
1301 5134 1457 5203 quod
1489 5131 1680 5188 Patris
1712 5149 1821 5187 no-

200 5200 317 5250 mine
346 5200 420 5275 illi
451 5219 565 5275 non
597 5204 768 5258 liceat
799 5205 981 5258 Deum
1015 5200 1337 5274 appellare,
1369 5205 1467 5275 qui
1500 5222 1617 5258 non
1649 5205 1824 5259 fuerit

201 5272 711 5346 §_aC_ro__baptismate
760 5272 1168 5346 regeneratus.
1220 5275 1358 5328 lude
1387 5272 1497 5346 'est
1544 5277 1701 5346 quod
1749 5291 1824 5330 ex

201 5332 305 5416 9rd.
336 5332 490 5416 Rom.
525 5349 580 5400 et
609 5346 794 5400 Amal.
829 5332 1148 5401 Fortunato
1171 5347 1245 5400 de
1265 5345 1463 5400 Eccle.
1495 5332 1663 5400 Ole/ie.
1691 5363 1819 5416 cap.

203 5402 241 5487 ἓν
269 5424 374 5487 eam
401 5413 680 5472 discimus
710 5434 843 5472 cum
873 5417 1039 5472 brevi
1070 5417 1550 5487 interpretatione
1602 5402 1822 5472 secun-

205 5473 309 5532 dum
339 5483 643 5542 Romanam
673 5490 1159 5543 consuetudinem
1194 5473 1338 5542 feria
1370 5488 1404 5543 4
1437 5487 1821 5543 hebdomadas

206 5544 688 5630 {lQujidragesimae
722 5560 1193 5630 competentibus
1217 5561 1366 5614 tradi
1389 5561 1782 5614 consuevisse
1806 5574 1818 5615 :

207 5622 327 5702 ξιμοά
352 5625 414 5702 ill
433 5622 701 5686 Kfricana
733 5622 1000 5702 Ecclesia
1032 5635 1258 5688 tantum
1286 5630 1432 5686 feria
1463 5636 1598 5702 post
1619 5630 1822 5702 Domie

203 5699 354 5753 meum
379 5696 696 5764 Palinurum
723 5700 855 5764 fieri
885 5703 1126 5766 solitum
1159 5696 1536 5780 Augustinus
1557 5703 1730 5764 Hom.
1752 5701 1822 5765 42

1843 3257 2174 3350 cinterior,
2217 3283 2366 3337 alter
2399 3257 2676 3339 exterior.
2726 3284 2827 3337 Isti
2869 3283 2985 3338 duo
3035 3283 3087 3337 si
3133 3284 3247 3338 sibi
3298 3257 3587 3354 propositi

1913 3371 2241 3442 aequalitate
2281 3371 2393 3439 (10)
2427 3374 2799 3441 concurrant,
2841 3375 2905 3425 ut
2953 3372 3343 3444 cogitationes
3385 3373 3580 3444 factis,

1911 3464 1966 3514 et
1989 3459 2448 3530 cogitationibus
2473 3459 2623 3514 facta
2647 3461 3029 3530 conveniant,
3058 3462 3192 3515 vitae
3215 3464 3436 3517 nostrae
3459 3466 3587 3518 rota

1914 3549 2043 3603 sine
2099 3548 2214 3602 ulla
2264 3547 2590 3603 offensione
2644 3549 2934 3617 volvetur,
2988 3553 3049 3604 ut
3085 3551 3578 3622 quemadmodum

1915 3638 2196 3708 scriptum
2235 3641 2326 3691 est
2367 3654 2378 3692 :
2419 3637 2554 3691 Fiat
2599 3655 2712 3693 vox
2749 3640 3000 3693 tomtrui
3034 3639 3122 3692 tui
3157 3640 3218 3693 in
3238 3645 3366 3694 rota
3390 3640 3581 3711 (Psal.

1916 3744 2112 3796 LXXVI,
2152 3725 2260 3796 19).
2299 3727 2400 3780 Isti
2437 3727 2616 3800 igitur
2651 3728 2767 3782 duo
2800 3743 2980 3782 unum
3017 3731 3183 3798 sunt;
3240 3744 3349 3783 nec
3390 3729 3586 3784 solum
3642 3737 3648 3744 '

1916 3833 2117 3885 unum,
2155 3816 2262 3870 sed
2296 3833 2450 3871 unus
2482 3816 2680 3872 homo.
2725 3816 2892 3872 Unde
2933 3820 2989 3871 et
3022 3817 3345 3888 Apostolus
3368 3819 3477 3872 ait:
3507 3815 3584 3872 Ut

1917 3906 2065 3960 duos
2099 3905 2384 3960 conderet
2423 3906 2484 3958 in
2517 3922 2634 3959 uno
2668 3906 2922 3975 bomine,
2962 3906 3194 3961 faciens
3237 3923 3473 3978 pacem,
3532 3911 3592 3963 et

1916 3995 2334 4049 reconciliaret
2375 4000 2662 4067 utrosque
2714 3995 2777 4048 in
2807 4011 2924 4050 uno
2959 4011 3225 4068 corpore,
3283 3997 3424 4065 Deo,
3479 4012 3594 4068 per

1920 4099 2156 4137 crucem
2200 4083 2573 4138 interficiens
2613 4084 2965 4138 inimicitias
3005 4085 3063 4138 in
3102 4086 3487 4157 semetipso...
3532 4091 3592 4140 ut

1920 4171 1981 4225 in
2020 4172 2297 4243 utrisque
2335 4188 2639 4226 accessura
2663 4173 2986 4227 habeamus
3008 4175 3068 4227 in
3100 4190 3217 4228 uno
3253 4173 3486 4246 Spiritu
3509 4173 3587 4228 ad

1920 4260 2168 4315 Patrem
2187 4261 2434 4332 (Eplies.
2464 4279 2522 4330 ιι,
2545 4261 2631 4330 15,
2657 4261 2743 4329 16,
2767 4261 2878 4332 18).

1993 4350 2077 4404 13.
2119 4349 2266 4404 Sunt
2305 4350 2478 4404 etiam
2535 4351 2650 4405 duo
2691 4351 2993 4420 homines,
3045 4354 3217 4406 vetus
3272 4354 3328 4405 et
3376 4366 3590 4405 novus.

1923 4509 1997 4548 ex
2024 4492 2094 4546 50
2123 4508 2279 4546 nunc
2322 4492 2510 4548 Serm.
2543 4494 2612 4547 58
2659 4508 2828 4547 novae
2873 4491 3010 4546 edit.
3060 4495 3326 4546 testatur.
3377 4491 3595 4545 Verum

1923 4568 2170 4634 uterque
2201 4565 2259 4617 in
2291 4564 2404 4618 hoc
2437 4565 2813 4618 convcniunt‘
2847 4564 3002 4633 quod
3026 4563 3236 4634 iisdem
3260 4567 3596 4631 competem

1853 4616 2974 4700 Dtibus‘n—ecessumdiluisseﬁscribdnt,
3009 4638 3070 4686 ut
3099 4633 3356 4686 Sabbnto
3389 4616 3595 4688 sancto

1923 4707 2264 4760 memoriter
2327 4706 2590 4759 eamdem
2654 4706 2964 4758 redderent
3025 4704 3366 4758 orationem.
3429 4703 3600 4767 Quod

1923 4793 2100 4867 porro
2152 4777 2330 4867 dqtels
2365 4777 2648 4867 orationis
2694 4791 3006 4867 esponcns
3041 4775 3170 4867 l'oco
3202 4773 3492 4867 ex‘Epist.
3524 4776 3599 4830 ad

1935 4849 2071 4903 l‘im.
2106 4865 2167 4915 ιι,
2202 4848 2252 4916 1,
2284 4847 2557 4900 Oratione
2590 4846 2818 4900 Domin.
2850 4850 2906 4900 et
2937 4846 3088 4916 psal.
3120 4863 3222 4899 vni
3257 4849 3438 4900 utitur
3477 4863 3599 4900 am-

1924 4919 2188 4987 brosius,
2221 4922 2393 4987 atque
2429 4918 2486 4970 in
2518 4917 2724 4971 eodem
2756 4917 2984 4986 psalmo
3016 4933 3121 4986 per
3151 4917 3346 4970 lunam
3397 4917 3602 4972 Eccle-

1926 4990 2097 5057 siam,
2131 5005 2236 5058 per
2267 4987 2470 5042 stellas
2504 4988 2710 5042 ﬁdeles
2743 4988 3161 5058 intelligendos
3193 4989 3290 5054 ait,
3323 4988 3418 5041 his
3449 4989 3598 5043 adeo

1926 5061 2143 5114 similia
2175 5061 2232 5113 in
2265 5059 2366 5112 lib.
2401 5076 2458 5112 Vl
2491 5059 2565 5113 de
2596 5060 2863 5125 Sacram,
2897 5075 3023 5128 cap.
3056 5061 3089 5111 5
3130 5059 3329 5130 legere
3377 5062 3489 5126 est,
3540 5063 3605 5113 ut

1927 5132 2169 5185 dubium
2201 5146 2316 5184 non
2349 5131 2618 5184 videatur
2649 5131 2791 5201 quin
2837 5131 2891 5184 si
2939 5131 3162 5184 diversi
3207 5147 3412 5184 eorum
3458 5146 3604 5200 ope-

1927 5218 2056 5256 rum
2091 5203 2414 5271 scriptores
2435 5201 2672 5270 fuerint,
2697 5201 3138 5267 alter-alterum;
3175 5202 3268 5255 sin
3285 5217 3427 5256 vero
3447 5218 3605 5256 unus

1927 5289 1995 5326 ac
2025 5273 2200 5340 idem,
2233 5288 2298 5344 se
2331 5288 2556 5342 suaque
2587 5273 2715 5342 ipse
2747 5273 3154 5342 descripserit,
3189 5273 3348 5344 quod
3366 5273 3605 5327 minime

1926 5360 2144 5399 novum
2168 5347 2259 5397 est
2281 5343 2338 5396 in
2359 5345 2697 5398 Ambrosio.

1997 5415 2076 5484 (9)
2118 5415 2244 5469 Duo
2277 5429 2448 5484 mss.,
2483 5415 2814 5488 castigabat
2853 5430 3069 5487 corpus
3103 5429 3275 5469 suum
3317 5415 3457 5470 etin
3480 5425 3606 5467 ser-

1934 5487 2202 5552 vitutem,
2241 5490 2351 5541 etc.

2000 5556 2112 5628 (10)
2154 5549 2329 5620 Edit..
2369 5557 2482 5612 Isti
2516 5557 2631 5614 duo
2664 5558 2722 5613 si
2741 5557 2864 5629 sibi
2875 5557 3193 5629 propositii
3211 5557 3272 5611 in
3291 5549 3604 5626 aequalita-

1932 5633 2081 5702 tem,
2108 5629 2327 5686 ultima)
2347 5629 2559 5698 Paris.,
2586 5628 3014 5702 inaequalitate,
3042 5630 3398 5702 concurrant
3415 5642 3434 5691 ;
3453 5636 3608 5683 com-

1929 5700 2165 5764 modius
2182 5717 2324 5762 vero
2346 5715 2495 5760 mss.
2517 5697 2746 5774 Omnes",
2773 5715 2926 5778 quos
2943 5699 3040 5758 hic
3064 5697 3390 5774 sequimur.
