4060 6158
491 369 504 382 ’
521 368 640 434 323

1983 365 2049 427 S.
2095 357 2539 428 AMBROSII.

3817 367 3921 430 324

522 571 704 624 Vetus
753 567 850 621 ille
899 569 1140 636 peccato
1187 567 1482 622 obnoxius
1533 571 1589 622 et
1619 566 1921 622 obsoletus
1954 565 2086 638 (11),
2121 583 2189 621 ac
2223 548 2407 620 Ailla
2457 568 2530 621 ad
2573 567 2828 620 fructum
2871 564 3107 636 quietis,
3157 564 3482 618 laudaverit
3534 563 3679 621 feras
3725 567 3916 626 bestias

521 655 854 711 vestimenti
885 655 1102 709 veteris
1135 657 1514 711 similitudine
1563 657 1792 712 attritus
1838 661 1894 712 et
1933 659 2189 731 scissus,

515 761 692 817 quem
725 745 783 799 in
814 745 1163 814 baptismate
1194 745 1496 816 attigimus
1530 746 1713 800 cruci.
1751 747 1918 802 Unde
1938 750 2197 818 Aposto-

520 835 616 890 lus
647 835 726 888 ait
761 850 772 888 ε
815 833 958 899 Quia
995 840 1165 888 vetus
1195 833 1362 888 homo
1394 840 1600 888 noster
1626 835 1806 889 simul
1847 835 2066 890 afﬁxus
2108 843 2199 892 est

519 924 703 987 cruci,
741 929 799 977 ut
830 923 1179 976 destruatur
1209 938 1421 993 corpus
1462 924 1712 994 peccati,
1769 931 1826 978 ut
1879 925 2033 980 ultra
2086 943 2198 981 non

515 1013 858 1068 serviamus
869 1017 1113 1083 peccato
1133 1011 1319 1080 (Rom.
1344 1028 1422 1081 v1,
1443 1011 1518 1081 6).
1541 1012 1722 1067 Vetus
1746 1028 1890 1085 ergo
1913 1013 2197 1096 afﬁgitur,

521 1105 587 1158 ut
615 1102 899 1156 moriatur
925 1103 1200 1170 peccato;
1249 1103 1311 1154 ut
1343 1116 1532 1155 novus
1565 1105 1863 1172 resurgat,
1896 1103 1998 1173 qui
2029 1119 2202 1158 reno-

529 1193 706 1246 vatur
731 1206 838 1261 per
865 1189 1133 1262 gratiam.
1167 1188 1438 1244 Diximus
1470 1189 1540 1244 de
1571 1189 1827 1246 duobus.

593 1281 680 1334 14.
723 1279 1004 1334 Fortasse
1035 1277 1191 1332 dicat
1221 1277 1436 1349 aliquis
1472 1293 1483 1332 :
1517 1277 1666 1342 Quid
1699 1279 1771 1333 de
1801 1273 2004 1334 tribus
2024 1281 2198 1351 dicis,

519 1369 806 1441 quoniam
839 1366 929 1422 sic
977 1366 1154 1421 habet
1200 1365 1501 1437 Scriptura
1539 1382 1550 1423 :
1591 1367 1706 1422 Uhi
1736 1369 1891 1423 enim
1921 1376 2060 1424 sunt
2091 1371 2202 1426 duo

531 1457 632 1514 vel
660 1464 788 1511 tres
819 1456 1166 1527 congregati
1195 1456 1254 1509 in
1288 1457 1520 1510 nomine
1546 1471 1694 1527 meo,
1729 1457 1818 1511 ibi
1849 1474 1956 1530 ego
1983 1475 2109 1513 sum
2139 1460 2201 1513 in

516 1547 711 1602 medio
743 1561 941 1600 eorum
973 1545 1210 1613 (Matth.
1244 1561 1404 1614 xvnt,
1441 1545 1570 1615 ‘20)?
1600 1545 1753 1600 Hinc
1786 1557 2020 1618 quoque
2051 1548 2200 1604 ratio

523 1635 670 1700 253
721 1634 1036 1688 manifesta
1082 1637 1204 1702 est;
1250 1634 1386 1704 quia
1436 1634 1592 1688 idem
1640 1637 1964 1706 Apostolus
2011 1637 2196 1698 dicit:

519 1725 656 1798 Ipse
688 1729 879 1778 autem
911 1722 1071 1776 Deus
1096 1723 1263 1792 pacis
1293 1721 1624 1776 sanctiﬁcat
1654 1739 1754 1778 vos
1765 1739 1878 1794 per
1900 1725 2111 1793 omnia,
2141 1731 2200 1778 ut

517 1815 760 1883 integer
780 1811 1033 1883 spiritus
1061 1816 1281 1878 vester,
1299 1817 1356 1863 et
1381 1812 1590 1875 anima,
1620 1818 1677 1864 et
1693 1828 1903 1882 corpus
1919 1813 2052 1867 sine
2071 1829 2200 1884 que-

517 1902 648 1958 rela
681 1903 743 1955 in
777 1901 876 1955 die
915 1900 1209 1954 adventus
1251 1899 1488 1953 Domini
1531 1901 1726 1954 nostri
1768 1905 1912 1955 Jcsu
1965 1901 2198 1956 Christi

521 1997 846 2046 serventur
874 1989 929 2060 (l
962 1987 1169 2042 Thess.
1203 2005 1259 2056 ν,
1292 1989 1402 2057 23).
1452 1987 1568 2041 Ubi
1599 2003 1742 2060 ergo
1772 1992 1895 2044 tres
1927 1990 2027 2045 isti
2057 1992 2200 2045 inte-

521 2081 613 2152 gri
643 2077 780 2149 (12),
815 2078 896 2132 ibi
925 2076 1200 2131 Christus
1231 2081 1324 2131 est
1353 2077 1414 2130 in
1444 2077 1638 2132 medio
1669 2093 1874 2133 eorum
1909 2095 1920 2134 :
1957 2081 2057 2150 qui
2086 2081 2197 2136 hos

522 2171 652 2224 tres
683 2168 842 2222 intus
873 2167 1164 2240 gubernat
1197 2169 1252 2220 et
1283 2167 1456 2238 regit,
1492 2181 1561 2220 ac
1591 2167 1751 2222 ﬁdeli
1781 2184 1924 2238 pace
1957 2185 2199 2240 compo-

532 2259 634 2313 nit.

593 2347 680 2401 15.
726 2345 870 2400 Haec
903 2344 1084 2417 igitur
1133 2345 1244 2398 tria
1293 2344 1524 2418 integra
1568 2362 1692 2416 prae
1738 2347 1972 2401 caeteris
2021 2347 2081 2402 in
2132 2363 2199 2402 se

522 2436 696 2508 virgo
729 2434 1050 2502 custodiat;
1085 2436 1146 2488 ut
1192 2434 1410 2488 nullam
1462 2435 1559 2488 det
1607 2451 1796 2490 sacrm
1841 2437 2200 2508 virginitatis

527 2523 850 2596 querelam,
885 2525 942 2577 et
972 2523 1049 2576 sit
1079 2521 1390 2592 inoti'ensa,
1425 2523 1556 2577 sine
1588 2540 1756 2595 ruga,
1791 2524 1922 2578 sine
1953 2525 2200 2580 macula.

525 2613 610 2668 De
641 2627 757 2683 qua
788 2611 923 2666 licet
953 2609 1366 2682 frequentibus
1397 2610 1566 2666 libris
1617 2613 1964 2682 dixerimus,
2012 2618 2206 2668 tamen

529 2700 836 2755 memorati
887 2699 1158 2770 pignoris
1205 2697 1318 2768 (13)
1369 2715 1548 2754 causa
1597 2699 1753 2754 hunc
1801 2701 1873 2755 ad
1905 2705 1959 2756 te
1990 2703 2206 2757 librum

528 2788 902 2844 condendum
935 2787 1199 2841 arbitrati
1230 2803 1459 2842 sumus.

1179 2911 1432 2966 CAPUT
1469 2912 1563 2967 ΙΙΙ.

533 3020 893 3093 Culpandum
946 3018 1606 3093 non‘cssefcmineum
1654 3037 1860 3076 sexum
1896 3023 1990 3077 cui
2021 3040 2052 3077 a
2082 3023 2206 3079 Deo

602 3089 764 3147 tanta
806 3093 954 3146 dona
995 3089 1204 3144 collata
1235 3090 1462 3144 fuerint
1495 3111 1512 3146 :
1544 3091 1728 3146 Deum
1769 3095 1924 3147 enim
1975 3094 2206 3149 idcirco

2227 1859 2282 1922 Β

2311 657 2409 710 ubi
2441 655 2512 710 ad
2544 655 2840 710 hominem
2871 657 3106 708 ventum
3131 657 3238 722 est,
3262 653 3432 708 solus
3451 669 3563 707 non
3585 655 3788 710 videtur
3803 674 3915 712 esse

2306 745 2598 814 laudatus,
2634 748 2873 814 propter
2900 759 3073 814 quem
3105 744 3296 796 omnia
3333 746 3605 814 generata
3625 749 3765 798 sunt.
3799 745 3913 810 Qua:

2308 836 2489 908 igitur
2519 849 2698 887 causa
2729 835 2840 901 est,
2873 831 2989 885 nisi
3022 830 3170 885 forte
3203 847 3290 898 ea,
3345 832 3481 902 quia
3524 831 3630 885 alia
3675 833 3729 886 in
3759 837 3921 904 specie

2309 927 2466 992 sunt,
2500 923 2674 976 homo
2704 922 2762 974 in
2796 921 3068 974 occulto?
3114 920 3276 996 Nihil
3309 920 3369 972 in
3400 919 3607 974 bestiis
3636 920 3756 990 plus
3783 940 3923 992 repe-

2308 1013 2450 1081 rias,
2485 1028 2659 1084 quam
2691 1011 2848 1081 quod
2877 1007 3142 1064 videtur:
3174 1009 3233 1063 in
3263 1009 3503 1064 homine
3535 1009 3672 1063 nihil
3700 1016 3780 1066 est
3805 1013 3926 1068 infe-

2308 1104 2455 1172 rius,
2490 1117 2665 1172 quam
2693 1099 2850 1171 quod
2884 1099 3151 1169 videtur;
3185 1099 3285 1170 qui
3320 1115 3454 1153 cum
3488 1115 3562 1152 ex
3609 1099 3784 1154 animo
3818 1118 3930 1156 con-

2310 1196 2424 1247 stet
2453 1192 2566 1260 (14)
2599 1194 2653 1244 et
2685 1204 2952 1259 corpore,
2987 1189 3101 1243 hoc
3131 1189 3333 1258 utique
3365 1188 3425 1241 in
3457 1204 3526 1243 eo
3575 1189 3762 1258 servit,
3805 1193 3928 1261 quod

2307 1281 2543 1335 videtur
2575 1295 2586 1335 :
2623 1279 2764 1333 illud
2796 1293 3030 1350 quoque
3064 1277 3123 1331 in
3155 1293 3224 1332 eo
3255 1277 3432 1349 regit,
3482 1277 3638 1348 quod
3667 1293 3773 1332 non
3797 1280 3929 1333 vide-

2309 1373 2422 1424 tur.
2798 1351 2814 1362 ’

2379 1457 2467 1512 18.
2509 1457 2716 1512 Merito
2746 1471 2890 1528 ergo
2923 1456 3036 1509 alia
3067 1456 3126 1510 in
3158 1454 3407 1511 exordio
3439 1454 3757 1524 laudantur,
3793 1456 3928 1510 istius

2309 1548 2562 1602 laudatio
2595 1562 2712 1600 non
2745 1547 3050 1615 promitur,
3102 1545 3207 1599 sed
3250 1549 3593 1599 reservatur
3626 1561 3637 1599 :
3670 1545 3791 1616 quia
3817 1545 3927 1597 alio-

2310 1652 2440 1691 rum
2469 1634 2654 1707 gratia
2684 1633 2852 1702 foris,
2887 1633 3069 1704 hujus
3103 1633 3262 1688 intus
3295 1638 3389 1688 est
3425 1651 3436 1687 :
3471 1634 3712 1687 aliorum
3740 1634 3792 1686 in
3818 1635 3920 1687 nati-

2307 1727 2507 1794 vitate,
2542 1723 2725 1795 hujus
2756 1723 2816 1777 in
2847 1723 3046 1778 corde.
3081 1721 3229 1786 Quid
3262 1723 3428 1777 enim
3457 1727 3573 1776 tam
3597 1721 3762 1776 altum
3781 1724 3929 1776 ettam

2311 1814 2688 1886 profundum,
2723 1828 2897 1882 quam
2928 1827 3096 1866 mens
3128 1811 3409 1881 hominis,
3443 1828 3576 1883 quae
3609 1811 3762 1882 quasi
3807 1811 3934 1864 invo-

2313 1905 2478 1958 lucro
2529 1902 2782 1972 quodam
2828 1901 3096 1970 corporis
3143 1901 3364 1972 tegitur
3415 1905 3472 1954 et
3517 1900 3818 1954 occultatur
3851 1915 3860 1952 :
3889 1903 3933 1951 ut

2315 2010 2442 2048 eam
2473 1991 2627 2044 haud
2659 1990 2830 2043 facile
2862 1991 3176 2060 quisquam
3200 1989 3595 2058 introspicere
3617 1991 3670 2042 et
3691 1986 3934 2057 speculari

2311 2083 2522 2154 queat?
2545 2080 2679 2134 Ideo
2700 2094 2843 2150 ergo
2863 2079 3038 2133 homo
3061 2096 3177 2133 non
3211 2083 3345 2132 ante
3380 2079 3665 2148 laudatur,
3699 2078 3817 2148 quia
3842 2091 3930 2129 non

2309 2171 2368 2225 in
2400 2171 2625 2225 forensi
2649 2167 2797 2233 254
2836 2167 3008 2238 pelle,
3044 2168 3150 2221 sed
3180 2167 3240 2221 in
3272 2168 3554 2222 interiore
3593 2166 3808 2220 homine
3833 2167 3934 2218 ante

2309 2260 2672 2330 probandus,
2725 2260 2813 2312 sic
2857 2259 3274 2329 praedicandus
3316 2263 3411 2314 est
3445 2275 3456 2313 :
3493 2274 3663 2329 quem
3693 2255 3932 2326 praeclare

2311 2349 2574 2403 definivit
2603 2348 2912 2418 apostolus
2948 2351 3154 2402 Petrus
3179 2349 3390 2402 dicens
3423 2347 3811 2402 absconditum
3831 2358 3937 2397 esse

2313 2438 2512 2493 cordis
2545 2437 2844 2492 hominem
2874 2438 2933 2490 in
2963 2437 3410 2508 incorruptione
3443 2437 3620 2507 quieti
3651 2439 3703 2489 et
3738 2431 3940 2487 modesti

2312 2528 2580 2598 spiritus,
2628 2527 2726 2599 qui
2773 2530 2865 2582 est
2909 2531 3041 2580 ante
3091 2527 3276 2581 Deum
3319 2525 3594 2597 locuples
3626 2523 3674 2595 (1
3704 2523 3849 2590 Petr,
3877 2537 3937 2588 ιιι,

2385 2703 2472 2760 19.
2516 2705 2725 2759 Merito
2775 2721 2920 2776 ergo
2971 2703 3256 2774 differtur,
3308 2707 3379 2758 ut
3429 2705 3705 2774 sequatur
3730 2699 3938 2755 fenerata

2313 2793 2446 2865 ejus
2477 2794 2731 2848 laudatio
2768 2810 2780 2848 :
2813 2793 2987 2865 cujus
3019 2794 3217 2848 dilatio
3249 2810 3374 2848 non
3424 2793 3799 2863 dispendium,
3858 2785 3939 2840 sed

2312 2883 2740 2936 incrementum
2791 2887 2902 2937 est.
2950 2883 3136 2937 Nemo
3183 2899 3328 2954 ergo
3387 2899 3455 2938 se
3504 2881 3775 2951 despiciat
3807 2875 3940 2948 quasi

2313 2971 2510 3040 vilem,
2535 2987 2644 3025 nec
2667 2973 2928 3026 contuitu
2948 2973 3218 3041 corporis
3232 2989 3376 3027 sese
3401 2966 3936 3039 mstimet(15).Nam,

2317 3061 2429 3114 etsi
2459 3061 2672 3114 dixerit
2703 3068 2946 3115 sanctus
2990 3061 3101 3116 Job
3138 3076 3149 3114 :
3186 3061 3405 3116 Nudus
3454 3061 3618 3117 exivi
3659 3059 3728 3112 de
3775 3059 3939 3110 ventre

981 3143 1152 3238 atque
1178 3143 1353 3238 homo

2323 3150 2534 3203 matris
2581 3166 2746 3220 mere,
2795 3149 2986 3204 nudus
3024 3157 3081 3204 et
3113 3151 3252 3204 hinc
3294 3150 3629 3221 abiho(.loh.
3662 3166 3696 3217 ι,
3726 3146 3838 3216 21);
3865 3143 3941 3196 h8-

601 3236 806 3308 hassc,
836 3241 954 3287 tum
974 3235 1106 3308 quia
1139 3233 1270 3308 eius
1290 3233 1555 3308 dignitas
1576 3250 1689 3308 non
1713 3238 1771 3289 in
1795 3233 2076 3308 corpore;
2097 3238 2206 3292 sed

601 3307 664 3360 in
707 3307 900 3359 anima
952 3303 1009 3356 et
1036 3305 1121 3376 _in
1169 3303 1374 3357 divina
1423 3305 1682 3376 imagine
1726 3303 2056 3373 censi—stat,'
2087 3315 2204 3362 tum

607 3377 740 3449 quia
769 3382 992 3430 tantum
1021 3374 1082 3449 in
1113 3376 1313 3449 operis
1333 3376 1513 3429 totius
1535 3374 1650 3430 line
1666 3377 1995 3432 laudandus
2017 3380 2202 3446 homo,

605 3447 671 3504 ac
701 3448 930 3522 demum
963 3447 1094 3522 quia
1126 3447 1378 3500 nondum
1409 3454 1610 3502 creata
1644 3455 1774 3522 erat
1803 3450 2039 3519 mulier,
2085 3467 2210 3522 qua:

607 3526 664 3575 et
697 3519 928 3592 cxipso
956 3519 1208 3571 lormata
1241 3523 1353 3582 est,
1389 3524 1447 3570 et
1478 3535 1603 3572 cum
1635 3521 1764 3590 ipso
1793 3523 1994 3592 magni
2014 3519 2214 3576 sacra-

603 3590 790 3646 menti
800 3590 1067 3664 figuram
1102 3594 1236 3664 erat
1265 3605 1659 3660 expressura;
1695 3590 1976 3664 exque—et
2000 3610 2209 3648 nomen

607 3659 910 3732 accepisse
941 3661 1068 3731 ipsa
1100 3659 1461 3714 declaratur.

607 3767 694 3824 16.
737 3768 898 3822 Bona
925 3765 1260 3838 virginitas,
1295 3782 1427 3837 quae
1477 3783 1689 3823 sexum
1735 3772 2048 3841 utrumque
2088 3788 2206 3827 non

536 3858 730 3914 solum
761 3855 1017 3910 absolvit
1044 3871 1077 3908 a
1109 3855 1374 3923 crimine,
1408 3871 1614 3911 verum
1645 3859 1820 3912 etiam
1862 3863 2208 3929 provocavit

535 3949 609 4002 ad
658 3947 926 4019 gratiam.
974 3945 1343 4000 Accusamus
1389 3949 1582 4000 autem
1629 3947 1977 4019 plerumque
2037 3949 2211 4004 femi-

537 4052 716 4092 neum
759 4050 990 4104 sexum,
1039 4034 1194 4104 quod
1241 4034 1463 4088 erroris
1517 4051 1758 4090 causam
1788 4038 2078 4092 invexerit
2109 4055 2121 4094 :
2157 4042 2213 4094 et

537 4141 656 4182 non
688 4123 1138 4180 consideramus
1169 4127 1386 4194 quanto
1416 4123 1718 4195 justiusin
1742 4142 1852 4181 nos
1871 4127 2210 4200 objurgatio

537 4218 968 4286 retorquentur.
1030 4212 1179 4266 Nam
1235 4217 1296 4274 ut
1339 4217 1673 4284 repetamus
1722 4231 1754 4268 a
1803 4217 2113 4288 principio,
2156 4223 2213 4273 et

538 4320 742 4361 rerum
773 4303 1016 4358 exordia
1047 4301 1505 4374 interrogemus,
1559 4308 1839 4374 quantum
1869 4306 1920 4360 ei
1955 4306 2211 4364 delatum

2321 3240 2447 3294 buit
2465 3243 2655 3293 tamen
2673 3255 2789 3310 quo
2815 3255 2930 3292 non
2954 3239 3148 3292 solum
3172 3239 3322 3293 inter
3363 3240 3654 3307 homines,
3681 3235 3777 3291 sed
3804 3233 3939 3286 etiam

2321 3329 2473 3399 apud
2501 3329 2685 3382 Deum
2717 3329 2884 3382 dives
2916 3329 3296 3382 inveniretur.

2390 3418 2477 3472 20.
2518 3416 2668 3481 Quid
2699 3421 2894 3472 autem
2925 3417 3298 3488 locupletius,
3332 3435 3514 3490 quam
3545 3416 3692 3489 quod
3729 3413 3793 3468 ad
3831 3411 3939 3463 ima-

2320 3508 2519 3578 ginem
2552 3507 2654 3560 Dei
2687 3510 2778 3560 est
2809 3523 2876 3559 ac
2905 3506 3349 3560 similitudinem
3369 3510 3399 3562 ?
3430 3508 3519 3562 Ad
3547 3505 3835 3577 imaginem
3858 3514 3940 3552 au-

2319 3602 2435 3652 tem
2467 3597 2711 3650 interior
2741 3599 2832 3650 est
2861 3596 3058 3665 homo,
3093 3613 3210 3650 non
3259 3597 3374 3651 iste
3401 3597 3685 3669 jexterior
3712 3609 3723 3648 :
3761 3590 3841 3645 ille
3867 3584 3940 3657 qui

2321 3702 2508 3740 sensu
2548 3686 2891 3754 aestimatur,
2935 3702 3052 3740 non
3088 3686 3279 3740 oculis
3317 3684 3831 3758 comprehenditur.
3864 3675 3940 3729 Ille

2319 3792 2464 3847 ergo
2494 3775 2668 3828 nobis
2700 3774 3059 3844 spectandus
3089 3778 3199 3845 est,
3235 3775 3336 3846 qui
3359 3779 3558 3832 serius
3581 3771 3938 3840 investigatur.

2323 3866 2460 3919 Ideo
2492 3865 2651 3918 Deus
2683 3879 2798 3917 non
2834 3865 3056 3933 putavit
3096 3864 3352 3918 hominis
3393 3866 3671 3920 fabricam
3705 3873 3825 3915 esse
3853 3854 3942 3907 lau-

2324 3954 2608 4024 dandam;
2651 3953 2785 4024 quia
2829 3953 3019 4024 major
3058 3953 3192 4024 ejus
3250 3954 3312 4008 in
3365 3957 3580 4010 virtute
3633 3955 3719 4006 est
3769 3943 3938 4018 portio.

2320 4044 2612 4098 Praeclara
2655 4043 2891 4114 quidem
2933 4043 3190 4113 species,
3234 4045 3290 4096 et
3346 4043 3718 4114 praestantior
3750 4031 3940 4091 caeteris

2320 4132 2717 4186 animantibus
2777 4147 2788 4186 :
2832 4131 2939 4186 sed
2991 4132 3416 4187 irrationabilia
3468 4131 3730 4202 corporis
3778 4121 3940 4194 specie

2321 4223 2722 4290 aestimantur;
2774 4237 2841 4275 ea
2898 4223 3091 4275 autem
3130 4222 3274 4291 Lquae
3328 4223 3575 4277 rationis
3625 4219 3783 4290 plena
3814 4211 3938 4274 sunt,

2323 4327 2690 4367 communem
2714 4311 2944 4364 laudem
2967 4313 3362 4380 sequestrent.

537 4394 635 4496 sit,
673 4392 1226 4496 investigabimusnz‘
1253 4396 1308 4496 et
1338 4409 1512 4496 qpam
1560 4394 1618 4448 in
1669 4395 1886 4450 misera
1918 4397 2209 4496 conditio-
2237 4434 2291 4496 D
2393 4402 2481 4456 21,
2526 4401 2714 4455 Homo
2746 4400 2928 4472 igitur
2959 4401 3097 4454 mihi
3129 4417 3246 4455 non
3267 4404 3383 4455 tam
3405 4403 3568 4457 vultu
3590 4413 3753 4496 quam
3771 4390 3941 4496 aﬂ‘c‘tct“

539 4485 634 4540 nis
685 4485 960 4539 humanae
1010 4481 1326 4556 fragilitate
1375 4484 1592 4538 femina
1657 4488 1852 4539 tamen
1921 4487 2211 4544 invenerit

535 4575 804 4646 gratiam.

608 4664 694 4718 1'7.
737 4665 887 4718 Nam
919 4679 1050 4718 eum
1083 4664 1278 4718 omnia
1307 4680 1484 4735 opera
1516 4681 1622 4719 sua
1655 4665 1981 4722 laudaverit
2028 4670 2207 4740 Deus,

537 4752 770 4821 coelum,
802 4755 1038 4822 terram,
1072 4755 1275 4825 maria,
1311 4758 1540 4810 noctem
1574 4759 1629 4809 et
1660 4755 1813 4810 diem
1845 4757 2020 4826 (Gen.
2047 4777 2084 4827 1,
2122 4759 2208 4828 10,

537 4837 624 4908 12,
661 4838 744 4909 18,
780 4840 892 4910 21),
944 4843 1104 4912 quod
1149 4843 1262 4898 iste
1310 4844 1628 4913 profecerit
1656 4845 1729 4899 ad
1761 4862 1934 4902 usum
1963 4847 2210 4919 laboris,

592 4979 720 5062 ⁸(11)
953 4983 1122 5052 Vall.,
1168 4985 1346 5040 Vetus
1385 4987 1488 5042 ille
1523 4995 1869 5059 peccator...
1918 4991 2218 5046 sollicitu—

537 5050 677 5106 dine
703 5050 974 5107 attritus.

609 5122 724 5194 (12)
767 5125 1069 5197 Deitribus
1102 5125 1290 5194 hisee,
1325 5129 1542 5197 quibus
1592 5136 1864 5187 constare
1915 5133 2210 5188 hominem

536 5193 708 5270 docet
739 5196 1114 5270 Ambrosius,
1151 5193 1376 5270 videsis
1409 5216 1540 5270 quae
1572 5201 1672 5256 lib.
1709 5206 1806 5258 iin
1830 5205 2068 5259 Lucam.
2095 5207 2208 5260 col.

536 5265 694 5347 12Τ7,
742 5271 798 5320 et
841 5267 946 5347 lib.
1001 5284 1081 5320 vn
1127 5268 1397 5340 ejusdem
1426 5265 1867 5346 "Expositionis,
1904 5278 2014 5331 col.
2053 5277 2208 5347 1460,

536 5339 1012 5392 observavimus.

604 5408 732 5486 (13),
768 5410 1089 5486 Alcinoi-ali
1133 5411 1424 5486 pignoris,
1480 5412 1537 5486 id
1589 5419 1680 5468 est
1730 5417 2084 5486 Ambrosias,
2140 5419 2211 5474 de

535 5497 650 5552 qua
685 5482 880 5562 statim
911 5481 984 5562 ab
1017 5481 1264 5562 exordio
1298 5483 1450 5562 libri,
1490 5484 1878 5562 Commendas
1923 5481 2081 5562 mihi.
2115 5492 2212 5562 pi-

532 5569 686 5624 gnus
719 5559 872 5607 tuum
902 5554 1303 5622 Ambrosiam,
1339 5558 1450 5610 ctc.
1503 5557 1668 5618 Quod
1699 5563 1892 5612 autem
1923 5561 1994 5613 ad
2025 5554 2212 5616 libros

532 5625 592 5679 in
625 5624 844 5704 quibus
877 5625 948 5680 de
981 5625 1315 5704 virginitate
1366 5626 1730 5704 disseruisse
1753 5644 1844 5704 ΔΒθ
1884 5631 2208 5704 profitetur,

532 5709 652 5754 non
683 5696 850 5756 solos
882 5712 988 5780 eos
1019 5697 1407 5774 intelligimus
1439 5699 1786 5776 signiﬁcari,
1821 5696 1972 5776 quos
2003 5702 2072 5760 de
2095 5696 2208 5762 hoc

2325 4491 2704 4548 admirandus
2736 4491 2986 4545 emineat
3015 4494 3187 4562 atque
3220 4493 3501 4561 excellat;
3554 4498 3612 4546 ut
3657 4492 3711 4544 in
3741 4487 3823 4552 his
3849 4483 3943 4534 lau-

2328 4583 2516 4650 detur,
2566 4581 2624 4634 in
2667 4580 2886 4650 quibus
2936 4582 3107 4634 etiam
3161 4582 3318 4636 Deus
3367 4581 3703 4653 prophetico
3757 4567 3941 4646 judicio

2321 4671 2590 4725 laudatur
2635 4670 2768 4740 (16),
2817 4669 2888 4723 de
2941 4686 3054 4740 quo
3088 4672 3371 4741 scriptum
3403 4677 3543 4727 est:
3584 4662 3872 4725 Terribilis
3896 4657 3942 4708 in

2323 4760 2592 4815 consiliis
2623 4774 2800 4829 super
2829 4757 2985 4813 filios
3012 4759 3306 4814 hominum
3327 4761 3514 4830 (l’sal.
3541 4776 3669 4826 va,
3693 4756 3774 4825 5):
3800 4745 3939 4816 cuius

2324 4865 2501 4920 opera
2533 4865 2729 4902 coram
2768 4849 2888 4902 Deo
2920 4848 3172 4918 luceant,
3207 4850 3307 4920 qui
3339 4850 3493 4904 bona
3519 4847 3756 4921 jugibus
3788 4830 3941 4908 opel‘i'

2323 4996 2670 5064 argumento
2701 4995 2757 5046 et
2788 4992 2899 5046 sub
2933 4991 3135 5044 eadem
3185 4992 3567 5062 inscriptione
3613 4977 3937 5064 Ιυσιιῦξηῖίξξ

2327 5048 2431 5117 sed
2464 5069 2520 5118 et
2547 5064 2698 5116 alios
2729 5079 2985 5133 quoque,
3020 5064 3120 5115 ubi
3153 5048 3392 5133 quoties
3418 5057 3740 5117 disserendi
3767 5053 3828 5106 de
3856 5048 3940 5133 hu?

2321 5137 2450 5204 ipsa
2497 5135 2708 5187 virtute
2747 5128 2889 5186 ἠειῑὰ
2937 5128 3028 5186 est
3077 5128 3335 5202 occ—asio,
3391 5151 3517 5188 eam
3549 5139 3821 5204 numqua}?
3849 5128 3938 5204 "03

2324 5186 2518 5260 obviis
2553 5205 2824 5258 manibus
2856 5205 3086 5273 aripuit.
3125 5186 3335 5276 Usque,
3359 5207 3504 5260 adeo
3536 5204 3615 5257 illi
3661 5186 3808 5254 c‘ordi
3843 5186 3940 5243 eritt

2323 5278 2540 5348 ubique
2571 5278 2871 5348 doctorem
2902 5291 3080 5346 agere
3113 5278 3493 5348 virginitatis.

2395 5346 2508 5418 (lii)
2547 5347 2791 5412 Quidam
2825 5363 2994 5414 mss.,
3031 5364 3107 5400 ex
3137 5346 3328 5401 anima
3361 5351 3602 5410 constet,
3637 5346 3739 5397 etc.
3863 5394 3935 5418 με

2396 5409 2510 5489 (lii)
2550 5409 2647 5472 Sic
2698 5434 2905 5472 omnes
2952 5409 3088 5472 edit.
3143 5436 3273 5473 cum
3326 5433 3472 5474 mss.
3539 5409 3789 5488 quatuor:

2325 5479 2480 5561 quod
2515 5491 2572 5544 in
2606 5490 2704 5563 his
2731 5490 2922 5543 levem
2952 5505 3058 5558 pro
3099 5490 3290 5563 vilem,
3338 5503 3393 5544 et
3445 5479 3804 5563 essese?”

2327 5550 2576 5616 habetur
2611 5579 2622 5616 :
2657 5562 2753 5635 alii
2787 5578 2926 5615 vero
2952 5550 3106 5635 iuss.
3155 5550 3378 5633 legunt,
3426 5562 3610 5635 quasi
3639 5550 3813 5617 vilem,
3855 5550 3938 5594 ηοσ

2325 5634 2683 5691 contemptui
2712 5649 2848 5687 sese
2875 5633 3152 5688 aestimet.

2399 5704 2510 5778 (16)
2551 5697 2678 5761 Duo
2710 5719 2883 5777 mss.,
2907 5704 3258 5782 prophetico
3285 5705 3503 5782 spiritu
3531 5697 3800 5759 laudatur.
