4060 6158
185 382 257 448 ἓό
1096 374 1359 443 LIBER
1400 379 1513 443 DE
1554 371 2154 445 INSTITUTIONE
2197 371 2596 445 VIRGINIS.

3455 378 3574 449 326

173 588 256 640 bus
295 583 440 639 facta
490 584 800 651 contexat;
850 583 907 636 et
957 581 1089 636 ideo
1137 581 1392 636 laudatio
1426 580 1560 651 ejus
1591 581 1795 636 nonin
1820 563 1877 626 Ᾱ
1909 582 1963 634 te
1996 579 2151 634 enim
2199 579 2411 636 mulier
2449 580 2718 651 decepit,
2765 580 2922 635 illam
2954 582 3146 637 malus
3190 582 3346 652 licet,
3376 584 3572 639 tamen

173 672 398 741 exordio,
432 671 542 726 sed
572 671 630 725 in
661 672 775 725 fine
806 673 935 725 est:
969 685 1141 724 nemo
1173 671 1329 724 enim
1377 670 1493 725 nisi
1535 670 1795 742 legitime

164 760 459 828 certaverit,
522 763 854 814 coronatur.
891 759 1145 829 Ideoque
1190 758 1439 829 Sapiens
1481 759 1584 812 tibi
1617 759 1794 813 dicit:

159 852 196 905 Α
206 855 288 904 nte
306 856 553 903 mortem
570 865 682 902 non
705 847 910 902 laudes
923 848 1213 901 hominem
1230 863 1567 920 quemquam
1580 847 1792 915 (Eccli.

159 957 225 1004 xu,
266 938 369 1007 30).
401 936 526 1001 Qua
570 938 795 991 ratione
826 937 939 991 hoc
980 937 1213 1006 dixerit,
1248 936 1658 1006 superioribus
1689 935 1797 990 do-

166 1027 264 1081 cuit
293 1026 533 1080 dicens:
574 1025 717 1091 Quia
765 1026 827 1079 in
862 1024 981 1080 line
1011 1025 1268 1079 hominis
1297 1025 1597 1080 nudantur
1624 1040 1801 1096 opera

161 1116 272 1186 ejus
289 1114 458 1183 (Ibid.
490 1115 604 1183 29).

220 1204 298 1257 ‘22.
323 1203 671 1274 Spectamus
694 1202 951 1261 tertium.
988 1202 1044 1256 in
1068 1217 1184 1274 quo
1215 1202 1611 1257 manifestavit
1639 1203 1798 1257 Deus

159 1291 475 1346 sententiam
514 1307 723 1346 suam:
779 1307 914 1346 cum
944 1291 1099 1345 enim
1133 1290 1379 1345 fecisset
1418 1291 1712 1346 hominem
1744 1294 1801 1345 et

154 1381 426 1451 posuisset
454 1380 517 1434 in
537 1380 818 1451 paradiso
837 1380 1067 1450 operari
1090 1382 1146 1434 et
1168 1380 1487 1449 custodire,
1513 1379 1658 1433 dixit
1679 1395 1797 1435 non

162 1485 277 1524 esse
298 1470 512 1524 bonum
538 1469 735 1524 solum
750 1485 888 1523 esse
909 1469 1227 1525 hominem.
1243 1468 1573 1536 Faciamus,
1590 1467 1797 1539 inquit,

156 1560 202 1612 ci
227 1558 569 1630 adjutorium
606 1558 927 1613 secundum
955 1573 1022 1612 se
1059 1557 1233 1626 (Gen.
1268 1574 1328 1626 ιι,
1364 1556 1471 1625 18).
1507 1556 1646 1611 Sine
1674 1572 1801 1611 mu-

151 1648 267 1702 liere
306 1649 485 1720 igitur
546 1648 728 1703 homo
778 1663 896 1702 non
939 1647 1116 1701 habet
1165 1647 1418 1715 laudem,
1450 1662 1510 1700 in
1553 1646 1798 1701 muliere

152 1736 489 1807 praedicatur.
524 1736 680 1791 Nam
712 1752 845 1791 cum
877 1736 1018 1790 dicit
1040 1751 1158 1790 non
1181 1751 1320 1790 esse
1350 1735 1570 1789 bonum
1602 1734 1798 1788 solum

160 1841 262 1880 esse
298 1825 620 1895 hominem,
657 1825 964 1881 confirmat
1005 1824 1208 1896 utique
1246 1823 1470 1878 bonum
1509 1838 1648 1878 esse
1684 1823 1796 1877 ho-

1907 668 2179 740 angelus.
2214 669 2273 724 Si
2296 672 2357 723 tu
2387 669 2652 724 inferiori
2671 685 2789 724 non
2819 671 3058 740 potuisti
3082 672 3384 741 resistere,
3419 688 3569 744 quo-

1907 758 2081 812 modo
2112 758 2211 812 illa
2239 758 2425 829 potuit
2463 759 2805 829 superiori?
2835 758 3016 829 Culpa
3045 763 3145 814 tua
3173 760 3333 815 illam
3364 761 3570 816 absol-

1908 846 2007 900 vit.

1975 934 2063 988 26.
2124 933 2187 989 Si
2244 935 2316 989 de
2357 935 2564 990 merito
2613 935 2801 1006 culpae
2831 935 3102 1006 dubitas,
3138 936 3572 1009 interrogemus

1906 1023 2277 1077 sententiam.
2306 1024 2395 1078 Illi
2412 1024 2631 1079 dictum
2654 1028 2747 1079 est
2770 1040 2782 1079 :
2805 1024 2873 1078 In
2889 1025 3145 1079 tristitia
3163 1025 3371 1096 paries
3392 1025 3569 1097 ﬁlios,

1906 1118 1963 1166 et
1987 1112 2061 1166 ad
2089 1112 2277 1166 virum
2300 1114 2612 1168 couversio
2645 1120 2760 1182 tua,
2802 1118 2860 1168 et
2879 1113 3007 1185 ipse
3030 1113 3145 1168 tibi
3176 1113 3578 1169 dominabitur

1906 1199 2080 1268 (Gen.
2101 1217 2184 1271 ιιι,
2210 1199 2318 1270 16).
2354 1201 2495 1256 Viro
2535 1205 2728 1256 autem
2768 1202 2983 1256 dicitur
3015 1219 3026 1257 :
3073 1202 3259 1257 Terra
3292 1218 3376 1272 es,
3418 1210 3476 1257 et
3512 1203 3574 1257 in

1907 1295 2130 1343 terram
2154 1289 2273 1343 ibis
2289 1289 2465 1358 (Ibid.
2504 1288 2609 1359 19).
2644 1289 2713 1344 Et
2743 1306 2882 1345 vere
2900 1290 3066 1362 justa
3097 1291 3387 1345 sententia
3418 1290 3573 1362 (2t);

1902 1378 2378 1449 quandoquidem
2404 1378 2455 1431 si
2487 1378 2672 1433 Adam
2703 1379 2860 1450 quod
2890 1396 2922 1433 a
2948 1380 3195 1435 Domino
3227 1379 3348 1434 Deo
3379 1380 3575 1434 audie-

1902 1468 2011 1535 rat,
2048 1482 2291 1521 servare
2322 1483 2439 1521 non
2487 1468 2713 1537 potuit,
2766 1470 3061 1538 quomodo
3092 1469 3282 1538 potuit
3328 1484 3571 1523 servare

1904 1555 2117 1609 mulier
2147 1557 2303 1627 quod
2336 1555 2559 1610 audivit
2588 1572 2620 1609 a
2653 1557 2823 1611 viro?
2858 1556 2921 1612 Si
2957 1557 3119 1611 illum
3157 1557 3262 1611 Dei
3300 1572 3420 1612 vox
3456 1573 3576 1613 non

1906 1644 2295 1714 confirmavit,
2340 1645 2633 1716 quomodo
2686 1645 2859 1700 istam
2908 1661 3028 1701 vox
3061 1646 3575 1702 conﬁrmarethu-

1904 1748 2075 1787 mana
2100 1735 2128 1787 ?
2492 1740 2503 1751 °

1975 1840 2063 1893 27.
2098 1840 2362 1911 Denique
2387 1840 2569 1895 Adam
2589 1843 2939 1911 conventus,
2960 1841 3115 1912 quod
3139 1844 3341 1896 contra
3371 1841 3571 1896 divina

159 1915 340 2004 uinum
371 1930 595 1988 genus,
633 1915 686 1969 si
720 1914 877 1968 virili
907 1914 1080 1969 sexui
1111 1913 1402 1968 femineus
1425 1927 1611 1967 sexus
1632 1927 1799 1967 accc-
1828 1939 1882 2004 Β
1903 1944 2035 2000 quae
2059 1944 2256 1983 comm
2288 1929 2551 1983 audierat
2581 1933 2896 2001 Ρπωοθρίε,
2932 1933 3257 2002 gustasset,
3293 1930 3439 1985 nihil
3470 1930 3575 1985 ha-

156 2002 244 2058 dat.

209 2092 283 2147 23.
346 2092 533 2148 Simul
595 2092 742 2147 illud
800 2090 1316 2161 considerandum,
1380 2090 1516 2162 quia
1570 2091 1670 2145 ille
1726 2090 1799 2146 de

150 2184 276 2236 terra
298 2181 485 2237 factus
520 2187 578 2237 et
609 2182 753 2236 limo
803 2184 879 2251 et,
930 2181 1041 2235 ista
1093 2181 1164 2235 de
1215 2181 1365 2234 viro.
1405 2179 1475 2234 Et
1504 2195 1641 2234 caro
1671 2179 1799 2250 qui-

157 2270 264 2325 dem
289 2271 506 2341 limus;
554 2271 666 2326 sed
715 2270 813 2325 ille
858 2270 1050 2325 adhuc
1090 2269 1384 2341 informis,
1417 2270 1529 2323 iste
1576 2268 1797 2323 forma-

148 2361 245 2415 tus.

210 2449 286 2503 24.
303 2448 428 2504 Jam
459 2448 608 2504 illud
634 2447 985 2519 praeclarum
1007 2447 1396 2520 apostolicum
1416 2462 1798 2502 arcessamus

152 2538 475 2609 exemplum,
511 2538 677 2611 quod
709 2537 999 2592 habemus
1052 2538 1373 2607 scriptum:
1422 2535 1566 2601 Quia
1607 2536 1798 2590 relin-

153 2633 261 2697 quet
287 2628 450 2683 homo
473 2634 719 2699 patrem
751 2632 810 2681 et
854 2633 1124 2696 matrem,
1171 2633 1229 2681 et
1260 2625 1593 2680 adhaerebit
1627 2626 1801 2680 uxori

151 2730 263 2785 sum,
294 2723 349 2771 et
381 2723 561 2771 erunt
596 2717 710 2770 duo
740 2716 800 2769 in
831 2731 1013 2770 carne
1047 2731 1175 2769 una.
1214 2713 1659 2768 Sacramentum
1691 2714 1798 2769 hoc

153 2820 387 2875 magnum
407 2812 525 2860 est:
548 2820 661 2876 ego
683 2810 875 2859 autem
888 2804 1020 2858 dico
1031 2804 1092 2857 in
1119 2803 1362 2857 Christo
1376 2808 1434 2857 et
1447 2803 1508 2856 in
1522 2802 1797 2857 Ecclesia

155 2893 365 2965 (Ep/108.
385 2912 443 2963 v,
474 2894 569 2963 31,
594 2894 710 2963 32).
736 2894 1115 2947 Advertimus
1150 2893 1346 2963 itaque
1386 2890 1498 2961 (1'7)
1529 2907 1637 2963 per
1664 2908 1797 2946 mu-

152 2980 324 3037 lierem
355 2983 604 3038 caeleste
627 2982 772 3036 illud
793 2981 1089 3052 impletum
1109 2996 1247 3035 esse
1270 2980 1614 3051 mysterium
1645 2972 1792 3047 255

153 3067 425 3141 Ecclesiae,
462 3072 525 3127 in
559 3087 630 3126 ea
688 3071 937 3143 gratiam
990 3069 1320 3141 figuratam,
1356 3072 1596 3139 propter
1622 3085 1798 3140 quam

151 3157 388 3216 Christus
412 3159 751 3228 descendit,
778 3163 832 3213 et
856 3161 1142 3213 aeternum
1172 3158 1316 3212 illud
1349 3174 1499 3228 opus
1522 3157 1794 3212 humanae

154 3249 541 3320 redemptionis
566 3248 845 3302 absolvit.
874 3247 1041 3302 Unde
1056 3248 1307 3302 etAdam
1328 3247 1560 3301 vocavit
1581 3262 1795 3301 nomen

154 3338 384 3393 mulieris
414 3355 547 3393 suae
582 3338 773 3391 Vitam
798 3336 970 3407 (Gen.
1004 3354 1064 3404 ιι,
1099 3336 1221 3406 23);
1264 3352 1398 3389 nam
1430 3340 1485 3390 et
1515 3336 1573 3389 in
1604 3352 1795 3407 popu-

152 3422 210 3478 lis
237 3442 330 3496 per
376 3428 694 3485 mulierem
740 3425 1151 3481 successionis
1195 3425 1469 3479 humanae
1519 3425 1709 3480 series
1739 3428 1796 3481 et

154 3530 384 3588 propago
418 3515 794 3587 diffunditur,
828 3518 883 3570 et
913 3531 1019 3586 per
1050 3513 1381 3569 Ecclesiam
1410 3513 1528 3568 vita
1558 3513 1794 3569 confer-

152 3606 226 3655 tur
250 3607 453 3659 aeterna
485 3606 629 3676 (18).
761 3675 1014 3730 CAPUT
1052 3674 1126 3728 Iv

156 3760 398 3837 lla/ieris
439 3781 614 3837 quam
659 3764 780 3818 viri
808 3765 1005 3819 levius
1035 3763 1225 3837 fuisse
1264 3767 1568 3837 peccatum
1595 3764 1795 3837 et'inci

212 3834 555 3906 disparitate
620 3838 823 3904 sexus,
881 3835 1231 3890 tentationis
1278 3835 1529 3898 ratione,
1585 3835 1792 3889 divina

212 3909 489 3978 sententia
520 3912 584 3961 et
623 3906 1112 3978 responsionibus
1142 3906 1463 3961 amborum.
1500 3906 1645 3960 Post
1669 3922 1794 3978 quae

213 3977 485 4033 adversus
528 3977 849 4032 mulierum
906 3979 1269 4032 tentationes
1332 3978 1483 4031 viris
1526 3977 1792 4031 remedia

208 4050 624 4128 praecipiuntur
640 4069 657 4103 :
676 4050 738 4102 in
762 4050 861 4103 liis
880 4050 1139 4103 maxime
1162 4049 1500 4103 earumdem
1517 4048 1793 4120 jejunan-

216 4122 340 4174 tium
365 4122 643 4175 imitatio.

213 4205 287 4261 25.
319 4207 466 4264 Sane
520 4225 748 4282 negare
794 4225 911 4264 non
942 4224 1265 4280 possumus
1310 4208 1467 4279 quod
1511 4207 1797 4263 erraverit

163 4294 354 4351 mulier.
402 4297 555 4362 Quid
608 4298 848 4352 miraris
887 4301 1082 4353 tamen
1121 4298 1176 4351 si
1223 4297 1509 4353 erraverit
1549 4300 1607 4352 et
1633 4297 1796 4351 inﬁr-

161 4382 284 4436 lnior
321 4386 524 4455 lapsus
558 4390 654 4441 est
697 4401 883 4441 sexus
915 4386 1048 4456 (19),
1085 4402 1219 4440 cum
1262 4387 1341 4439 sit
1387 4386 1592 4455 lapsus
1623 4386 1797 4440 etiam

161 4468 370 4528 fortior?
389 4476 603 4530 Mulier
625 4476 1068 4530 excusationem
1093 4474 1268 4529 habet
1298 4474 1358 4528 in
1381 4477 1625 4545 peccato
1659 4474 1794 4544 (20),

165 4558 235 4611 vir
260 4577 362 4616 non
393 4563 591 4618 habet.
628 4563 730 4618 Illa
761 4567 823 4618 ut
868 4563 1170 4634 Scriptura
1218 4563 1457 4633 asserit,
1489 4578 1522 4616 a
1554 4563 1795 4633 sapien-

1902 2016 2029 2072 buit
2057 2018 2213 2089 quod
2244 2017 2485 2088 diceret,
2521 2019 2638 2073 nisi
2677 2019 2835 2090 quod
2866 2019 2982 2073 sibi
3026 2019 3238 2073 mulier
3281 2019 3566 2090 dedisset,

1908 2108 1964 2159 et
1993 2105 2452 2175 manducasset;
2484 2107 2695 2161 mulier
2718 2110 2910 2161 autem
2938 2106 3018 2161 ait
3050 2122 3062 2161 :
3094 2123 3347 2179 serpens
3370 2108 3575 2162 tradu-

1901 2194 1991 2248 xit
2014 2210 2124 2259 me,
2151 2201 2209 2249 et
2232 2195 2513 2249 manduca
2526 2196 2582 2248 vi
2598 2195 2783 2264 (Ibid.
2809 2194 2923 2265 13).
2949 2194 3175 2260 Quanto
3195 2194 3388 2267 major
3404 2197 3573 2251 muli-

1903 2283 2023 2337 eris
2085 2283 2379 2338 absolutio
2416 2282 2427 2338 l
2461 2284 2557 2339 ille
2608 2284 2909 2355 arguitur,
2962 2284 3092 2338 haec
3151 2285 3572 2355 interrogatur.

1903 2371 2070 2426 Adde
2101 2372 2263 2440 illud,
2322 2371 2480 2442 quod
2514 2373 2570 2426 et
2597 2371 2759 2442 prior
2799 2371 3030 2441 culpam
3069 2371 3301 2441 fatetur,
3355 2372 3571 2427 etenim

1903 2475 2037 2531 quae
2061 2476 2127 2515 se
2158 2461 2299 2514 dicit
2328 2476 2466 2515 esse
2500 2461 2803 2515 seductam
2836 2459 2971 2530 (22),
3004 2462 3253 2514 testatur
3283 2475 3566 2516 errorem.

1904 2548 2142 2604 Erroris
2174 2549 2356 2620 igitur
2372 2548 2667 2603 medicina
2696 2548 2999 2603 confessio
3031 2552 3142 2604 est.

1975 2655 2064 2710 28.
2097 2655 2161 2709 In
2188 2654 2414 2726 judicio
2447 2655 2578 2725 ipso
2609 2657 2825 2726 quanto
2862 2655 3207 2710 clementior
3241 2654 3451 2710 mulier
3479 2654 3573 2710 vi-

1904 2760 1973 2799 ro
2008 2743 2019 2800 l
2055 2745 2155 2799 Ille
2180 2744 2483 2799 mulierem
2515 2760 2685 2799 suam
2715 2744 3019 2799 accusavit
3063 2744 3174 2798 ista
3213 2747 3569 2815 serpentem,

1906 2833 2021 2889 hoc
2052 2837 2163 2902 est,
2190 2849 2296 2888 nec
2334 2836 2612 2888 accusata
2652 2833 2877 2887 crimen
2899 2832 3140 2887 retorsit
3182 2850 3193 2887 :
3228 2833 3335 2888 sed
3379 2834 3577 2903 ipsum

1906 2925 2314 2977 accusatorem
2371 2938 2547 2977 suum
2595 2921 2816 2993 maluit,
2868 2922 2920 2977 si
2972 2925 3196 2993 posset,
3259 2922 3574 2978 absolvere

1908 3028 2084 3083 quam
2103 3012 2312 3084 ligare.

1978 3119 2065 3173 29.
2092 3119 2292 3174 Habes
2324 3119 2506 3190 igitur
2535 3121 2592 3173 et
2632 3118 2823 3188 culpae
2856 3118 3293 3174 absolutionem
3332 3117 3391 3172 in
3420 3134 3566 3173 con-

1907 3208 2195 3278 fessione,
2219 3212 2276 3262 et
2303 3207 2613 3262 sententiae
2654 3208 2712 3261 in
2742 3208 3150 3262 exsecutione.
3193 3207 3260 3261 In
3297 3206 3573 3278 tristitia,

1830 3299 1883 3363 C
1907 3298 2114 3369 inquit,
2143 3298 2352 3368 paries
2376 3295 2547 3351 filios.
2587 3295 3109 3351 Condemnationis
3140 3312 3267 3350 suae
3289 3296 3401 3366 (23)
3431 3311 3575 3365 pono

1909 3388 2021 3443 dus
2049 3388 2343 3458 agnoscit,
2378 3401 2592 3440 munus
2624 3384 2874 3456 poenalis
2908 3384 3265 3439 conditionis
3298 3384 3576 3455 exsequi-

1905 3480 2019 3531 tur.
2056 3477 2169 3531 Pro
2221 3479 2275 3529 te
2332 3475 2545 3529 mulier
2588 3474 2895 3529 doloribus
2956 3473 3084 3528 suis
3151 3474 3373 3542 militat,
3426 3473 3572 3538 256

1905 3568 1962 3620 ot
1990 3564 2524 3619 remunerationem
2554 3577 2628 3616 ex
2660 3578 2833 3632 poena
2863 3561 3085 3616 invenit
3127 3578 3138 3615 :
3182 3564 3244 3615 ut
3287 3576 3394 3632 per
3422 3562 3579 3617 ﬁlios

1904 3670 2011 3725 per
2041 3668 2193 3724 quos
2222 3652 2527 3723 affligitur,
2560 3651 2861 3705 liberetur.
2900 3651 3069 3704 Facta
3085 3653 3177 3704 est
3203 3650 3398 3720 itaque
3429 3666 3570 3722 gra-

1905 3744 1981 3797 tia
2015 3759 2091 3797 ex
2119 3741 2356 3812 injuria,
2392 3740 2558 3795 salus
2601 3755 2677 3794 ex
2723 3739 3056 3793 infirmitate
3093 3756 3103 3792 :
3140 3739 3428 3809 scriptum
3486 3741 3579 3794 est

1905 3833 2061 3886 enim
2094 3848 2105 3885 :
2136 3829 2281 3895 Quia
2333 3828 2499 3883 salva
2546 3829 2787 3899 eritper
2821 3826 3076 3883 filiorum
3121 3830 3575 3899 generationem

1906 3920 1963 3990 (Ι
1984 3919 2127 3975 Tim.
2152 3936 2212 3986 ιι,
2248 3917 2355 3988 15).
2397 3917 2544 3972 Cum
2601 3917 2791 3972 salute
2824 3917 3024 3988 itaque
3082 3916 3251 3987 parit,
3304 3932 3456 3988 quos
3515 3916 3576 3971 in

1906 4008 2142 4063 tristitia
2163 4007 2473 4078 parturivit
2518 4022 2529 4061 :
2582 4009 2637 4061 et
2665 4006 2739 4061 ad
2771 4004 3003 4061 laudem
3033 4005 3263 4077 educat,
3289 4021 3441 4077 quos
3473 4021 3574 4076 pe-

1906 4099 2057 4169 perit
2083 4113 2216 4151 cum
2238 4095 2462 4151 dolore.

1979 4204 2069 4260 30.
2095 4203 2212 4260 Sed
2235 4203 2405 4273 dicis,
2439 4218 2472 4258 ο
2503 4203 2613 4272 vir,
2674 4202 2811 4273 quia
2845 4201 3059 4257 mulier
3103 4201 3345 4257 tentatio
3398 4199 3578 4257 fuerit

1910 4294 2041 4349 viri.
2075 4294 2294 4348 Vcrum
2325 4295 2437 4347 est.
2471 4292 2600 4346 Jam
2631 4292 2684 4345 si
2716 4294 2808 4346 est
2856 4291 3091 4360 decora,
3138 4306 3278 4345 ecce
3311 4290 3423 4344 alia
3450 4293 3577 4344 ten-

1909 4384 2069 4437 tatio.
2090 4382 2311 4436 Tamen
2334 4380 2589 4435 Abrahaa
2603 4379 2987 4434 descendenti
3008 4380 3067 4433 in
3090 4379 3416 4450 {Egyptum
3438 4392 3579 4432 uxo-

1907 4472 1993 4526 ris
2023 4471 2398 4542 pulchritudo
2429 4485 2546 4524 non
2569 4469 2787 4539 nocuit,
2809 4470 2924 4523 imo
2958 4468 3148 4539 magis
3178 4466 3436 4537 profuit;
3471 4465 3577 4519 ho-

1909 4564 2151 4615 noratus
2183 4562 2274 4614 est
2301 4560 2457 4613 enim
2488 4574 2595 4629 per
2638 4573 2904 4623 uxorem,
2952 4572 3069 4611 non
3116 4554 3370 4609 ludibrio
3403 4554 3576 4608 habi-

159 4647 626 4707 tissimoomnium
649 4655 923 4722 serpente
945 4652 1189 4723 decepta
1218 4655 1330 4721 est,
1350 4655 1411 4706 tu
1432 4668 1466 4706 a
1497 4652 1744 4706 muliere
1769 4666 1782 4706 :
1824 4659 1881 4721 1)
1909 4652 2005 4704 tus
2028 4650 2087 4703 in
2110 4664 2296 4702 uxore
2326 4648 2500 4719 (Gen.
2534 4664 2634 4711 xu,
2680 4644 2767 4715 16,
2810 4646 2921 4713 20).
2959 4644 3079 4697 Cur
3125 4646 3319 4697 autem
3349 4644 3413 4696 tu
3439 4642 3575 4696 vul-

164 4734 209 4788 id
230 4744 326 4807 est,
359 4742 512 4795 illam
544 4742 825 4812 superior
853 4745 1122 4796 creatura
1148 4741 1399 4811 decepit,
1425 4743 1479 4795 te
1511 4740 1793 4811 inferior;

220 4880 316 4950 (Π)
344 4884 485 4939 Mss.
529 4884 774 4954 aliquot,
807 4884 1167 4938 Audivimus
1211 4884 1427 4954 itaque.
1461 4882 1570 4936 Hic
1614 4898 1791 4954 porro

170 4956 435 5020 sequentis
467 4957 678 5025 capitis
709 4956 935 5009 initium
967 4958 1091 5009 erat
1122 4955 1181 5007 in
1213 4970 1415 5024 super.
1449 4954 1586 5025 edit.
1611 4954 1795 5017 Quam

174 5024 639 5097 autempulch’re,
686 5027 993 5097 prudentis
1038 5026 1454 5097 lectorisiesto
1482 5024 1792 5095 judicium.

228 5094 323 5168 (18)
349 5094 493 5151 Tres
525 5094 755 5151 mssfet
764 5114 878 5168 per
904 5097 1239 5151 Ecclesiam
1270 5096 1382 5149 lilii
1412 5094 1531 5168 Dei
1547 5111 1796 5167 regene-

177 5166 887 5237 ratiaugnitantantiii'{alii
916 5172 1111 5222 autem
1142 5171 1315 5237 atque
1348 5168 1484 5221 edit.
1522 5166 1634 5220 hoc
1665 5171 1795 5219 tan-

176 5233 271 5312 tum
297 5233 594 5312 dissident,
626 5239 782 5310 quod
813 5240 872 5294 in
909 5239 1031 5293 illis
1062 5233 1391 5307 confertur,
1427 5239 1485 5291 in
1526 5238 1621 5291 his
1653 5250 1794 5291 con-

181 5307 623 5381 quiritur-legere
644 5307 761 5364 est.

235 5375 340 5453 (l9)
372 5375 649 5435 Non'nulli
689 5396 861 5451 mss.,
915 5380 1067 5446 Quid
1094 5380 1341 5434 miraris
1354 5379 1503 5453 jam,
1537 5379 1593 5433 si
1624 5377 1794 5433 inﬁr-

180 5449 303 5499 mior
318 5449 505 5506 lapsus
524 5458 617 5506 est
635 5467 836 5506 sexus.

236 5516 330 5587 (20)
355 5516 549 5577 Obiter
575 5524 850 5578 advertas
897 5523 1053 5586 licet,
1092 5523 1142 5577 ci
1192 5522 1477 5578 doctrina;
1515 5537 1628 5593 qua
1672 5523 1792 5575 toto

184 5580 272 5664 Ῐὶοὲ
297 5580 466 5664 capite
486 5599 800 5664 peccatum
830 5594 970 5649 Evse
1013 5580 1296 5649 Adamico
1326 5595 1517 5649 levius
1533 5580 1795 5664 ‘abAm-

184 5650 722 5738 Erasio‘defe'nditur,
742 5666 1192 5738 quodammodo
1207 5666 1559 5738 contrariam
1575 5680 1616 5738 ρ
1626 5663 1799 5738 beato

184 5722 378 5813 Thema,
412 5735 605 5813 doceri
646 5722 808 5813 se;
858 5741 1071 5813 quaest.
1139 5737 1284 5813 168,_
1296 5740 1417 5813 art.
1467 5737 1521 5795 4.
1573 5734 1804 5792 Etenim

187 5804 415 5881 qumvis
459 5808 664 5869 Adami
715 5804 949 5888 culpata
1006 5824 1084 5872 ex
1138 5804 1472 5869 conditione
1528 5821 1805 5884 persona

1909 4741 2006 4792 tus
2072 4737 2349 4791 decorem
2417 4736 2477 4788 in
2535 4733 2794 4805 conjuge
2852 4732 3044 4803 magis
3113 4746 3286 4801 quam
3345 4746 3578 4786 morum

1909 4879 2245 4951 graviorem
2278 4892 2452 4951 quam
2493 4873 2633 4951 Evae
2677 4871 3327 4951 habendam-fateatur,
3358 4888 3465 4941 per
3505 4888 3573 4951 se

1909 4942 2104 5004 tamen
2126 4952 2181 5003 et
2212 4942 2414 5001 ex'sui
2445 4950 2649 4999 natura
2689 4945 2970 4999 leviorem
3021 4942 3211 4997 fuisse
3245 4948 3573 4999 asseverat.

1913 5022 2110 5091 Ipsum
2135 5018 2401 5088 consule,
2424 5033 2542 5071 non
2565 5032 2744 5071 secus
2775 5031 2843 5069 ac
2874 5014 3101 5069 Nicolai
3131 5017 3300 5069 notas
3331 5015 3390 5068 in
3421 5031 3579 5070 eum-

1910 5093 2043 5147 dem
2075 5092 2289 5144 locum.

1979 5162 2093 5233 (21)
2138 5161 2356 5215 Omnes
2379 5158 2542 5233 edit.,
2566 5158 2648 5212 Et
2671 5157 2995 5233 vere‘juxta
3017 5156 3170 5233 lianc
3191 5159 3576 5233 sententiam;

1911 5229 2117 5289 omnes
2150 5247 2296 5285 mss.
2332 5230 2524 5301 magis
2558 5230 2883 5294 commode,
2916 5233 2978 5282 ut
3012 5244 3123 5283 nos
3159 5229 3216 5301 in
3244 5231 3428 5283 textu.

1982 5304 2095 5371 (22)
2127 5302 2273 5356 Mss.
2306 5299 2708 5366 duofGemetq
2744 5301 2891 5354 dicit
2909 5316 3043 5354 esse
3064 5300 3365 5371 seductum
3389 5299 3576 5371 medi-

1910 5370 2099 5430 catur.
2137 5373 2210 5427 lli
2231 5388 2373 5427 vero
2404 5372 2533 5427 cod.
2560 5372 2717 5426 sicut
2745 5374 2802 5425 et
2827 5372 2924 5425 alii
2968 5371 3104 5437 duo,
3140 5370 3351 5424 Pratel.
3395 5370 3574 5423 nimi-

1909 5462 2042 5501 rum
2086 5448 2143 5500 et
2184 5444 2412 5514 Albim,
2454 5443 2678 5499 relicuo
2722 5445 2971 5497 tractatu
3016 5441 3227 5496 avulso
3271 5441 3367 5495 hic
3416 5441 3576 5495 desi-

1909 5520 2073 5572 nunt

1983 5589 2095 5657 (23)
2128 5587 2324 5661 Bom._
2345 5586 2505 5661 edit.,
2543 5583 3082 5661 Commendationis
3103 5599 3240 5637 suae.
3272 5581 3573 5661 Typogra-

1909 5652 2012 5733 phi
2042 5652 2280 5739 quidem
2442 5652 2611 5739 error
2627 5660 2739 5739 est,
2774 5656 3023 5739 sedhqui
3059 5659 3261 5739 tamen
3286 5652 3569 5726 deinceps

1906 5724 2270 5811 propagatus
2300 5729 2413 5789 fuit
2451 5730 2515 5791 in
2545 5724 2774 5788 cunctis
2805 5724 2955 5787 edit.‘
2976 5724 3285 5784 Parisinis.
