4060 6158
472 318 591 386 327

1935 313 2002 383 S.
2047 311 2488 382 AMBROSII.

3770 323 3878 392 328

470 519 773 592 requiris?
801 518 1038 574 Placeat
1064 532 1218 574 uxor
1245 517 1557 574 honestate
1589 517 1780 592 magis
1813 534 1990 591 quam
2008 518 2140 590 pul-
2173 505 2215 570 Α
2263 517 2392 574 viro
2422 517 2677 589 subdita,
2711 517 2849 591 quia
2879 533 3017 574 esse
3048 520 3104 574 te
3135 519 3302 575 decet
3332 536 3346 590 ;
3405 521 3515 576 cito
3543 524 3724 579 tamen
3763 527 3870 582 sol-

470 607 822 664 chritudine.
856 607 958 662 Illa
989 607 1244 680 eligatur
1272 624 1404 680 quae
1433 607 1638 664 Saram
1684 609 1948 664 moribus
1979 607 2139 663 refe-

467 699 576 752 rat.
603 696 738 752 Non
759 699 853 752 est
890 696 1098 751 vitium
1145 697 1412 752 mulieris
1443 712 1580 752 esse
1623 697 1781 768 quod
1812 697 2078 752 nascitur
2121 713 2134 752 :

468 784 578 840 sed
598 783 807 839 vitium
824 784 938 838 viri
959 787 1056 840 est
1075 800 1343 856 quaerere
1373 785 1435 839 in
1464 801 1650 840 uxore
1681 801 1800 856 quo
1829 799 1990 855 sacpe
2012 787 2139 838 ten-

467 875 624 929 tatur
657 889 670 928 :
696 872 758 928 in
787 889 904 944 quo
937 873 992 930 si
1039 873 1328 928 inﬁrmior
1355 873 1552 944 fuerit,
1575 873 1787 929 mulier
1814 874 1944 944 ipsa
1971 872 2138 928 laba-

468 964 564 1020 tur
596 977 609 1018 :
639 961 693 1016 si
722 961 951 1032 fortior,
983 961 1078 1016 vir
1105 961 1490 1032 periclitetur.
1526 961 1661 1018 Non
1689 977 2015 1033 possumus
2045 977 2138 1018 re-

466 1051 834 1122 prehendere
857 1050 1040 1106 divini
1071 1050 1316 1106 artificis
1340 1067 1490 1122 opus
1517 1067 1530 1106 :
1567 1051 1674 1107 sed
1693 1066 1867 1122 quem
1889 1051 2139 1106 delectat

470 1140 739 1211 corporis
758 1138 1156 1210 pulchritudo,
1183 1140 1364 1195 multo
1395 1141 1590 1213 magis
1621 1140 1720 1194 illa
1753 1139 2002 1196 delectet
2029 1155 2136 1195 ve-

468 1231 698 1300 nustas,
731 1244 864 1302 quae
887 1227 960 1284 ad
987 1229 1307 1302 imaginem
1347 1229 1452 1284 Dei
1473 1231 1566 1284 est
1603 1229 1785 1300 intus,
1837 1245 1957 1285 non
1977 1227 2134 1285 foris

469 1319 776 1389 comptior.

539 1403 628 1462 31.
664 1404 728 1460 Si
759 1419 905 1478 ergo
933 1420 1088 1460 uxor
1119 1405 1360 1461 tentatio
1379 1408 1490 1478 est,
1516 1409 1644 1462 esto
1675 1405 1920 1477 cautior,
1935 1422 2136 1478 quaere

467 1494 797 1551 remedium
809 1494 1102 1550 adversus
1114 1495 1453 1551 tentationis
1471 1495 1796 1566 periculum
1818 1511 1831 1552 :
1859 1495 2134 1568 Vigilate,

467 1583 676 1655 inquit,
712 1587 770 1638 et
801 1588 990 1654 orate,
1019 1599 1090 1638 ne
1109 1583 1360 1638 intretis
1383 1583 1446 1638 in
1479 1584 1862 1640 tentationem
1893 1583 2132 1654 (Matth.

467 1689 632 1741 xxVi,
666 1671 778 1742 4i).
816 1671 1100 1727 Dominus
1132 1671 1246 1727 hoc
1277 1672 1442 1743 dixit,
1485 1672 1580 1728 vir
1625 1673 1866 1743 audivit,
1924 1673 2138 1728 mulier

467 1761 752 1832 implevit.
785 1759 1056 1826 Quotidie
1072 1760 1352 1816 mulieres
1375 1761 1667 1832 jejunant,
1702 1765 1759 1816 et
1778 1778 1896 1817 non
1919 1761 2136 1817 indicta

465 1852 751 1921 praestant
774 1847 1006 1920 jejunia
1037 1865 1049 1904 :
1077 1851 1380 1919 peccatum
1411 1853 1768 1921 agnoscunt,
1817 1853 2136 1908 accersunt

465 1938 816 1994 remedium.
848 1937 1044 1993 Semel
1075 1939 1148 1992 de
1166 1937 1480 1993 interdicto
1511 1939 1724 1994 mulier
1740 1940 2132 2013 manducavit,

469 2031 527 2084 et
555 2026 818 2100 quotidie
847 2025 1080 2098 jejunio
1133 2026 1311 2081 solvit
1339 2027 1473 2096 (24).
1506 2026 1618 2092 Qui
1646 2032 1891 2084 secutus
1941 2045 2008 2085 es
2036 2045 2135 2085 er-

468 2119 702 2172 rantem
731 2115 868 2186 (25),
894 2130 1149 2187 sequere
1181 2116 1804 2188 corrigentem.Ambo
1829 2119 2140 2174 manduca-

469 2205 603 2275 stis,
639 2219 746 2260 cur
801 2203 931 2259 sola
967 2203 1244 2276 jejunat?
1285 2203 1399 2260 hoc
1427 2207 1540 2276 est,
1573 2206 1745 2262 ambo
1775 2207 2131 2281 deliquistis,

469 2309 577 2350 cur
597 2293 726 2350 sola
746 2293 1071 2348 remedium
1101 2292 1313 2365 quaerit
1332 2293 1522 2350 errori
1538 2296 1566 2350 εν

1123 2416 1376 2473 CAPUT
1415 2417 1483 2472 V.

467 2522 660 2580 Evam
677 2522 808 2580 dam
817 2523 1075 2600 nationis
1087 2523 1388 2600 sententia
1411 2524 1472 2600 in
1502 2523 1656 2600 Sara
1678 2530 1960 2600 tanquam
1974 2529 2134 2584 solu—

542 2603 659 2672 tam
683 2611 835 2672 esse,
862 2594 972 2650 sed
1008 2593 1190 2672 multo
1209 2595 1406 2672 magis
1422 2597 1500 2672 in
1521 2597 1739 2668 Maria,
1777 2593 1914 2672 Quae
1951 2601 2136 2672 virgi-

539 2667 732 2738 nitate
762 2667 1001 2738 integra
1019 2666 1204 2738 Deum
1224 2665 1450 2738 genuit,
1485 2665 1992 2738 necnon'eji'isdem
2017 2665 2136 2724 vir-

543 2736 708 2813 tu_tis_
729 2735 962 2808 signum
1006 2735 1243 2790 extulit.
1299 2735 1477 2800 Quam
1535 2735 1912 2813 impudenter
1945 2742 2134 2813 ipsam

547 2807 841 2878 virginem
882 2821 1322 2884 perseverasse
1350 2807 1632 2884 negarint
1669 2807 2132 2884 haeretica-quo-

540 2877 671 2934 rum
703 2877 1050 2949 argumenta
1081 2892 1160 2931 ex
1186 2877 1546 2948 Evangeliis
1574 2881 1764 2950 petita
1804 2877 2130 2940 diluuntur.

539 2983 630 3041 32.
653 2985 821 3055 Veni,
849 2983 991 3054 Eva,
1019 2983 1147 3056 jam
1177 2983 1413 3054 sobria;
1447 2985 1602 3056 veni,
1642 2985 1786 3058 Eva,
1819 2990 1931 3044 etsi
1969 2990 2029 3044 in
2077 2995 2136 3047 te

469 3075 784 3148 aliquando
825 3074 1246 3144 intemperans,
1288 3073 1398 3128 sed
1427 3073 1553 3146 jam
1595 3075 1656 3130 in
1710 3077 1876 3146 prole
1901 3077 2132 3150 jejuna.

469 3164 638 3235 Veni,
665 3163 808 3231 Eva,
827 3161 952 3234 jam
983 3161 1139 3232 talis,
1162 3165 1224 3216 ut
1245 3177 1362 3216 non
1377 3162 1448 3216 de
1461 3163 1737 3234 paradiso
1769 3167 2129 3240 excludaris,

467 3253 578 3310 sed
599 3252 849 3324 rapiaris
871 3251 946 3306 ad
966 3250 1200 3306 coelum.
1235 3250 1402 3321 Veni,
1433 3251 1576 3322 Eva,
1609 3253 1737 3326 jam
1765 3254 1928 3327 Sara,
1989 3274 2122 3329 quae
2163 3247 2216 3314 α

465 3342 666 3414 parias
697 3341 852 3396 ﬁlios
893 3356 1010 3394 non
1055 3339 1115 3394 in
1164 3339 1420 3410 tristitia,
1455 3341 1562 3396 sed
1604 3341 1664 3396 in
1693 3345 2124 3403 exsultatione:

467 3447 588 3488 non
601 3431 660 3485 in
673 3429 1061 3498 moerore,sed
1074 3429 1220 3484 risu.
1235 3429 1400 3484 Isaac
1415 3429 1516 3484 tibi
1533 3431 1836 3502 multiplex
1849 3439 2130 3492 nascetur

469 3518 647 3576 Venit
666 3521 898 3590 iterum,
933 3517 1076 3589 Eva,
1113 3516 1237 3588 jam
1257 3516 1421 3589 Sara,
1444 3518 1516 3572 de
1543 3534 1658 3590 qua
1689 3521 1917 3577 dicatur
1953 3525 2081 3580 viro
2115 3543 2126 3581 :

467 3609 630 3666 Audi
649 3608 830 3664 Sarni
849 3623 1090 3664 uxorem
1116 3613 1268 3662 tuam
1287 3605 1462 3678 (Gen.
1487 3625 1610 3680 xxi,
1632 3609 1740 3676 12).
1775 3610 1873 3667 Sis
1904 3616 1966 3668 tu
1995 3613 2133 3670 licet

539 3751 652 3822 (24)
676 3749 827 3808 Edit.
847 3755 909 3824 et
931 3751 1168 3824 quidam
1199 3767 1371 3824 mss”
1390 3750 1685 3824 jejunium
1716 3754 1916 3810 solvit.

539 3823 648 3894 (25)
682 3825 783 3878 Bis
803 3822 1176 3894 ipsis‘verbis
1209 3822 1590 3878 Ambrosium
1612 3825 1906 3882 adversus
1937 3827 2130 3884 Theo-

469 3893 724 3964 dosium,
749 3893 887 3950 dum
917 3897 1113 3964 ipsum
1131 3897 1266 3964 post
1287 3894 1510 3948 caedem
1532 3895 2133 3955 Thessalonicensem

467 3967 757 4024 Ecclesiaa
787 3967 947 4020 aditu
978 3965 1336 4036 prohiberet,
1367 3981 1544 4038 usuin
1573 3967 1632 4020 in
1663 3966 1796 4038 ejus
1824 3969 1942 4022 vita
1974 3972 2130 4025 scri-

467 4041 587 4113 psit
607 4038 930 4113 Paulinus;
964 4029 1139 4108 quam
1176 4029 1387 4113 tamen
1395 4029 1751 4113 sententiain
1783 4041 1844 4094 in
1874 4041 2131 4096 Ambro-

467 4106 655 4167 sianis
687 4109 968 4180 operibus
983 4106 1289 4180 nusquam
1310 4106 1455 4180 alibi
1485 4108 1746 4176 reperire
1777 4113 1888 4166 est.

539 4181 652 4251 (26)
689 4177 752 4234 lii
787 4181 953 4234 Isaac
1014 4179 1108 4251 ad,
1136 4177 1496 4251 sacrificium
1543 4183 1784 4248 paterna
1831 4180 2129 4239 voluntate

468 4248 760 4325 deStinato
775 4251 818 4325 ti
827 4265 1034 4325 guram
1043 4248 1268 4325 Christi
1282 4249 1588 4304 exstitisse
1609 4251 1806 4307 notius
1833 4255 1927 4307 est
1954 4269 2130 4325 quam

466 4329 530 4380 ut
558 4322 904 4396 probatione
933 4320 1215 4396 indigeat.

537 4389 799 4466 (2Ἶ)Νοιι
827 4389 1141 4466 admodum
1171 4389 1313 4444 felix
1342 4390 1823 4466 vocabuliMaria
1845 4394 2131 4466 interpre-

467 4462 606 4522 tatio
643 4464 785 4520 :sed
820 4478 953 4516 cuin
985 4462 1169 4515 moris
1200 4464 1387 4535 esset,
1419 4465 1664 4535 utsaape
1688 4464 1962 4535 vidimus,
1985 4462 2128 4521 Ᾱιῖι-

460 4535 670 4594 brosio
714 4537 920 4588 nostro
954 4531 1250 4588 sermonis
1285 4533 1559 4604 Hebraici
1591 4531 1814 4604 peritos
1847 4537 1906 4590 in
1936 4531 1998 4593 re
2046 4541 2127 4593 si-

465 4609 591 4664 mili
620 4604 954 4672 consulere,
988 4603 1073 4676 illi
1102 4619 1135 4658 a
1166 4603 1354 4676 sciolo
1385 4604 1582 4675 aliquo
1602 4603 1781 4676 quem
1812 4607 1963 4662 falso
1997 4609 2130 4665 doc-
2153 4615 2202 4676 D

467 4685 592 4734 tum
614 4677 998 4744 existimarat,
1057 4675 1397 4745 impositum
1428 4691 1566 4730 esse
1626 4675 1984 4734 credendum
2015 4685 2126 4736 est.

463 4750 608 4814 Quae
626 4763 778 4822 vero
816 4747 1091 4822 ejusdem,
1121 4747 1396 4802 dictionis
1451 4747 1806 4822 etymologia
1859 4753 2128 4822 proxime

466 4821 755 4892 sequitur,
787 4819 995 4892 potior
1009 4821 1120 4892 est.

537 4888 650 4964 (28)
682 4888 900 4945 Omnes
930 4890 1092 4959 edit.,
1127 4888 1488 4964 fonsMara;
1525 4890 1800 4964 nimirum
1833 4909 1965 4948 cum
2012 4895 2130 4950 He-

466 4960 878 5036 braicogtextu,
934 4960 1391 5036 et_version_ibus
1431 4962 1708 5036 omnibus
1736 4968 2129 5036 prmterquam

464 5035 646 5090 Lxx.
680 5034 751 5121 hi
777 5023 870 5087 his
903 5033 1116 5103 quippe
1139 5031 1216 5121 ita
1245 5031 1462 5121 legitur
1493 5048 1510 5121 :_
1535 5023 1698 5121 inea»
1727 5023 1780 5096 Si
1821 5046 1888 5104 εἰς
1931 5023 2126 5121 nisaee,

463 5124 553 5174 καὶ
576 5121 665 5174 οὐκ
697 5115 939 5194 ἡδυνῗάντξο
973 5125 1106 5194 πιεῖν
1145 5117 1194 5170 ἐν
1229 5117 1446 5194 Μερῥᾶς,
1484 5116 1573 5171 Ab
1619 5116 1708 5170 eis
1753 5121 1948 5172 autem
1978 5115 2126 5174 diss.

465 5194 656 5270 nostri
680 5193 828 5270 nihil
859 5193 1170 5270 dissident,
1209 5191 1500 5270 nisi'quod
1527 5212 1633 5265 pro
1655 5196 1906 5251 Merrlia
1929 5199 2124 5270 scrip-

463 5267 658 5320 torum
678 5263 966 5334 imperitia
987 5263 1271 5317 exhibent
1301 5264 1518 5318 Alii-ra.

459 5349 464 5354 ‘
537 5336 651 5409 (29)
681 5335 860 5409 Extra
903 5334 1370 5409 controversiam
1431 5339 1522 5390 est
1563 5336 1908 5409 episcopum
1954 5339 2128 5394 tacito

455 5407 701 5464 nomine
715 5407 810 5461 hic
825 5406 1140 5478 indicatum
1155 5407 1457 5460 Bonosum
1471 5421 1630 5476 esse,
1647 5409 1743 5478 cuj
1753 5406 1822 5464 iis
1839 5410 2130 5478 judicium

463 5479 538 5550 ad
567 5478 798 5533 vicinos
828 5477 1123 5550 praesules
1154 5478 1466 5550 remiserat
1505 5477 1771 5548 synodus
1833 5477 2126 5550 Capuana.

456 5548 685 5622 'Yerum
715 5547 848 5622 quae
879 5549 1056 5622 sedes
1089 5547 1670 5622 episcopalisipsius
1693 5551 1890 5620 fuerit,
1915 5547 2130 5609 obscu-

459 5619 591 5679 rius
623 5619 749 5677 esti
767 5621 1090 5680 Garnerius
1115 5621 1174 5674 in
1191 5620 1320 5674 sui
1350 5619 1424 5674 ad
1455 5619 1530 5676 Μ.
1555 5619 1942 5681 Mercatorem
1965 5623 2131 5681 Com.

463 5691 768 5756 meatui-iis
787 5692 1000 5753 iterum
1029 5705 1098 5749 ac
1126 5689 1320 5764 tertio,
1340 5707 1547 5771 nempe
1589 5709 1725 5772 pag.
1775 5693 1895 5770 115,
1911 5711 2038 5773 par.
2062 5713 2122 5770 ii,

2165 1884 2216 1949 Β

2131 5783 2146 5791 —
2251 5766 2386 5818 mus
2413 5749 2502 5830 igi

2260 607 2402 662 visti
2431 609 2802 674 sententiam,
2837 611 2900 663 ut
2928 609 3021 662 vir
3049 611 3109 662 te
3137 608 3337 664 audire
3371 608 3657 680 jubeatur.

2345 696 2492 760 257
2521 695 2610 750 33.
2659 695 2720 750 Si
2756 699 2956 768 typum
3005 695 3224 751 Christi
3267 697 3364 751 illa
3405 699 3672 768 pariendo
3714 703 3872 759 aviro

2262 788 2524 839 meretur
2553 784 2766 852 audiri,
2811 787 3090 856 quantum
3122 785 3352 856 proficit
3381 801 3560 841 sexus
3589 789 3685 858 qui
3708 788 3883 846 Chris-

2259 875 2402 941 tum,
2435 873 2602 928 salva
2628 876 2823 928 tamen
2853 873 3190 946 virginitate
3219 871 3353 946 (26),
3385 877 3681 946 generavit
3712 875 3723 931 1
3753 878 3882 934 Veni

2261 976 2428 1033 ergo,
2463 961 2607 1030 Eva,
2647 961 2773 1033 jam
2816 963 3017 1032 Maria,
3062 979 3196 1034 quas
3226 963 3399 1018 nobis
3428 979 3542 1018 non
3572 965 3752 1019 solum
3776 967 3884 1020 vir-

2259 1051 2524 1122 ginitatis
2547 1051 2908 1106 incentivum
2929 1051 3138 1121 attulit,
3173 1051 3280 1106 sed
3298 1051 3470 1106 etiam
3501 1051 3679 1106 Deum
3698 1053 3882 1109 intulit.

2265 1137 2434 1192 Unde
2465 1139 2638 1194 laetus
2669 1141 2726 1194 et
2755 1139 3062 1194 exsultans
3091 1141 3250 1194 tanto
3268 1155 3509 1194 munere
3538 1139 3670 1194 dicit
3688 1140 3884 1196 Isaias:

2258 1225 2421 1282 Ecce
2458 1227 2636 1300 Virgo
2655 1227 2716 1282 in
2737 1234 2906 1283 utero
2930 1228 3200 1300 accipiet,
3222 1233 3282 1282 et
3306 1228 3507 1300 pariet
3527 1226 3720 1300 lilium,
3744 1235 3796 1283 et
3819 1246 3894 1284 ro-

2259 1315 2498 1370 cabitur
2526 1331 2735 1371 nomen
2758 1332 2889 1389 ειυς
2927 1316 3282 1372 Emmanuel
3310 1315 3442 1388 (Isa.
3476 1333 3576 1384 vn,
3623 1315 3724 1387 14),
3754 1319 3888 1389 quod

2258 1407 2352 1460 est
2377 1405 2853 1476 interpretatum,
2890 1405 3224 1460 nosbiscum
3261 1405 3421 1460 Deus
3467 1405 3697 1476 (Matth.
3728 1423 3764 1474 ι,
3793 1403 3888 1475 23).

2261 1492 2428 1548 Unde
2460 1493 2574 1548 hoc
2605 1509 2820 1548 munus
2835 1495 2864 1548 ‘2
2881 1493 3017 1549 Non
3039 1494 3110 1548 de
3133 1496 3288 1549 terra
3311 1495 3534 1566 utique,
3565 1494 3669 1550 sed
3681 1494 3748 1549 de
3763 1495 3890 1549 coelo

2259 1597 2367 1636 vas
2397 1581 2515 1637 sibi
2544 1581 2658 1638 hoc
2679 1598 2787 1654 per
2817 1583 2977 1654 quod
3007 1583 3399 1638 descenderet
3428 1583 3698 1638 Christus
3720 1583 3890 1654 elegit,

2259 1673 2317 1724 et
2351 1671 2610 1725 sacravit
2644 1671 2925 1742 templum
2956 1671 3224 1742 pudoris.
3259 1673 3376 1727 Per
3403 1687 3580 1726 unam
3595 1671 3890 1738 descendit,

2261 1759 2369 1814 sed
2392 1759 2606 1815 multas
2628 1761 2880 1816 vocavit.
2916 1760 3086 1816 Unde
3117 1763 3175 1816 et
3203 1761 3466 1831 speciale
3485 1760 3664 1815 Maria
3693 1759 3896 1815 Domini

2259 1847 2372 1902 hoc
2403 1863 2618 1904 nomen
2648 1849 2890 1920 invenit,
2923 1849 3080 1920 quod
3110 1848 3417 1921 significat
3463 1865 3476 1904 :
3520 1849 3678 1904 Deus
3708 1863 3778 1903 ex
3803 1863 3894 1918 ge-

2259 1951 2403 1992 nere
2434 1953 2564 1993 meo
2593 1937 2730 2008 (27).

2329 2025 2420 2082 34.
2453 2027 2637 2082 Dicta)
2659 2029 2798 2082 sunt
2819 2031 2876 2082 et
2905 2029 3037 2082 ante
3061 2027 3261 2082 Mariae
3279 2027 3482 2082 multae
3515 2043 3527 2082 :
3559 2043 3692 2081 nam
3719 2029 3772 2081 et
3796 2025 3896 2079 Ma-

2261 2116 2348 2171 ria
2370 2131 2546 2171 soror
2575 2117 2774 2171 Aaron
2807 2115 2960 2170 dicta
3002 2115 3110 2170 fuit
3139 2117 3362 2186 (Exod.
3404 2133 3507 2184 xv,
3537 2116 3665 2186 20);
3695 2115 3795 2170 sed
3819 2114 3902 2168 illa

2261 2205 2445 2260 Maria
2468 2204 2795 2259 amaritudo
2827 2204 3010 2259 maris
3041 2205 3389 2260 vocabatur.
3446 2205 3617 2260 Venit
3643 2219 3780 2276 ergo
3800 2203 3903 2257 Do-

2262 2295 2460 2349 minus
2518 2293 2579 2347 in
2637 2293 3084 2348 amaritudinem
3141 2293 3484 2365 fragilitatis
3533 2294 3811 2361 humanae,
3851 2293 3906 2346 ut

2261 2382 2620 2438 conditionis
2663 2381 2990 2436 amaritudo
3031 2381 3431 2452 dulcesceret,
3464 2381 3645 2438 Verbi
3675 2380 3908 2436 caelestis

2261 2471 2548 2527 suavitate
2581 2473 2638 2525 et
2666 2471 2854 2543 gratia
2886 2473 3226 2541 temperata.
3248 2471 3385 2526 Hoc
3407 2471 3762 2543 signiﬁcavit
3791 2469 3906 2524 fons

2260 2559 2494 2614 Merrha
2517 2559 2628 2630 (28)
2658 2574 2766 2628 per
2793 2558 3019 2631 lignum
3059 2559 3410 2615 dulcoratus
3435 2559 3588 2630 (Ibid
3603 2559 3688 2629 23,
3719 2559 3818 2629 25),
3849 2571 3907 2611 eo

2260 2647 2418 2719 quod
2447 2647 2702 2718 populus
2732 2647 3034 2702 nationum
3072 2664 3310 2703 amarus
3363 2652 3500 2704 ante
3529 2648 3800 2719 peccatis,
3829 2644 3908 2700 vel

2263 2751 2400 2791 caro
2427 2739 2632 2790 nostra
2667 2739 3130 2806 temperamento
3160 2737 3476 2807 passionis
3526 2736 3834 2792 Dominicae
3859 2735 3910 2789 in

2260 2840 2412 2880 usus
2439 2824 2660 2879 alteros
2681 2827 3022 2894 mutaretur,

2330 2913 2421 2968 36.
2454 2913 2714 2986 Egregia
2745 2913 2928 2985 igitur
2944 2914 3148 2984 Maria,
3173 2931 3307 2986 quae
3342 2916 3594 2988 signum
3623 2931 3804 2970 sacrae
3819 2913 3915 2968 vir-

2267 2995 2532 3074 ginitatis
2579 3002 2805 3072 extulit,
2852 3005 2910 3057 et
2963 3003 3324 3058 intemeratae
3387 3004 3742 3077 integritatis
3778 3003 3918 3074 pium

2262 3091 2500 3146 Christo
2529 3090 2812 3146 vexillum
2845 3093 3052 3146 erexit.
3096 3091 3167 3146 Et
3197 3096 3398 3148 tamen
3441 3109 3579 3148 cum
3609 3109 3808 3149 omnes
3853 3091 3914 3145 ad

2263 3179 2485 3234 cultum
2513 3179 2872 3252 virginitatis
2891 3184 3112 3235 sanctae
3131 3180 3334 3236 Mariae
3360 3183 3730 3238 advocentur
3748 3195 3918 3236 exeni-

2260 3269 2380 3340 plo,
2413 3267 2648 3323 fuerunt
2684 3269 2783 3340 qui
2815 3283 2943 3322 eam
2974 3272 3260 3340 negarent
3297 3271 3606 3342 virginem
3652 3285 3916 3342 perseve-

2261 3373 2452 3412 rasse.
2505 3357 2632 3412 Hoc
2677 3361 2894 3411 tantum
2941 3357 3323 3429 sacrilegium
3361 3359 3548 3414 silere
3591 3358 3916 3430 jamdudum

2259 3445 2574 3500 maluimus
2610 3460 2622 3501 :
2657 3445 2765 3500 sed
2795 3445 2932 3516 quia
2961 3461 3141 3500 causa
3165 3449 3410 3503 vocavit
3451 3448 3514 3504 in
3544 3449 3818 3517 medium,
3852 3447 3919 3500 ita

2259 3539 2322 3590 ut
2335 3534 2468 3606 ejus
2481 3534 2881 3605 prolapsionis
2895 3535 3069 3588 etiam
3083 3535 3410 3606 cpiscopus
3424 3541 3779 3610 argueretur
3793 3536 3914 3605 (29),

2259 3624 2659 3680 indemnatum
2690 3639 2806 3678 non
2835 3626 3107 3694 putamus
3140 3623 3644 3698 relinquendum;
3673 3629 3730 3682 et
3747 3624 3922 3680 maxi-

2258 3781 2396 3848 pag:
2418 3765 2540 3848 4.30,
2565 3767 2627 3845 et_
2644 3764 2892 3819 Dissert.
2955 3765 3026 3820 de
3047 3765 3281 3820 Haeresi
3295 3767 3547 3823 etlibris
3561 3765 3918 3840 Nestoriigt‘i,

2258 3837 2319 3891 id
2341 3837 2459 3891 Sibi
2495 3837 2656 3890 ducit
2693 3835 3058 3906 palmarium,
3106 3852 3279 3906 quam
3322 3855 3453 3894 rem
3487 3840 3707 3896 Baron.
3740 3841 3809 3894 ad
3837 3855 3918 3892 an.

3045 3875 3058 3899 ρ
3107 3875 3279 3899 “unus
3322 3875 3453 3894 ιυιιι
3488 3875 3594 3896 υιιι
3611 3875 3707 3896 υιι.
3740 3875 3809 3894 au
3837 3875 3922 3892 ιιιιο

2257 3907 2384 3984 ξξβ9,
2411 3907 2688 3984 Petavius
2719 3911 2858 3960 tom.
2894 3907 2972 3984 [V-
2999 3907 3572 3984 Ecclesiasticorum
3596 3913 3920 3984 dogmatum

2257 3978 2506 4056 lib..Xiv,
2539 3977 2754 4056 aliique
2775 3977 2974 4056 magni
3003 3979 3259 4056 nominis
3292 3981 3641 4056 scriptores
3678 3977 3925 4056 ignotam

2259 4048 2376 4104 sibi
2406 4047 2544 4104 esSe
2565 4047 2970 4116 conﬁteantur,
3009 4064 3137 4104 eam
3171 4050 3307 4104 libri
3338 4067 3371 4105 a
3397 4047 3738 4109 Mercatore
3768 4053 3925 4107 lucu-

2257 4119 2430 4188 brati,
2461 4119 2570 4173 abs
2589 4121 2870 4193 seautem
2889 4122 3142 4193 primum
3161 4121 3424 4193 evulgati
3447 4124 3750 4180 beneﬁcio
3773 4124 3925 4176 inno-

2257 4193 2520 4266 tescere,
2546 4189 2802 4266 _scilic_et
2839 4190 3193 4266 Sardtcensi
3224 4189 3546 4264 metropoli
3597 4194 3928 4266 praefuisse.

2260 4261 2430 4316 Certe
2459 4259 2696 4332 quidem
2719 4261 3004 4316 Garnerio
3046 4262 3220 4334 favet,
3263 4259 3436 4334 quod
3465 4259 3778 4322 Bonosum
3800 4281 3930 4319 cau-

2257 4347 2424 4400 sam,
2461 4329 3008 4412 propter__canones
3057 4329 3468 4412 suifrag'iineis
3510 4337 3583 4412 in
3634 4338 3933 4412 primatem

2256 4419 2428 4458 suum
2449 4401 2875 4528 judicandu’us
2891 4419 3010 4458 non
3030 4401 3464 4473 permittentes,
3491 4401 3731 4479 Anysio
3751 4408 3933 4462 Thes-

2256 4473 2618 4528 salonieensi
2637 4489 2704 4527 ac
2794 4474 3157 4528 aced'onibus
3191 4476 3502 4528 enisconis
3535 4485 3820 4528 tanauam
3849 4477 3933 4528 vi-

2255 4473 2618 4551 salonieensi
2637 4489 2704 4551 a_c
2731 4473 3502 4551 Macedonibushepiscopis
3535 4473 3820 4551 tanquam
3849 4477 3933 4530 vi-

2255 4545 2406 4598 cinis
2436 4544 3088 4600 demandatamasserit.
3117 4544 3530 4604 Nihilominus
3565 4544 3768 4606 tamen
3791 4549 3926 4604 Luc.

2255 4615 2602 4688 Holstenius
2625 4615 2918 4688 inAdnot.
2943 4615 3160 4688 Geogr.
3185 4617 3258 4672 de
3293 4618 3721 4676 Patriarchatu
3743 4623 3928 4680 Hom.

2253 4702 2391 4758 pag.
2427 4687 2614 4759 42?.__et
2645 4686 2766 4759 123,
2802 4687 3026 4759 Naissi,
3057 4686 3232 4759 quam
3263 4689 3481 4745 urbem
3516 4693 3620 4747 hic
3653 4697 3712 4747 et
3743 4694 3805 4746 in
3835 4690 3936 4745 Ad-

2253 4755 2374 4826 hot,
2407 4757 2477 4810 ad
2514 4755 2863 4812 Hortellium
2892 4758 2952 4811 in
2994 4755 3172 4812 Dacia
3210 4759 3393 4827 locat,
3437 4762 3714 4818 afﬁrmat
3743 4764 3934 4818 Bono-

2255 4844 2390 4904 sum
2429 4827 2593 4904 illum
2628 4828 2832 4904 sedem
2863 4829 3164 4904 tenuisse.
3209 4833 3284 4904 At
3311 4832 3474 4904 enim
3509 4834 3708 4904 objici
3741 4836 3938 4904 posset

2253 4899 2446 4977 eidem
2478 4899 2787 4977 Holstenig
2813 4942 2826 4968 ,
2863 4899 3182 4970 Bonosum,
3234 4903 3542 4977 siquidem
3587 4899 3936 4977 metropolis

2255 4970 2630 5044 sardicensis
2660 4969 3076 5042 suifraganeus
3125 4969 3268 5044 erat,
3301 4969 3335 5026 εἰ
3362 4969 3809 5044 Capua-usibus
3842 4978 3940 5030 l’a-

2251 5041 2445 5113 tribus
2476 5057 2551 5096 ex
2583 5041 2872 5096 canonum
2901 5041 3260 5113 praescripto
3283 5041 3721 5102 remittendum
3753 5049 3937 5102 fuisse

2253 5112 2324 5166 ad
2353 5111 2661 5182 primatem
2683 5128 2856 5167 suum
2891 5111 2917 5167 εί
2937 5113 3052 5167 nisi
3081 5111 3394 5169 admodum
3436 5118 3746 5174 credibile
3779 5118 3940 5173 vide-

2253 5186 2418 5238 retur
2447 5183 2612 5236 illum
2644 5182 2766 5256 jam
2799 5184 2872 5236 ab
2916 5185 3123 5238 eodem
3167 5187 3410 5256 primate
3466 5190 3940 5244 condemnatum

2251 5269 2639 5329 provocasse,
2652 5253 2757 5329 ’cuj
2767 5270 2836 5308 us
2854 5253 3293 5329 provocationis
3311 5259 3737 5329 cognitionem
3763 5261 3943 5314 Macc-

2255 5325 2512 5380 donibus
2545 5325 2906 5380 commiserit
2935 5326 3248 5396 Capuanus
3281 5325 3656 5386 consessus.
3717 5331 3946 5387 Etenim

2299 5396 2594 5450 ravissimi
2612 5397 2887 5452 momenti
2919 5413 3057 5452 esse
3089 5398 3264 5453 debet
3293 5401 3366 5454 ab
3403 5399 3741 5458 Holstenio
3773 5405 3943 5458 citata

2279 5467 2578 5541 nnocentii
2607 5467 2890 5541 epistola;
2932 5470 2990 5541 in
3021 5485 3088 5524 ea
3107 5470 3322 5541 quippe
3353 5473 3672 5541 asseritur
3705 5475 3943 5529 ordinm

2251 5541 2348 5592 tus
2373 5538 2663 5617 a‘Bonoso
2681 5539 2740 5592 in
2760 5539 3096 5617 Naissitana
3116 5538 3617 5617 Ecclesiafuisse
3638 5547 3948 5617 presbyte-

2247 5624 2352 5692 ros
2373 5611 2548 5681 atque
2564 5609 2868 5692 diaconos,
2889 5611 3046 5683 quod
3063 5611 3178 5668 soli
3197 5614 3433 5692 proprio
3467 5609 3945 5692 epis§0po,_no_n

2247 5680 2466 5763 autem
2485 5680 2730 5812 {rimati
2778 5680 3038 5742 canones
3094 5680 3532 5742 concedebant:
3596 5680 3946 5748 Credideri-

2251 5766 2386 5812 mus
2413 5766 2502 5812 1m
2527 5767 2599 5812 ur
2624 5767 2688 5812 in
2705 5765 2855 5812 mss.
2885 5753 3268 5812 Garnerianis
3296 5757 3431 5812 post
3463 5771 3700 5812 vocem
3729 5757 3946 5812 Sardi.

2527 5767 2599 5812 ur
2624 5752 2688 5814 in
2705 5765 2855 5816 mss.
2885 5753 3268 5818 Garnorianis
3295 5757 3431 5836 post
3463 5771 3700 5822 vocem
3729 5757 3946 5822 Sardi-
