4060 6158
205 399 301 466 329

1166 391 1425 461 LIBER
1454 392 1563 460 DE
1595 348 2189 462 INSTITUIIONE
2233 390 2633 461 VIRGINIS.

3512 393 3633 465 330

205 618 280 656 me
305 600 432 672 quia
472 602 526 655 et
575 600 883 655 mulierem
923 615 1052 654 eam
1100 598 1381 671 legimus,
1436 599 1591 654 sicut
1633 600 1734 670 qui
1786 599 1845 653 in
1968 599 2223 655 desivit?
2254 600 2393 655 Item
2439 601 2494 654 in
2540 601 2849 671 prophetia
2894 601 3077 657 David
3124 602 3428 676 legimus:
3465 603 3633 658 Dixit

205 692 338 745 Cana
364 689 619 744 Galilaeaa
670 689 798 759 ipse
832 689 1120 742 Dominus
1152 689 1386 742 dicendi
1418 688 1535 742 sibi
1578 704 1590 744 :
1640 688 1843 742 Vinum

207 796 301 833 non
331 778 567 846 habent,
600 776 708 846 ﬁli,
748 777 1088 847 respondit:
1127 777 1279 842 Quid
1316 778 1463 830 mihi
1492 784 1549 831 et
1585 777 1699 831 tibi
1729 783 1841 846 est,

204 867 393 921 mulier
414 867 600 935 (Joau.
637 883 696 935 ιι,
729 867 784 931 3,
808 868 864 935 b)
884 868 914 920 ?
943 866 1014 920 Et
1044 866 1181 920 alibi
1216 866 1471 938 legimus
1495 866 1650 938 quod
1676 866 1847 919 dixe-

204 958 267 1010 rit
295 956 598 1011 Matthaeus
629 956 702 1010 de
731 955 956 1025 Joseph
990 959 1046 1010 et
1075 956 1255 1010 Maria
1283 971 1295 1010 :
1334 955 1583 1009 Iuventa
1617 961 1708 1009 est
1739 970 1846 1007 an-

207 1052 410 1115 tequam
429 1061 534 1099 con
547 1046 840 1107 venirent,
863 1045 925 1097 in
941 1051 1109 1099 utero
1125 1044 1353 1098 habens
1369 1044 1443 1098 de
1464 1044 1697 1115 Spiritu
1713 1059 1849 1097 san-

204 1134 538 1201 cto(.tlatth.
587 1151 626 1202 ι,
676 1134 786 1199 I8).
835 1132 906 1187 Et
954 1133 1145 1187 infra:
1197 1134 1332 1188 Non
1377 1134 1652 1204 cognovit
1702 1148 1848 1195 eam,

205 1223 367 1278 donec
387 1224 628 1295 peperit
658 1222 836 1293 (Ibid.
870 1223 980 1291 25).
1007 1221 1076 1276 Et
1099 1224 1309 1277 iterum
1332 1222 1404 1277 de
1426 1221 1651 1293 Ioseph
1677 1237 1690 1276 :
1725 1221 1850 1275 No-

203 1313 296 1366 luit
338 1328 460 1366 eam
513 1310 835 1365 traducere
868 1311 1047 1381 (Ibid.
1093 1311 1202 1381 19).
1245 1311 1315 1365 Et
1358 1298 1597 1365 fratres-
1618 1309 1853 1365 Domini

204 1401 453 1455 videntur
480 1400 849 1471 signiﬁcare,
899 1400 1058 1471 quod
1091 1400 1163 1455 de
1203 1399 1386 1454 Maria
1418 1400 1682 1469 suscepti
1733 1398 1854 1452 sint

206 1489 416 1559 (Matth.
449 1505 557 1557 ιιι,
592 1487 705 1558 47).
739 1488 810 1542 Et
839 1489 1163 1559 Apostolus
1195 1489 1300 1543 ait:
1337 1488 1656 1561 Postquam
1693 1488 1854 1542 venit

201 1578 486 1650 plenitudo
526 1579 829 1649 temporis,
853 1577 1016 1631 misit
1040 1577 1200 1632 Deus
1216 1577 1431 1632 Filium
1454 1593 1617 1631 suum
1636 1575 1852 1631 factum

207 1684 271 1722 ex
312 1659 454 1723 258
498 1667 773 1735 muliere,
816 1666 1034 1721 factum
1067 1666 1177 1722 sub
1218 1666 1351 1738 lege
1386 1665 1603 1733 (Galat.
1654 1682 1730 1733 ιν,
1774 1666 1851 1733 4).

204 1756 325 1821 Quze
353 1757 593 1828 singula
624 1755 930 1811 enodanda
989 1756 1165 1810 nobis
1211 1759 1349 1810 sunt
1378 1756 1513 1825 (30),
1548 1759 1608 1808 ut
1653 1754 1751 1825 qui
1782 1754 1856 1806 il-

206 1845 248 1899 la
280 1845 435 1917 legit,
486 1845 789 1900 sermonis
829 1844 1179 1916 hujusmodi
1209 1843 1447 1898 vinculo
1492 1859 1608 1898 non
1638 1842 1851 1914 allige-

184 1938 301 1989 -tur.
337 1935 831 2005 ReSpondeamus
864 1935 1061 2005 itaque
1091 1950 1204 1989 suo
1233 1934 1461 1988 ordine.

264 2041 344 2097 36.
377 2042 459 2097 De
490 2041 766 2096 mulieris
789 2040 1026 2096 nomine
1060 2040 1200 2112 quid
1230 2040 1613 2095 moveamur?
1645 2038 1732 2093 Ad
1765 2054 1858 2093 se-

208 2145 328 2184 xum
356 2131 595 2199 retulit;
630 2146 747 2185 non
778 2130 933 2185 enim
967 2117 1359 2200 corruptela):
1395 2128 1499 2183 sed
1535 2142 1719 2182 sexus
1750 2142 1860 2181 vo-

211 2219 463 2275 cabulum
514 2223 629 2274 est.
664 2219 840 2291 Vulgi
888 2235 1039 2273 usus
1071 2235 1187 2274 non
1230 2217 1577 2289 praejudicat
1607 2216 1859 2271 veritati.

210 2308 452 2381 Denique
476 2309 795 2381 virginitas
818 2309 1072 2378 primum
1095 2308 1207 2363 hoc
1231 2323 1444 2362 nomen
1466 2307 1712 2376 accepit:
1728 2320 1861 2359 nam

210 2412 325 2452 cum
347 2399 678 2469 sumpisset
712 2398 871 2451 Deus
905 2413 1086 2451 unam
1118 2396 1191 2452 de
1223 2397 1410 2451 costis
1441 2394 1605 2465 Adae,
1639 2397 1695 2449 et
1724 2410 1863 2464 sup-

210 2487 474 2556 plevisset
505 2502 747 2541 carnem
778 2487 836 2540 in
868 2485 1066 2541 locum
1099 2485 1291 2555 ipsius
1325 2501 1337 2540 :
1374 2482 1753 2550 rEdilicavit,
1779 2484 1865 2537 in-

213 2578 339 2646 quit,
371 2592 496 2631 eam
535 2577 597 2629 in
634 2576 945 2630 mulierem
974 2575 1149 2645 (Gen.
1181 2591 1240 2639 ιι,
1275 2573 1387 2643 22).
1422 2573 1636 2644 Utique
1673 2570 1865 2625 adhuc

213 2665 383 2719 virum
414 2681 539 2719 non
586 2670 969 2737 cognoverat,
1004 2667 1062 2718 et
1105 2663 1229 2735 jam
1263 2662 1476 2718 mulier
1520 2661 1863 2716 vocabatur.

216 2753 502 2808 Rationem
542 2769 777 2824 quoque
811 2752 1067 2807 nominis
1090 2751 1275 2823 hujus
1297 2751 1602 2822 Scriptura
1638 2765 1755 2804 non
1786 2753 1869 2803 ta-

216 2843 337 2911 cuit,
357 2843 595 2897 dicens:
633 2842 777 2905 Quia
793 2841 949 2896 dixit
963 2841 1152 2896 Adam
1177 2856 1190 2897 :
1232 2840 1312 2895 Os
1324 2841 1398 2895 de
1412 2839 1682 2895 osssibus
1696 2838 1867 2909 meis,

223 2938 272 2985 et
301 2948 432 2986 caro
462 2932 539 2987 de
570 2948 755 2985 carne
784 2947 932 2985 mea.
958 2930 1098 2985 Haec
1134 2929 1441 2985 vocabitur
1470 2928 1702 2998 mulier,
1738 2943 1872 2997 quo-

226 3021 361 3074 niam
383 3021 457 3075 de
495 3022 630 3075 viro
661 3037 765 3075 suo
785 3027 1012 3092 sumpta
1034 3026 1124 3074 est
1140 3018 1316 3087 (Ibid.
1346 3018 1458 3090 9.3).
1478 3018 1622 3083 Quia
1642 3020 1872 3086 sumpta

222 3113 317 3180 est,
350 3111 576 3182 inquit,
630 3110 704 3164 de
733 3109 860 3164 viro
891 3126 1024 3179 suo,
1055 3124 1173 3163 non
1204 3108 1341 3180 quia
1389 3107 1579 3161 virum
1611 3108 1871 3175 experta.

224 3199 401 3271 Itaque
449 3199 736 3272 quamdiu
781 3200 839 3252 in
887 3197 1166 3269 paradiso
1216 3198 1359 3267 fuit,
1407 3195 1619 3250 mulier
1668 3197 1875 3248 vocata

226 3291 321 3359 est,
352 3294 406 3343 et
435 3289 678 3361 cognita
710 3289 839 3343 viro
868 3303 988 3342 non
1010 3289 1134 3341 erat
1167 3302 1179 3341 :
1218 3286 1317 3340 ubi
1349 3287 1542 3339 autem
1573 3283 1764 3356 ejecta
1786 3286 1877 3337 est

228 3376 289 3430 de
336 3377 645 3448 paradiso,
688 3380 825 3431 tunc
884 3376 1102 3449 legitur
1157 3376 1295 3447 quia
1353 3374 1540 3428 Adam
1598 3372 1877 3445 cognovit

230 3464 392 3520 Evam
419 3466 729 3522 mulierem
762 3481 928 3519 suam
948 3506 962 3530 ,
997 3468 1053 3519 et
1082 3466 1221 3518 tunc
1253 3463 1522 3533 concepit
1553 3465 1610 3516 et
1650 3460 1879 3532 peperit

230 3554 392 3609 tilium
413 3555 591 3625 (Gen.
626 3572 706 3624 1v,
740 3554 813 3622 1).
841 3554 1075 3608 Primus
1094 3553 1275 3625 igitur
1295 3552 1528 3608 solutus
1545 3552 1638 3607 est
1661 3550 1874 3605 nodus.

292 3661 374 3717 81.
422 3662 701 3718 Secunda
740 3662 995 3733 questio,
1047 3659 1184 3732 quia
1231 3661 1518 3730 scriptum
1548 3660 1659 3726 est,
1688 3656 1882 3711 Ante-

235 3766 379 3822 quam
393 3769 495 3807 con
508 3752 877 3820 venirent,in
889 3756 1059 3805 venta
1075 3754 1166 3805 est
1179 3750 1240 3803 in
1257 3755 1424 3804 utero
1435 3744 1883 3814 habens(:llatth

234 3853 267 3905 ι,
293 3840 391 3909 18).
421 3840 806 3896 Consuetudo
838 3843 1033 3893 autem
1063 3838 1280 3893 divina:
1312 3834 1633 3908 Scripturae
1663 3850 1731 3890 ea
1761 3836 1874 3904 est,

239 3930 290 3982 ut
314 3945 546 3984 causam
598 3945 731 4000 qua:
774 3931 1054 3999 suscepta
1098 3930 1191 3982 est
1235 3929 1477 3997 astruat,
1527 3923 1882 3978 incidentem

240 4015 443 4073 diﬂ'erat
471 4018 613 4091 (δι).

300 4122 379 4180 38.
408 4125 536 4191 Quo
571 4124 826 4181 solvitur
854 4125 1025 4178 etiam
1047 4122 1214 4178 tertia
1236 4122 1507 4194 quaestio,
1532 4136 1644 4193 qua
1669 4119 1889 4174 dictum

246 4217 350 4269 est:
382 4215 512 4269 Non
531 4214 810 4286 cognovit
834 4229 983 4281 eam,
1004 4212 1188 4267 donec
1207 4211 1445 4283 peperit
1468 4209 1681 4264 Filium
1706 4206 1885 4276 (Ibid.

247 4301 341 4371 95).
370 4303 518 4368 Quid
541 4304 732 4374 ergo?
755 4302 968 4356 I’ostea
991 4301 1308 4372 cognovit?
1334 4299 1591 4353 Minime.
1624 4297 1889 4368 Denique

251 4388 415 4447 habes
431 4393 748 4463 scriptum:
769 4391 900 4461 Ego
912 4407 1038 4444 sum
1057 4390 1235 4458 Deus,
1257 4393 1314 4443 et
1333 4388 1517 4443 donec
1535 4386 1888 4454 senescatis,

253 4494 345 4551 ego
372 4498 493 4536 sum
522 4480 665 4550 (Isa.
715 4496 871 4544 XLVI,
904 4478 981 4547 4).
1015 4476 1314 4549 Numquid
1357 4477 1537 4549 igitur
1573 4477 1891 4547 postquam

256 4574 578 4641 senuerunt,
611 4569 832 4641 quibus
881 4567 1067 4623 donec
1108 4565 1327 4621 dictum
1370 4567 1494 4620 erat
1541 4563 1699 4618 Deus
1753 4577 1892 4617 esse

259 4713 435 4766 censis
463 4712 753 4767 omissum
786 4707 1023 4782 aliquod
1050 4707 1322 4782 verbum,
1366 4708 1504 4776 puta
1548 4704 1891 4782 provinciae,
1918 4702 1967 4764 D

261 4786 344 4835 aut
369 4783 517 4838 aliud
567 4784 635 4838 ei.
668 4776 1005 4853 cognatum.
1049 4780 1173 4833 Hac
1224 4779 1296 4832 de
1344 4793 1407 4831 re
1444 4776 1687 4853 consuli
1721 4776 1895 4830 etiam

265 4856 455 4922 potest,
485 4855 585 4926 qui
618 4857 675 4908 et
697 4848 1076 4926 Il'olstenium
1099 4852 1476 4926 secutusest,
1510 4848 1583 4902 cl.
1622 4848 1901 4926 Herman-

263 4920 361 4977 nus
390 4920 662 4980 Ambros.
695 4924 842 4978 Vitae
874 4923 977 4977 lib.
1011 4939 1110 4989 vix,
1162 4937 1290 4991 cap.
1323 4920 1376 4974 Ἴ.
1410 4920 1543 4973 Non
1572 4923 1665 4973 est
1706 4922 1899 4991 autem

268 4995 801 5063 praetermittendum
834 4997 921 5048 Au
974 4994 1171 5047 ustino
1220 4989 1516 5063 cognitam
1566 5006 1682 5044 non
1714 4989 1900 5042 videri

269 5080 378 5117 eam
422 5067 718 5117 haeresim.
772 5012 1006 5117 (mango
1051 5063 1269 5117 nullam
1318 5062 1478 5116 illius
1510 5062 1568 5114 in
1617 5061 1900 5117 Cataloa‘o

269 5061 378 5119 eam
422 5067 718 5132 haeresim,
772 5061 1006 5136 quando
1051 5063 1269 5136 nullam
1297 5061 1568 5136 _'illi_us_in_
1617 5061 1900 5136 catalogo

270 5149 362 5206 suo
392 5137 521 5191 facit
549 5131 940 5205 mentionem;
972 5134 1113 5206 quin
1143 5135 1259 5188 imo
1281 5133 1352 5188 de
1375 5132 1691 5206 Joviniani,
1727 5131 1901 5206 cujus

272 5204 519 5264 Bonosus
550 5209 659 5263 fuit
688 5203 964 5275 sectator,
989 5203 1230 5260 'haeresi
1262 5220 1472 5276 agens,
1506 5205 1682 5274 negat
1720 5203 1902 5257 ullum

276 5279 589 5349 episcopum
618 5280 718 5350 qui
740 5280 944 5334 eadem
975 5292 1113 5332 sese
1144 5276 1304 5330 infici
1334 5291 1555 5348 passus
1585 5278 1768 5344 esset,
1802 5289 1903 5329 us-

276 5361 424 5418 quam
452 5351 767 5405 inventum.
1681 5351 1684 5354 ’

337 5420 436 5489 (30)
481 5421 671 5485 Είιῑι..
725 5419 978 5476 notanda
1029 5418 1202 5473 nobis
1251 5422 1418 5483 sunt;
1460 5432 1610 5489 mss.
1660 5414 1904 5489 melius,

285 5486 586 5562 enodanda,
638 5497 749 5547 etc.
799 5492 985 5546 Porro
1036 5490 1406 5562 objectiones
1455 5487 1572 5542 illae
1624 5503 1757 5562 quas
1812 5486 1927 5539 hic'

286 5559 544 5635 collectim
575 5559 1129 5635 repraesentantur,
1174 5577 1347 5635 novis
1400 5574 1519 5614 non
1565 5560 1911 5635 erant,__n_ec

283 5627 694 5706 bononistarum
736 5634 989 5706 proprias
1011 5627 1140 5706 ;_ut
1169 5631 1621 5706 intelligererest
1661 5644 1736 5683 ex
1766 5627 1909 5683 Hie-

289 5705 715 5777 roq._adversus
736 5701 918 5762 'Ilel'v.
951 5708 1009 5762 et
1038 5703 1249 5777 Epiph.
1281 5701 1764 5777 adI_Antidicor_n.

347 5772 445 5857 (at)
486 5776 754 5838 lncidens
797 5792 980 5837 causa
1023 5768 1170 5838 εἰὶτέ
1190 5772 1443 5861 quaestio
1490 5768 1910 5837 secundarium

474 5872 485 5879 ’
540 5860 791 5931 Peraea.
831 5864 987 5931 XVI.

1906 3332 1957 3398 C

1967 689 2252 744 Dominus
2284 689 2529 744 Domino
2559 706 2717 744 meo:
2750 689 2908 744 Sede
2939 708 2971 745 τι
3004 693 3243 747 dextris
3262 694 3428 757 meis,
3449 693 3634 748 donec

1966 794 2176 849 ponam
2197 778 2469 831 inimicos
2489 786 2617 833 tuos
2630 779 2949 833 scobe/lum
2964 781 3175 851 pedum
3192 788 3417 836 tuorum
3439 781 3631 848 (Psal.

1970 883 2087 935 cix,
2124 865 2198 932 I).
2241 866 2539 938 Numquid
2573 865 2865 939 subjectis
2898 870 3132 939 pepulis
3174 870 3501 940 nationum,
3535 867 3637 942 qui

1971 958 2105 1009 ante
2138 954 2490 1009 videbantur
2521 956 2764 1025 inimici,
2800 973 2932 1011 cum
2964 957 3174 1012 salutis
3205 962 3503 1013 auctorem
3533 976 3636 1014 ne-

1971 1046 2200 1116 garent,
2256 1044 2593 1099 simulacris
2646 1047 2960 1115 servirent,
3010 1046 3080 1101 ad
3113 1045 3413 1102 dexteram
3446 1048 3639 1102 Patris

1972 1132 2159 1187 Filius
2193 1132 2403 1187 sedere
2440 1133 2685 1205 desivit,
2720 1137 2817 1189 aut
2848 1134 2906 1189 in
2939 1138 3287 1206 perpetuum
3316 1151 3435 1192 non
3464 1135 3641 1192 sede-

1971 1220 2104 1277 bit?

2044 1328 2133 1384 39.
2182 1328 2331 1395 Quid
2383 1332 2576 1385 autem
2620 1329 2972 1403 praejudicat
3010 1329 3234 1402 Mariae,
3275 1330 3331 1386 si
3379 1329 3645 1388 cmlestis

1976 1418 2209 1473 consilii
2258 1418 2603 1490 mysterium
2633 1419 2857 1491 Joseph
2897 1436 3014 1476 non
3045 1420 3353 1491 intellexit,
3387 1424 3444 1477 et
3471 1425 3646 1492 puta-

1978 1506 2061 1559 vit
2090 1506 2383 1579 virginem
2413 1523 2531 1562 non
2560 1524 2720 1579 esse,
2746 1525 2920 1580 quam
2944 1514 3352 1584 praegnantem
3380 1508 3649 1566 videret?

1982 1595 2502 1650 Resurrectioncm
2528 1596 2661 1667 ejus
2693 1598 2891 1669 angeli
2919 1588 3363 1670 ignoraverunt,
3384 1598 3539 1672 quod
3574 1599 3650 1654 si-

1980 1686 2261 1757 gniﬁcant
2293 1685 2611 1740 vensicult:
2656 1685 2865 1741 Tollite
2888 1692 3113 1758 portas,
3148 1677 3293 1743 259
3312 1688 3646 1760 principes,

1987 1781 2222 1829 vestras
2235 1774 2372 1844 (3'2),
2384 1779 2441 1828 et
2455 1774 2546 1828 ele
2558 1775 2795 1844 vamini,
2807 1780 2999 1848 portu?
3013 1777 3425 1842 wternales,et
3437 1776 3651 1831 introi-

1980 1864 2070 1918 bit
2083 1862 2455 1935 Rexgloriw.
2475 1863 2619 1928 Quis
2631 1870 2722 1918 est
2735 1865 2853 1919 iste
2868 1864 2899 1918 I
2901 1864 2998 1919 lex
3006 1864 3216 1937 gloriae
3228 1863 3647 1936 (Psal.xxm,7,

1888 1958 1936 2029 Β
1981 1953 2075 2022 8)?
2106 1951 2476 2024 Interrogant
2506 1953 2678 2024 quasi
2710 1953 3020 2025 ignorent;
3047 1955 3104 2009 et
3139 1948 3235 2008 alii
3266 1955 3649 2026 respondent.

1985 2041 2267 2096 Dominus
2285 2040 2464 2096 fortis
2482 2046 2539 2095 et
2555 2048 2788 2114 potens,
2808 2041 3093 2098 Dominus
3106 2048 3320 2115 potens
3341 2043 3404 2097 in
3417 2043 3650 2115 praelia,

1985 2131 2115 2203 ipse
2131 2135 2221 2185 est
2248 2129 2381 2184 Rex
2398 2130 2609 2202 gloriae
2634 2130 2811 2199 (Ibid.
2829 2130 2881 2199 8,
2895 2130 2971 2201 9).
2998 2130 3068 2185 Et
3080 2126 3349 2202 repetivit
3362 2132 3654 2203 Propheta

1986 2220 2230 2274 eosdem
2263 2217 2618 2289 versiculos,
2653 2222 2710 2274 et
2748 2218 3133 2275 nihilominus
3165 2219 3247 2275 illi
3284 2220 3457 2293 quasi
3486 2221 3655 2293 igno-

1988 2311 2186 2362 rantes
2216 2307 2425 2362 iterum
2457 2306 2976 2380 interrogaverunt
3001 2324 3016 2378 ;
3040 2307 3132 2363 sic
3172 2306 3328 2363 enim
3368 2307 3656 2380 scriptum

1988 2400 2106 2452 est:
2141 2395 2349 2451 Tollite
2359 2402 2587 2468 portas,
2600 2397 2930 2469 principes,
2960 2402 3217 2467 vestras,
3234 2403 3293 2452 et
3312 2396 3405 2453 ele
3416 2396 3654 2466 vamini,

1985 2492 2175 2559 portae
2194 2485 2535 2554 teter-nales,
2572 2491 2630 2540 et
2663 2485 2941 2541 introibit
2974 2484 3107 2540 Rex
3133 2485 3361 2558 gloriae.
3391 2484 3535 2551 Quis
3565 2491 3658 2542 est

1990 2577 2109 2630 iste
2142 2574 2274 2628 Itex
2291 2574 2499 2646 gloriae
2528 2574 2704 2644 (Ibid.
2738 2575 2792 2643 9,
2828 2574 2915 2645 10)
2936 2576 2965 2629 ?
2993 2574 3297 2640 Quomodo
3319 2589 3464 2649 ergo
3482 2574 3660 2631 homo

1993 2664 2180 2735 potuit
2201 2663 2463 2719 divinum
2486 2663 2641 2718 scire
2665 2666 2991 2734 secretum,
3019 2664 3176 2735 quod
3201 2663 3400 2737 angeli
3431 2665 3663 2720 nescie-

1992 2754 2183 2808 bant?
2212 2751 2283 2806 Et
2312 2752 2371 2806 in
2403 2751 2573 2806 Isaiae
2620 2751 2772 2808 libro
2811 2751 2997 2807 habes
3025 2770 3036 2807 :
3092 2750 3237 2818 Quis
3266 2759 3359 2808 est
3391 2752 3526 2818 iste,
3564 2754 3666 2825 qui

1998 2842 2073 2898 ad
2085 2842 2243 2897 venit
2259 2857 2337 2895 ex
2354 2840 2579 2905 Edoni;
2602 2841 2789 2895 rubor
2811 2842 3295 2897 vestimentorum
3318 2841 3373 2914 ei
3377 2857 3443 2896 us
3465 2841 3667 2897 exDo—

1996 2948 2100 2987 sor
2128 2929 2266 3000 (Isa.
2302 2947 2463 3000 LXIII,
2498 2930 2593 2999 I)?
2624 2930 2693 2985 Et
2724 2930 2925 3003 utique
2958 2933 3153 2986 minus
3194 2933 3320 2986 erat
3366 2931 3667 2987 hominem

1998 3021 2410 3076 resurrexisse
2435 3062 2449 3091 ,
2501 3036 2675 3091 quam
2717 3020 3010 3093 virginem
3054 3021 3403 3092 parturisse.
3438 3019 3670 3077 Etenim

1994 3111 2120 3182 jam
2154 3109 2296 3163 Elia:
2327 3109 2607 3179 precibus
2639 3107 2759 3178 (III
2785 3109 2931 3181 Reg.
2962 3126 3107 3180 xvn,
3138 3107 3262 3181 22),
3293 3108 3497 3164 Elismi
3529 3125 3668 3165 ora-

2000 3199 2262 3257 tionibus
2294 3197 2421 3268 (IV.
2457 3197 2605 3270 Reg.
2640 3214 2720 3267 IV,
2753 3198 2865 3269 35).
2910 3199 3125 3253 mortui
3164 3201 3618 3253 resurrexerant
3650 3215 3664 3255 :

2003 3304 2301 3362 nunquam
2323 3289 2515 3342 autem
2546 3289 2700 3358 ante,
2726 3301 3044 3359 numquam
3072 3290 3279 3359 postea
3301 3286 3471 3365 virgo
3492 3302 3675 3360 gene-

2004 3380 2174 3435 ravit.

2074 3485 2164 3542 40.
2199 3484 2328 3539 Hoc
2358 3486 2550 3539 autem
2574 3482 2846 3554 opinatus
2877 3485 2969 3538 est
2998 3483 3154 3555 quod
3184 3482 3519 3540 traduceret
3548 3498 3679 3539 eam

2008 3574 2181 3649 quasi
2210 3589 2391 3643 ream,
2414 3576 2725 3645 antequam
2748 3572 2820 3627 ab
2842 3572 3054 3644 angelo
3076 3574 3415 3628 moneretur
3434 3571 3675 3645 (Matth.

2008 3683 2047 3735 ι,
2080 3664 2172 3735 24)
2206 3681 2219 3718 ε
2252 3666 2458 3734 postea
2490 3664 2685 3717 autem
2716 3662 2888 3733 quasi
2919 3660 3113 3717 fidelis
3150 3677 3262 3719 nec
3291 3660 3509 3718 dublus
3553 3662 3679 3717 vir-

2011 3754 2274 3828 ginitatis
2304 3750 2441 3824 ejus
2479 3750 2741 3807 servavit
2771 3749 3095 3806 oraculum.

2650 3873 2903 3929 CAPUT
2943 3874 3038 3930 VI.

2016 3985 2245 4043 Salutis
2275 3982 2416 4039 aliis
2446 3982 2675 4038 duabus
2704 3982 2867 4037 circa
2886 3981 3150 4038 eamdem
3178 3997 3308 4037 rem
3330 3981 3684 4108 ofy'ectioni—

2088 4058 2228 4108 bus:
2263 4056 2506 4108 additur
2534 4048 2853 4108 absurdum
2885 4053 3033 4108 illud
3077 4052 3336 4108 futurum
3397 4054 3576 4108 uisse.
3629 4054 3684 4108 si

2088 4058 2228 4121 bus;
2263 4056 2506 4110 additur
2534 4048 2853 4109 absurdum
2885 4053 3033 4109 illud
3077 4052 3336 4108 futurum
3366 4048 3576 4125 fuisse,
3629 4054 3688 4109 si

2091 4128 2372 4184 Christus
2404 4133 2655 4180 matrem
2700 4126 2759 4179 in
2799 4125 3149 4197 virginitate
3182 4140 3295 4180 non
3319 4140 3505 4197 perse
3518 4142 3686 4181 vera-

2091 4206 2281 4255 turam
2316 4197 2621 4269 elegisset,
2657 4204 2754 4251 aut
2787 4196 2845 4250 ei
2863 4196 3335 4269 przeclarissima
3371 4197 3687 4269 virginita-

2090 4273 2171 4326 tis
2200 4285 2444 4325 munera
2477 4269 2856 4340 denegasset.

2088 4379 2177 4437 41.
2212 4378 2338 4432 Nec
2370 4376 2511 4431 illud
2543 4378 2793 4445 moveat,
2829 4374 2986 4446 quod
3015 4374 3127 4430 ait:
3165 4373 3311 4440 Quia
3339 4373 3556 4444 Joseph
3585 4388 3686 4426 ae-

2022 4470 2177 4541 cepit
2210 4466 2509 4539 cory'ugem
2532 4481 2715 4535 suam,
2736 4470 2793 4519 et
2818 4463 3129 4536 profectus
3150 4469 3243 4517 est
3263 4461 3326 4516 in
3355 4460 3686 4534 Egyptum

1958 4554 1968 4565 ’
2021 4557 2262 4630 (Matth.
2296 4573 2335 4627 ι,
2367 4555 2457 4625 24)
2483 4570 2498 4625 ;
2531 4554 2892 4625 desponsata
2921 4552 3076 4607 enim
3104 4549 3233 4606 viro
3264 4548 3544 4622 conjugis
3574 4564 3686 4604 no-

2023 4702 2197 4771 caput
2226 4701 2317 4754 est
2349 4700 2405 4753 et
2435 4696 2631 4771 minus
2660 4692 3045 4771 praecipuum.

2095 4761 2207 4840 (32)
2230 4771 2401 4824 Rom.
2426 4767 2563 4822 edit.
2589 4761 2797 4840 ex'uno
2820 4761 3130 4840 cZod.__Vat.,
3144 4761 3452 4840 pripeipes
3473 4762 3685 4840 vestri:

2025 4833 2588 4915 quod'gAugustinhus
2637 4836 2809 4915 etiam
2851 4833 3014 4915 legit,
3060 4833 3404 4915 ρυηχῐλξίξ(
3434 4834 3685 4902 scilicet,

2024 4904 2085 4969 in
2116 4904 2355 4985 quibus,
2407 4916 2455 4970 οἱ
2496 4910 2743 4988 ὧρχοντςς
2764 4904 3327 4988 ὐμῦνξᾼῐιιιιιθοείεωὶ
3357 4907 3552 4959 tamen
3589 4920 3688 4988 re-
3770 4913 3775 4916 '

2026 4984 2172 5065 liqui
2204 5005 2452 5065 mss._ac
2480 4984 2605 5065 vet.
2631 4987 2751 5040 edit
2760 4984 3071 5065 principes
3099 4991 3368 5065 vestras:
3391 4984 3687 5065 quomodo

2027 5055 2197 5120 etiam
2230 5059 2552 5131 praeferunt
2598 5055 2981 5131 verstung
3002 5062 3060 5111 et
3107 5056 3287 5131 Arab.
3320 5055 3543 5131 Textus
3580 5072 3689 5111 au-

2024 5142 2143 5191 tem
2164 5126 2492 5188 Hébraicus
2515 5132 2812 5183 etcteterte
2825 5126 3158 5194 versiones,
3182 5126 3481 5197 Attollite,
3500 5133 3691 5198 portae

2028 5207 2224 5278 capita
2238 5209 2477 5278 _vestra.
2500 5199 2667 5278 _Quod
2699 5203 2892 5254 autem
2918 5200 3281 5278 Dominica-m
3302 5199 3692 5278 resurrectio-

2029 5268 2164 5333 nem
2194 5275 2469 5329 dicuntur
2498 5274 2812 5343 ignorasse
2834 5271 3052 5343 angeli,
3078 5270 3190 5324 hoc
3212 5268 3691 5343 ipsumuAmbro-

2024 5351 2161 5413 sius
2186 5346 2311 5419 jam
2358 5337 2638 5419 docuerat
2800 5359 2838 5396 ιι
2887 5337 2947 5419 in
2992 5342 3134 5419 Duc:
3186 5337 3327 5395 num
3370 5337 3692 5419 15..Qi1_am

2032 5408 2356 5475 doctrinam
2387 5414 2659 5471 similiter
2695 5413 2796 5468 lib.
2822 5430 2880 5467 iv
2908 5411 2984 5468 de
3014 5411 3182 5476 Fide,
3216 5427 3345 5481 cap.
3367 5410 3417 5477 1,
3451 5408 3606 5481 sicut
3634 5410 3693 5462 et

2029 5491 2132 5545 lib.
2157 5491 2231 5544 de
2260 5486 2582 5542 Initiandis
2612 5501 2739 5554 cap.
2770 5483 2803 5537 '1
2835 5483 3098 5554 reperies
3131 5480 3462 5554 elocutione
3491 5480 3692 5554 admot-

2031 5563 2169 5617 dum
2184 5559 2365 5615 simili
2381 5548 2732 5629 expositam.
2750 5548 3028 5629 Eamdem
3049 5569 3190 5609 vero
3201 5552 3401 5629 _l‘usius
3422 5548 3693 5629 engelpgt

2030 5616 2551 5705 auctorlibrorum
2583 5627 2665 5705 de
2686 5625 2931 5705 caelesti
2952 5623 3295 5705 Hierarchia
3325 5636 3455 5705 cap:
3489 5618 3543 5689 7,
3564 5618 3615 5705 ,δ
3629 5616 3689 5705 3,

2032 5689 2209 5780 cujus
2237 5702 2434 5761 locum
2456 5697 2785 5780 sugg-licus
2802 5697 3009 5780 doctor
3034 5695 3154 5780 sibi
3171 5689 3383 5780 objicit
3398 5689 3689 5780 etqs‘olvit,

2029 5760 2056 5845 ι
2081 5760 2267 5861 parte,
2301 5772 2513 5859 quaest.
2548 5760 2672 5851 I07,
2702 5770 2811 5833 art.
2841 5764 2898 5848 4,
2928 5766 3004 5835 ad
3032 5766 3087 5845 4,
3117 5760 3293 5865 quain
3322 5760 3594 5927 (nasute.
