4060 6158
400 336 515 400 331

1845 332 1907 397 S.
1955 325 2398 397 AMBROSII.

3705 336 3807 407 332

401 551 537 592 men
566 534 810 605 accepit.
864 534 1008 589 Cum
1054 534 1210 589 enim
1253 533 1515 589 initiatur
1559 532 1907 605 conjugium
1954 532 2065 603 (27,
2089 515 2151 584 λ
2179 532 2330 588 dabo
2361 532 2489 587 illis
2516 533 2579 587 in
2610 533 2777 588 domo
2806 549 2935 589 mea
2967 540 3026 589 et
3059 535 3119 588 in
3162 550 3331 590 muro
3356 552 3479 591 meo
3507 536 3678 594 locum
3711 559 3802 598 no-

402 641 460 696 q.
493 625 545 690 2,
583 622 724 678 Cum
753 623 1050 693 initiatur,
1103 623 1127 677 1
1165 626 1222 678 et
1250 624 1326 693 2),
1374 626 1517 678 tunc
1555 622 1821 695 eonjugii
1855 638 2068 677 nomen

402 712 796 783 adsciscitur;
827 728 946 768 non
984 711 1143 767 enim
1186 712 1491 767 defloratio
1542 712 1899 784 virginitatis
1932 711 2070 765 facit

403 799 772 874 conjugium,
803 801 911 856 sed
932 801 1125 871 pactio
1158 799 1454 873 cojugalis
1473 801 1606 870 (33),
1641 800 1906 871 Denique
1936 816 2070 854 cum

395 889 674 963 jungitur
702 890 915 963 puella,
951 890 1299 963 conjugium
1329 893 1440 960 est,
1473 905 1592 945 non
1624 906 1757 944 eum
1788 889 1944 945 virili
1973 889 2073 944 ad-

404 979 682 1034 mistione
714 979 1119 1052 cognoscitur.

479 1068 568 1123 .12.
599 1067 767 1133 Quod
799 1070 994 1123 autem
1037 1068 1146 1122 fuit
1178 1068 1537 1140 desponsata
1586 1067 1904 1139 connubio,
1937 1067 2077 1123 licet

405 1157 547 1213 alibi
581 1157 695 1229 (34)
741 1157 977 1228 plenius
1010 1157 1359 1229 dixerimus,
1402 1157 1587 1213 libare
1619 1174 1775 1212 nunc
1806 1158 1952 1212 satis
1984 1159 2077 1211 est

408 1263 652 1304 causam
698 1246 964 1302 ccelestis
1011 1247 1309 1317 mysterii;
1360 1248 1425 1302 ut
1470 1247 1542 1301 ab
1574 1246 1670 1301 his
1701 1247 1800 1317 qui
1833 1245 2076 1300 Mariam

405 1337 579 1410 gravi
609 1339 776 1391 utero
808 1339 1137 1407 cernerent,
1168 1351 1287 1390 non
1311 1335 1662 1391 adulterium
1693 1333 2073 1406 virginitatis,

407 1425 518 1483 sed
545 1427 925 1496 desponsatas
956 1428 1160 1496 partus
1201 1424 1505 1497 legitimus
1556 1424 1916 1479 crederetur.
1950 1423 2078 1477 Ma-

405 1514 516 1571 luit
565 1515 721 1570 enim
771 1514 1056 1569 Dominus
1105 1505 1339 1585 aliquos
1389 1514 1461 1568 de
1509 1530 1617 1568 sua
1651 1512 2071 1586 goneratione,

408 1620 584 1678 quam
616 1603 687 1658 de
719 1602 924 1657 matris
952 1602 1177 1673 pudore
1209 1602 1498 1659 dubitare.

477 1692 568 1749 43.
604 1692 842 1748 Fratres
865 1694 1059 1746 autem
1079 1692 1297 1763 gentis,
1321 1694 1377 1747 et
1406 1692 1667 1765 generis,
1699 1691 1902 1762 populi
1934 1706 2079 1762 quo-

408 1799 523 1856 que
569 1780 932 1836 consortium
980 1780 1308 1852 nuncupari
1359 1781 1533 1836 docet
1577 1781 1865 1836 Dominus
1910 1781 2074 1851 ipse,

2177 622 2460 676 minatum
2490 622 2797 677 meliorem
2818 665 2832 693 ,
2870 628 2929 677 et
2959 622 3214 678 ﬁliorum
3247 631 3305 679 et
3336 626 3581 681 filiarum
3622 646 3807 686 nomen

2176 718 2464 794 aeternum
2486 711 2774 767 daboillis
2793 719 2850 767 et
2872 729 2986 768 non
3006 713 3283 769 deficient
3302 715 3533 784 (lsa.i.v1
3551 717 3812 786 3.5).Aliis

2178 800 2462 871 promittit
2491 804 2552 855 ut
2598 817 2716 856 non
2756 801 3031 856 deﬁciant
3062 818 3075 857 :
3111 806 3353 858 matrem
3385 820 3548 858 suam
3577 805 3808 863 deiicere
3860 846 3867 853 ρ

2175 889 2534 960 patiebatur?
2555 889 2671 945 Sed
2694 906 2811 945 non
2829 891 3026 945 deficit
3043 891 3245 963 Maria,
3262 908 3376 947 non
3389 893 3579 948 deficit
3592 895 3814 967 virgini-

2178 980 2315 1035 tatis
2344 979 2664 1051 magistra;
2698 996 2808 1034 nec
2841 980 2967 1035 fieri
2997 983 3226 1050 poterat
3253 984 3316 1036 ut
3334 998 3465 1052 quae
3494 982 3670 1038 Deum
3697 1001 3820 1055 por-

2181 1070 2440 1138 taverat,
2489 1068 2839 1140 portandum
2892 1069 3189 1124 hominem
3243 1070 3620 1126 arbitraretur
3664 1089 3676 1128 :
3722 1089 3821 1128 nec

2182 1157 2408 1228 Joseph
2437 1157 2531 1211 vir
2551 1157 2755 1228 justus
2778 1158 2838 1212 in
2867 1156 3018 1213 hanc
3035 1150 3737 1230 prorupissetamcntiam,
3767 1165 3826 1217 ut

2184 1246 2353 1301 matri
2385 1246 2617 1302 Domini
2648 1262 2936 1318 corporeo
2968 1248 3286 1304 concubitu
3318 1249 3680 1307 misceretur.

2816 1335 3070 1391 CAPUT
3109 1337 3229 1392 VII.

2190 1423 2308 1480 Ubi
2327 1423 2640 1500 probatum
2675 1430 2768 1480 est
2800 1424 3055 1480 Mariam
3080 1442 3521 1500 perseverasse
3552 1428 3610 1483 in
3639 1429 3835 1500 itegri-

2260 1501 2380 1581 tate
2420 1497 2723 1581 firginea,
2759 1511 2839 1581 cf
2880 1498 3148 1581 conquod.
3180 1499 3250 1580 in
3273 1506 3524 1581 matrem
3565 1497 3839 1581 discipulo

2254 1568 2391 1642 data
2416 1566 2631 1642 fuerit;
2664 1566 3052 1642 conﬁrmatur
3088 1569 3466 1642 virginitatis
3491 1566 3838 1642 propositum

2256 1639 2330 1694 ab
2363 1654 2430 1714 ea
2461 1639 2952 1714 minimemutari
2974 1639 3246 1710 potuisse
3276 1642 3448 1714 cujus
3481 1639 3639 1696 tanta
3679 1657 3837 1714 cons-

2257 1711 2445 1784 tentia
2476 1711 2538 1764 in
2569 1709 2715 1784 Filii
2733 1709 3058 1784 passione.-
3094 1709 3375 1784 tantaque
3408 1714 3601 1767 virtus
3632 1713 3690 1767 in
3728 1713 3838 1767 Ba-

2248 1782 2455 1853 ptistae
2487 1780 2853 1836 exultatione
2885 1780 3284 1853 praerniserit;

400 1872 506 1929 “cui
535 1871 676 1926 dicit
708 1886 721 1925 :
757 1869 1043 1926 Narrabo
1096 1886 1305 1925 nomen
1354 1876 1511 1924 tuum
1540 1869 1842 1924 fratribus
1878 1870 2030 1925 meis
2057 1885 2075 1921 :
2109 1899 2166 1965 Β
2256 1870 2344 1925 46.
2378 1869 2494 1925 Sed
2522 1873 2716 1924 tamen
2766 1869 2949 1924 Maria
2977 1870 3141 1942 suis,
3181 1889 3299 1928 non
3332 1874 3548 1930 alienis
3594 1873 3844 1929 moribus

372 2014 375 2017 Α
409 1963 472 2018 in
500 1959 697 2017 medio
730 1958 1020 2015 Ecclesiae
1049 1958 1302 2015 laudabo
1333 1966 1390 2014 te
1422 1959 1612 2030 (Psal.
1638 1975 1760 2030 xxi,
1783 1958 1895 2029 33).
1929 1959 2079 2014 Pau-

408 2051 505 2107 lus
535 2064 771 2123 quoque
805 2049 956 2113 260
988 2049 1067 2103 ait
1099 2064 1111 2104 :
1151 2048 1433 2121 Optabam
1465 2064 1574 2121 ego
1603 2049 1913 2103 anathema
1945 2063 2080 2103 esse

407 2156 521 2214 pro
550 2138 851 2194 lratribus
880 2137 1032 2193 meis
1062 2138 1250 2208 (Rom.
1283 2156 1377 2208 ιχ,
1410 2139 1486 2209 3).
1523 2139 1845 2194 Potuerunt
1884 2140 2079 2192 autem

411 2230 628 2285 fratres
658 2243 797 2283 esse
846 2243 921 2282 ex
951 2227 1198 2298 Joseph,
1245 2243 1364 2283 non
1411 2243 1487 2283 ex
1517 2227 1699 2282 Maria
1748 2228 1882 2299 (35).
1912 2225 2080 2292 Quod

413 2318 652 2392 quidem
686 2317 740 2372 si
779 2316 914 2389 quis
959 2316 1303 2389 diligentius
1353 2319 1765 2389 prosequatur,
1799 2315 2077 2371 inveniet.

412 2406 540 2465 Nos
571 2423 640 2463 ea
673 2406 1090 2479 prosequenda
1119 2422 1237 2462 non
1266 2407 1624 2477 putavimus,
1657 2406 1934 2479 quoniam
1965 2405 2082 2460 fra-

416 2501 649 2554 ternum
698 2512 913 2552 nomen
968 2495 1154 2567 liquet
1189 2495 1461 2567 pluribus
1509 2511 1648 2550 esse
1679 2510 2009 2551 commune.

391 2577 399 2585 ’
483 2587 572 2642 44.
605 2589 698 2641 An
736 2601 881 2641 vero
926 2584 1212 2639 Dominus
1262 2584 1444 2640 Jesus
1493 2600 1623 2640 eam
1670 2584 1787 2640 sibi
1837 2588 2081 2639 matrem

378 2710 384 2717 -
419 2676 686 2749 eligeret,
723 2691 856 2747 quae
886 2673 1043 2728 virili
1073 2673 1299 2729 semine
1329 2674 1522 2729 aulam
1552 2676 1759 2744 posset
1789 2673 2080 2728 incestare

422 2766 747 2833 caelestem,
778 2763 950 2836 quasi
981 2779 1108 2819 eam
1139 2763 1235 2818 cui
1284 2759 1655 2834 impossibile
1699 2765 1863 2817 esset
1892 2762 2082 2834 virgi-

416 2855 571 2913 nalis
602 2854 847 2926 pudoris
893 2868 1135 2907 servare
1189 2853 1557 2907 custodiam?
1584 2850 1773 2923 Cujus
1811 2851 2081 2923 exemplo

418 2947 650 3000 caeteras
699 2943 770 2998 ad
819 2941 1172 3014 integritatis
1218 2941 1475 2996 studium
1505 2941 1919 3012 provocantur,
1953 2941 2083 3011 ipsa

416 3034 491 3090 ab
522 3032 867 3106 hujusmodi
896 3031 1053 3103 quod
1085 3045 1191 3101 per
1220 3045 1287 3085 se
1319 3031 1554 3086 caeteris
1589 3029 1957 3102 propositum
1990 3028 2083 3085 fo-

416 3127 525 3190 ret,
558 3120 801 3178 munere
833 3120 1136 3175 deviaret?
1342 3112 1347 3119 ’
1620 3172 1629 3177 ,

487 3211 579 3268 45.
615 3212 685 3267 Et
714 3226 846 3283 qum
897 3213 1092 3280 esset,
1125 3208 1220 3263 cui
1249 3208 1445 3281 majus
1477 3224 1652 3280 quam
1682 3208 1853 3263 matri
1880 3208 2083 3263 Domi-

418 3318 534 3360 nus
564 3301 835 3357 meritum
858 3300 1169 3368 reponeret
1201 3297 1336 3368 (36),
1369 3298 1673 3368 praemium
1705 3300 2085 3354 reservaret?

420 3391 589 3448 Nulli
619 3390 776 3445 enim
795 3387 1070 3443 uberiora
1094 3403 1269 3458 quam
1289 3386 1615 3458 virginitati
1636 3386 1933 3457 deputavit
1952 3404 2084 3442 mu-

420 3496 584 3551 nera,
610 3478 765 3534 sicut
786 3476 1088 3546 Scriptura
1110 3491 1221 3531 nos
1238 3475 1429 3530 docet.
1450 3475 1549 3530 Sic
1572 3476 1725 3529 enim
1749 3491 1855 3546 per
1874 3477 2085 3532 Isaiam

420 3568 707 3626 Dominus
738 3566 970 3622 locutus
985 3568 1103 3620 est:
1136 3565 1232 3621 Nc
1260 3564 1632 3637 dicatspado,
1668 3566 1799 3638 quia
1828 3583 1937 3639 ego
1960 3584 2086 3623 sum

419 3659 643 3733 lignum
675 3654 906 3711 aridum
939 3674 956 3708 :
987 3653 1127 3709 Haec
1166 3653 1314 3709 dicit
1355 3650 1639 3708 Dominus
1675 3655 2038 3726 spadonibus
2066 3673 2084 3707 .-

425 3749 764 3819 Quicunque
794 3743 1189 3799 custodierint
1203 3748 1504 3815 praecepta
1518 3759 1667 3813 mea,
1700 3749 1758 3799 et
1789 3744 2087 3817 elegerint

423 3855 549 3913 quae
570 3852 679 3909 ego
714 3833 859 3905 volo,
894 3837 953 3887 et
983 3832 1415 3904 amplectentur
1431 3837 1846 3888 testamentum
1874 3851 2083 3906 meum,

495 3978 612 4050 (33)
640 3976 888 4050 Planum
934 3975 1021 4050 tit
1044 3988 1120 4029 ex
1148 3974 1262 4029 hoc
1305 3973 1437 4030 loco
1468 3990 1586 4030 non
1617 3974 1678 4050 in
1708 3991 2087 4050 consumma-

422 4046 603 4116 tione,
650 4046 1477 4120 sed_inimutuo_consensu,
1508 4047 1776 4120 conjugii
1821 4052 2089 4102 naturam

428 4119 709 4177 constitui
740 4117 813 4171 ab
857 4117 1196 4171 Ambrosio.
1229 4116 1353 4181 Qua
1386 4116 1723 4188 quidem'in'
1757 4136 1820 4173 re
1853 4135 1986 4174 cum
2017 4135 2087 4174 eo

427 4190 804 4280 gensentiunt
857 4188 1284 4280 Ilierpnymus‘,
1345 4191 1718 4280 Augustinus
1775 4194 1832 4272 et
1876 4191 2087 4280 'c‘aeteri

424 4266 631 4319 Patres
667 4276 679 4314 :
714 4277 883 4332 quos,
914 4260 974 4313 in
1002 4259 1351 4332 hocpostea
1425 4259 1739 4332 Gratianus
1773 4261 1831 4315 in
1876 4262 2090 4316 Decre-

429 4336 511 4404 to,
564 4334 688 4387 Pet.
724 4330 1096 4404 Lombardus
1130 4331 1188 4404 in
1219 4331 1319 4384 lib.
1353 4348 1410 4384 ιν
1432 4331 1725 4404 .Sentent.,
1759 4333 1879 4387 dist
1931 4333 2092 4404 27,et

427 4402 526 4461 alii
557 4404 881 4459 canonistae
910 4402 1289 4473 theologique
1320 4402 1510 4456 secuti
1539 4407 1698 4458 sunt.

499 4476 613 4547 (34)
649 4473 1151 4547 Romieditasola
1183 4490 1308 4526 cum
1339 4473 1506 4543 alibi,
1542 4477 1688 4543 ete.;
1720 4490 1926 4547 verum
1954 4475 2091 4547 reti-

427 4543 620 4603 nenda
649 4561 768 4601 vox
797 4546 941 4599 licet
971 4543 1217 4598 aliarum
1247 4560 1315 4598 ac
1348 4560 1494 4599 mss.
1527 4545 1871 4600 auctoritate
1908 4562 1919 4599 :
1956 4546 2090 4615 plus

2188 1959 2553 2015 defendatur.
2588 1958 2722 2014 Non
2752 1958 2985 2029 defecit,
3021 1965 3086 2017 ut
3112 1961 3255 2016 dixi.
3287 1962 3427 2035 Ipse
3450 1963 3620 2027 testis
3651 1963 3844 2018 cstFi-

2187 2049 2305 2104 lius
2337 2049 2462 2118 Dei,
2496 2048 2596 2120 qui
2630 2064 2764 2103 cum
2794 2052 2957 2104 esset
2985 2049 3046 2104 in
3069 2066 3266 2121 cruce,
3302 2052 3663 2123 discipulum
3684 2052 3840 2106 matri

2189 2137 2637 2193 commendabat
2686 2139 2750 2191 ut
2796 2137 2981 2193 lilium
3033 2155 3044 2194 :
3091 2139 3390 2210 discipulo
3435 2158 3564 2197 eam
3595 2141 3846 2197 tradebat

2189 2231 2252 2282 ut
2281 2229 2524 2281 matrem
2555 2226 2744 2296 (Joan.
2780 2243 2901 2296 χιιι,
2925 2226 3016 2297 ‘26,
3050 2229 3159 2299 2'7).
3196 2229 3414 2285 Docuit
3445 2231 3560 2287 hoc
3578 2231 3845 2299 Joannes,

2191 2317 2290 2388 qui
2323 2314 2571 2386 mystica
2601 2316 2791 2388 magis
2820 2317 3063 2388 scripsit
3085 2317 3197 2390 (3'7)
3232 2334 3243 2373 :
3278 2319 3379 2373 alii
3416 2320 3574 2375 enim
3605 2319 3853 2391 Evange-

2192 2406 2345 2460 Iistm
2394 2406 2765 2474 scripserunt
2810 2406 2966 2476 quod
3018 2406 3078 2461 in
3107 2407 3396 2478 passione
3451 2410 3680 2464 Domini
3708 2413 3851 2464 terra

2194 2494 2545 2550 contremuit
2573 2493 2811 2563 (Matth.
2844 2512 3028 2566 xxvn,
3060 2497 3146 2567 5),
3182 2498 3273 2552 sol
3304 2499 3548 2572 refugit,
3582 2513 3852 2570 persecu-

2192 2583 2423 2639 toribus
2454 2583 2625 2637 venia
2654 2583 2944 2653 postulata
2976 2587 3068 2639 est
3098 2585 3274 2656 (Ibid.
3298 2587 3395 2657 34)
3434 2604 3446 2641 :
3481 2588 3593 2642 iste
3614 2587 3852 2642 dilectus

2196 2671 2448 2741 Domini,
2475 2671 2575 2742 qui
2596 2687 2627 2725 e
2648 2675 2884 2742 pectore
2915 2671 3049 2744 ejus
3080 2672 3357 2730 hauserat
3383 2680 3615 2732 secreta
3644 2674 3857 2747 sapien-

2195 2762 2291 2816 tiae
2325 2761 2514 2831 (Joan.
2566 2776 2690 2830 xm,
2741 2760 2832 2831 23)
2864 2764 2919 2815 et
2966 2762 3080 2832 piae
3133 2764 3457 2820 voluntatis
3508 2781 3740 2834 arcana,
3783 2764 3850 2819 ab

2195 2852 2328 2905 aliis
2359 2849 2513 2905 dicta
2541 2849 2911 2920 praeteriens,
2959 2852 3097 2919 261
3158 2852 3271 2908 hoc
3324 2854 3674 2926 diligentius
3729 2868 3857 2925 pro-

2198 2942 2445 2996 secutus
2496 2941 2588 2993 est
2634 2941 2697 2992 ut
2746 2941 3025 2995 maternae
3073 2942 3439 3015 virginitatis
3472 2958 3853 3016 perseveran-

2197 3031 2339 3084 tiam
2368 3026 2719 3099 suojudicio
2748 3030 3339 3100 comprobaret(an.
3366 3051 3538 3104 xxm,
3565 3033 3675 3103 43),
3699 3030 3861 3104 quasi

2198 3120 2357 3174 filius
2389 3118 2459 3172 de
2491 3117 2695 3171 matris
2727 3116 2952 3188 pudore
2982 3119 3294 3191 sollicitus,
3320 3139 3399 3178 ne
3431 3123 3571 3195 quis
3594 3138 3720 3178 eam
3741 3123 3859 3177 tan-

2200 3213 2258 3265 to
2292 3207 2563 3263 convicio
2594 3209 2891 3261 temeratae
2922 3207 3278 3280 integritatis
3307 3214 3684 3284 aspergeret.

2118 3259 2173 3325 ο
2270 3297 2360 3352 4⁸7.
2394 3296 2652 3368 Dignum
2702 3297 2917 3367 quippe
2967 3259 3092 3357 erat
3133 3301 3327 3371 utqui
3376 3259 3596 3358 latrzm
3645 3300 3863 3357 veniam

2200 3385 2474 3454 donabat,
2523 3387 2766 3463 matrem
2816 3385 2994 3441 dubio
3023 3387 3269 3458 pudoris
3318 3390 3690 3446 absolveret.
3721 3387 3864 3443 Dicit

2201 3477 2357 3532 enim
2386 3475 2460 3530 ad
2491 3477 2734 3530 matrem
2766 3490 2778 3529 :
2812 3475 3059 3546 Mulier,
3094 3492 3234 3532 ecce
3264 3477 3480 3535 ﬁlius.
3516 3478 3681 3535 Dicit
3711 3483 3768 3534 et
3799 3474 3867 3533 ad

2202 3563 2552 3636 discipulum
2584 3580 2601 3615 :
2634 3564 2795 3619 Ecce
2838 3570 3032 3620 matre
3081 3570 3176 3620 tua
3209 3564 3421 3635 (Joan.
3473 3584 3602 3639 xxx,
3648 3567 3737 3639 26,
3765 3567 3868 3634 21).

2203 3655 2336 3725 Ipse
2367 3657 2459 3709 est
2489 3652 2840 3724 discipulus,
2875 3651 2970 3708 cui
3017 3657 3204 3709 mater
3233 3658 3698 3713 commendatur
3725 3655 3870 3723 Quo-

2203 3743 2377 3799 modo
2391 3743 2600 3797 marito
2616 3757 2861 3797 uxorem
2878 3741 3109 3799 tolleret
3125 3743 3258 3815 (38),
3274 3744 3327 3799 si
3340 3745 3546 3802 fuerat
3557 3744 3739 3802 Maria
3749 3743 3877 3801 mis-

2206 3837 2261 3889 ta
2302 3832 2607 3906 conjugio,
2640 3833 2739 3885 aut
2766 3847 2942 3886 usum
2971 3831 3083 3887 tori
3121 3832 3473 3907 conjugalis
3506 3833 3873 3910 agnoverat?

2202 3977 2697 4061 propugnatores.
2732 3974 2990 4057 Etcerte
3010 3976 3225 4061 negari
3254 3993 3381 4061 non.
3400 3982 3630 4061 potest,
3665 3979 3803 4061 qu‘in
3822 3974 3872 4033 ei

2206 4049 2558 4119 quandoque
2605 4048 2835 4100 termini
2881 4048 2976 4101 sui
3006 4048 3304 4103 tribuendi
3331 4048 3459 4105 sint
3513 4067 3526 4107 :
3570 4048 3789 4123 qua'de
3817 4064 3875 4103 re

2203 4119 2389 4192 adisis
2429 4119 2537 4172 'l‘h.
2595 4117 2963 4172 Reinaudum
3011 4118 3071 4173 in
3108 4118 3343 4192 Diptyc.
3378 4122 3712 4189 Alarianis,
3764 4134 3875 4176 non

2203 4190 2646 4333 un(%if(s(i'qum
2691 4259 2805 4315 hoc
2836 4259 2960 4333 fere
2995 4263 3112 4315 toto
3146 4262 3335 4332 capite
3384 4263 3697 4333 dicuntur,
3750 4277 3876 4317 cum

2205 4333 2308 4387 lib.
2344 4350 2383 4385 ιι
2416 4332 2475 4386 in
2505 4332 2647 4386 Luc.
2672 4348 2831 4386 num.
2867 4332 2980 4403 139
3003 4335 3060 4386 et
3082 4346 3235 4403 seq.,
3264 4349 3373 4388 nec
3414 4353 3540 4391 non
3585 4332 3723 4390 cum
3753 4335 3876 4389 loco

2207 4403 2477 4485 ejusdem
2491 4403 2822 4485 argumenti
2841 4419 2914 4485 ex
2937 4401 3123 4485 Epist.
3148 4401 3221 4458 ad
3245 4405 3501 4485 Vercell.
3531 4405 3877 4485 contuleris,

2207 4473 2422 4548 tantam
2463 4474 2523 4529 in
2561 4473 2680 4548 illis
2703 4474 3114 4548 deprehendes
3156 4479 3650 4548 consensionem,
3687 4481 3750 4532 ut
3777 4476 3880 4531 tria

2206 4546 2535 4621 haecAopera
2559 4544 2828 4621 ejusdem
2851 4545 3270 4621 auctorisesse
3284 4563 3401 4600 non
3420 4544 3877 4621 sisrneg'aturus.

428 4621 584 4674 enim
612 4618 727 4673 hoc
756 4617 887 4671 loco
917 4615 1293 4690 significatur
1309 4631 1487 4690 quam
1509 4616 1888 4686 exprimitur:
1916 4622 2089 4690 atque
2128 4619 2185 4682 D
2278 4616 2389 4685 (38)
2423 4617 2548 4670 Duo
2574 4619 2717 4690 sunt
2740 4615 2851 4690 hoc
2882 4615 3013 4669 loco
3043 4616 3567 4690 animadvertenda
3597 4615 3882 4690 {primum

429 4691 576 4746 adeo
606 4692 742 4757 post
781 4686 1000 4755 voces,
1013 4686 1251 4758 plenius
1281 4687 1633 4759 dixerimus,
1668 4692 1860 4742 mente
1891 4686 2091 4759 utique

430 4760 825 4832 supplendum
857 4757 1108 4832 videtur,
1144 4774 1211 4832 ac
1253 4758 1507 4828 proinde
1524 4757 1703 4832 facile
1735 4770 1895 4832 esset
1918 4757 2091 4832 plura

432 4828 658 4889 dicere.
710 4829 820 4884 Hic
880 4844 1057 4900 porro
1090 4828 1380 4883 indicatur
1441 4829 1834 4899 expositionis
1881 4828 1940 4883 in
1971 4831 2092 4900 Lu-

431 4920 561 4958 cam
590 4902 629 4956 1.
662 4919 723 4970 ιι,
758 4901 857 4955 ubi
886 4899 1006 4954 non
1039 4899 1229 4954 solum
1264 4900 1429 4970 huic,
1461 4901 1568 4954 sed
1599 4904 1654 4954 et
1682 4901 1929 4971 reliquis
1960 4899 2093 4971 ejus

430 4972 867 5047 objectionibus
898 4972 1029 5026 fuse
1060 4971 1609 5047 respondeturuEth
1631 4971 1768 5047 hinc
1799 4971 1971 5047 etiam
2001 4987 2097 5047 pa-

428 5043 526 5102 tet'
542 5047 732 5099 virum
767 5048 1057 5112 sanctum,
1092 5043 1228 5097 dum
1260 5058 1440 5112 supra
1472 5043 1637 5113 dixit,
1671 5043 2098 5113 silerejamdu-

432 5118 566 5173 dum
599 5115 928 5181 maluimus,
978 5129 1096 5168 non
1127 5114 1198 5168 de
1241 5113 1507 5168 doctrina
1536 5113 1663 5183 ipsa
1685 5155 1699 5183 ,
1735 5114 1841 5168 sed
1874 5117 2097 5168 tantum

431 5190 505 5244 de
535 5187 811 5259 personis
843 5200 991 5256 quas
1018 5185 1136 5240 illic
1165 5200 1240 5238 ex
1260 5184 1549 5239 industria
1576 5200 1690 5238 non
1714 5185 2093 5255 indicaverat,

436 5258 904 5330 intelligendum.

503 5331 617 5402 (35)
629 5325 813 5402 ίΗιιιιᾳ
843 5325 1607 5402 Opinionemﬁieronymus
1629 5327 1689 5380 in
1719 5342 1846 5402 cap.
1866 5344 1885 5381 ι
1909 5325 2095 5402 Epist.

432 5397 664 5459 ad'Gal.
706 5397 982 5454 refertae
1015 5397 1231 5452 refellit
1266 5412 1278 5450 :
1314 5399 1408 5451 cui
1438 5397 1674 5468 quidem
1722 5397 1875 5453 hanc
1922 5398 1983 5452 in
2032 5412 2096 5453 re

433 5472 825 5531 communiter
852 5468 1181 5542 subscribit
1211 5468 1417 5542 schola
1448 5469 1881 5542 theologorum.

504 5543 618 5616 (36)
647 5542 1107 5616 Ambrosianum
1138 5539 1252 5594 hoc
1284 5541 1636 5616 principium
1658 5539 1758 5611 qui
1780 5541 2097 5616 intemera-

431 5612 549 5673 tam
571 5612 770 5670 Mariis
794 5612 1240 5683 conceptiOncm
1269 5612 1609 5681 defendunt,
1648 5627 1825 5684 quam
1868 5613 2096 5668 latissi-

432 5703 528 5743 me
549 5686 742 5743 solent
775 5684 1095 5740 extendere
1128 5701 1140 5741 :
1167 5688 1371 5741 contra
1392 5698 1535 5739 vero
1554 5684 1697 5738 illud
1728 5684 1878 5739 intra
1899 5688 2097 5740 certos

433 5757 652 5843 limites
672 5756 1154 5857 restringendum
1164 5758 1468 5817 autumant
1478 5754 1766 5837 oppositae
1788 5755 2097 5821 sententiae

2208 4692 2299 4760 est
2321 4692 2525 4760 utrum
2556 4686 2911 4760 Ambrosius
2944 4690 3147 4760 noster
3167 4688 3266 4760 qui
3299 4686 3652 4759 superioris
3676 4687 3881 4760 capitis

2208 4704 2299 4743 es:
2328 4704 2525 4741 uirum
2556 4704 2911 4740 amni-osms
2944 4704 3147 4741 nosrer
3209 4704 3266 4742 ιιι
3299 4705 3643 4759 superioris
3676 4704 3881 4760 capitis

2207 4758 2371 4813 initio
2403 4773 2608 4811 verum
2630 4757 2784 4811 inter
2820 4756 3061 4830 Mariam
3086 4704 3401 4830 acgoseph
3434 4760 3882 4816 matrimonium

2209 4830 2378 4883 visus
2410 4832 2503 4882 est
2530 4843 2896 4901 agnoscere,
2928 4828 3025 4883 hic
3055 4829 3173 4901 sibi
3218 4828 3346 4901 ipse
3378 4832 3457 4885 sit
3491 4832 3836 4887 contrarius
3868 4844 3879 4883 :

2208 4901 2476 4970 alterum,
2501 4915 2575 4952 an
2594 4899 2940 4953 scholastici
2967 4914 3044 4954 ex
3062 4900 3170 4954 hac
3189 4899 3592 4956 Ambrosiana
3618 4902 3883 4957 doctrina

2209 4987 2377 5026 suam
2414 4970 2767 5025 matrimonii
2793 4971 2906 5023 rati
2943 4987 2975 5024 a
3000 4979 3405 5027 consummato
3428 4974 3885 5029 distinctionem

2208 5045 2367 5097 recte
2414 5042 2723 5097 deducant.
2756 5041 2870 5096 Sed
2910 5057 2940 5095 a
2975 5057 3041 5101 se
3073 5043 3311 5097 minime
3343 5044 3606 5099 dissidet
3638 5048 3883 5099 sanctus

2209 5113 2449 5182 doctor;
2500 5112 2554 5167 id
2588 5114 2744 5186 enim
2776 5114 3188 5186 tantummodo
3239 5114 3333 5170 hic
3383 5120 3598 5186 negat,
3635 5128 3886 5170 uxorem

2213 5200 2288 5239 ex
2318 5201 2432 5266 qua
2474 5184 2743 5266 inaritius
2776 5183 2998 5266 liberos
3021 5186 3439 5266 procreaverit,
3468 5183 3584 5266 aut
3634 5201 3888 5266 quacum

2210 5254 2587 5328 conjugalem
2611 5254 2822 5308 habeat
2860 5256 3347 5311 consuetudinem
3376 5258 3447 5310 ab
3483 5256 3591 5312 illo
3626 5254 3762 5312 sine
3795 5257 3883 5310 in-

2202 5326 2363 5408 juria
2384 5326 2558 5408 avelli
2588 5340 2802 5395 posse:
2830 5330 3031 5408 contra
3062 5343 3204 5382 vero
3233 5343 3361 5382 eam
3392 5343 3530 5408 quae
3567 5340 3886 5408 eumcen-

2202 5396 2350 5470 juge
2381 5402 2657 5470 tanquam
2681 5396 3275 5470 eumiratre‘semper
3292 5396 3532 5467 Vixerit,
3554 5415 3589 5453 a
3611 5399 3731 5454 viri
3749 5414 3886 5453 con-

2207 5467 3217 5540 tabernio’segregari‘just‘asque
3266 5484 3433 5540 esse;
3485 5471 3674 5525 modo
3706 5483 3887 5540 causa

2208 5544 2449 5624 propter
2468 5537 2660 5624 quam.
2688 5537 2941 5610 copulati
2976 5537 3240 5624 fuerant,
3261 5539 3523 5624 ‘sublata
3574 5542 3679 5624 sit.
3715 5538 3893 5624 Atqui

2208 5609 2369 5667 nullo
2399 5609 2574 5683 modo
2605 5609 2742 5683 hinc
2772 5609 3159 5683 consequitur
3177 5609 3342 5683 solvi
3362 5612 3479 5667 hac
3499 5612 3744 5667 ratione
3773 5609 3897 5683 vin-

2208 5683 2405 5739 culum
2437 5680 2776 5756 coniugale,
2809 5679 3108 5767 et.eis:qui
3138 5682 3227 5738 sic
3256 5682 3489 5767 iuerint
3522 5679 3902 5767 separati,“-

2176 5774 2183 5779 ·
2209 5767 2345 5817 cere
2374 5752 2596 5817 novum
2626 5752 2768 5815 eum
2804 5752 2938 5817 aliis
2966 5752 3118 5818 inire
3148 5752 3551 5853 coniugium;
3602 5752 3777 5839 Quod
3804 5752 3901 5819 tan
