4060 6158
226 343 319 410 233

195 531 200 535 ’
279 545 354 600 48.
383 543 638 599 Claudite
672 559 773 598 ora
819 543 954 613 (89),
988 543 1188 614 impii:
1235 544 1457 614 aperite
1489 559 1692 612 aures,
1739 542 1859 614 pii:
1885 527 1942 591 Α

220 635 383 688 audite
469 634 605 704 quid
690 632 966 687 Christus
1051 633 1344 704 loquatur.
1424 633 1701 687 Testatur
1789 632 1861 686 de

223 739 371 777 cruce
444 723 725 776 Dominus
801 723 983 776 Jesus
1059 727 1116 776 et
1189 723 1493 792 paulisper
1567 721 1863 791 publicam

219 810 382 866 diliert
418 812 683 878 salutem,
728 827 799 865 ne
847 815 1094 864 matrem
1140 811 1495 865 inbonoram
1546 811 1857 880 relinquat.

220 901 598 954 Subscribitur
630 901 891 954 Joannes
923 903 1276 954 testamento
1325 899 1566 953 Christi.
1606 899 1867 969 Legatur

219 990 365 1043 matri
392 990 634 1059 pudoris
675 988 969 1058 defensio,
1021 987 1423 1043 testimonium
1469 987 1860 1059 integritatis:

224 1078 429 1149 legatur
455 1083 509 1132 et
539 1078 832 1148 discipulo
852 1078 1056 1132 matris
1079 1077 1368 1146 custodia,
1392 1077 1623 1147 pietatis
1653 1076 1862 1147 gratia.

215 1167 282 1224 ει
305 1183 375 1220 ex
389 1166 488 1220 illo
509 1167 772 1238 suscepit
798 1183 923 1220 eam
963 1165 1290 1238 disczpulus
1311 1166 1373 1219 in
1409 1181 1512 1219 sua
1541 1165 1717 1234 (Ibid.
1752 1163 1862 1232 2'7).

215 1255 330 1310 Non
351 1255 541 1327 utique
563 1255 840 1310 Christus
872 1255 1123 1310 faciebat
1153 1255 1492 1324 divortium,
1531 1269 1648 1308 non
1680 1253 1866 1306 Maria

215 1345 554 1415 relinquebat
583 1345 796 1399 virum.
821 1343 938 1399 Sed
969 1359 1102 1399 cum
1125 1361 1242 1416 quo
1271 1344 1444 1415 virgo
1468 1343 1734 1398 habitare
1765 1342 1868 1397 de-

220 1433 392 1502 bebat,
426 1449 604 1505 quam
635 1450 769 1489 cum
799 1449 868 1488 eo
901 1449 1075 1504 quem
1114 1433 1215 1489 filii
1264 1433 1582 1504 hasredem,
1616 1431 1866 1504 integri-

213 1524 328 1577 tatis
357 1523 535 1578 sciret
564 1539 706 1578 esse
737 1523 1086 1578 custodem?

270 1648 348 1702 49.
372 1647 574 1702 Stabat
595 1649 729 1702 ante
753 1664 989 1704 crucem
1008 1652 1212 1718 mater,
1236 1651 1291 1704 et
1311 1647 1676 1721 fugientibus
1695 1645 1863 1714 viris,

213 1737 378 1791 stabat
409 1737 724 1808 intrepida.
759 1738 964 1792 Videte
990 1740 1180 1792 utrum
1205 1729 1488 1809 pudorem
1514 1740 1737 1790 mutare
1765 1750 1868 1804 po-

214 1825 363 1879 luerit
391 1829 578 1880 mater
610 1826 777 1894 Jesu,
812 1842 944 1897 quae
978 1827 1237 1880 animum
1271 1843 1388 1881 non
1419 1826 1682 1880 mutavit.
1717 1825 1868 1894 Spe-

216 1915 384 1968 ctabat
421 1916 537 1986 piis
581 1915 774 1970 oculis
815 1915 919 1969 filii
960 1915 1225 1986 vulnera,
1268 1931 1375 1987 per
1422 1931 1597 1987 quem
1638 1913 1869 1967 sciebat
1898 1907 1952 1972 Β

214 2004 462 2059 omnibus
498 2004 757 2058 futuram
789 2005 1274 2075 redemptionem.
1299 2004 1500 2059 Stabat
1532 2020 1649 2059 non
1680 2003 1867 2074 dege-

213 2093 321 2147 neri
340 2098 523 2148 mater
545 2094 912 2164 spectaculo,
933 2110 1065 2165 quae
1085 2109 1203 2148 non
1226 2094 1522 2148 metuebat
1547 2094 1873 2164 perempto-

218 2199 344 2236 rem.
378 2183 679 2238 Pendebat
710 2183 770 2237 in
801 2200 977 2238 cruce
1011 2184 1192 2254 filius,
1227 2186 1412 2238 mater
1433 2199 1498 2237 se
1521 2185 1870 2253 persecuto-

215 2272 359 2326 ribus
392 2271 700 2327 offerebat.
732 2272 794 2327 Si
824 2272 936 2327 hoc
970 2273 1166 2328 solum
1201 2276 1384 2343 esset,
1435 2277 1496 2327 ut
1525 2275 1656 2327 ante
1688 2271 1870 2325 filium

214 2364 694 2432 prosterneretur,
728 2361 1073 2415 laudandus
1115 2361 1350 2431 pietatis
1397 2360 1664 2429 affectus,
1713 2359 1871 2431 quod

218 2454 504 2520 superstes
539 2451 661 2504 filio
694 2466 831 2504 esse
863 2450 1099 2505 nolebat
1126 2466 1138 2504 :
1192 2451 1286 2504 sin
1318 2465 1461 2504 vero
1495 2453 1558 2504 ut
1587 2466 1718 2503 cum
1750 2449 1871 2503 filio

217 2544 544 2609 moreretur,
581 2555 714 2594 cum
762 2540 968 2594 eodem
1021 2540 1314 2611 gestiebat
1361 2554 1702 2611 resurgere,
1754 2553 1872 2592 non

216 2629 400 2699 ignara
458 2629 728 2701 mysterii
791 2629 946 2700 quod
995 2629 1308 2700 genuisset
1353 2631 1869 2684 resurrecturum:

217 2718 371 2772 simul
401 2735 533 2790 quae
569 2718 808 2788 publico
842 2719 976 2772 usui
1026 2718 1284 2789 impendi
1334 2721 1580 2772 mortem
1627 2715 1733 2771 ﬁlii
1766 2731 1872 2771 no-

217 2811 379 2876 verat,
413 2807 875 2877 praestolabatur
906 2806 956 2860 si
990 2806 1139 2861 forte
1190 2807 1364 2861 etiam
1415 2823 1521 2861 sua
1558 2809 1744 2861 morte
1768 2821 1873 2875 pu-

218 2894 355 2950 blico
386 2896 619 2950 muneri
650 2895 868 2967 aliquid
901 2895 1235 2951 adderetur.
1269 2896 1386 2951 Sed
1417 2895 1638 2950 Christi
1669 2896 1873 2966 passio

219 2985 490 3054 adjutorio
525 3001 645 3039 non
677 2986 861 3056 eguit,
897 2986 1051 3039 sicut
1082 2985 1209 3056 ipse
1234 2985 1518 3040 Dominus
1542 2985 1718 3057 longe
1741 2989 1874 3039 ante

217 3074 502 3142 praedixit:
542 3075 624 3127 Et
658 3073 925 3146 respexi,
982 3081 1038 3129 et
1095 3091 1207 3130 non
1244 3081 1377 3130 erat
1423 3075 1782 3129 auxiliator:
1817 3079 1874 3129 et

220 3165 442 3231 attendi,
482 3169 540 3218 et
577 3180 746 3218 nemo
776 3163 1175 3235 suscipiebat:
1213 3170 1270 3220 et
1302 3164 1579 3220 liberabo
1602 3180 1702 3219 eos
1737 3163 1875 3218 bra-

221 3250 335 3306 cliio
360 3252 651 3323 n1eo(lsa.
687 3269 848 3322 LXHI,
884 3254 960 3322 5).

279 3359 357 3412 50.
390 3358 699 3425 Quomodo
749 3375 892 3431 ergo
939 3361 1282 3430 extorqueri
1325 3361 1515 3431 potuit
1562 3359 1874 3431 integritas

223 3445 419 3517 Mariae,
444 3464 582 3520 quae
610 3447 974 3519 fugientibus
990 3449 1301 3519 apostolis,
1321 3449 1611 3520 supplicia
1634 3465 1750 3503 non
1764 3465 1878 3503 me-

221 3537 416 3608 luebat,
439 3539 549 3593 sed
571 3538 724 3608 'ipsa
747 3553 812 3592 se
838 3537 1121 3592 offerebat
1140 3539 1422 3609 periculis
1443 3541 1471 3593 ε)
1506 3538 1696 3610 Cujus
1720 3543 1876 3593 tanta

224 3626 476 3696 gratia,ut
495 3643 617 3682 non
641 3627 832 3682 solum
857 3628 916 3693 in
937 3643 1004 3682 se
1027 3629 1384 3700 virginitatis
1408 3629 1656 3700 gratiam
1688 3645 1880 3683 reser-

227 3721 386 3785 varet,
403 3717 508 3770 sed
536 3717 714 3770 etiam
733 3716 826 3770 his
843 3732 994 3786 quos
1014 3717 1254 3785 viseret,
1272 3715 1624 3790 integritatis
1641 3717 1876 3788 insigne

227 3805 518 3860 conferret.
551 3805 826 3858 Visitavit
858 3805 1143 3859 Joannem
1176 3807 1516 3876 Baptistam,
1543 3811 1598 3861 et
1629 3807 1687 3860 in
1712 3811 1876 3862 utero

225 3894 409 3947 matris
438 3895 792 3964 priusquam
826 3898 1192 3963 nasceretur,
1215 3895 1475 3949 exsilivit
1505 3895 1666 3958 (Luc.
1703 3913 1739 3965 ι,
1765 3895 1875 3963 41).

228 3982 304 4034 Ad
321 3975 459 4039 262
479 3998 694 4038 vocem
720 3983 921 4036 Mariae
945 3983 1226 4036 exultavit
1248 3983 1594 4053 infantulus,
1620 3983 1878 4037 obsecu-

226 4072 308 4124 tus
332 4075 644 4144 antequam
663 4072 921 4142 genitus.
946 4071 1071 4126 Nec
1092 4072 1383 4126 immerito
1415 4072 1629 4126 mansit
1651 4072 1881 4145 integer

232 4173 478 4230 corpore,
512 4177 694 4232 quem
735 4161 927 4214 tribus
966 4161 1277 4216 mensibus
1308 4161 1436 4217 oleo
1467 4162 1721 4233 quodam
1753 4178 1879 4217 suae

230 4251 546 4316 praesentiae
589 4253 643 4304 et
686 4250 1040 4322 integritatis
1083 4254 1388 4322 unguento
1430 4251 1657 4326 Domini
1698 4254 1884 4305 mater

232 4341 494 4393 exercuit.
521 4338 862 4409 Eademque
887 4343 1090 4408 postea
1124 4339 1336 4394 Joanni
1376 4339 1755 4411 Evangelipze
1791 4342 1883 4394 est

230 4426 417 4481 tradita
439 4427 792 4498 conjugium
816 4429 1142 4482 mescienti.
1178 4427 1346 4482 Unde
1386 4444 1502 4483 non
1538 4429 1720 4483 miror
1755 4445 1878 4499 prae

234 4517 443 4570 caateris
461 4517 724 4571 locutum
746 4516 1021 4586 mysteria
1035 4516 1252 4588 divina,
1271 4518 1594 4588 cuipraesto
1613 4517 1880 4572 erataula

235 4603 540 4660 caelestium
566 4609 1093 4661 sacramentorum.

236 4757 360 4869 gicat
380 4747 511 4802 inde
545 4747 758 4802 confici
791 4763 972 4818 posse
1022 4747 1326 4803 memorati
1370 4748 1634 4821 theologi
1683 4749 1883 4805 defen-

271 4832 335 4869 un
366 4859 377 4869 .

271 4832 377 4871 unt.

297 4888 537 4962 (39)Ηὶίο
570 4890 804 4960 septimi
837 4890 1044 4960 capitis
1076 4891 1304 4945 initium
1327 4895 1485 4960 erat;
1517 4891 1624 4946 sed
1656 4892 1791 4962 quia
1815 4891 1882 4945 li-

240 4962 358 5033 guet
378 4959 538 5030 illud,
567 4959 686 5033 non
709 4977 886 5015 secus
910 4959 978 5015 ac
1001 4962 1249 5016 duorum
1272 4959 1882 5033 sequentium—alieno

239 5025 352 5082 leco
380 5025 636 5100 positum
669 5032 880 5098 fuisse,
917 5033 1111 5103 ipsum
1142 5025 1385 5102 perinde
1415 5049 1483 5088 ac
1514 5033 1626 5086 alia
1655 5025 1884 5087 memo-

241 5103 470 5155 ratorum
502 5104 756 5172 capitum
788 5104 948 5158 initia
998 5105 1365 5159 commodius
1408 5105 1522 5160 alio
1569 5104 1881 5159 transferri

244 5172 753 5246 nondubitavimus
780 5191 791 5228 :
836 5175 993 5246 quod
1023 5178 1080 5230 et
1109 5175 1380 5230 fecimus.

307 5242 406 5321 (4.0)
437 5245 513 5298 lta
539 5249 660 5321 _vet.
713 5242 871 5300 edit:
901 5263 969 5300 ac
1019 5263 1165 5321 mss.
1220 5247 1436 5317 quibus
1485 5247 1640 5321 favet
1681 5245 1885 5321 _versio

249 5307 482 5379 Syriaca.
539 5317 707 5370 Rom.
761 5321 953 5370 autem
1012 5319 1148 5372 edit.
1199 5307 1332 5371 cum
1376 5321 1540 5372 textu
1591 5317 1771 5371 Ilebr.
1834 5323 1890 5372 et

251 5391 466 5464 reliquis
508 5412 690 5465 vers.,
748 5397 1044 5451 reducam.
1105 5397 1287 5467 LXX,
1332 5396 1415 5450 Ἐν
1463 5401 1534 5468 τῷ
1571 5393 1889 5470 ἀποστρέψαι

250 5487 316 5537 με,
345 5481 446 5528 etc.

293 5544 412 5620 .ltt)
445 5547 607 5602 Rom.
631 5548 778 5620 edit.
814 5565 945 5603 cum
978 5553 1140 5603 textu
1165 5549 1345 5604 Hebr.
1380 5553 1436 5604 et
1466 5549 1740 5603 omnibus
1773 5564 1890 5603 om-

258 5619 373 5667 nino
403 5633 578 5688 vers.,
612 5619 691 5674 Et
738 5623 1038 5675 convertit
1078 5638 1218 5684 1110.;
1251 5625 1366 5676 vet.
1412 5625 1606 5688 autem
1651 5620 1787 5674 edit.
1821 5634 1890 5673 ac

259 5695 405 5762 ξυβεη
451 5688 531 5744 Et
578 5692 849 5748 converti
892 5708 1005 5750 me.
1050 5691 1322 5748 Forteam
1369 5691 1725 5747 Ambrosius
1779 5705 1888 5762 pro

261 5756 492 5850 δπὲστριψι
557 5769 620 5832 in
684 5772 817 5834 cod.
889 5787 998 5848 sup
1065 5773 1280 5854 legarit
1343 5767 1624 5857 ἐπέστρεψα
1644 5809 1660 5842 ,
1733 5756 1892 5837 ἴδ’σέιί
1984 5842 1989 5846 _

1155 340 1412 406 LIBER
1442 343 1552 405 DE
1581 339 2192 410 INSTITUTIONE
2224 337 2618 405 VIRGINIS.

3520 343 3642 406 234

2579 541 2829 597 CAPUT
2869 541 3013 597 VIII.

1975 666 2324 721 Ezechielis
2346 668 2704 735 testimonia,
2731 674 2788 720 ct
2811 668 3180 738 potissimum
3205 667 3354 738 quod
3369 667 3547 722 liabet
3566 668 3640 722 de

2044 746 2218 810 porta
2241 755 2352 793 non
2372 739 2713 810 aperienda,
2732 739 2790 791 in
2807 739 3062 792 Mariam
3078 739 3402 810 quadrare;
3421 745 3635 810 utpote,

2041 809 2154 882 per
2177 809 2477 882 quamnon
2499 815 2831 882 reseratam
2855 810 3170 882 transierit
3187 809 3346 863 solus
3361 809 3643 882 Cliristus

2048 881 2249 953 Sicque
2279 881 2440 935 illam
2473 881 2913 953 _conl‘ortaverit
2949 886 3007 933 ut
3038 887 3244 950 postea
3275 895 3349 934 ne
3387 881 3642 952 Joseplio

2051 951 2281 1026 quidem
2307 951 2605 1024 patefacta
2646 953 2746 1005 sit.

2048 1078 2136 1134 51.
2173 1079 2344 1133 Nunc
2376 1077 2521 1132 mihi
2570 1077 2766 1131 dicant
2795 1076 2898 1147 qui
2941 1075 3092 1130 hanc
3122 1075 3512 1147 quastionem
3544 1092 3645 1132 se-

1977 1173 2136 1239 runt,
2170 1167 2311 1240 quid
2343 1170 2435 1222 est
2464 1167 2621 1238 quod
2667 1166 2746 1220 ait
2791 1165 3077 1220 Dominus
3116 1181 3222 1236 per
3259 1166 3643 1237 prophetam:

1973 1258 2147 1313 Nunc
2186 1255 2483 1311 revocabo
2514 1256 2920 1326 captivitatem
2957 1253 3160 1324 Jacob,
3212 1261 3271 1310 et
3307 1255 3648 1311 miserebor

1976 1347 2166 1401 adhuc
2196 1346 2399 1401 domus
2430 1344 2628 1399 Israel
2652 1344 2896 1415 (Ezecl).
2943 1361 3148 1412 xxxxx,
3179 1343 3270 1413 25)
3289 1344 3319 1398 ?
3369 1343 3439 1398 Et
3470 1344 3644 1416 infra,

1980 1435 2386 1508 Congregabo,
2411 1434 2619 1504 inquit,
2646 1433 2721 1488 de
2740 1433 3024 1505 gentibus
3047 1449 3150 1488 eos
3166 1433 3300 1503 (40),
3321 1440 3380 1488 et
3403 1449 3651 1506 congre-

1975 1524 2128 1596 gabo
2157 1524 2294 1578 illos
2324 1523 2399 1580 de
2426 1522 2777 1594 regionibus
2793 1523 3110 1592 nationum,
3137 1527 3197 1578 et
3227 1522 3650 1579 sanctiﬁcabor

1975 1615 2038 1667 in
2060 1614 2157 1668 liis
2179 1615 2239 1667 in
2261 1618 2576 1684 conspectu
2595 1612 2896 1684 gentium:
2919 1618 2978 1666 et
2996 1612 3189 1666 scient
3210 1611 3362 1684 quod
3389 1627 3500 1684 ego
3517 1628 3645 1668 sum

1975 1703 2262 1758 Dominus
2291 1702 2450 1757 Deus
2497 1703 2780 1773 ipsorum,
2824 1701 2958 1756 dum
2998 1700 3295 1772 apparebo
3321 1700 3447 1755 illis
3483 1702 3648 1758 inter

1977 1792 2290 1855 nationes;
2325 1797 2381 1844 et
2417 1807 2529 1845 non
2560 1796 2828 1845 avertam
2861 1789 3334 1861 ampliusfaciem
3355 1806 3542 1845 meam
3572 1791 3647 1846 ab

1978 1881 2086 1950 eis,
2117 1896 2229 1952 pro
2253 1895 2319 1936 eo
2334 1880 2482 1952 quod
2506 1878 2690 1934 effudi
2722 1880 2874 1934 iram
2896 1895 3082 1936 meam
3099 1879 3162 1934 in
3185 1879 3412 1935 domum
3431 1879 3644 1951 israel,

1977 1970 2124 2024 dicit
2157 1969 2442 2025 Dominus
2469 1967 2648 2038 (Ibid.
2684 1967 2773 2037 a1,
2806 1969 2919 2037 29).

2048 2077 2136 2132 52.
2172 2077 2241 2130 Et
2270 2074 2422 2130 infra
2454 2075 2592 2129 dicit
2641 2075 2927 2145 propheta
2965 2074 3192 2130 vidisse
3239 2091 3306 2130 se
3347 2075 3408 2130 in
3451 2079 3648 2132 monte

1977 2167 2092 2221 alto
2124 2165 2300 2219 nimis
2332 2163 2782 2218 aedificationem
2814 2164 3069 2218 civitatis
3103 2163 3282 2235 cujus
3298 2167 3483 2236 portae
3514 2165 3650 2236 plu-

1976 2257 2143 2311 rimae
2157 2254 2572 2326 significantur
2593 2253 2839 2321 (Ezecli.
2865 2269 2960 2322 XL,
2981 2253 3014 2306 2
3031 2258 3089 2308 et
3107 2253 3289 2325 seq.);
3319 2269 3434 2308 una
3457 2257 3651 2311 tamen

1980 2344 2182 2399 clausa
2195 2343 2573 2412 describitur,
2594 2341 2666 2396 de
2684 2357 2799 2413 qua
2818 2342 2907 2396 sic
2920 2341 3026 2396 ait:
3048 2342 3128 2396 Et
3147 2359 3253 2397 con
3264 2344 3421 2398 verti
3431 2358 3523 2398 me
3535 2343 3649 2416 (4t)

1981 2433 2299 2488 secundum
2335 2432 2486 2485 viam
2529 2437 2722 2503 portae
2751 2436 3090 2485 sanctorum
3136 2432 3483 2503 exterioris,
3526 2449 3652 2504 quae

1980 2523 2231 2594 reSpicit
2262 2521 2337 2576 ad
2369 2521 2695 2590 Orientem,
2729 2526 2788 2575 et
2818 2521 2944 2575 haec
2975 2527 3105 2575 erat
3131 2520 3348 2576 clausa.
3372 2521 3454 2576 Et
3471 2521 3555 2576 ait
3577 2521 3654 2576 ad

1981 2627 2074 2666 me
2091 2612 2406 2666 Dominus:
2425 2609 2612 2664 Porta
2626 2610 2751 2664 haec
2764 2609 2962 2664 clausa
2977 2610 3072 2664 eri
3077 2615 3184 2678 t,et
3198 2625 3311 2665 non
3323 2612 3648 2682 aperietur,

1984 2709 2041 2757 et
2058 2717 2224 2756 nemo
2239 2700 2527 2754 transibit
2543 2715 2658 2771 per
2671 2715 2814 2764 eam,
2825 2700 3093 2772 quoniam
3107 2699 3391 2754 Dominus
3401 2699 3562 2754 Deus
3574 2699 3655 2754 Is-

1981 2791 2115 2846 rael
2134 2788 2419 2844 transibit
2426 2804 2540 2860 per
2553 2804 2698 2844 eam.
2722 2787 2980 2860 Eritque
3002 2787 3219 2854 clausa,
3243 2789 3511 2861 quoniam
3534 2788 3660 2844 dux

1982 2881 2080 2935 llic
2093 2879 2328 2935 sedebit
2357 2879 2419 2932 in
2434 2894 2521 2946 ea,
2533 2883 2590 2932 ut
2604 2877 2914 2932 manducet
2921 2893 3135 2949 panem
3148 2877 3209 2932 in
3223 2883 3538 2948 conspectu
3549 2877 3659 2933 Do-

1988 2969 2499 3024 mini.Secundum
2523 2968 2673 3021 viam
2691 2966 2896 3022 AElam
2912 2966 3226 3038 (42)porta9
3247 2967 3506 3022 intrabit
3525 2973 3582 3023 et
3596 2981 3665 3023 se

1983 3059 2231 3114 cundum
2252 3059 2402 3112 viam
2416 3057 2546 3128 ejus
2557 3056 2749 3110 exibit
2765 3055 3176 3126 (Ezeclmtuv,
3199 3056 3224 3110 1
3252 3063 3312 3111 et
3337 3057 3484 3129 seq).
3512 3057 3657 3122 Qum

1985 3151 2075 3203 est
2089 3147 2218 3202 haec
2232 3146 2539 3217 porta,nisi
2551 3145 2892 3214 Maria;ideo
2907 3144 3268 3216 clausa,quia
3280 3147 3659 3217 virgotPorta

1913 3239 2169 3332 cigitur
2197 3235 2399 3305 Maria,
2434 3250 2540 3306 per
2588 3250 2763 3306 quam
2810 3233 3085 3289 Christus
3137 3233 3373 3288 intravit
3401 3235 3461 3288 in
3500 3234 3660 3289 hunc

1987 3327 2288 3395 mundum,
2323 3324 2559 3396 quando
2592 3323 2870 3394 virginali
2900 3323 3074 3378 fusus
3112 3325 3206 3377 est
3233 3325 3424 3394 partu,
3460 3326 3517 3377 et
3548 3339 3659 3396 ge-

1985 3415 2182 3470 nitalia
2213 3413 2571 3486 virginitatis
2625 3413 2882 3467 claustra
2923 3428 3040 3466 non
3071 3411 3249 3467 solvit
3277 3411 3410 3482 (48).
3444 3412 3662 3467 Mansit

1986 3505 2394 3559 intemeratum
2452 3505 2683 3573 septum
2740 3501 3008 3572 pudoris,
3070 3503 3126 3555 et
3182 3501 3463 3556 inviolata
3505 3501 3658 3557 inte-

1988 3594 2221 3666 gritatis
2287 3593 2576 3646 duravere
2629 3591 2958 3662 signacula,
3007 3607 3139 3645 cum
3184 3591 3373 3646 exiret
3418 3606 3493 3646 ex
3540 3592 3660 3646 vir-

1987 3683 2146 3755 gine,
2207 3681 2381 3754 cujus
2438 3680 2804 3735 altitudinem
2868 3680 3122 3734 mundus
3181 3680 3480 3736 sustinere
3539 3695 3660 3737 non

1986 3774 2210 3844 posset.

2059 3879 2146 3934 53.
2181 3877 2338 3944 Haec,
2375 3877 2582 3949 inquit,
2619 3883 2792 3949 porta
2817 3875 3013 3932 clausa
3046 3877 3187 3948 erit,
3221 3881 3280 3932 et
3307 3891 3420 3934 non
3434 3874 3662 3950 aperie-

1992 3975 2089 4024 tur
2123 3967 2299 4038 (Ibid.
2333 3968 2408 4036 2).
2445 3967 2606 4021 Bona
2646 3969 2813 4036 porta
2863 3966 3067 4037 Maria,
3112 3983 3246 4038 qum
3280 3967 3481 4022 clausa
3511 3968 3656 4038 erat,

1989 4061 2046 4113 et
2084 4073 2202 4112 non
2241 4055 2636 4126 aperiebatur.
2677 4055 2977 4110 Transivit
3030 4071 3137 4127 per
3192 4071 3322 4112 eam
3359 4056 3657 4128 Christus,

1991 4147 2098 4202 sed
2129 4162 2245 4201 non
2269 4145 2515 4216 aperuit.

2063 4254 2151 4309 54.
2187 4253 2258 4307 Et
2303 4255 2365 4307 ut
2412 4253 2731 4307 doceamus
2772 4239 2909 4324 quia
2965 4255 3192 4323 portam
3243 4250 3420 4309 habet
3464 4251 3658 4307 omnis

1991 4335 2138 4400 263
2214 4343 2422 4412 homo,
2517 4358 2623 4413 per
2696 4358 2872 4413 quam
2946 4340 3221 4396 Christus
3295 4341 3653 4411 ingreditur:

1999 4433 2228 4503 Tollite,
2263 4432 2468 4503 inquit,
2489 4437 2698 4504 portas
2708 4431 3037 4502 principes,
3079 4435 3337 4499 vestras,
3371 4435 3429 4483 et
3453 4429 3658 4483 eleva-

1990 4523 2154 4593 mini,
2167 4519 2708 4594 porteeaeternales,
2728 4526 2785 4574 et
2805 4519 3080 4573 introibit
3096 4518 3230 4573 Rex
3242 4518 3452 4590 gloria
3463 4514 3655 4587 (Psal.

1914 4626 2156 4690 Dxxm,
2191 4612 2266 4680 Ἴ).
2298 4611 2524 4675 Quanto
2573 4608 2765 4681 magis
2806 4623 2951 4679 ergo
2999 4609 3166 4678 porta
3210 4609 3336 4661 erat
3382 4604 3444 4661 in
3475 4606 3660 4662 Maria

1991 4754 2330 4812 mutatione.

2064 4827 2176 4895 (4‘2)
2210 4823 2534 4895 Dictionem
2566 4819 2772 4895 (Elam
2803 4835 2936 4895 quae
2967 4817 3170 4895 aberat
3199 4834 3231 4872 a
3263 4818 3493 4895 cunctis
3516 4819 3656 4875 edit.

1995 4889 2234 4953 ex'mss.
2261 4893 2650 4954 restituimus.
2677 4889 2842 4944 Hanc
2863 4892 3035 4944 etiam
3068 4889 3284 4962 habent
3305 4891 3463 4946 LXX
3484 4907 3660 4962 quam

1992 4971 2122 5023 aliae
2154 4967 2466 5020 versiones
2498 4963 2987 5034 interpretantur:
3041 4961 3192 5016 viam
3230 4968 3421 5034 porta:
3471 4961 3661 5017 vesti-

1992 5039 2137 5104 buli,
2171 5038 2264 5091 vel
2303 5035 2588 5106 porticus.

2065 5103 2408 5179 (~13)Locus
2461 5106 2556 5160 hic
2607 5104 3008 5160 difficultatem
3055 5103 3298 5179 alterius
3346 5119 3378 5158 e
3421 5103 3572 5179 libro
3621 5119 3664 5158 ιι

1995 5175 2218 5252 Expos.
2251 5179 2579 5252 inLucam,
2606 5193 2722 5252 quo
2755 5175 3326 5252 maternamAvulvam
3349 5175 3661 5252 aperuisse

1995 5246 2269 5308 Christus
2301 5249 2533 5316 dicitur,
2567 5246 2801 5318 penitus
2833 5248 3028 5302 solvit.
3062 5246 3330 5300 Ostendit
3351 5247 3508 5300 enim
3539 5246 3662 5300 illic

1995 5323 2378 5379 Ambrosium
2409 5337 2478 5374 eo
2511 5321 2682 5374 modo
2714 5335 2832 5373 non
2863 5319 2936 5373 ob
2967 5318 3123 5372 aliud
3171 5318 3450 5387 locutum,
3485 5331 3662 5387 quam

1997 5401 2058 5451 ut
2099 5395 2322 5464 Moysis
2363 5391 2678 5464 elocutioni
2720 5406 2896 5464 suam
2945 5388 3417 5464 accommodaret
3438 5386 3660 5464 :m’nihil

1997 5455 2296 5521 autem'ea
2321 5463 2715 5534 signiﬁcatum
2740 5461 3026 5534 voluisse,
3071 5460 3187 5534 nisi
3217 5459 3407 5534 solum
3432 5455 3661 5534 _Christi

1998 5539 2240 5601 exitum,
2266 5527 2750 5604 sed'virginitatis
2769 5533 2956 5601 septis
2974 5527 3042 5584 ac
3074 5530 3288 5601 signis,
3314 5527 3506 5598 qualia
3533 5527 3660 5580 fue-

1996 5611 2126 5662 rant
2157 5610 2288 5660 ante
2328 5603 2685 5676 partu’mtin
2731 5603 2862 5673 ipso
2905 5605 3075 5676 partu
3113 5604 3422 5676 e_t__post_e_a
3465 5611 3661 5676 usque

2038 5667 2541 5734 erseverafitibus.
2569 5667 2724 5729 'Vide
2753 5667 3094 5748 quae'citato
3143 5667 3292 5725 libro
3343 5667 3661 5740 Exposfin

1997 5695 2242 5812 faucem.
2271 5747 2384 5808 col.
2417 5745 2574 5812 1300,
2609 5753 2768 5806 num.
2802 5745 2894 5812 5'7;-
2925 5740 3403 5804 subnotavimus.
3654 5745 3660 5750 '

2026 5765 2242 5827 .ucam,
2271 5747 2384 5808 col.
2417 5745 2574 5823 1300,
2609 5740 2894 5822 ιιιιωξδἿδ
2925 5740 3414 5827 ειώηοιαγὶωυει
