4060 6158
266 888 309 915 ν

462 282 583 396 ἐιθέ

1932 360 1998 423 S.
2042 355 2487 426 AMBROSII.
3784 376 3895 441 386

464 533 527 590 in
560 548 674 638 qua
890 519 1165 638 Shrist‘u‘;
1196 530 1255 601 Et
1287 552 1518 609 exivit?
1547 555 1653 611 Est
1697 560 1853 613 enim
1892 564 1948 615 et
1977 564 2145 631 porta
2172 545 2222 609 Ᾱ
2261 553 2411 619 264
2440 579 2558 619 ιιοιι
2591 565 2916 619 ascendant
2945 564 3004 619 in
3037 567 3093 620 te
3126 568 3336 638 spinm,
3371 570 3476 625 sed
3506 587 3633 626 uvae
3664 574 3770 628 tum
3800 576 3897 629 Ποσ

464 626 714 722 ven-tris.
732 620 995 722 Undeait
1008 621 1039 687 xl
1046 626 1121 689 ob
1142 642 1411 696 sanctus:
1428 620 2145 722 Intenebreseantﬁhquit

464 712 872 807 stellmhoctis
888 720 1073 793 illius,
1099 725 1234 796 quia
1248 743 1360 783 non
1382 732 1670 788 conclusit
1681 743 1893 807 portas
1911 712 2144 793 ventris

461 800 839 863 matrismem
859 808 1013 879 (Job.
1048 828 1129 882 xxx,
1163 813 1217 883 9,
1253 815 1362 886 10).

532 893 622 950 55.
657 894 765 950 Est
805 912 951 969 ergo
998 902 1057 953 et
1107 905 1279 971 porta
1325 908 1572 979 ventris,
1612 912 1720 967 sed
1769 930 1886 969 non
1935 915 2140 971 clausa

462 999 728 1054 semper:
764 1000 970 1041 verum
1001 1004 1114 1044 una
1138 990 1265 1045 sola
1296 997 1483 1063 potuit
1514 1014 1754 1056 manere
1788 1003 2009 1074 clausa,
2032 1021 2141 1075 per

462 1088 635 1144 quam
658 1074 789 1129 sine
815 1074 1125 1146 dispendio
1157 1080 1551 1140 claustrorum
1578 1090 1924 1160 genitalium
1956 1074 2139 1166 virgi-

458 1162 553 1255 xiis
575 1165 780 1255 partus
802 1164 1003 1255 eicivit.
1022 1166 1179 1239 Ideo,
1203 1170 1283 1224 ait
1302 1173 1588 1244 propheta
1606 1177 2029 1252 (Ezeeli.x1.xv,
2053 1162 2131 1255 ἒ).

456 1248 646 1305 Porta
664 1251 789 1308 haec
800 1252 997 1309 clausa
1009 1255 1131 1310 erit
1149 1276 1167 1311 .-
1182 1274 1295 1314 non
1318 1265 1649 1337 aperietur,
1675 1275 1733 1323 et
1752 1285 1919 1325 nemo
1942 1248 2142 1327 trans-

453 1338 574 1393 ibit
606 1348 723 1411 per
761 1356 921 1396 eam:
971 1343 1086 1399 hoc
1126 1350 1245 1422 'est,
1282 1365 1455 1406 nemo
1490 1352 1834 1428 hominum;
1867 1360 2137 1431 quoniam

451 1426 756 1520 Dominus,
792 1430 999 1503 inquit,
1052 1434 1214 1490 Deus
1242 1436 1442 1494 Israel
1495 1446 1782 1501 transibit
1824 1426 1939 1520 per
1982 1465 2132 1506 eam.

450 1513 710 1589 Eritque
730 1519 946 1603 clausa,
982 1521 1041 1577 id
1073 1518 1315 1581 estante
1344 1532 1403 1583 et
1430 1537 1568 1603 post
1588 1513 1898 1591 transitum
1930 1538 2135 1594 Domi-

448 1604 511 1659 ni
542 1605 652 1660 erit
697 1602 939 1664 clausa:
994 1614 1051 1665 et
1099 1628 1216 1667 non
1254 1602 1559 1686 aperietur
1588 1638 1619 1676 a
1651 1639 1970 1695 quoquam,
2021 1642 2135 1682 nec

447 1696 647 1783 aperta
684 1700 809 1767 est;
842 1699 1119 1768 quoniam
1153 1700 1362 1758 habuit
1405 1724 1649 1781 semper
1676 1712 1921 1783 janua‘m
1962 1729 2133 1769 suam

447 1782 770 1855 Christum,
805 1787 905 1858 qui
945 1788 1126 1845 dixit:
1170 1791 1303 1864 Ego
1346 1813 1471 1851 sum
1501 1782 1695 1871 janua
1728 1802 1917 1871 (Joan.
1958 1820 2017 1874 κ,
2050 1804 2128 1875 9),

447 1886 626 1944 quam
658 1889 832 1930 nemo
864 1877 938 1931 ab
971 1892 1037 1931 ea
1066 1881 1256 1949 potuit
1284 1886 1565 1945 avellere.

2258 656 2445 707 reant.
2480 652 2702 708 Hortus
2735 654 2977 709 clausus
3008 670 3096 724 es,
3134 655 3251 709 filia
3282 672 3452 713 nemo
3469 659 3686 714 auferat
3708 676 3892 733 sepem

2257 742 2341 795 tui
2373 741 2641 812 pudoris,
2678 742 2813 813 quia
2832 744 3116 813 scriptum
3140 746 3233 798 est
3256 760 3268 799 :
3291 746 3371 799 Et
3404 747 3797 833 destruentcm
3815 769 3895 807 se-

2252 845 2389 900 pem
2416 830 2709 885 mordebit
2732 847 2987 902 serpens
3000 833 3226 900 (Eecle.
3242 851 3301 904 x,
3325 835 3399 904 8).
3425 836 3540 892 Sed
3560 838 3711 892 illam
3727 830 3897 896 solam

2259 917 2505 989 auferat,
2551 919 2623 974 de
2662 935 2775 991 qua
2807 921 3027 976 dictum
3056 926 3184 978 est:
3235 922 3387 988 Quid
3418 926 3606 981 incisa
3638 935 3725 981 est
3752 932 3898 1000 scpis

2257 1005 2431 1077 (Gen.
2455 1024 2704 1078 xxxvxu,
2741 1009 2832 1078 ‘29)
2854 1010 2882 1064 ‘?
2914 1010 3101 1066 Nemo
3131 1012 3413 1082 parietem
3446 1018 3603 1069 tuum
3633 1016 3896 1086 destruat,

2256 1111 2331 1150 ne
2381 1095 2468 1151 sis
2520 1097 2581 1151 in
2634 1098 3161 1156 conculcationem.
3216 1102 3538 1158 Paradisus
3594 1120 3683 1175 es,
3721 1106 3896 1178 virgo,

2255 1183 2441 1240 Evam
2471 1201 2635 1242 cave.

2326 1275 2417 1330 61.
2450 1274 2609 1331 Fons
2658 1276 2931 1349 signatus
2970 1293 3058 1348 es,
3092 1279 3286 1352 virgo,
3320 1296 3493 1336 nemo
3522 1297 3728 1353 aquam
3757 1285 3900 1337 tuam

2253 1364 2495 1436 polluat,
2552 1379 2725 1421 nemo
2779 1367 3123 1424 conturbet:
3181 1372 3243 1424 ut
3294 1370 3612 1442 imaginem
3665 1374 3814 1426 tuam
3847 1372 3899 1426 in

2253 1454 2417 1510 fonte
2448 1457 2548 1509 tuo
2580 1469 2819 1526 semper
2846 1456 3133 1513 attendas.

2325 1542 2414 1598 62.
2443 1543 2624 1599 ‘Porta
2656 1544 2857 1599 clausa
2888 1561 2976 1615 es,
3009 1546 3204 1619 virgo,
3230 1562 3405 1604 nemo
3435 1549 3655 1619 aperiat
3679 1546 3899 1619 januam

2252 1633 2432 1703 tuam,
2466 1649 2642 1705 quam
2678 1634 2864 1689 semel
2908 1635 3123 1691 clausit
3168 1636 3424 1693 Sanctus
3472 1641 3529 1693 et
3572 1638 3780 1708 Verus,
3810 1637 3900 1709 qui

2254 1722 2430 1777 habet
2461 1722 2673 1777 clavim
2716 1723 2922 1788 David,
2972 1725 3073 1796 qui
3103 1726 3309 1797 aperit,
3361 1730 3418 1781 et
3464 1742 3634 1781 nemo
3666 1726 3895 1782 claudit:

2253 1810 2470 1876 claudit
2499 1815 2555 1865 et
2603 1828 2776 1866 nemo
2815 1814 3004 1883 aperit
3048 1814 3250 1886 (Apoc.
3304 1832 3389 1885 xxx,
3419 1816 3495 1886 Ἳ).
3541 1816 3779 1888 Aperuit
3806 1814 3899 1870 tibi

2163 1898 2608 1987 BScripturas,
2656 1916 2828 1956 nemo
2892 1918 2994 1957 eas
3052 1903 3314 1963 claudat:
3369 1903 3584 1959 clausit
3636 1904 3900 1976 pudorem

523 1959 612 2017 56.
648 1963 793 2061 llaec
824 1968 989 2061 porta
1023 1968 1097 2021 ad
1126 1969 1418 2029 orientem
1450 1976 1811 2047 aspiciebat:
1852 1981 2130 2051 quoniam
2163 1959 2218 1987 υ
2243 1959 2440 2059 tuum,
2472 1959 2645 2045 nemo
2678 1991 2901 2061 aperiat
2930 2007 3086 2047 eum.

445 2065 655 2141 verum
676 2051 873 2108 lumen
897 2053 1120 2127 eﬂ'udit,
1147 2074 1287 2129 quas
1311 2066 1617 2135 generavit
1637 2068 2134 2141 Orientem,pepe-

446 2140 640 2228 ritque
672 2141 870 2197 Solem
893 2142 1167 2215 justitiae.
1202 2151 1461 2207 Audiant
1506 2170 1650 2227 ergo
1682 2140 2086 2228 imprudentes
2112 2175 2125 2216 :

445 2227 684 2319 glausa,
714 2230 923 2303 inquit,
959 2234 1071 2289 erit
1100 2235 1235 2292 huic
1283 2246 1471 2313 porta,
1504 2260 1638 2316 quin
1682 2227 1877 2301 solum
1921 2248 2131 2319 recipit

446 2312 634 2374 Deum
655 2319 858 2377 Israel.
886 2322 943 2377 Is
967 2322 1152 2395 igitur
1172 2327 1246 2382 de
1284 2345 1401 2401 quo
1441 2312 1660 2389 dictum
1695 2338 1786 2389 est
1820 2334 1893 2390 ad
1916 2312 2128 2392 Eccl-e-

445 2406 597 2463 siam
622 2424 634 2464 :
674 2408 955 2475 Quoniam
975 2414 1249 2471 conferta
1260 2419 1344 2473 vit
1361 2436 1538 2476 seras
1551 2430 1863 2494 portarum
1897 2430 2125 2480 tuarum

444 2496 578 2568 (Ps.
593 2513 830 2566 cxnvxxx,
852 2499 963 2570 13),
980 2517 1153 2558 suam
1166 2510 1397 2575 portam
1410 2510 1747 2567 confortare
1762 2528 1879 2568 non
1896 2514 2082 2584 potuit
2099 2516 2128 2570 ἱ)

445 2585 564 2642 Sed
595 2587 964 2643 conﬁrmavit
994 2592 1263 2661 profecto
1296 2599 1353 2651 et
1382 2601 1648 2655 servavit
1683 2601 1981 2657 intactam.
2015 2603 2129 2659 De-

445 2674 626 2746 nique
652 2691 777 2731 non
805 2679 900 2732 est
932 2683 1154 2749 aperta.

516 2762 606 2819 57.
654 2764 910 2820 Audiant
963 2767 1147 2839 igitur
1201 2772 1550 2844 prophetam
1608 2777 1929 2834 dicentem:
1988 2780 2130 2836 Non

456 2852 787 2925 aperietur,
822 2856 1059 2927 eritque
1089 2857 1310 2931 clausa,
1331 2862 1445 2919 hoc
1466 2869 1578 2935 est,
1602 2883 1720 2923 non
1742 2868 2038 2938 aperietur
2052 2870 2126 2925 ab

448 2956 521 2998 eo
554 2942 651 2998 cui
679 2942 1144 3014 desponsabitur
1170 2964 1183 3017 ;
1231 2965 1351 3005 non
1380 2952 1583 3010 licebit
1614 2957 1769 3011 enim
1800 2960 1862 3012 ut
1890 2958 2123 3028 aperia-

443 3033 559 3101 tur,
593 3046 702 3103 per
729 3044 906 3104 quam
940 3034 1227 3093 Dominus
1256 3042 1552 3097 transibit.
1588 3044 1661 3099 Et
1680 3049 1816 3115 post
1845 3062 1999 3117 eum,
2035 3030 2123 3102 in-

444 3121 591 3192 quit,
615 3121 728 3177 erit
759 3121 982 3193 clausa,
1020 3123 1132 3180 hoc
1163 3131 1275 3197 est,
1315 3144 1433 3185 non
1454 3135 1681 3202 aperiet
1711 3150 1839 3189 eam
1871 3135 2119 3207 Joseph,

443 3210 724 3281 quoniam
745 3211 974 3267 dicetur
1005 3213 1097 3270 ei:
1137 3214 1281 3271 Noli
1314 3219 1528 3275 timere
1562 3224 1836 3295 accipere
1864 3225 2126 3280 Mariam

443 3298 750 3371 eory'ugem
771 3306 957 3366 tuam;
982 3304 1132 3375 quod
1154 3307 1312 3360 enim
1332 3323 1409 3362 ex
1425 3324 1493 3363 ea
1517 3317 1821 3384 nascetur,
1841 3313 1917 3369 de
1934 3313 2130 3386 Spiri-

447 3393 509 3442 tu
537 3394 745 3445 sancto
768 3396 860 3445 est
887 3392 1127 3461 (Μαίη).
1147 3410 1186 3463 ι,
1220 3395 1330 3466 20).

1083 3500 1339 3557 CAPUT
1373 3503 1473 3560 IX.

448 3602 739 3693 Quomodo
780 3609 970 3664 variis
1012 3608 1325 3693 symbolis.
1356 3612 1684 3693 virginitas
1718 3614 2120 3693 signiﬁcetur,

517 3680 735 3755 quidve
762 3696 840 3755 ei;
870 3680 1069 3736 eorum
1100 3680 1359 3753 singulis
1394 3680 1606 3740 dicere
1637 3680 1896 3741 debeant
1930 3680 2122 3743 saera}

521 3751 681 3825 ἶνίνρί
685 3768 792 3807 nes
805 3751 834 3806 .9

512 3859 604 3915 58.
636 3860 813 3914 Porta
843 3873 989 3931 ergo
1034 3856 1235 3913 clausa
1276 3858 1593 3931 virginitas
1639 3865 1769 3918 est:
1821 3867 1878 3918 et
1906 3864 2117 3920 hortus

445 3947 689 4005 clausus
709 3947 1023 4019 virginitas
1041 3961 1053 4002 :
1069 3949 1126 4002 et
1142 3945 1281 4002 fons
1292 3947 1569 4019 signatus
1585 3951 1921 4023 virginitas.
1940 3954 2114 4024 Audi,

440 4038 637 4110 virgo,
660 4036 1005 4108 diligentius
1028 4036 1248 4106 apertis
1269 4038 1541 4107 auribus,
1561 4043 1618 4094 et
1640 4041 1843 4095 clauso
1866 4042 2113 4113 pudore,

442 4127 607 4198 aperi
644 4141 877 4195 manus,
917 4130 981 4179 ut
1018 4130 1073 4180 te
1111 4141 1335 4196 pauper
1372 4132 1697 4199 agnoscat:
1757 4130 1963 4185 claude
2011 4146 2115 4186 os-

441 4216 607 4285 tium,
641 4230 715 4270 ne
743 4217 1060 4270 temerator
1101 4214 1360 4285 irrepat;
1410 4217 1576 4287 aperi
1620 4220 1895 4288 mentem,
1940 4235 2117 4275 serva

445 4303 843 4377 signaculum.

511 4392 603 4447 59.
636 4392 818 4465 Virga
840 4407 1076 4464 quoque
1097 4391 1341 4447 aradice
1362 4392 1675 4465 virginitas
1698 4397 1823 4466 est;
1846 4396 1935 4451 sic
1958 4395 2115 4451 enim

442 4482 731 4553 scriptum
761 4483 889 4537 est:
921 4480 1105 4535 Exiet
1146 4482 1314 4552 virga
1345 4497 1377 4535 a
1409 4482 1616 4538 radice
1640 4483 1834 4554 Jesse,
1861 4489 1920 4539 et
1951 4485 2061 4540 llos
2082 4502 2114 4540 a

441 4570 651 4639 radice
673 4568 804 4642 ejus
825 4569 1109 4643 ascendet
1122 4569 1262 4640 (Isa.
1289 4587 1369 4640 xx,
1394 4569 1468 4639 1).
1492 4570 1625 4625 Νοιι
1649 4576 1851 4626 cavata
1871 4576 1962 4627 est
1984 4573 2114 4629 haec

2904 2116 3157 2172 CAPUT
3188 2117 3262 2174 X.

2244 2220 2525 2294 Innuitur
2554 2222 2962 2294 virginitatem
2981 2240 3253 2280 coronam
3275 2241 3415 2281 esse
3437 2225 3498 2280 iu
3517 2240 3687 2280 manu
3714 2224 3895 2280 Domi-

2320 2293 2404 2362 ni,
2423 2308 2604 2368 Aquam
2638 2293 2809 2348 unum
2841 2311 2954 2368 non
2972 2296 3291 2368 secundum
3304 2298 3565 2368 perinde
3586 2313 3652 2351 ac
3668 2297 3893 2368 Patrem

2320 2371 2380 2449 et
2409 2364 2697 2449 Spiritum
2727 2366 2986 2449 produnt
3017 2364 3474 2449 Scripturae._.ln
3498 2369 3605 2423 hoc
3633 2367 3901 2449 objiciunt

2317 2435 2643 2522 Evangelii
2674 2435 2899 2522 textum
2931 2435 3226 2522 haeretici,
3262 2445 3320 2522 at
3352 2438 3460 2522 illo
3482 2456 3598 2522 per
3625 2435 3898 2522 aliatesti-

2318 2506 2511 2561 monia
2534 2506 2740 2571 soluto,
2769 2507 2920 2563 lides
2950 2506 3237 2565 catholica
3269 2509 3343 2565 de
3385 2506 3679 2565 Trinitate
3707 2508 3898 2565 contir-

2312 2582 2532 2633 matur.

2309 2700 2404 2756 63.
2451 2701 2652 2773 Venio,
2684 2702 2893 2774 inquit,
2946 2705 3082 2771 cito,
3121 2711 3258 2762 tene
3304 2706 3462 2779 quod
3490 2706 3709 2763 babes:
3749 2719 3898 2762 nemo

2241 2790 2497 2862 accipiat
2529 2807 2802 2847 coronam
2836 2799 2991 2847 tuam
3020 2792 3227 2866 (Apoc.
3266 2812 3348 2865 xxx,
3377 2796 3490 2867 11).
3522 2795 3662 2862 Qum
3693 2799 3779 2851 est
3804 2810 3894 2851 co-

2242 2895 2386 2934 rona
2422 2882 2540 2949 tua,
2574 2880 2806 2935 nisiilla
2838 2880 2910 2937 de
2933 2898 3047 2954 qua
3080 2883 3298 2939 dictum
3321 2888 3457 2941 est:
3490 2886 3573 2940 Et
3602 2885 3726 2940 eris
3752 2899 3895 2941 coro-

2237 2984 2318 3021 na
2351 2967 2591 3024 decoris
2617 2970 2678 3023 in
2708 2986 2883 3024 manu
2908 2970 3147 3027 Domini
3174 2971 3314 3042 (Isa.
3347 2991 3492 3044 x.xxx,
3518 2975 3652 3045 62)?

2312 3056 2403 3111 64.
2434 3055 2580 3123 Quis
2612 3057 2725 3113 hoc
2755 3059 2913 3126 dicit,
2961 3060 3077 3115 nisi
3130 3060 3228 3117 ille
3260 3061 3332 3117 de
3363 3078 3484 3135 quo
3532 3064 3676 3119 dixit
3705 3062 3892 3118 Eccle-

2237 3146 2463 3201 siastes
2492 3162 2505 3202 :
2535 3146 2651 3201 Est
2682 3164 2847 3217 unus,
2884 3154 2943 3203 et
2973 3165 3086 3205 non
3120 3157 3212 3205 est
3243 3153 3547 3208 secundus
3576 3152 3789 3222 (Eecle.
3823 3166 3892 3218 xv,

2166 3278 2219 3343 Ο
2236 3234 2295 3305 8)
2314 3237 2341 3289 ‘?
2371 3233 2515 3299 Quis
2534 3239 2627 3290 est
2646 3236 2907 3305 iste,nisi
2928 3237 3026 3292 ille
3050 3238 3121 3294 de
3151 3255 3268 3311 quo
3308 3239 3531 3296 dictum
3551 3245 3672 3296 est:
3717 3239 3894 3311 Magi-

2241 3329 2376 3378 ster
2395 3330 2600 3379 vester
2615 3341 2763 3379 unus
2776 3332 2867 3380 est
2886 3325 3165 3382 Christus
3178 3327 3727 3400 (Mattb.xxxxx,tO)?
3747 3328 3894 3384 Unus

2239 3416 2352 3483 cst,
2390 3413 2525 3484 quia
2556 3413 2900 3486 unigenitus
2924 3415 3025 3470 Dei
3048 3415 3233 3471 Filius
3259 3432 3271 3473 :
3307 3419 3450 3490 quia
3472 3419 3660 3488 solus,
3683 3421 3741 3473 ut
3761 3416 3890 3473 scri-

2240 3505 2405 3572 ptum
2434 3506 2559 3557 est:
2618 3502 2764 3568 Quia
2798 3505 3082 3576 expandit
3112 3506 3318 3561 caelum
3352 3508 3537 3578 solus,
3572 3515 3630 3564 et
3660 3504 3893 3563 ambulat

2237 3591 2395 3645 sicut
2425 3590 2488 3644 iu
2524 3597 2687 3646 terra
2719 3608 3074 3664 supermare
3091 3593 3244 3664 (Job.
3271 3612 3353 3666 xx,
3380 3596 3458 3667 8).
3494 3597 3604 3651 Hic
3630 3611 3766 3668 ergo
3786 3608 3889 3649 non

2239 3680 2569 3751 secundus,
2593 3680 2729 3752 quia
2759 3681 2988 3751 primus
3022 3685 3140 3738 est:
3176 3698 3293 3739 non
3312 3688 3408 3739 est
3438 3686 3755 3755 secundus,
3773 3681 3893 3755 quia

2237 3784 2393 3823 unus
2417 3771 2511 3822 est
2532 3784 2545 3822 :
2579 3768 2742 3823 Unus
2762 3770 2925 3824 Deus
2943 3770 3153 3842 Pater,
3180 3788 3258 3827 ex
3273 3789 3384 3845 quo
3405 3776 3620 3846 omnia,
3646 3778 3702 3830 et
3723 3788 3820 3828 nos
3838 3772 3890 3825 in

2237 3856 2359 3926 illo,
2386 3862 2443 3911 et
2470 3872 2617 3911 unus
2637 3856 2923 3913 Dominus
2943 3864 3119 3914 Jesus
3149 3860 3457 3933 Christus,
3483 3877 3597 3936 per
3617 3878 3775 3937 quem
3791 3875 3891 3917 om-

2236 3946 2355 4008 nia,
2374 3950 2431 4000 et
2452 3962 2557 4000 nos
2562 3961 2679 4017 per
2692 3947 2882 4018 ipsum
2902 3947 2953 4016 (1
2966 3947 3101 4002 Cor.
3122 3966 3244 4019 vxxx,
3260 3949 3337 4020 6).
3356 3951 3534 4008 Unus
3550 3951 3705 4009 Deus
3720 3951 3887 4017 Pater,

2234 4038 2295 4090 et
2326 4048 2479 4089 unus
2511 4033 2669 4089 Deus
2702 4035 2887 4090 Filius
2919 4034 3053 4106 (45),
3089 4040 3145 4092 et
3175 4054 3329 4093 unus
3358 4039 3623 4112 Spiritus
3645 4042 3885 4106 sanctus,

2233 4123 2393 4178 sicut
2438 4123 2724 4193 scriptum
2772 4127 2895 4179 est:
2947 4123 3088 4181 Haec
3146 4133 3338 4182 autem
3386 4132 3585 4185 omnia
3630 4134 3887 4202 operatur

2234 4228 2387 4266 unus
2415 4216 2587 4283 atque
2618 4212 2774 4267 idem
2807 4210 3091 4284 Spiritus,
3129 4214 3415 4271 dividens
3454 4218 3709 4291 singulis
3731 4217 3884 4289 prout

2240 4299 2360 4353 vult
2391 4299 2448 4370 (Ι
2482 4300 2620 4355 (lor.
2653 4317 2755 4370 xxx,
2788 4298 2895 4369 11).
2932 4301 3122 4372 Unus,
3148 4302 3355 4374 inquit,
3383 4308 3525 4377 quia
3548 4323 3700 4362 unus
3723 4306 3882 4359 Deus.

2232 4386 2449 4443 Nullus
2483 4390 2786 4444 secundus
2815 4405 2827 4444 :
2882 4390 3017 4461 quia
3050 4392 3208 4462 quod
3238 4391 3364 4447 vult
3408 4395 3569 4466 facit,
3602 4411 3714 4451 non
3744 4390 3883 4465 quod

2232 4476 2571 4547 imperatur.
2607 4477 2775 4532 Unus
2808 4493 2952 4550 ergo
2986 4479 3158 4534 Pater
3188 4481 3368 4551 Deus,
3403 4489 3462 4538 et
3493 4500 3648 4539 unus
3679 4483 3776 4538 Dei
3806 4479 3886 4535 Fi-

2198 4629 2202 4633 ν
2231 4564 2369 4619 lius.
2406 4565 2574 4620 Unus
2607 4568 2664 4621 et
2693 4581 2870 4636 unus,
2902 4567 3039 4639 quia
3080 4585 3199 4624 non
3248 4574 3387 4625 sunt
3438 4573 3555 4628 duo
3600 4571 3698 4627 dii.
3731 4571 3880 4625 Unus

440 4637 633 4731 virga,
670 4637 777 4713 sed
808 4658 1018 4713 solida.
1054 4637 1241 4713 Nemo
1272 4637 1642 4730 ergo-adurat
1668 4660 1896 4733 virgam
1930 4665 2109 4733 tuam,
2145 4637 2205 4699 D
2231 4653 2441 4724 Filius,
2475 4654 2611 4725 quia
2635 4671 2769 4709 cum
2800 4637 2969 4711 Patre
3002 4674 3183 4712 unum
3217 4663 3329 4729 est,
3363 4660 3524 4715 sicut
3552 4662 3679 4733 ipse
3709 4658 3876 4714 dixit:

441 4751 507 4803 ut
536 4748 744 4803 florem
769 4750 935 4801 tuum
978 4748 1301 4802 custodias.
1354 4747 1536 4819 Virga
1580 4763 1669 4819 es,
1704 4765 1738 4803 ο
1768 4750 1960 4822 virgo,
1995 4768 2112 4807 non

444 4835 736 4908 curveris,
770 4852 887 4891 non
936 4836 1258 4891 inﬂecteris
1305 4836 1365 4892 in
1407 4839 1675 4909 terrram,
1719 4842 1783 4893 ut
1811 4840 1871 4893 in
1898 4843 1953 4894 te
1999 4841 2111 4895 ﬂos

440 4929 704 4998 paternae
740 4924 958 4979 radicis
990 4925 1290 4980 ascendat.

513 5014 602 5069 60.
629 5014 852 5069 Hortus
872 5013 1113 5068 clausus
1135 5029 1222 5085 es,
1243 5013 1437 5087 virgo,
1471 5030 1647 5071 serva
1669 5015 1897 5073 fructus
1940 5019 2109 5074 tuos:

515 5157 628 5228 (44)
657 5156 831 5230 ﬁdit,
867 5155 977 5211 sed
1008 5170 1119 5211 non
1135 5158 1349 5230 guinis
1374 5157 1572 5212 clausa
1602 5174 1858 5230 semper.

514 5227 629 5299 (45)
660 5228 843 5300 Edit.,
870 5233 929 5282 et
954 5243 1100 5280 unus
1122 5227 1235 5300 Dei
1264 5227 1423 5282 {ilius
1438 5247 1457 5294 ί
1490 5245 1662 5300 mss.,
1695 5227 1753 5285 et
1777 5247 1925 5286 unus
1952 5230 2113 5287 Deus

444 5298 883 5378 Filiae-Nesis
914 5298 1239 5378 ορξηπξιοάρο

514 5369 629 5442 (46)
661 5368 911 5442 Dubium
945 5369 1041 5442 hic
1071 5368 1333 5442 incidere
1369 5372 1565 5439 potest
1602 5374 1794 5426 utrum
1837 5372 1895 5426 in
1926 5373 2110 5427 verbo

445 5440 650 5498 dicunt
677 5440 1045 5514 intelligendi
1085 5440 1206 5494 sint
1248 5441 1835 5514 Bonosiani?”Certe
1874 5444 2114 5514 quidem

441 5526 636 5585 neque
658 5510 1018 5585 Ambrosius
1033 5527 1220 5585 supra
1242 5526 1294 5585 c_.
1314 5513 1372 5585 _5,
1397 5528 1589 5585 neque
1628 5510 1926 5585 Bonosius
1962 5516 2022 5569 in
2043 5530 2112 5569 ea

441 5581 687 5666 opt—qua.
717 5582 812 5637 sui
834 5581 1124 5666 judicium
1154 5582 1226 5664 ad
1278 5581 1631 5666 Macedones
1670 5584 1996 5666 episcopos.
2018 5601 2113 5640 re-

442 5600 537 5656 ep.
571 5599 687 5709 qua
717 5599 812 5637 sui
834 5599 1124 5654 iudicium
1154 5599 1226 5637 an
1278 5599 1631 5638 macenones
1670 5600 1987 5654 episcopos
2018 5601 2107 5640 re-

442 5654 820 5726 mitti,_hanc
849 5653 938 5709 eis
970 5653 1249 5726 heresim
1277 5653 1558 5726 attribuit.
1593 5653 1709 5709 Sed
1740 5655 2107 5726 respondere

442 5664 636 5724 mittit,
668 5664 820 5709 hanc
849 5669 938 5709 exs
970 5664 1249 5709 maresxm
1277 5664 1558 5710 attribuit.
1593 5664 1709 5709 Sed
1740 5664 2107 5726 reSpondere
2223 5664 2484 5723 unquam
2514 5664 2586 5706 de
2619 5664 2826 5734 malum.
2867 5667 2960 5735 vir

441 5741 563 5783 non
580 5724 820 5783 difﬁcile
840 5728 951 5806 est,
972 5725 1033 5779 in
1064 5724 1427 5806 op_ere_quod
1446 5724 1822 5806 instituendas
1852 5726 2108 5806 virginis
2221 5721 2345 5777 tiat.
2379 5720 2565 5806 Ferro
2595 5737 2713 5806 non
2735 5722 2961 5806 iniuria

444 5809 591 5883 ausa
618 5788 963 5875 susceptum
991 5788 1174 5872 esset,
1206 5788 1342 5855 enin
1369 5790 1632 5857 errorem
1652 5792 1753 5878 qui
1783 5811 1859 5857 ex
1886 5788 2137 5857 diamer
2222 5806 2336 5857 nos
2373 5788 2470 5855 vel
2499 5792 2638 5857 hinc
2660 5788 2988 5874 intelligas,
3019 5795 3178 5877 quod
3209 5808 3344 5862 cum

2227 4742 2364 4815 Ego
2392 4749 2450 4797 et
2479 4743 2672 4799 Pater
2702 4761 2871 4799 unum
2914 4761 3115 4800 sumus
3152 4746 3343 4818 (Joan.
3389 4767 3451 4819 ιι,
3483 4749 3595 4819 30).
3646 4748 3714 4804 Et
3743 4760 3878 4801 unus

2232 4830 2508 4902 Spiritus,
2540 4832 2675 4904 quia
2712 4833 2905 4888 unitas
2947 4834 3248 4891 Trinitatis
3271 4838 3381 4908 est,
3402 4852 3523 4893 non
3555 4837 3753 4894 ordine
3773 4835 3880 4891 dis-

2230 4922 2431 4990 tincta,
2467 4937 2576 4976 nec
2605 4925 2887 4993 tempore.

2304 5010 2391 5063 65.
2413 5009 2528 5065 Sed
2554 5010 2755 5066 dicunt
2786 5011 3002 5066 lectum
3040 5011 3189 5085 (46);
3222 5013 3328 5086 Ite,
3354 5013 3658 5088 baptizate
3685 5016 3878 5088 gentes

2227 5156 2319 5208 tro
2357 5153 2681 5225 virginitati
2722 5155 3056 5225 opponitur,
3098 5158 3231 5210 ante
3279 5157 3473 5212 omnia
3522 5153 3872 5213 refutandum

2228 5226 2457 5311 fuisse:
2501 5226 2561 5311 in
2611 5226 2905 5311 Capuensi
2944 5230 3137 5311 autem
3176 5230 3403 5311 synodo
3445 5246 3563 5283 nun
3601 5226 3871 5311 agendum

2227 5296 2367 5371 nisi
2386 5295 2457 5350 de
2512 5296 2785 5371 dogmate
2816 5297 3077 5371 eisdem
3116 5295 3415 5371 hzereticis
3457 5295 3714 5371 proprio,
3754 5308 3872 5350 cum

2227 5367 2369 5420 illud
2404 5367 2568 5439 quod
2593 5367 2741 5439 ipsis
2773 5369 2947 5439 atque
2980 5369 3215 5422 Arianis
3246 5375 3368 5425 erat
3390 5367 3717 5439 commune,
3740 5371 3868 5439 satus

2229 5434 2529 5520 superque
2549 5434 2671 5520 jam
2685 5434 3310 5520 Eccle'sige‘auctoritas
3322 5434 3868 5520 confodissetIQuod

2227 5508 2449 5595 tamen;
2476 5508 2669 5593 obiter
2714 5508 3121 5595 hiemi-efellere
3171 5512 3696 5595 mini-meneg‘ligit
3729 5509 3866 5595 idem

2226 5578 2471 5649 praesul,
2506 5582 2641 5653 quia
2658 5581 2772 5653 qui
2799 5578 3021 5653 Christi
3043 5584 3348 5653 negaverit
3374 5578 3750 5648 divinitatem,
3778 5578 3868 5630 vix

2555 5667 2586 5706 e
2619 5651 2819 5705 Mariae
2867 5651 2960 5706 vir
3006 5651 3205 5708 initate
3253 5660 3539 5727 perpetua
3566 5655 3723 5709 recte
3751 5662 3871 5726 sen-

2555 5740 2565 5776 ι
2595 5737 2713 5779 non
2743 5668 3096 5781 iniuriaﬁxoo
3117 5723 3250 5781 loco
3271 5723 3587 5781 designari
3608 5724 3871 5780 Bonone-

3024 5737 3096 5779 oc
3117 5726 3250 5781 loco
3271 5726 3395 5783 desi

3380 5723 3587 5783 iuuari
3608 5721 3875 5780 Bononia-

3370 5740 3873 5875 32⁸τὲιῖίέῗὲίέῧί
