4060 6158
239 366 350 430 337

1208 359 1465 424 LIBER
1500 357 1613 422 DE
1655 355 2257 423 INSTITUTIONE
2295 355 2695 420 VIRGINIS.

3559 351 3680 419 338

233 551 297 617 lin
325 562 544 617 nomine
574 561 785 617 Patris
812 567 869 615 et
902 560 1047 616 Filii
1068 568 1125 615 et
1149 560 1416 632 Spiritus
1436 559 1631 613 sancti
1648 557 1888 631 (Matth.
1923 548 1982 611 A
2011 557 2109 631 qui
2141 558 2285 613 nulli
2313 559 2411 613 alii
2443 559 2561 614 nisi
2591 558 2729 615 huic
2759 558 2985 614 servire
3015 556 3263 614 Domino
3297 555 3624 613 debemus?

234 669 427 721 xxviii,
464 652 570 720 19),
605 655 661 705 et
689 650 1001 719 objiciunt,
1037 650 1172 720 quia
1201 649 1389 720 primo
1427 649 1657 702 Patrem
1704 645 1893 701 nomi-

230 743 399 807 mavit,
449 740 712 794 secundo
765 739 1005 808 Filium,
1058 739 1228 792 tertio
1271 737 1551 807 Spiritum
1600 739 1890 790 sanctum.

231 828 516 899 Numquid
549 844 715 899 ergo,
748 829 882 899 quia
915 828 1055 881 dicit
1102 826 1490 897 Evangelium
1523 840 1534 880 :
1569 824 1637 879 In
1667 824 1895 896 princi-

222 920 319 990 pio
338 924 461 972 erat
498 916 768 986 Verbum,
795 924 852 970 et
890 915 1140 969 Verbum
1164 921 1295 969 erat
1327 914 1479 986 apud
1496 914 1678 968 Deum
1702 913 1891 982 (.loau.

228 1025 270 1068 ι,
300 1008 367 1075 1),
417 1006 756 1059 inferiorem
807 1004 1171 1076 signiﬁcavit
1217 1003 1468 1071 Patrem,
1515 1002 1655 1073 quia
1702 1001 1894 1072 primo

229 1096 478 1149 Verbum
522 1096 669 1159 265
722 1094 826 1148 Dei
873 1095 932 1147 in
984 1092 1273 1163 principio
1323 1106 1559 1162 semper
1625 1106 1762 1145 esse
1826 1105 1895 1144 ac

232 1184 410 1237 fuisse
452 1183 840 1237 memoravit?
888 1186 1003 1236 Aut
1053 1198 1187 1235 cum
1234 1180 1380 1235 dixit
1423 1178 1746 1250 Apostolus
1780 1194 1795 1237 :
1828 1178 1894 1233 In

235 1289 402 1344 regno
433 1272 672 1327 Christi
700 1278 758 1326 et
793 1272 905 1326 Dei
932 1271 1181 1342 (Ephes.
1214 1286 1271 1339 v,
1307 1271 1383 1339 5),
1418 1269 1687 1324 ordinem
1718 1267 1895 1324 fecit?

234 1363 335 1414 Aut
373 1377 500 1414 cum
558 1361 701 1415 dicit
740 1362 868 1430 ipse
901 1360 1187 1413 Dominus
1220 1358 1401 1414 Jesus
1436 1375 1448 1414 :
1484 1357 1753 1429 Spiritus
1781 1356 1893 1413 Do-

230 1451 362 1504 mini
371 1467 551 1521 super
570 1467 681 1514 me,
702 1456 952 1521 propter
974 1449 1125 1521 quod
1141 1449 1308 1502 unxit
1334 1464 1442 1514 me,
1470 1446 1893 1517 evangelizare

217 1539 573 1611 pauperibus
604 1540 767 1592 misit
790 1555 899 1601 me,
921 1537 1262 1608 przedicare
1292 1535 1550 1607 captivis
1579 1534 1891 1589 remissio-

223 1644 343 1683 nem
371 1628 535 1696 (Luc.
571 1644 650 1696 iv,
688 1628 795 1697 18),
830 1626 1276 1682 eminentiorem
1307 1624 1455 1679 Filio
1480 1623 1586 1679 Dei
1608 1622 1892 1694 Spiritum

218 1730 348 1770 esse
376 1719 630 1770 testatus
660 1718 791 1771 est?

284 1804 367 1859 66.
408 1805 713 1872 Advertis,
749 1806 941 1876 virgo,
974 1801 1467 1875 quemadmodum
1502 1801 1615 1856 ista
1645 1800 1891 1855 solvan-

2081 645 2168 702 71.
2214 648 2322 702 Hic
2352 664 2496 719 ergo
2529 664 2645 702 non
2694 651 2785 702 est
2814 648 3135 703 secundus.
3188 647 3314 719 Ego
3360 649 3519 701 certe
3567 646 3679 701 hoe

2005 736 2405 792 testimonium
2436 737 2669 792 defero:
2696 737 2831 807 lego
2854 737 2987 808 quia
3012 737 3237 807 primus
3256 739 3367 803 est,
3387 735 3523 808 lego
3541 735 3681 808 quia

2006 843 2124 881 non
2155 831 2246 882 est
2278 827 2600 883 secundus.
2636 827 2722 881 llli
2753 826 2855 898 qui
2900 826 3228 881 secundum
3272 826 3453 896 alunt,
3503 825 3679 885 doce-

2005 919 2103 969 ant
2125 916 2396 971 lectione.

2076 1004 2165 1060 7‘2.
2209 1005 2323 1061 Sed
2357 1006 2498 1060 dicit
2525 1004 2741 1077 aliquis
2773 1004 2909 1076 quia
2940 1003 3227 1073 scriptum
3266 1004 3358 1058 est
3389 1018 3402 1058 :
3435 1002 3680 1058 Primus

2005 1094 2174 1149 homo
2204 1095 2277 1150 de
2310 1102 2477 1149 terra
2510 1102 2812 1163 terrenus,
2860 1092 3157 1148 secundus
3200 1093 3370 1147 homo
3413 1092 3487 1147 de
3535 1092 3681 1147 cwla

2006 1183 2269 1238 cmlestis
2298 1184 2355 1255 (Ι
2382 1184 2518 1240 Cor.
2551 1200 2650 1253 xv,
2683 1183 2792 1253 4‘1).
2843 1183 3060 1238 Verum
3092 1181 3324 1236 attende
3356 1180 3494 1252 quid
3526 1180 3683 1235 dicat

2002 1273 2153 1345 (48):
2189 1273 2519 1342 Secundus,
2554 1272 2761 1344 inquit,
2795 1271 2981 1341 homo,
3015 1271 3187 1343 quasi
3234 1270 3534 1325 hominem
3578 1284 3680 1323 se-

2003 1364 2260 1417 cundum
2290 1362 2455 1417 dixit.
2491 1361 2562 1417 Et
2591 1378 2704 1434 ego
2735 1361 2867 1416 dico
2898 1361 3033 1433 quia
3064 1361 3290 1432 primus
3324 1361 3416 1414 est
3464 1373 3681 1414 secun-

2003 1453 2141 1507 dum
2172 1452 2553 1521 divinitatem,
2585 1453 2717 1506 aute
2747 1467 2922 1523 quem
2952 1450 3172 1518 nullus,
3218 1448 3522 1504 secundus
3570 1463 3680 1503 au-

2001 1544 2119 1596 tem
2150 1541 2480 1596 secundum
2511 1555 2769 1611 carnem,
2803 1540 2939 1612 quia
2968 1543 3104 1611 post
3132 1539 3341 1593 Adam.

2072 1631 2161 1687 '73.
2205 1630 2332 1703 Ego
2362 1630 2497 1701 plus
2528 1630 2680 1699 dico,
2715 1644 2833 1684 non
2863 1628 3057 1683 solum
3088 1644 3201 1700 ego
3233 1626 3563 1682 secundum
3580 1624 3682 1681 ho-

2002 1721 2238 1790 minem,
2274 1719 2381 1775 sed
2414 1719 2588 1774 etiam
2627 1719 3040 1773 novissimum.
3075 1717 3339 1789 Denique
3370 1716 3460 1771 sic
3489 1715 3678 1772 habes

2001 1810 2319 1880 scriptum:
2347 1808 2566 1863 Factus
2589 1813 2679 1863 est
2695 1808 2928 1880 primus
2945 1808 3112 1862 homo
3131 1806 3322 1862 Adam
3346 1805 3406 1860 in
3424 1805 3678 1861 animum
3758 1808 3761 1809 ⁷

217 1897 322 1949 tur.
369 1895 550 1966 Aperi
592 1896 666 1949 ad
714 1895 843 1949 haec
886 1909 1063 1948 aures
1113 1896 1268 1961 ωδε,
1327 1907 1396 1946 08
1445 1895 1609 1947 tuum
1656 1891 1882 1946 Cll!de-
1920 1873 1970 1937 Β
2008 1899 2323 1968 viventem,
2360 1897 2719 1952 novissimus
2748 1897 2938 1951 Adam
2969 1896 3031 1950 in
3063 1896 3338 1968 spiritum
3374 1894 3679 1949 viviﬁcan-

217 1984 381 2054 Aperi
414 2000 619 2053 aures,
654 1988 714 2038 ut
745 1984 918 2039 tidem
948 1982 1194 2037 audias:
1222 1981 1428 2036 claude
1460 1996 1551 2051 os,
1586 1983 1648 2035 ut
1681 1984 1885 2036 teneas

222 2074 629 2127 verecundiam
661 2072 798 2142 (t'i).

284 2162 365 2216 67.
409 2162 637 2216 Deinde
685 2161 827 2215 illud
875 2161 1101 2232 legunt,
1150 2160 1285 2231 quia
1312 2158 1475 2213 'dixit
1507 2175 1520 2214 :
1557 2158 1624 2213 In
1655 2159 1889 2213 nomine

222 2250 416 2304 Patris
437 2258 494 2304 et
520 2250 669 2305 Filii
699 2264 755 2304 et
788 2249 1055 2321 Spiritus
1083 2250 1310 2314 sancti;
1341 2251 1398 2302 et
1418 2264 1536 2303 non
1555 2248 1889 2319 intelligunt

219 2339 359 2409 quod
402 2343 538 2394 ante
591 2340 949 2409 praemiserit
992 2354 1005 2393 :
1058 2338 1126 2392 In
1174 2338 1426 2400 nomine,
1480 2337 1686 2409 inquit.
1738 2337 1886 2392 Tres

217 2443 491 2496 personas
521 2428 766 2500 quidem
793 2427 1172 2500 signiﬁcavit,
1207 2427 1316 2481 sed
1358 2442 1539 2481 unum
1586 2424 1887 2480 Trinitatis

215 2532 417 2571 nomen
448 2518 733 2572 asseruit.

274 2605 362 2660 '63.
404 2607 577 2661 Unus
609 2606 805 2677 itaque
838 2606 1019 2675 Deus,
1052 2622 1232 2660 unum
1260 2620 1494 2671 nomen,
1528 2620 1644 2659 una
1683 2604 1890 2658 divini-

213 2697 318 2762 tas,
364 2712 478 2749 una
528 2694 869 2765 majestas..
910 2695 1122 2749 Nullus
1171 2710 1315 2766 ergo
1360 2693 1684 2762 secundus,
1750 2694 1887 2765 quia

213 2784 562 2853 principium
595 2784 857 2838 omnium
886 2784 1142 2838 Trinitas
1172 2787 1284 2851 est,
1335 2786 1392 2837 et
1424 2782 1725 2836 Trinitatis
1761 2781 1885 2851 pri-

216 2876 395 2926 matus
423 2888 615 2943 super
645 2873 839 2928 omnia
869 2876 981 2928 est.
1027 2872 1187 2944 Ergo
1217 2887 1392 2941 unus,
1426 2874 1482 2926 et
1512 2887 1630 2926 non
1661 2872 1753 2924 est
1783 2885 1885 2925 se-

221 2961 454 3016 cundus.
489 2961 666 3018 Unus
698 2964 809 3031 est,
841 2962 943 3033 qui
973 2961 1302 3016 secundum
1331 2964 1461 3015 ’non
1500 2960 1696 3027 habet,
1746 2959 1885 3030 quia

220 3049 415 3104 unicus
437 3050 614 3106 solus
635 3051 765 3106 sine
785 3054 1046 3122 peccato,
1081 3050 1249 3104 solus
1271 3050 1401 3105 sine
1432 3048 1747 3121 adjutorio,
1782 3047 1880 3120 qui

218 3139 319 3193 ait:
345 3139 630 3214 Respexi,
666 3147 725 3194 et
757 3156 869 3194 non
901 3145 1033 3195 erat
1064 3139 1298 3212 adiutor
1328 3137 1467 3210 (Isa.
1500 3155 1660 3209 Lxm,
1694 3138 1769 3209 5).

852 3264 1104 3319 CAPUT
1143 3263 1243 3318 XI.

220 3389 347 3442 Cum
379 3394 694 3461 tantopere
719 3405 832 3461 pro
863 3389 1035 3443 nobis
1064 3388 1267 3461 labora
1281 3388 1436 3442 verit
1478 3387 1780 3461 Christus,
1826 3386 1886 3443 ei

280 3461 374 3513 uni
400 3458 685 3516 laborase
721 3458 839 3514 'nos
887 3466 1181 3531 oportere.
1230 3459 1423 3530 Ipsum
1468 3475 1583 3531 non
1627 3458 1749 3530 legi
1784 3474 1883 3513 se-

278 3533 519 3586 cundum
574 3547 731 3599 esse,
786 3530 1178 3585 nisi’tantum
1231 3536 1516 3603 quatenus
1562 3530 1731 3603 homo
1768 3536 1882 3603 est,

280 3619 382 3727 quo
409 3620 598 3659 sensu
627 3604 804 3657 etiam
837 3603 1198 3657 novissimus
1240 3600 1593 3672 appellatur.
1643 3601 1724 3655 Et
1773 3601 1886 3656 huc

301 3691 432 3727 oens
460 3673 865 3727 Ecclesiastis
893 3680 1065 3727 atque
1094 3672 1306 3727 Eliszei
1337 3671 1665 3727 exemplum
1705 3671 1886 3727 adap-

301 3671 432 3729 bcus
460 3673 865 3729 Ecclesiastis
893 3680 1065 3746 atque
1094 3671 1306 3728 eum
1317 3671 1665 3743 exemplum
1705 3671 1886 3744 adap-

287 3752 499 3800 tantur.

282 3867 363 3925 69.
403 3869 541 3926 Non
591 3875 685 3923 est
734 3866 876 3922 linis
905 3866 1102 3923 labori
1133 3867 1261 3939 ejus
1288 3866 1512 3938 (Ecele.
1535 3883 1613 3938 xv,
1638 3866 1717 3937 8),
1751 3865 1888 3938 quia

225 3971 316 4024 pro
343 3958 623 4012 omnibus
654 3956 978 4010 advocatus
1008 3959 1214 4010 noster
1242 3958 1336 4010 est
1357 3955 1512 4025 apud
1546 3956 1797 4023 Patrem,
1830 3957 1888 4010 et

222 4043 578 4101 infirmitates
626 4048 863 4099 nostras
912 4045 1198 4115 suscepit,
1250 4047 1309 4098 et
1355 4059 1462 4115 pro
1504 4044 1679 4101 nobis
1710 4043 1886 4113 dolet,

221 4148 314 4204 pro
340 4135 512 4189 nobis
549 4134 894 4199 infirmatur,
931 4134 1085 4187 sicut
1114 4133 1225 4188 ait:
1261 4132 1464 4206 Eger
1484 4148 1670 4203 eram,
1691 4138 1750 4187 et
1774 4149 1888 4188 non

229 4223 473 4279 visitatis
503 4240 600 4278 me
629 4222 870 4293 (.llatlh.
905 4239 1045 4289 xxv,
1082 4220 1192 4292 13).

284 4310 365 4365 ἾΟ.
409 4312 593 4385 quus
641 4310 841 4366 oculus
886 4328 997 4365 non
1047 4311 1304 4364 satiatur
1350 4309 1589 4365 divitiis
1644 4308 1889 4382 (Ibid);

226 4400 343 4469 quia
370 4400 497 4473 ipse
526 4405 621 4457 est
651 4400 893 4455 altitudo
926 4399 1261 4454 divitiarum
1291 4399 1601 4470 sapientiae
1625 4402 1681 4453 et
1703 4399 1892 4453 scien-

226 4486 309 4542 tiae
336 4489 456 4558 Dei,
491 4490 552 4544 in
584 4506 701 4561 quo
723 4490 860 4543 sunt
896 4489 1160 4543 thesauri
1195 4489 1638 4559 mysteriorium
1662 4487 1889 4541 coeles-
1923 4484 1975 4546 D

226 4574 370 4632 tium.
410 4579 528 4634 Cur
558 4595 705 4651 ergo
753 4578 975 4632 saeculo
1019 4577 1216 4648 potius
1249 4576 1611 4644 laboramus,
1647 4579 1705 4630 et
1736 4574 1891 4629 frau-

228 4663 414 4722 damus
443 4668 700 4722 animam
734 4670 995 4721 nostram
1026 4669 1202 4721 tantae
1233 4666 1517 4720 bonitatis
1549 4664 1883 4735 dispendio,

230 4820 366 4876 quos
409 4808 633 4864 Christi
678 4808 988 4863 aeternitati
1031 4808 1240 4862 hostes
1304 4806 1751 4862 infensissimos
1813 4821 1889 4861 ex

233 4880 426 4950 nriana
456 4881 675 4936 haeresi
698 4880 1023 4950 pullulasse
1047 4882 1296 4947 constat,
1323 4880 1395 4932 ita
1422 4877 1886 4950 posteacont‘usi

232 4948 446 5019 fuerint,
478 4956 540 5006 ut
570 4953 628 5006 hi
659 4948 883 5005 amisso
918 4950 1154 5020 proprio
1187 4950 1443 5017 nomine,
1499 4950 1558 5002 in
1605 4949 1885 5020 Bonosia-

234 5033 415 5092 corum
468 5022 812 5077 transierint
864 5019 1334 5092 appellationem,
1391 5019 1885 5092 quemadmodum

232 5088 546 5148 Gennadius
577 5094 679 5147 lib.
713 5093 787 5147 de
818 5088 1116 5163 Scriptor.
1150 5091 1383 5145 Eeeles.
1410 5088 1547 5160 cap.
1584 5088 1885 5163 ittestili-

236 5166 398 5219 catur.
447 5165 774 5219 Concilium
818 5161 991 5217 etiam
1053 5163 1266 5218 Arelat.
1317 5179 1377 5227 ιι,
1430 5178 1559 5216 can.
1614 5161 1678 5215 16
1708 5165 1764 5215 et
1795 5161 1879 5229 17,

237 5229 385 5302 docet
414 5252 487 5289 ex
523 5236 999 5290 Photmianorum
1029 5249 1232 5288 errore
1262 5233 1465 5287 venire
1492 5231 1879 5302 Bonosiacos,

240 5300 355 5380 licet
383 5322 512 5376 qua:
538 5307 610 5360 de
641 5311 1022 5380 utrorumque
1046 5305 1346 5380 baptismo
1368 5303 1506 5380 _illic
1540 5300 1881 5380 traduntur,

243 5374 472 5447 indicent
519 5380 577 5431 in
625 5393 828 5432 eorum
872 5374 1388 5447 docti-ina’aliquid
1420 5374 1725 5447 exstitisse
1756 5374 1883 5428 dis-

244 5444 498 5519 criminis.
533 5449 642 5501 Adi
674 5464 907 5519 quoque
937 5447 1159 5502 Gelasii
1189 5444 1491 5519 decretum
1520 5445 1591 5519 de
1623 5446 1723 5519 lib.
1756 5460 1888 5515 pro-

244 5511 438 5635 bibitis,
473 5519 571 5573 ubi
601 5511 887 5591 conjungi
915 5519 989 5573 ab
1022 5534 1092 5573 eo
1123 5518 1398 5572 videntur
1428 5517 1657 5586 utrique
1689 5511 1885 5571 haere-

267 5602 349 5635 ICI-

267 5602 327 5638 lCl
338 5630 349 5640 .

298 5657 402 5737 (Π)
437 5660 1035 5737 Mss._verecundiam
1069 5660 1197 5715 Dei.
1241 5659 1329 5715 De
1359 5658 1462 5713 illo
1495 5658 1716 5731 legunt,
1769 5660 1884 5715 etc.

247 5723 416 5785 "inus
444 5733 745 5788 concinne.

305 5807 404 5881 (t3)
440 5811 523 5871 Ita
564 5829 735 5887 mss;
781 5812 919 5873 edit.
968 5815 1183 5885 autem,
1248 5810 1459 5871 Verum
1506 5815 1645 5869 ante
1679 5808 1882 5867 videa-

2006 1993 2120 2042 tem
2153 1987 2328 2056 (Ibid.
2361 1985 2473 2057 45).
2509 1987 2655 2041 Vide
2704 1986 3070 2041 clementiam
3118 1984 3357 2054 Christi,
3408 1984 3538 2054 ipse
3585 1986 3679 2039 est

2001 2077 2146 2142 266
2171 2078 2398 2148 primus
2431 2079 2488 2131 et
2518 2075 2907 2130 novissimus.
2958 2073 3066 2139 Qui
3096 2074 3324 2144 primus
3356 2076 3499 2143 erat,
3532 2088 3676 2144 pro-

2000 2172 2130 2238 pter
2177 2182 2286 2221 nos
2332 2182 2399 2221 se
2448 2164 2841 2220 novissimum
2890 2164 3046 2218 fecit.
3100 2163 3355 2232 Primus,
3405 2162 3542 2234 quia
3570 2178 3678 2233 per

2000 2257 2196 2327 ipsum
2225 2256 2437 2319 omnia,
2473 2253 2861 2321 novissimus,
2895 2254 3029 2323 quia
3068 2268 3175 2322 per
3222 2252 3420 2321 ipsum
3466 2266 3675 2305 resur-

1999 2346 2203 2400 rectio.
2241 2343 2559 2397 Descendit
2590 2341 2745 2396 enim
2776 2344 2831 2395 et
2864 2340 3115 2413 projecit
3163 2355 3248 2406 se,
3304 2343 3365 2394 ut
3414 2339 3673 2411 caderet,

2000 2434 2154 2487 intra
2185 2448 2390 2488 omnes
2422 2448 2488 2486 se
2522 2431 2767 2498 faciens,
2805 2434 2864 2485 ut
2896 2445 3102 2485 omnes
3128 2428 3399 2501 jacentes
3430 2429 3673 2487 levaret.

2071 2522 2160 2579 Ἠ.
2206 2522 2372 2577 Unde
2402 2525 2458 2576 et
2488 2520 2567 2575 ait
2608 2520 3005 2576 Ecclesiastes
3038 2535 3050 2575 :
3092 2518 3236 2584 Quia
3287 2519 3343 2574 si
3384 2518 3676 2574 ceciderit

2004 2630 2169 2680 unus,
2206 2612 2363 2667 alter
2394 2610 2589 2682 eriget
2617 2609 2837 2663 socium
2869 2624 3066 2672 suum;
3100 2614 3157 2662 et
3194 2624 3278 2662 vae
3308 2606 3400 2661 illi
3418 2607 3519 2662 uni
3548 2623 3675 2662 eum

2001 2701 2292 2757 ceciderit
2323 2700 2460 2771 (19),
2496 2704 2554 2753 et
2588 2714 2700 2753 non
2731 2703 2823 2752 est
2854 2696 3169 2777 secundus,
3202 2702 3261 2751 ut
3291 2711 3418 2750 eum
3451 2696 3669 2769 erigat.

2000 2792 2081 2846 Et
2115 2790 2348 2864 quidem
2380 2790 2435 2843 si
2465 2787 2761 2843 dormiant
2786 2786 2923 2855 'duo,
2959 2792 3049 2839 est
3079 2784 3241 2840 calor
3270 2783 3411 2850 illis,
3448 2790 3508 2839 et
3532 2799 3680 2839 unus

2002 2879 2279 2953 quomodo
2310 2876 2543 2933 calefiet
2574 2875 2798 2947 (Eccle.
2831 2892 2911 2942 ix,
2947 2873 3033 2940 10,
3071 2871 3203 2944 tt)?
3254 2873 3383 2928 Hoc
3412 2877 3523 2944 est,
3577 2872 3679 2946 qui

2000 2970 2303 3025 Christum
2322 2967 2499 3022 habet
2522 2981 2747 3035 secum,
2782 2963 2895 3019 etsi
2921 2963 3223 3033 ceciderit,
3247 2965 3543 3035 resurget,
3565 2963 3681 3021 etsi

2000 3062 2228 3114 mortus
2277 3057 2473 3126 fuerit,
2526 3054 2867 3123 reviviscet,
2918 3054 3056 3125 quia
3104 3051 3273 3107 adest
3319 3051 3406 3106 illi
3435 3052 3547 3122 (50)
3578 3051 3682 3125 qui

1921 3166 1972 3228 ο
1999 3149 2159 3204 venit
2176 3148 2374 3219 ignem
2395 3146 2455 3199 in
2476 3147 2693 3199 terram
2710 3142 2937 3199 mittere
2958 3141 3122 3211 (Luc.
3149 3158 3252 3209 xu,
3275 3139 3387 3210 49).
3412 3138 3680 3228 Denique

1999 3242 2056 3293 et
2087 3237 2343 3292 Elisaeus
2375 3250 2508 3288 cum
2531 3248 2776 3303 puerum
2798 3230 3201 3298 resuscitaret,
3229 3228 3555 3285 insufflavit
3571 3227 3679 3298 illi,

1998 3331 2061 3382 ut
2089 3325 2426 3381 infunderet
2452 3322 2589 3376 vitm
2622 3320 2878 3375 calorem
2908 3318 3023 3390 (IV
3045 3318 3193 3390 Reg.
3230 3334 3308 3387 iv,
3339 3318 3453 3387 34).
3490 3317 3681 3373 Habeo

1998 3419 2057 3471 to
2090 3430 2234 3487 ergo
2268 3417 2458 3468 tecum
2490 3412 2648 3467 hunc
2688 3411 2889 3482 ignem
2933 3408 2992 3462 in
3041 3411 3279 3479 pectore
3310 3410 3430 3477 tuo,
3477 3408 3578 3479 qui
3625 3410 3681 3462 te

2002 3504 2342 3571 resuscitet,
2376 3517 2448 3556 ne
2478 3500 2675 3573 frigus
2703 3498 2812 3553 tibi
2840 3500 3140 3569 per-petum
3188 3496 3396 3551 mortis
3437 3495 3676 3567 irrepat.

2074 3592 2164 3650 '75.
2210 3593 2320 3647 Hic
2349 3606 2494 3660 ergo
2524 3588 2766 3660 juvenis
2800 3604 2867 3643 se
2895 3585 3167 3658 projeeit,
3202 3585 3318 3657 'qui
3370 3584 3531 3641 venit
3577 3600 3684 3655 per

2003 3682 2264 3750 Mariam,
2300 3683 2357 3735 et
2383 3678 2728 3734 infundebat
2758 3676 2893 3731 vitae
2924 3676 3181 3731 calorem
3211 3674 3556 3746 pectoribus
3579 3689 3683 3729 au-

2002 3771 2305 3826 dientium.
2356 3768 2525 3823 Unde
2570 3766 2773 3821 dicunt
2824 3764 2908 3819 illi
2956 3765 3015 3819 in
3062 3764 3388 3836 Evangelio
3422 3778 3434 3819 :
3468 3762 3683 3819 Nonne

2003 3877 2107 3917 cor
2157 3858 2424 3916 nostrum
2468 3855 2693 3911 ardens
2739 3858 2869 3909 erat
2915 3854 2979 3908 in
3018 3853 3211 3923 nobis,
3255 3869 3381 3909 cum
3413 3852 3683 3925 aperiret

2003 3949 2179 4006 nobis
2204 3947 2555 4019 Scripturas
2584 3945 2747 4016 (Luc.
2781 3960 2944 4012 xxiv,
2978 3941 3101 4011 32)?

2630 4028 2882 4088 CAPUT
2919 4032 3045 4087 XII.

2006 4128 2309 4184 Christum
2331 4124 2583 4198 juvenis
2629 4121 2883 4198 secundi
2927 4122 3161 4198 nomine
3199 4119 3681 4198 ab_Eches_iaste

2074 4192 2449 4267 designatum
2497 4212 2622 4251 eum
2671 4194 2820 4267 aliis
2855 4192 3038 4260 locis,
3091 4198 3228 4267 tum
3276 4193 3451 4264 hujus
3492 4193 3684 4267 ipsius

2074 4263 2514 4325 continuatione
2556 4265 2820 4335 intelligi
2850 4285 2867 4319 :
2900 4281 3028 4320 eum
3077 4263 3267 4335 igitur
3300 4263 3467 4335 esse
3493 4263 3593 4335 qui
3621 4267 3681 4318 et

2076 4342 2374 4395 transisse
2413 4343 2665 4411 portam,
2713 4334 2775 4392 et
2817 4336 2881 4390 in
2921 4351 2989 4391 ea
3034 4334 3256 4391 sedens
3292 4334 3681 4391 manducasse

2078 4412 2469 4467 describitur.
3470 4488 3473 4491 ἤ

2074 4500 2164 4556 Ἳϐ.
2210 4501 2319 4555 Hic
2350 4501 2443 4555 est
2467 4497 2709 4571 juvenis
2740 4496 3064 4564 secundus,
3112 4497 3176 4551 ut
3202 4493 3344 4548 dicit
3374 4491 3680 4547 Ecclesia-

2007 4593 2133 4646 stes
2168 4606 2181 4646 :
2215 4589 2349 4645 Vidi
2382 4588 2699 4643 universos
2727 4587 2827 4659 qui
2861 4586 3087 4653 vivunt,
3122 4584 3221 4656 qui
3247 4580 3546 4637 ambulant
3567 4580 3679 4637 sub

2005 4680 2129 4735 sole
2160 4696 2288 4733 cum
2302 4679 2532 4750 juvene
2561 4675 2838 4743 secundo,
2872 4674 3002 4746 quis
3030 4676 3311 4744 resurget
3336 4685 3448 4743 pro
3475 4685 3545 4725 eo
3564 4669 3677 4742 (51)

2001 4838 2131 4877 mus
2163 4822 2237 4877 de
2269 4836 2377 4893 quo
2407 4820 2584 4874 dicat.
2618 4818 2909 4893 Caeterum
2938 4815 3113 4893 idem.
3148 4813 3673 4893 Epiphanioteste,

2002 4885 2294 4948 Photinus
2322 4907 2557 4963 quoque
2591 4887 2940 4963 objiciebat;
2980 4886 3143 4963 unde
3176 4886 3390 4963 optime
3440 4885 3678 4963 ideon-

2001 4966 2284 5031 lirmatur,
2322 4956 2553 5017 Phot'ini
2583 4956 2813 5031 cuipam
2845 4957 3158 5031 discipulo,
3201 4956 3435 5031 qualem
3478 4956 3677 5011 Bono-

2000 5051 2133 5089 sum
2165 5028 2356 5089 fuisse
2387 5047 2568 5102 supra
2595 5028 2985 5100 ostendimus,
3021 5030 3117 5083 hic
3147 5028 3510 5100 respondere
3541 5042 3677 5083 ean-

2001 5111 2156 5160 ctum
2187 5106 2511 5160 doctorem.

2069 5177 2181 5247 (49)
2224 5177 2399 5245 Edit.,
2441 5191 2525 5230 vae
2554 5173 2646 5247 illi
2678 5174 2775 5247 qui
2806 5172 3013 5247 unicus
3042 5171 3527 5247 ceciderit,_t_n_ss.
3568 5188 3671 5247 vae,

1999 5240 2092 5303 illi
2146 5240 2245 5303 uni
2292 5240 2418 5303 cum
2478 5240 2787 5301 ceciderit.
2847 5243 3040 5317 Magis
3089 5243 3258 5314 scite,
3312 5240 3471 5298 LXX
3518 5242 3675 5298 enim

1997 5328 2115 5381 οὐαὶ
2137 5328 2275 5398 αὐτῷ
2299 5326 2369 5381 ἐνὶ
2392 5322 2513 5379 ὄτᾶν
2533 5324 2683 5398 πέσῃ,
2712 5319 2823 5398 910.

2070 5401 2183 5470 (50)
2222 5386 2442 5455 Omnes
2472 5386 2837 5470 edit.,'_adest
2868 5394 2990 5470 ille,
3024 5409 3198 5470 mest,
3232 5393 3408 5470 adest
3432 5392 3543 5470 illi.
3567 5392 3677 5470 Qp:

1998 5461 2252 5540 time,'ut
2289 5470 2582 5526 referatur
2611 5461 2682 5521 ad
2723 5483 2856 5523 eum
2888 5466 2989 5540 qui
3021 5461 3318 5540 ceciderit,
3342 5466 3415 5540 _et
3444 5461 3675 5540 relativi

2001 5543 2099 5614 qui
2146 5531 2627 5612 subintelligatur
2674 5531 3032 5593 antecedens
3074 5538 3132 5590 is
3177 5539 3275 5589 aut
3305 5534 3477 5587 alius.
3514 5531 3672 5585 Infra

2001 5630 2141 5667 vero
2175 5614 2429 5668 ubiedit.
2454 5614 2568 5665 vet.
2593 5626 2661 5664 ac
2684 5625 2831 5664 mss.
2865 5608 2978 5662 Hic
3000 5604 3419 5668 ergojuvenis,
3451 5602 3672 5656 ultimm

1998 5630 2141 5667 vero
2175 5623 2273 5671 ubi
2292 5623 2429 5667 θαιι.
2454 5623 2568 5665 vet.
2593 5626 2661 5664 ac
2684 5625 2831 5664 mss.
2865 5623 2978 5662 ulc
3000 5623 3419 5673 ergOJuvems,

2000 5630 2141 5667 vero
2175 5624 2429 5671 ubledll.
2454 5624 2568 5665 vet.
2593 5626 2661 5664 ac
2684 5625 2831 5664 mss.
2865 5624 2978 5662 me
3000 5624 3419 5678 ergOJuvems,
3452 5624 3669 5656 uiuimus

2000 5686 2137 5740 voci
2166 5680 2738 5756 spongiam_indu;it
2770 5681 2940 5756 Rom.
2976 5679 3112 5733 edit.
3147 5677 3281 5756 Non
3309 5673 3455 5729 satis
3486 5675 3669 5756 recte:

2072 5743 2398 5825 (51)’Βοῖἰι.
2429 5754 2567 5825 edit.
2600 5752 2747 5825 sola,
2783 5750 2918 5825 quis
2944 5753 3231 5825 resurget
3255 5760 3384 5825 eum
3416 5759 3515 5810 eo;
3563 5743 3677 5801 sed

1997 5817 2246 5884 aliarum
2261 5829 2320 5883 et
2335 5841 2484 5883 mss.
2505 5817 2746 5882 lectioni
2773 5817 2973 5881 {avent
3001 5817 3177 5880 etiam
3206 5817 3385 5893 LXX,
3418 5831 3675 5892 quorum
