4060 6158
388 299 511 371 339

1832 305 1898 370 S.
1945 305 2389 371 AMBROSII.
2838 346 2841 351 -
3716 309 3785 376 34

391 503 615 574 (Eccle.
666 521 745 575 1v,
781 501 888 560 t5?
932 503 1079 571 Quis
1124 506 1279 562 enim
1326 522 1433 578 pro
1478 506 1714 563 Christo
1763 509 2060 580 resurget,
2095 490 2349 563 Anubis
2398 507 2581 579 hujus
2631 507 2887 578 pluviam
2939 507 3263 579 spiritalem
3325 510 3820 578 temperamentum

390 610 523 650 cum
546 594 642 648 ille
672 609 780 665 pro
812 595 1087 651 omnibus
1117 597 1533 667 resurrexerit,
1567 600 1624 653 et
1654 597 1830 652 inillo
1855 612 2062 652 omnes

387 682 847 756 resurrexerint,
901 700 1034 740 cum
1084 701 1234 757 spen
1294 687 1752 742 resurrectionis
1816 702 2059 758 accepe-

386 771 546 825 rint?

458 860 547 915 ἿἿ.
593 861 675 916 De
704 860 941 918 Christo
972 866 1165 919 autem
1200 864 1419 919 dictum
1449 865 1651 937 liquet,
1690 866 1923 937 quando
1955 865 2062 919 ad-

384 949 572 1005 vertis
616 965 948 1024 congruere
1002 954 1180 1008 istum
1225 953 1421 1009 locum
1471 970 1605 1008 cum
1650 954 2061 1009 benedictione

384 1038 481 1093 vel
530 1040 837 1110 prophetia
878 1041 1084 1113 Jacob,
1122 1042 1223 1114 qui
1254 1043 1332 1097 ait
1362 1043 1433 1098 de
1464 1042 1612 1099 Juda
1645 1059 1657 1098 :
1698 1042 1841 1108 QUIS
1870 1044 2063 1098 susci-

394 1127 545 1182 tabit
594 1144 722 1184 eum
771 1130 942 1200 (Gen.
976 1132 1267 1202 x1.1x,9)‘?
1310 1133 1444 1188 Non
1476 1132 1675 1204 utique
1718 1132 1883 1202 alter,
1929 1131 2065 1204 quia

391 1214 522 1287 ipse
551 1233 618 1273 se
650 1219 979 1290 suscitavit,
1013 1220 1167 1277 sicut
1198 1222 1326 1292 ipse
1356 1222 1435 1276 ait
1467 1238 1480 1277 :
1516 1221 1748 1277 Solvite
1792 1221 2066 1293 templum

392 1306 522 1372 hoc,
558 1312 617 1362 et
651 1307 711 1361 in
742 1308 941 1365 triduo
985 1311 1362 1367 resuscitabo
1409 1310 1557 1366 illud
1604 1312 1793 1381 (Joan.
1844 1329 1902 1382 11,
1956 1311 2063 1381 19).

395 1395 524 1450 Hoc
556 1398 748 1453 autem
780 1398 1011 1454 dicebat
1041 1400 1112 1455 de
1145 1400 1360 1471 templo
1394 1402 1665 1472 corporis
1700 1401 1814 1455 sui.

465 1484 555 1541 78.
598 1485 747 1541 Illud
778 1503 1013 1559 quoque
1044 1505 1183 1544 vere
1204 1488 1439 1545 Christo
1463 1490 1886 1560 convenitsoli,
1913 1490 2069 1561 quod

395 1574 617 1631 addidit
650 1592 662 1631 :
695 1575 829 1632 Non
862 1583 953 1632 est
982 1576 1122 1633 linis
1151 1579 1309 1633 omni
1330 1579 1538 1652 populo
1571 1579 1699 1650 ejus
1728 1579 1951 1650 (Em-lc.
1985 1597 2063 1647 1x,

396 1662 519 1734 15):
553 1665 690 1736 quia
723 1666 976 1737 populus
1004 1667 1225 1723 Christi
1254 1668 1701 1724 innumerabilis
1735 1669 1909 1724 ﬁnem
1953 1685 2068 1723 non

394 1752 592 1823 habet,
642 1755 737 1810 cui
782 1755 929 1810 fides
978 1758 1436 1812 resurrectionis
1484 1761 1720 1813 aeternae
1771 1761 2069 1828 perpetuae

2173 596 2498 668 ﬂagrantiae
2550 596 2912 667 corporalis:
2963 600 3026 651 ut
3074 596 3342 666 corporis
3397 613 3596 652 omnes
3624 600 3824 655 restin-

2172 686 2367 757 guatis
2401 686 2666 754 ardores,
2701 691 2876 757 atque
2905 686 3132 741 interna
3159 686 3369 742 mentis
3402 690 3613 741 vestrae
3636 687 3824 743 hume-

2173 777 2360 828 scant.
2396 774 2592 846 Hujus
2625 775 2871 831 imbrem
2901 776 3079 830 nubis
3112 778 3361 831 sacratae
3411 778 3607 845 patres
3654 778 3829 831 nostri

2171 864 2871 933 annuntiaveruntnobis,
2894 864 3143 919 salutem
3162 865 3358 919 mundi
3375 863 3643 919 futuram.
3674 865 3829 920 Hunc

2173 952 2422 1008 imbrem
2452 953 2868 1025 significabant
2895 969 3033 1009 esse
3064 956 3375 1009 venturum
3407 953 3700 1008 stillicidia
3720 955 3833 1009 stil-

2174 1042 2349 1096 lantia
2382 1058 2563 1112 super
2592 1045 2806 1097 terram
2839 1042 3027 1112 (Psal.
3063 1060 3220 1113 1.xx1,
3251 1042 3328 1113 6),
3360 1059 3492 1114 qum
3534 1042 3831 1097 Hierobaal

2174 1132 2445 1202 poposcit
2475 1134 2533 1186 et
2559 1133 2771 1187 meruit
2799 1132 2914 1202 (37)
2966 1132 3187 1199 (Judie.
3223 1134 3324 1203 v1).
3373 1121 3594 1187 Bonam
3635 1132 3835 1187 nubem

2174 1221 2512 1291 sequimini,
2564 1238 2696 1293 qua:
2733 1221 2954 1276 fontem
3003 1221 3153 1276 intra
3185 1237 3252 1276 se
3283 1222 3509 1294 genuit,
3556 1237 3670 1292 quo
3697 1222 3837 1292 riga-

2173 1309 2256 1363 vit
2286 1310 2490 1365 orbem
2509 1314 2819 1366 terrarum.
2856 1311 3124 1382 Excipite
3147 1327 3293 1383 ergo
3316 1311 3699 1366 voluntariam
3720 1310 3839 1379 plu-

2176 1399 2350 1470 viam,
2383 1399 2640 1469 pluviam
2672 1400 3126 1469 benedictionis,
3160 1417 3336 1472 quam
3363 1399 3687 1456 haereditati
3718 1415 3833 1453 sum

2179 1488 2464 1544 Dominus
2513 1487 2732 1543 effudit.
2788 1488 3055 1559 Excipite
3097 1505 3330 1560 aquam,
3384 1492 3441 1543 et
3488 1504 3605 1543 non
3656 1486 3842 1542 et‘tluat

2176 1578 2383 1647 vobis;
2416 1578 2552 1648 quia
2584 1577 2774 1633 nubes
2806 1580 2916 1647 est,
2950 1578 3132 1633 diluat
3162 1593 3296 1647 vos,
3329 1580 3387 1633 et
3405 1593 3579 1632 sacro
3602 1577 3835 1631 humore

2176 1666 2523 1737 perfundat;
2572 1666 2708 1737 quia
2759 1667 2872 1721 olla
2917 1670 3027 1737 est,
3078 1666 3290 1737 Spiritu
3337 1670 3583 1737 vaporet
3612 1669 3839 1721 aeterno.

2249 1772 2338 1828 83.
2383 1773 2649 1844 Excipite
2684 1774 2901 1845 itaque,
2935 1789 3010 1828 ex
3039 1774 3150 1828 hac
3174 1773 3495 1829 Moabitide
3518 1773 3631 1828 olla
3654 1772 3843 1844 gratiae

394 1844 532 1899 vitae
562 1844 814 1916 acquirit
843 1848 1071 1901 aetatem
1094 1846 1230 1917 (52).
1256 1846 1590 1903 Secundum
1616 1863 1852 1901 carnem
1875 1847 2068 1919 itaque

2193 1863 2445 1918 zoelestis
2476 1844 2841 1935 unguentum
2870 1862 3059 1932 (Psal.
3094 1880 3210 1933 1.1x,
3248 1864 3359 1933 10),
3394 1879 3505 1918 nec
3535 1861 3841 1917 vereamini

397 1935 454 1987 et
478 1931 762 2004 juvenem
789 1933 1028 2005 dictum,
1055 1938 1111 1992 et
1129 1935 1340 1991 cadere
1362 1936 1455 1991 vel
1477 1952 1794 2008 resurgere
1827 1936 2072 1990 dubium

395 2037 515 2079 non
562 2024 673 2078 est.
724 2022 990 2095 Denique
1038 2027 1096 2079 et
1141 2024 1284 2079 illud
1314 2026 1613 2096 annexuit,
1647 2025 1783 2097 quia
1815 2025 2071 2097 optimus

394 2127 545 2184 puer
570 2128 794 2184 pauper
822 2115 880 2168 et
909 2114 1150 2184 sapiens
1182 2114 1386 2185 (Ibid.)
1412 2130 1423 2170 :
1458 2130 1681 2186 pauper
1701 2115 1856 2171 enim
1876 2113 2069 2172 factus

396 2205 508 2273 est,
542 2217 677 2258 cum
706 2202 875 2258 dives
906 2206 1088 2259 esset.

465 2291 556 2348 '79.
597 2292 731 2364 Ipse
762 2308 907 2366 ergo
935 2308 1044 2348 rex
1092 2292 1274 2349 Israel
1323 2293 1596 2349 transivit
1638 2294 1791 2349 hanc
1821 2296 2067 2365 portam,

395 2383 526 2455 ipse
556 2383 677 2438 dux
708 2383 862 2438 sedit
890 2382 952 2437 in
982 2399 1071 2453 ea,
1105 2383 1341 2455 quando
1374 2383 1634 2439 Verbum
1684 2400 1821 2440 caro
1854 2384 2073 2439 factum

394 2475 507 2542 est,
559 2474 618 2527 et
664 2471 949 2528 habitavit
994 2471 1056 2526 in
1102 2472 1280 2527 nobis
1312 2473 1505 2543 (Joan.
1531 2473 1706 2544 1,14),
1740 2473 1911 2545 quasi
1944 2474 2074 2528 Rex

395 2561 616 2617 sedens
664 2562 726 2616 in
772 2560 906 2616 aula
954 2560 1143 2633 regali
1190 2562 1343 2616 uteri
1374 2561 1708 2634 virginalis,
1741 2562 1835 2617 vel
1867 2562 1927 2616 in
1958 2562 2074 2617 olla

394 2651 668 2723 ferventi,
700 2649 856 2706 sicut
885 2648 1171 2720 scriptum
1202 2653 1295 2705 est
1326 2666 1339 2705 :
1373 2650 1552 2706 Moab
1603 2650 1731 2705 aula
1776 2652 1927 2722 spei,
1977 2649 2073 2705 vel
2162 2672 2174 2679 -

395 2742 507 2798 olla
538 2742 668 2814 spei
694 2756 840 2795 mem
867 2738 1055 2811 (Psal.
1089 2756 1206 2807 1.1x,
1242 2739 1350 2809 10).
1401 2740 1729 2811 Utrumque
1774 2741 1930 2795 enim
1981 2740 2074 2793 di-

392 2831 591 2887 versis
608 2830 668 2886 in
686 2828 993 2886 codicibus
1011 2828 1326 2882 invenitur.
1352 2828 1501 2883 Aula
1522 2829 1741 2901 regalis
1764 2832 1856 2884 est
1876 2828 2071 2900 virgo,

392 2938 527 2994 quae
558 2936 677 2977 non
706 2922 799 2975 est
825 2918 956 2974 viro
986 2916 1243 2986 subdita,
1279 2916 1388 2971 sed
1420 2917 1541 2972 Deo
1576 2917 1709 2973 soli.
1746 2917 1852 2973 Est
1883 2921 1940 2973 et
1960 2917 2075 2972 olla

391 3013 538 3079 267
570 3016 776 3070 uterus
806 3009 1029 3080 Mariae,
1081 3023 1214 3079 quae
1242 3006 1476 3080 {Spiritu
1529 3007 1780 3063 ferventi
1826 3008 1926 3080 qui
1974 3021 2080 3062 su-

392 3104 666 3174 pervenit
694 3102 755 3158 in
786 3118 916 3161 eam
947 3102 1198 3176 replevit
1229 3101 1415 3159 orben
1443 3104 1752 3170 terrarum,
1801 3114 1935 3153 cum
1965 3113 2073 3170 pe-

388 3192 544 3269 perit
571 3191 957 3249 Salvatorem.

460 3281 549 3337 80.
589 3280 701 3348 Qui
730 3282 1104 3338 manducavit
1125 3282 1185 3338 in
1208 3284 1374 3353 porta
1398 3280 1618 3337 sedens
1637 3279 1884 3353 (Ezeeb.
1908 3295 2070 3357 κων,

388 3370 466 3441 3),
519 3371 722 3445 utique
769 3371 967 3428 cibum
1014 3372 1180 3429 illum
1228 3371 1299 3427 de
1330 3387 1447 3443 quo
1477 3370 1617 3426 dicit
1650 3385 1663 3425 :
1700 3369 1874 3424 Meus
1903 3367 2073 3423 cibus

393 3466 486 3514 est
520 3465 580 3515 ut
606 3460 822 3517 faciam
857 3460 1213 3518 voluntatem
1242 3460 1457 3517 Patris
1501 3460 1621 3515 mei
1666 3458 1765 3534 qui
1816 3458 1877 3513 in
1928 3456 2073 3513 caelo

394 3554 489 3605 est
520 3550 709 3622 (Joan.
744 3567 831 3623 1v,
862 3550 976 3619 34).

1013 3694 1267 3751 CAPUT
1303 3693 1458 3750 XIII.

391 3817 607 3877 Mariae
640 3818 1049 3892 virginitatem
1071 3891 1079 3892 ί
1090 3819 1339 3892 pulchre
1373 3818 1698 3892 designari
1738 3832 1865 3892 per_
1903 3815 2074 3892 ollam

465 3908 533 3946 ae
564 3886 776 3946 nubem
814 3890 1009 3946 levem
1058 3886 1229 3960 h'ujns
1279 3891 1455 3945 nubis
1493 3886 1755 3960 pluviam
1797 3886 2075 3960 pluribus

470 3908 533 3946 ac
564 3908 776 3946 nucem
814 3908 1009 3946 levem
1058 3908 1135 3945 nu
1163 3908 1229 3945 ns
1279 3908 1455 3945 nums
1493 3908 1755 3960 pluwam
1797 3908 2074 3959 plUl‘lDus

470 3962 630 4041 typis
659 3961 967 4041 innlfeteri
996 3908 1251 4018 Fietjere
1274 3962 1702 4041 praesignatam
1733 3976 1766 4014 a
1817 3958 2074 4041 virgini:-

465 4028 580 4105 ῌιὶε
608 4032 829 4105 colligi,
862 4048 974 4088 non
1004 4048 1178 4105 secus
1207 4028 1785 4088 ae-eflieacissimum
1815 4029 1981 4084 illius
1996 4028 2072 4083 ol-

466 4103 541 4176 lae
572 4103 927 4176 unguentum
959 4104 1154 4176 excipi
1182 4110 1638 4176 oporteretnee
1662 4105 2072 4176 paupertatem

468 4120 541 4159 ιω
572 4121 647 4160 un
693 4120 927 4160 uentum
959 4120 1091 4159 exc:
1131 4122 1150 4157 ι
1182 4120 1476 4176 oportere.
1530 4120 1638 4157 nec
1662 4120 2072 4174 paupertatem

468 4175 543 4231 ab
591 4120 706 4231 alio
747 4121 1228 4248 prmtexenﬁm,
1274 4175 1384 4231 sed
1413 4173 1810 4229 adhibendam
1834 4186 2072 4243 praepa-

468 4247 784 4302 rationem.
1220 4292 1223 4295 .

468 4262 784 4305 rationem.

467 4371 557 4428 8t.
597 4374 645 4430 Ο
672 4373 908 4430 divitias
955 4371 1235 4428 Marianae
1284 4368 1675 4445 virginitatis!
1728 4369 1911 4435 Quasi
1959 4369 2075 4425 olla

398 4464 637 4530 ferbuit,
686 4467 745 4519 et
785 4463 959 4536 quasi
996 4462 1187 4518 nubes
1238 4461 1385 4532 pluit
1449 4461 1509 4515 in
1573 4462 1764 4515 terras
1824 4458 2073 4531 gratiam

322 4606 327 4611 .
398 4552 621 4610 Christi
650 4573 668 4608 :
702 4552 987 4624 scriptum
1018 4555 1108 4607 est
1137 4550 1293 4607 enim
1318 4550 1404 4619 ;de
1435 4566 1503 4605 ea
1536 4565 1548 4604 :
1581 4549 1742 4604 Ecce
1790 4548 2076 4603 Dominus

404 4644 569 4698 venit
597 4642 821 4699 sedens
847 4657 1029 4716 super
1059 4641 1270 4696 nubem
1300 4639 1493 4695 levem
1511 4638 1650 4709 (Isa.
1684 4654 1807 4709 χιχ,
1840 4635 2073 4707 t).\'ere

400 4731 593 4788 levem
623 4749 755 4805 quae
774 4731 1042 4805 conjugii
1061 4746 1241 4787 onera
1259 4729 1511 4786 nescivit
1535 4744 1547 4783 :
1571 4743 1711 4783 vere
1733 4727 1922 4782 levem
1941 4742 2075 4797 quae

401 4822 618 4878 levavit
648 4821 805 4878 hunc
836 4821 1075 4877 modum
1106 4820 1178 4874 de
1206 4819 1377 4892 gravi
1398 4818 1625 4874 {tenore
1674 4818 2070 4888 peccatorem.
2112 4862 2115 4865 η

403 4911 583 4967 Levis
632 4914 775 4982 erat,
845 4927 978 4984 qum
1021 4909 1439 4966 remissionem
1484 4910 1860 4979 peccatorum
1908 4906 2076 4959 utero

402 5000 694 5075 gestabat.
726 5001 992 5072 Denique
1022 4999 1238 5055 levavit
1270 4998 1555 5053 Joannem
1584 4996 1645 5050 in
1675 4998 1842 5051 utero
1866 4993 2083 5049 consti-

403 5094 611 5161 tutum,
662 5089 764 5162 qui
810 5089 884 5143 ad
929 5104 1139 5143 vocem
1170 5085 1304 5159 ejus
1337 5085 1619 5162 exsilivit,
1651 5087 1709 5140 et
1739 5083 1937 5139 infans
1970 5097 2079 5137 ex-

406 5180 648 5253 sultavit
676 5179 737 5234 in
768 5177 986 5251 gaudio
1016 5176 1179 5247 (Luc.
1214 5191 1255 5245 1,
1286 5174 1398 5245 61),
1444 5174 1613 5245 prius
1662 5188 1849 5228 sensu
1891 5172 2079 5227 devo-

404 5269 585 5326 tionis
614 5283 790 5341 quam
820 5266 1064 5337 spiritus
1094 5263 1395 5319 infusione
1425 5262 1623 5317 vitalis
1652 5262 1967 5316 animatus.

476 5359 567 5415 82.
609 5356 877 5428 Excipite
942 5354 1141 5427 igitur,
1190 5351 1462 5423 excipite,
1535 5366 1724 5406 sacrm
1783 5348 2075 5422 virgines,

406 5504 538 5560 haec
568 5500 750 5560 verba
778 5501 936 5568 sunt,
967 5500 1019 5567 ὅς
1038 5503 1384 5561 «nmo-na;
1404 5501 1583 5566 αὐτοῦ,
1612 5496 1748 5563 etc.,
1781 5491 1877 5547 his
1900 5491 2075 5547 etiam

408 5601 518 5640 nec
549 5584 889 5654 discrepant
917 5580 1048 5635 aliae
1075 5577 1412 5654 vet-siones.

478 5655 592 5727 (52)
632 5647 779 5727 Mss.
806 5650 1208 5727 perpetuitate
1237 5647 1777 5727 acquirit‘aatatem.
1855 5713 1865 5725 _
1977 5713 1986 5722 _

480 5717 593 5796 (53)
632 5717 824 5798 Edit.,'
859 5717 934 5781 ἐπ’
974 5722 1183 5781 animas
1225 5717 1561 5794 praecordia
1603 5730 1777 5785 πιεεά
1842 5717 1904 5770 in
1965 5717 2080 5768 ima

402 5797 763 5869 praecordia.

2181 1968 2254 2008 ne
2285 1952 2512 2008 deﬁciat
2538 1967 2550 2006 :
2577 1952 2734 2023 quod
2766 1952 3129 2007 exinanitum
3160 1956 3271 2023 est,
3307 1956 3368 2007 et
3386 1952 3522 2023 plus
3542 1950 3844 2018 redundat;

2180 2041 2316 2113 quia
2348 2041 2407 2095 in
2440 2056 2671 2096 omnem
2702 2044 2919 2096 terram
2951 2040 3098 2097 odor
3127 2040 3264 2113 ejus
3294 2041 3502 2111 exivit,
3537 2041 3689 2095 sicut
3708 2039 3843 2094 scri-

2180 2134 2341 2201 ptum
2374 2133 2467 2185 est
2489 2146 2502 2186 :
2534 2129 2906 2202 Unguentum
2925 2130 3294 2184 exinanitum
3313 2135 3410 2185 est
3432 2145 3638 2185 nomen
3675 2134 3854 2184 tuum;

2180 2219 2317 2275 ideo
2347 2219 2801 2275 adolescentulus-
2829 2218 3174 2274 dilexerunt
3206 2226 3265 2275 te
3314 2219 3518 2291 (Cant.
3550 2236 3589 2287 1,
3620 2218 3693 2287 2).
3742 2217 3844 2271 De-

2182 2309 2427 2365 scendat
2468 2309 2627 2363 istud
2673 2310 3038 2380 unguentum
3086 2308 3147 2363 in
3193 2308 3308 2363 ima
3353 2307 3684 2379 praecordia
3743 2306 3845 2375 (53)

2181 2398 2599 2469 viscerumque
2632 2401 2883 2466 secreta,
2916 2412 3033 2469 quo
3082 2413 3200 2453 non
3249 2397 3599 2453 deliciarum
3645 2396 3844 2452 odores

2184 2491 2388 2543 sancta
2416 2487 2619 2558 Maria,
2652 2487 2758 2541 sed
2792 2486 3010 2541 divinae
3043 2486 3251 2559 gratiae
3289 2487 3652 2558 spiramenta
3693 2483 3849 2539 redo-

2180 2578 2359 2633 lebat.

2254 2686 2341 2740 84.
2386 2685 2530 2739 Haec
2559 2683 2754 2755 pluvia
2795 2683 2936 2738 Eva:
2963 2683 3239 2739 restinxit
3271 2682 3665 2754 appetentiam
3700 2697 3712 2737 :
3745 2680 3847 2735 hoc

2184 2777 2549 2847 unguentum
2621 2772 2892 2828 fmtorem
2966 2772 3326 2828 hmreditarii
3411 2773 3635 2828 erroris
3711 2769 3847 2835 268

2183 2864 2494 2931 abstersit;
2546 2862 2658 2917 hoc
2705 2866 3072 2935 unguentum
3121 2862 3303 2917 Maria
3350 2877 3531 2917 soror
3574 2859 3769 2915 Lazari
3797 2859 3848 2912 in

2181 2954 2364 3026 pedes
2415 2952 2649 3008 Domini
2695 2951 2917 3021 etfudit,
2967 2955 3023 3007 et
3070 2955 3188 3007 tota
3237 2952 3456 3007 domus
3501 2951 3599 3023 pio
3640 2949 3847 3021 repleta

2185 3043 2366 3099 odore
2397 3041 2681 3115 fragravit
2710 3041 2907 3111 (Joan.
2940 3058 3043 3112 x11,
3076 3042 3152 3109 3).

2255 3151 2343 3206 85.
2386 3151 2511 3205 Nec
2544 3148 2659 3205 ulla
2690 3165 2756 3204 se
2789 3164 3107 3219 pauperem
3152 3148 3333 3220 putet,
3388 3148 3551 3204 nulla
3600 3163 3664 3202 se
3708 3145 3849 3200 arbi-

2095 3235 2150 3304 C
2183 3244 2367 3296 tretur
2395 3240 2649 3311 inopem,
2684 3238 2843 3294 nulla
2873 3240 3089 3293 metuat
3119 3254 3192 3293 ne
3223 3238 3557 3308 pretiosum
3587 3237 3696 3291 hoc
3742 3250 3846 3290 un-

2181 3333 2466 3403 guentum
2493 3344 2687 3384 emere
2719 3344 2835 3384 non
2866 3327 3078 3399 possit,
3112 3330 3211 3382 aut
3242 3326 3470 3382 fontem
3502 3328 3677 3382 istum
3700 3326 3848 3396 putet

2184 3435 2323 3475 esse
2352 3418 2641 3474 venalem.
2691 3417 2803 3484 Qui
2845 3417 3057 3487 sititis,
3106 3416 3314 3488 inquit,
3364 3417 3454 3472 ite
3498 3416 3574 3471 ad
3615 3426 3848 3488 aquam:

2184 3514 2244 3565 et
2274 3508 2599 3582 quicunque
2628 3523 2741 3563 non
2773 3506 3012 3561 habetis
3043 3511 3374 3577 argentum,
3403 3505 3490 3560 ite
3509 3511 3567 3561 et
3589 3504 3776 3567 emite,
3802 3505 3854 3555 et

2182 3597 2377 3653 bibite
2405 3597 2539 3651 sine
2569 3601 2821 3668 argento
2848 3594 3103 3665 (Isa.1.v,
3127 3594 3200 3665 1).
3226 3593 3296 3648 Et
3312 3609 3506 3665 supra
3528 3594 3636 3648 ait:
3663 3590 3855 3647 Gratis

2190 3686 2511 3742 venundati
2539 3685 2706 3752 estis,
2743 3689 2803 3740 et
2832 3684 2967 3739 sine
2995 3689 3245 3756 argento
3287 3681 3682 3739 redimemini
3725 3680 3853 3749 (lsa.

2180 3794 2277 3845 1.11,
2311 3776 2387 3845 3).
2421 3775 2558 3830 Ideo
2586 3788 2811 3845 pauper
2841 3773 3033 3827 factus
3065 3775 3157 3827 est
3188 3771 3508 3843 Dominus,
3544 3787 3676 3827 cum
3698 3769 3851 3825 dives

2182 3868 2365 3933 esset,
2418 3867 2483 3919 ut
2527 3878 2663 3918 eum
2711 3877 2919 3917 omnes
2969 3863 3184 3932 emant,
3218 3863 3275 3917 et
3303 3876 3542 3934 egenos
3573 3859 3853 3934 praecipue

2181 3968 2289 4008 sua
2319 3953 2659 4024 paupertate
2691 3950 3029 4022 locupletet.

2251 4060 2341 4115 86.
2382 4058 2589 4113 Parate
2622 4058 2805 4131 igitur
2833 4074 2978 4112 vasa
3008 4057 3263 4126 Domini,
3287 4059 3349 4112 ut
3370 4057 3685 4130 excipiatis
3707 4055 3851 4111 hunc

2182 4148 2401 4203 fontem
2431 4164 2599 4220 aquae
2630 4147 2804 4217 vivae,
2841 4146 3058 4201 fontem
3090 4147 3478 4219 virginitatis,
3511 4143 3851 4219 integritatis

2182 4240 2569 4312 unguentum,
2603 4236 2848 4293 odorem
2878 4236 3035 4306 ﬁdei,
3069 4239 3127 4290 et
3172 4235 3380 4290 suavis
3429 4233 3851 4293 misericordia

2182 4329 2374 4400 gratia
2399 4325 2794 4382 florulentum.
2831 4325 3158 4380 Induamini
3188 4325 3303 4396 (54)
3348 4326 3493 4397 agni
3524 4325 3659 4398 ejus
3690 4323 3851 4378 inno-

2184 4416 2455 4485 centiam,
2489 4416 2591 4488 qui
2627 4430 2761 4469 cum
2792 4414 3261 4483 malediceretur,
3297 4430 3414 4469 non
3448 4412 3808 4470 remaledixit
3839 4424 3851 4464 :

2184 4522 2318 4562 cum
2346 4507 2771 4577 percuteretur,
2805 4519 2923 4559 non
2955 4504 3325 4574 repercussit
3357 4504 3403 4575 (Ι
3435 4504 3611 4560 Petr.
3646 4520 3706 4573 11,
3747 4499 3848 4570 23).

2797 4663 3050 4751 CAPUT
3090 4663 3245 4719 xw.

2189 4792 2310 4860 Quo
2345 4791 2616 4863 virgines
2644 4790 2846 4863 acrius
2875 4788 3259 4863 impellantur
3288 4789 3365 4843 ad
3401 4789 3620 4863 Mai-im
3659 4786 3849 4863 imitaj

2258 4860 2475 4919 tionem
2508 4861 2846 4933 ostenditur
2872 4860 3050 4914 multa
3084 4866 3218 4933 qua!
3240 4861 3694 4933 mysticedieta
3724 4860 3851 4911 sunt

2257 4936 2331 4992 de
2359 4933 2633 4989 Ecclesia
2665 4931 2857 4988 eidem
2890 4931 3111 5005 quoque
3142 4931 3419 5004 Deiparee
3457 4932 3685 5004 virgini
3703 4943 3851 4984 eom-

2259 5013 2493 5062 uetere.

2252 5023 2493 5081 petere.

2254 5167 2343 5223 8'7.
2389 5166 2554 5221 Hanc
2584 5162 2908 5231 imitamini,
2943 5162 3100 5233 illim,
3146 5163 3240 5217 cui
3289 5161 3536 5233 pulchre
3588 5156 3852 5217 convenit

2184 5256 2330 5313 illud
2359 5272 2476 5328 quo
2526 5254 2599 5311 de
2648 5252 2920 5309 Ecclesia
2957 5252 3369 5324 prephetatum
3418 5255 3511 5308 est
3545 5267 3557 5306 :
3592 5244 3854 5321 Speciosi

2186 5348 2298 5420 (55)
2338 5345 2484 5400 facti
2526 5347 2662 5399 sunt
2706 5358 2959 5415 gressus
3004 5342 3090 5397 tui
3136 5342 3197 5396 in
3250 5339 3686 5409 calceamentis,
3737 5333 3849 5391 lilia

2257 5488 2372 5558 (54)
2411 5487 2585 5551 Mss.,
2615 5485 2832 5554 gratiae
2863 5481 3615 5558 ﬂorulentaminduamini,
3637 5482 3745 5558 etc;

2260 5549 2373 5627 (55)
2414 5559 2491 5612 Ita
2524 5549 2686 5630 edit,
2721 5572 2868 5610 mss.
2902 5559 3117 5630 autem,
3143 5556 3260 5630 _cui
3289 5554 3506 5609 dictum
3542 5558 3633 5630 est
3666 5572 3681 5604 :
3713 5549 3849 5630 Spe-

2194 5622 2365 5698 ciosi,
2394 5633 2505 5684 etc.
2542 5622 2753 5701 lterum
2785 5643 2926 5701 vero
2959 5628 3059 5681 ubi
3091 5622 3251 5693 edit.,
3280 5642 3372 5701 _eo
3418 5622 3570 5701 quod
3601 5622 3856 5701 speciose

2199 5697 2493 5770 Ecclesia,
2544 5714 2691 5753 mss.
2741 5698 2998 5771 habent,
3029 5714 3097 5753 eo
3143 5698 3293 5769 quod
3333 5697 3643 5771 speciosa;
3674 5697 3859 5746 minus

2195 5773 2503 5845 concinne,
2537 5772 2600 5829 ut
2628 5770 2937 5845 sequentia
2967 5769 3201 5828 docnet.
