4060 6158
308 283 404 351 341
1259 279 1519 345 LIBER
1559 279 1672 343 DE
1712 276 2313 344 INSTITUTIONE
2356 278 2754 345 VIRGINIS.

3612 278 3739 347 A342

309 486 623 543 Aminadab
642 487 837 557 (Cant.
860 503 961 555 vn,
996 486 1085 555 t);
1117 500 1188 540 eo
1220 483 1378 556 quod
1407 482 1682 553 speciose
1711 482 1829 551 (56)
1855 481 1959 537 Ec-
1990 463 2042 526 Α
2074 481 2384 537 saturavit:
2435 483 3022 554 consummatamque
3068 484 3163 537 est
3205 482 3347 538 illud
3394 482 3726 555 prophetici

310 576 472 632 clesia
506 575 807 647 Evangelii
848 575 1267 646 praedicatione
1317 572 1634 644 processit.
1669 571 1955 642 Speciose

307 665 557 736 procedit
608 665 820 733 anima,
882 681 1015 736 qum
1056 678 1304 734 corpore
1348 662 1508 716 velut
1558 662 1953 715 calceamento

307 756 508 821 utitur;
542 758 601 807 ut
631 770 748 825 quo
779 754 917 808 velit
938 754 1069 823 (5⁵1).
1106 769 1281 807 suum
1317 751 1512 821 possit
1542 750 1672 805 sine
1704 748 1954 820 impedi-

305 847 486 897 mento
516 843 632 897 ullo
666 842 1047 897 circumferre
1078 841 1418 913 vestigium.

365 948 448 1004 88.
479 951 543 1004 In
574 950 686 1003 hoc
720 949 1115 1003 calceamento
1138 948 1413 1019 speciose
1431 945 1729 1017 processit
1748 944 1952 1011 Maria,

302 1055 423 1111 quae
444 1039 573 1092 sine
594 1039 710 1092 ulla
742 1038 1151 1092 commistione
1176 1052 1480 1107 corporeae
1504 1034 1954 1090 consuetudinis

302 1131 585 1182 auctorem
642 1127 852 1181 salutis
893 1127 1064 1200 virgo
1124 1126 1449 1198 generavit.
1487 1124 1655 1179 Unde
1709 1124 1953 1196 egregie

300 1218 547 1272 Joannes
577 1216 693 1271 ait:
743 1216 878 1272 Non
922 1233 1048 1271 sum
1080 1216 1296 1287 dignus
1339 1215 1579 1270 solvere
1625 1212 1949 1284 corrigiam

299 1305 816 1360 calceamentorum
839 1306 969 1377 ejus
999 1305 1188 1373 (Joan.
1208 1322 1246 1373 ι,
1278 1302 1392 1373 2'7),
1436 1303 1494 1357 id
1525 1305 1635 1372 est,
1671 1318 1789 1357 non
1819 1316 1954 1356 sum

299 1394 505 1466 dignus
558 1394 985 1448 incarnationis
1038 1393 1382 1464 mysterium
1450 1390 1951 1461 comprehendere

297 1483 584 1555 angustiis
645 1483 858 1537 mentis
918 1482 1211 1549 humanae,
1257 1487 1433 1552 atque
1487 1480 1683 1551 in0pis
1731 1479 1951 1533 vilitate

297 1572 584 1627 sermonis
614 1571 951 1626 absolvere.
987 1570 1156 1625 Unde
1186 1572 1243 1626 et
1264 1570 1451 1625 Isaias
1479 1568 1619 1623 dicit
1645 1584 1657 1623 :
1698 1568 1954 1624 Genera-

297 1663 504 1716 tionem
544 1662 676 1733 ejus
706 1661 837 1733 quis
877 1659 1189 1715 enarrabit
1218 1659 1359 1726 (Isa.
1392 1675 1513 1727 LIII,
1553 1659 1658 1727 8)?
1686 1658 1957 1728 Speciosi

293 1766 430 1823 ergo
486 1766 745 1823 gressus
777 1749 869 1804 vel
929 1750 1129 1803 Maria:
1167 1747 1260 1802 vel
1320 1747 1628 1818 Ecclesiae,
1680 1747 1956 1819 quoniam

291 1841 547 1910 speciosi
581 1839 768 1910 pedes
804 1838 1356 1909 evangelizantium.
1439 1857 1445 1862 ’

353 1947 439 2001 89.
463 1946 653 2011 Quam
675 1946 922 2016 pulchra
944 1945 1119 2000 etiam
1150 1944 1247 1998 illa
1269 1960 1402 2015 quae
1434 1943 1494 1997 in
1524 1943 1714 2016 figura
1745 1943 1956 1999 Eccle-

292 2037 392 2091 sia
408 2036 480 2090 de
512 2036 698 2089 Maria
723 2035 1066 2105 prophetata
1095 2036 1273 2101 sunt;
1309 2033 1364 2087 si
1392 2036 1589 2088 tamen
1619 2048 1736 2087 non
1768 2049 1957 2087 mem-

289 2124 387 2179 bra
410 2126 707 2195 corporis,
728 2125 834 2179 sed
858 2123 1138 2193 mysteria
1157 2122 1563 2195 generationis
1595 2120 1730 2193 ejus
1761 2122 1955 2176 inten-

292 2212 423 2268 das!
462 2214 694 2267 Dicitur
735 2212 890 2267 enim
923 2211 995 2266 ad
1042 2226 1204 2266 eam:
1251 2209 1480 2265 Modu’i
1507 2210 1794 2265 femorum
1831 2217 1956 2265 tuo-

291 2319 411 2357 rum
442 2301 680 2357 similes
710 2301 1039 2373 torquibus,
1062 2300 1231 2372 operi
1258 2316 1525 2354 manuum
1544 2298 1801 2354 artificis
1821 2299 1954 2370 (58).

299 2391 624 2446 Umbilicus
639 2397 771 2445 tuus
788 2396 991 2445 crater
1009 2389 1337 2452 tornatitis,
1356 2405 1469 2443 non
1492 2387 1783 2443 deficiens
1809 2389 1958 2443 mis-

294 2486 363 2535 to.
394 2480 617 2535 Venter
657 2485 792 2534 tuus
826 2480 982 2533 sicut
1028 2493 1283 2533 acervus
1329 2478 1524 2532 tritici
1553 2478 1767 2531 muniti
1795 2479 1960 2532 inter

291 2568 411 2623 lilia
441 2570 647 2638 (Cant.
705 2586 806 2636 vn,
841 2567 956 2636 1-3)
981 2587 1000 2631 ,-
1058 2582 1127 2621 eo
1184 2566 1342 2637 quod
1402 2566 1713 2621 continens
1746 2566 1863 2620 sibi
1897 2566 1955 2620 in

291 2659 564 2713 omnibus
593 2658 818 2712 Christi
849 2660 1017 2712 ortus
1078 2672 1152 2711 ex
1184 2656 1450 2727 Virgine,
1485 2655 1641 2709 sicut
1695 2655 1955 2710 victores

291 2747 475 2802 solent
493 2746 874 2802 saecularium
893 2745 1252 2816 praeliorum,
1275 2748 1673 2813 strenuorum,
1693 2745 1953 2800 virorum

290 2828 429 2892 269
461 2837 701 2891 donatis
732 2820 1050 2906 torquibus
1084 2835 1376 2889 honorare
1406 2835 1519 2904 (59)
1551 2834 1852 2902 cervices;
1878 2834 1957 2888 ita

283 2926 490 2999 jugum
522 2929 794 2981 nostrum
836 2924 1069 2995 levavit,
1119 2927 1181 2979 ut
1211 2923 1470 2978 fidelium
1522 2923 1672 2979 colla
1720 2923 1956 2978 virtutis

291 3016 630 3087 insignibus
664 3017 994 3070 coronaret.

353 3121 441 3179 90.
463 3123 620 3177 Vere
637 3124 828 3175 autem
846 3121 1016 3175 alvus
1047 3120 1144 3175 illc
1183 3120 1384 3174 Maria;
1429 3122 1623 3174 crater
1641 3119 1954 3187 tornatilis,

290 3211 343 3266 in
372 3228 489 3283 quo
542 3214 671 3265 erat
718 3210 1036 3281 Sapientia,
1091 3209 1188 3279 qui
1222 3209 1459 3264 miscuit
1501 3209 1561 3263 in
1606 3211 1832 3264 cratere
1862 3208 1956 3262 vi-

287 3317 421 3356 num
442 3317 623 3355 suum
655 3299 863 3365 (Prov.
896 3316 975 3367 ix,
1012 3300 1087 3369 2),
1128 3298 1563 3353 indeﬂcientem
1596 3298 1955 3370 cognitionis

290 3391 397 3461 pia:
426 3390 682 3462 gratiam
714 3388 1035 3443 divinitatis
1067 3404 1193 3443 suae
1224 3387 1589 3459 plenitudine
1623 3387 1954 3442 subminis-

256 3510 263 3515 -
293 3482 470 3534 trans.

353 3585 440 3641 91.
472 3587 540 3641 In
592 3601 709 3657 quo
738 3584 993 3657 virginis
1043 3586 1210 3639 utero
1243 3583 1420 3638 simul
1467 3599 1723 3638 acervus
1755 3583 1952 3653 tritici,

294 3676 462 3730 etlilii
491 3675 662 3730 floris
677 3674 864 3746 gratia
888 3673 1284 3745 germinabat:
1311 3673 1590 3744 quoniam
1620 3676 1676 3727 et
1707 3688 1956 3744 granum

291 3766 458 3818 tritici
492 3764 839 3837 generabat,
893 3768 948 3817 et
977 3763 1186 3818 lilium.
1237 3762 1497 3817 Granum
1526 3761 1702 3815 tritici
1733 3777 1955 3815 secun-

292 3853 422 3908 dum
444 3853 605 3925 quod
630 3853 915 3923 scriptum
938 3856 1059 3907 est:
1087 3852 1296 3922 Amen,
1322 3867 1492 3906 amen
1516 3851 1647 3905 dico
1672 3850 1856 3917 vobis,
1876 3850 1958 3903 ni-

292 3943 342 3996 si
360 3959 610 4015 granum
634 3941 847 4011 tritici,
865 3941 1085 3996 cadens
1097 3941 1159 3995 in
1177 3946 1421 4009 terram,
1438 3945 1727 3995 mortuum
1746 3938 1954 4009 fuerit,

293 4030 475 4103 ipsum
497 4030 684 4086 solum
715 4036 911 4085 manet
933 4030 1127 4098 (Joan.
1156 4047 1262 4099 xu,
1296 4029 1407 4083 24).
1432 4029 1548 4084 Sed
1571 4029 1706 4101 quia
1738 4028 1810 4083 de
1838 4044 1957 4083 uno

296 4136 476 4191 grano
506 4120 683 4175 tritici
743 4135 996 4175 acervus
1043 4122 1135 4173 est
1181 4119 1394 4185 factus,
1457 4118 1810 4188 completum
1869 4120 1961 4172 est

297 4208 430 4265 illud
462 4209 872 4281 propheticum
900 4224 912 4263 :
962 4208 1043 4263 Et
1078 4207 1382 4263 convalles
1422 4206 1803 4262 abundabunt
1834 4206 1959 4261 fru-

297 4298 872 4369 mento(Psal.I.x1v,
899 4297 1007 4367 tt),
1031 4298 1168 4368 quia
1196 4312 1446 4370 granum
1490 4296 1631 4351 illud
1666 4299 1960 4352 mortuum

298 4388 609 4457 plurimum
639 4388 895 4441 fructum
924 4387 1131 4441 attulit.
1167 4386 1293 4441 Hoc
1325 4386 1520 4457 itaque
1552 4401 1803 4458 granum
1837 4401 1959 4439 om-

299 4493 399 4532 nes
429 4478 703 4533 homines
741 4479 1022 4547 perpetua
1072 4475 1407 4530 coclestium
1455 4489 1764 4529 munerum
1816 4490 1955 4529 esca

363 4620 472 4685 (56)
503 4620 652 4675 Mss.
685 4620 821 4688 duo,
858 4635 925 4673 eo
956 4618 1105 4690 quod
1133 4617 1404 4690 speciosa
1440 4616 1739 4690 Ecclesia.

366 4693 474 4760 (5‘7)
501 4693 800 4747 Sententia
830 4693 890 4745 in
924 4689 1069 4743 mss.
1105 4705 1222 4744 uno
1253 4689 1342 4743 sic
1392 4689 1722 4759 invertitur,
1758 4693 1818 4742 ut
1848 4703 1958 4760 quo

300 4765 502 4833 possit,
530 4780 692 4817 suum
733 4763 888 4831 velit,
928 4764 1040 4815 etc.

368 4829 636 4904 (58)9Vet.
669 4829 1042 4904 edit.,VOpera
1061 4846 1327 4904 manuum
1352 4829 1608 4885 artificis
1639 4831 1808 4904 Rom.
1833 4845 1960 4901 ope-

305 4901 662 4959 re'manuum
693 4901 988 4964 artiﬁcis;
1024 4917 1170 4955 mss.
1191 4901 1466 4971 denique.
1489 4903 1656 4972 operi
1687 4918 1956 4955 manuum

306 4977 568 5029 arti/iris.
607 4976 759 5029 LXX
792 4978 982 5028 autem
1015 4972 1290 5027 omnibus
1322 4972 1445 5026 fere
1476 4972 1957 5042 patrocinantur;

309 5071 503 5110 eorum
560 5058 715 5109 enim
772 5071 919 5109 mss.
982 5054 1189 5124 partim
1243 5054 1466 5125 legunt,
1512 5047 1654 5123 ἔργον
1693 5052 1953 5121 τεχνίτου,

312 5138 532 5205 partim,
558 5130 685 5209 ἔργῳ
704 5136 1169 5209 χειρωνλτιχνίτ-ῳ.
1199 5134 1355 5209 Infra
1375 5149 1515 5189 vero
1546 5132 1647 5209 ubi
1676 5132 1953 5209 νει.ρὰξῇ

306 5203 369 5260 ac
415 5203 591 5274 mss,
622 5203 842 5261 minuti
877 5203 1040 5260 inter
1069 5206 1215 5267 lilia,
1277 5206 1443 5259 Rom.
1493 5204 1630 5259 edit.
1679 5203 1956 5272 restituit,

308 5280 528 5345 muniti,
556 5282 665 5332 etc.
688 5294 700 5333 :
725 5295 858 5349 qum
898 5278 1134 5349 quidem
1157 5277 1390 5330 videtur
1422 5291 1563 5329 vera
1594 5274 1791 5341 lectio,
1825 5290 1959 5327 cum

310 5356 455 5412 LXX
486 5363 824 5412 constanter
856 5357 1189 5429 prtefernnt,
1217 5354 1551 5429 πεφραγμένοι
1575 5352 1624 5404 ἐν
1643 5372 1871 5429 χρινοις.

372 5430 480 5497 (59)
511 5430 591 5482 lta
622 5445 766 5482 mss.
803 5429 919 5481 nisi
951 5428 1107 5498 quod
1140 5427 1356 5481 habent
1389 5441 1665 5490 onerare,
1687 5427 1806 5498 pro
1837 5439 1956 5495 quo

314 5495 588 5553 honorare
618 5515 692 5553 ex
736 5499 873 5554 edit.
908 5495 1293 5552 retinuimus:
1347 5502 1531 5552 totum
1562 5511 1702 5549 vero
1760 5495 1955 5549 locum

313 5570 520 5624 caedem
544 5571 679 5625 edit.
704 5571 988 5625 exhibent
1018 5570 1078 5623 in
1110 5569 1236 5622 haec
1268 5569 1469 5637 verba,
1507 5568 1823 5622 continens
1839 5566 1962 5619 sibi

312 5641 384 5693 sit
398 5642 456 5694 in
471 5642 735 5696 omnibus
755 5641 988 5696 Christi
1000 5646 1184 5695 ortus.
1202 5639 1369 5694 Sicut
1388 5640 1784 5707 victores,etc.
1801 5637 1960 5691 Idem

315 5714 495 5767 autem
523 5717 610 5768 est
640 5714 753 5769 hoc
782 5714 914 5768 loco
965 5713 1277 5769 continens
1297 5711 1435 5776 Sibi,
1461 5713 1634 5785 atque
1665 5708 1780 5765 sibi
1813 5724 1959 5766 con-
2050 5764 2057 5770 .

1910 4646 1913 4649 _
1980 4566 2034 4626 D

2076 571 2197 626 oris
2213 571 2532 642 eloquium,
2553 571 2783 625 dicente
2798 572 3004 627 eodem
3025 572 3207 626 David
3233 589 3244 627 :
3277 571 3423 627 Ciba
3434 573 3518 627 vit
3541 588 3643 628 eos
3663 588 3745 628 ex

2074 661 2248 730 adipe
2259 660 2565 730 frumenti,
2583 666 2641 714 et
2654 660 2728 714 de
2742 666 2917 731 petra
2932 661 3104 716 melle
3117 666 3320 716 satura
3332 662 3414 716 vit
3430 677 3532 718 eos
3547 660 3736 733 (Psal.

2072 766 2251 820 Lxxx,
2287 750 2398 820 17).

2143 840 2233 894 92.
2260 840 2323 893 In
2341 840 2455 894 hoc
2485 855 2673 911 grano
2694 854 2833 894 esse
2871 839 3043 894 etiam
3067 839 3254 894 lilium
3291 839 3488 895 divina
3508 842 3740 895 testan-

2073 931 2168 984 tur
2200 929 2457 998 oracula,
2480 929 2615 1000 quia
2639 930 2922 999 scriptum
2954 933 3077 983 est:
3112 929 3243 1000 Ego
3265 945 3390 983 sum
3421 929 3531 984 llos
3552 929 3743 1001 campi

2074 1026 2132 1072 et
2146 1017 2333 1071 lilium
2346 1034 2452 1072 con
2466 1017 2728 1071 vallium:
2754 1018 2909 1072 sicut
2930 1018 3117 1072 lilium
3132 1018 3193 1071 in
3208 1018 3402 1073 medio
3437 1019 3741 1089 spinarum

2074 1107 2268 1175 (Cant.
2304 1124 2364 1176 ιι,
2401 1106 2451 1176 1,
2499 1106 2575 1177 2).
2610 1106 2886 1162 Christus
2918 1110 3044 1162 erat
3073 1107 3261 1161 lilium
3292 1106 3352 1160 in
3382 1106 3576 1162 medio
3609 1105 3740 1178 spi-

2073 1212 2298 1265 narum,
2334 1196 2567 1267 quando
2597 1199 2721 1251 erat
2749 1195 2810 1250 in
2840 1196 3033 1251 medio
3064 1196 3430 1251 Judworum.

2692 1320 2944 1376 CAPUT
2985 1320 3113 1375 XV.

2084 1446 2637 1519 Virginesquodam
2682 1445 2980 1519 singulari
3028 1446 3198 1501 modo
3240 1446 3363 1501 dici
3384 1460 3563 1517 posse
3606 1443 3735 1499 lilia

2145 1518 2413 1600 Christi‘é
2429 1519 2740 1600 Christum
2770 1534 2911 1600 vero
2933 1518 3121 1600 ipsum
3142 1522 3310 1600 recte
3324 1533 3440 1600 per
3456 1531 3736 1599 acervum

2144 1590 2336 1643 tritici
2366 1589 2518 1644 liliis
2531 1586 2966 1644 circumdatum
2994 1586 3361 1654 adumbrari,
3389 1589 3599 1660 quippe
3638 1586 3738 1659 qui

2143 1668 2201 1713 et
2216 1661 2547 1715 Ecclesiam
2588 1660 2838 1715 fecunda
2851 1661 3026 1730 verit,
3061 1666 3119 1715 et
3150 1660 3527 1715 diversorum
3556 1664 3727 1714 retu-

2140 1732 2283 1786 lerit
2311 1748 2557 1787 coronas
2586 1732 2991 1795 certaminum,
3248 1758 3253 1765 -

1985 1843 2037 1907 B
2139 1856 2228 1911 93.
2265 1857 2436 1926 Audi,
2471 1857 2661 1929 virgo,
2698 1857 2837 1929 quid
2861 1856 3042 1912 dicat:
3078 1855 3311 1922 Lilium,
3346 1856 3554 1928 inquit,
3596 1871 3733 1911 con-

2076 1945 2312 2001 vallium
2334 1945 2629 2015 Christus,
2651 1946 2708 2000 id
2732 1949 2841 2016 est,
2867 1946 3175 2002 humilium
3198 1946 3524 2001 animarum
3547 1947 3605 2000 et
3621 1945 3732 1999 mi-

2068 2036 2232 2089 tium.
2270 2035 2412 2090 Esto
2470 2051 2615 2108 ergo
2646 2035 2803 2090 mitis
2854 2039 3028 2106 atque
3078 2038 3406 2103 mansueta,
3458 2036 3521 2089 ut
3569 2034 3630 2089 in
3676 2036 3735 2090 te

2069 2124 2225 2177 sicut
2273 2124 2457 2178 lilium
2501 2124 2792 2196 germinet
2836 2123 3132 2178 Christus.
3185 2124 3267 2179 De
3314 2139 3431 2195 quo
3491 2125 3549 2177 et
3594 2122 3738 2177 alibi

2068 2213 2292 2267 habes:
2348 2212 2533 2267 Labia
2580 2212 2707 2284 ejus
2736 2212 2863 2267 lilia
2911 2212 3206 2267 stillantia
3251 2212 3561 2285 myrrham
3597 2211 3737 2283 pri-

2067 2318 2217 2356 mam
2238 2300 2352 2371 (60)
2372 2301 2567 2372 (Cant.
2591 2318 2649 2371 v,
2675 2301 2766 2359 13)
2792 2317 2807 2370 ;
2839 2301 2896 2355 id
2914 2301 3737 2372 est,quiChristipassionem

2068 2391 2389 2462 loquuntur
2425 2393 2481 2445 et
2527 2406 2637 2445 suo
2670 2406 2773 2445 ore
2823 2390 3259 2461 concelebrant,
3292 2404 3361 2444 ac
3407 2390 3734 2444 mortiﬁca-

2066 2479 2285 2533 tionem
2316 2478 2451 2551 ejus
2486 2479 2543 2533 in
2574 2495 2686 2535 suo
2736 2479 3157 2534 circumferunt
3186 2494 3453 2550 corpore,
3506 2477 3733 2534 Christi

2067 2568 2185 2623 lilia
2210 2572 2387 2638 sunt;
2438 2569 2777 2639 specialiter
2807 2585 2996 2624 sacrae
3041 2568 3329 2641 virgines,
3363 2584 3613 2640 quarum
3642 2569 3738 2623 est

2068 2658 2377 2728 splendida
2406 2661 2461 2713 et
2485 2658 2854 2713 immaculata
2874 2657 3207 2729 virginitas.
3235 2656 3405 2712 Unde
3427 2657 3733 2728 plerisque

2068 2747 2364 2819 accipiunt
2382 2748 2539 2818 quod
2563 2747 2831 2802 Ecclesia
2871 2747 3141 2802 videatur
3168 2746 3366 2801 dicere
3392 2762 3404 2801 :
3440 2746 3583 2819 Ego.
3601 2762 3729 2801 sum

2068 2837 2180 2892 ﬂos
2211 2837 2401 2908 campi
2432 2843 2490 2891 et
2520 2836 2711 2890 lilium
2756 2835 3140 2891 convallium:
3173 2851 3308 2907 quae
3333 2835 3393 2889 in
3444 2834 3555 2889 hac
3584 2850 3734 2890 con-

2069 2927 2221 2982 valle
2271 2927 2446 2981 istius
2496 2925 2698 2981 mundi
2748 2925 2997 2998 gratiam
3027 2924 3191 2979 boni'
3219 2923 3420 2979 odoris
3467 2924 3729 2995 exhalat,

1996 3030 2001 3035 ‘
2071 3015 2297 3071 sedulae
2332 3014 2712 3071 confessione
2744 3014 2996 3085 pietatis.
3024 3014 3287 3086 Denique
3319 3015 3376 3068 et
3397 3013 3537 3067 alibi
3558 3012 3735 3070 dicit:

2071 3105 2293 3161 Frater
2307 3121 2472 3159 meus
2490 3103 2803 3159 descendit
2840 3105 2902 3156 in
2925 3104 3159 3157 hortum
3190 3118 3374 3167 suum,
3412 3103 3472 3156 in
3497 3102 3735 3173 phialas

1986 3202 2039 3268 ο
2070 3196 2372 3263 aromatis,
2400 3208 2656 3266 pascere
2687 3192 2749 3245 in
2780 3192 2993 3261 hortis,
3026 3197 3085 3246 et
3108 3190 3394 3263 colligere
3423 3190 3571 3245 lilia.
3604 3191 3737 3262 Ego

2069 3285 2256 3340 fratri
2275 3299 2422 3352 meo,
2449 3288 2506 3339 et
2528 3282 2726 3337 frater
2747 3297 2912 3336 meus
2930 3280 3096 3348 mihi,
3114 3278 3211 3353 qui
3225 3279 3419 3352 pascit
3432 3277 3736 3334 interlilia

2070 3374 2264 3445 (Cant.
2297 3390 2378 3442 vi,
2411 3371 2464 3442 1,
2496 3372 2573 3439 2).

2140 3463 2229 3518 94.
2256 3462 2345 3517 Ex
2360 3461 2459 3517 illo
2495 3475 2640 3534 ergo
2656 3463 2825 3516 utero
2866 3458 3069 3514 Mariaa
3098 3455 3353 3513 diffusus
3371 3459 3464 3513 est
3496 3456 3556 3512 in
3577 3457 3737 3512 hunc

2071 3553 2351 3607 mundum
2394 3567 2647 3606 acervus
2682 3548 2858 3603 tritici
2895 3548 3101 3603 muniti
3136 3547 3467 3616 interlilia;
3501 3546 3736 3618 quando

2070 3645 2244 3697 natus
2267 3644 2361 3696 est
2381 3656 2453 3696 ex
2477 3656 2545 3695 ea
2584 3639 2879 3707 Christus,
2904 3638 2997 3692 cui
3019 3636 3157 3692 dicit
3194 3636 3479 3707 propheta
3510 3636 3695 3691 David
3719 3652 3734 3693 :

2071 3731 2404 3786 Benedices
2431 3744 2703 3784 coronam
2736 3727 2877 3782 anni
2893 3725 3289 3797 benignitatis
3311 3731 3443 3779 ture.
3466 3730 3524 3779 et
3547 3726 3739 3799 campi

2072 3833 2156 3883 tui
2190 3827 2582 3899 replcbuntur
2626 3826 2921 3881 ubertate.
2966 3824 3374 3897 Pinguescent
3405 3815 3551 3881 270
3582 3824 3738 3880 fines

2071 3918 2321 3986 deserti,
2356 3923 2413 3972 et
2446 3914 2848 3971 exsultatione
2881 3913 3064 3969 colles
3090 3914 3497 3985 accingentur.
3536 3912 3739 3968 Induti

2070 4013 2207 4062 sunt
2228 4006 2679 4075 arietesovium,
2700 4010 2759 4059 et
2773 4021 2878 4059 con
2891 4003 3075 4059 valles
3088 4002 3733 4058 abundantl‘rumento:

2072 4096 2289 4152 etenim
2323 4094 2656 4150 clamabunt
2689 4100 2748 4150 et
2780 4094 3057 4168 hymnum
3098 4092 3299 4150 dicent
3329 4090 3520 4163 (Psal.
3570 4108 3731 4162 LXIV,

2070 4184 2278 4255 12-14).

2140 4272 2229 4328 95.
2266 4272 2409 4338 Quis
2451 4275 2542 4328 est
2571 4288 2763 4328 annus
2794 4272 3119 4328 Dominicae
3149 4270 3452 4342 bonitatis,
3486 4269 3599 4325 nisi
3634 4268 3737 4324 illo

2071 4362 2143 4417 de
2175 4378 2291 4434 quo
2321 4362 2541 4416 dictum
2571 4364 2694 4417 est:
2754 4361 3036 4434 Tempore
3075 4366 3312 4433 accepto
3343 4358 3558 4415 exaudi
3568 4357 3625 4412 vi
3655 4361 3735 4426 te,

2071 4458 2130 4508 et
2162 4452 2223 4506 in
2257 4451 2355 4507 die
2384 4449 2599 4506 salutis
2629 4451 2832 4524 ach'uvi
2863 4458 2921 4507 te
2968 4451 3106 4519 (Isa.
3159 4467 3318 4518 xux,
3353 4448 3448 4517 8);
3498 4445 3736 4519 quando

2072 4613 2296 4670 grueﬁns
2318 4599 2373 4651 et
2395 4595 2706 4670 cohaerens
2730 4610 2745 4663 ;
2769 4609 2894 4670 _quo
2932 4593 3335 4670 significatum
3357 4590 3542 4670 voluit
3556 4606 3734 4670 sanc-

2072 4662 2169 4724 tus
2200 4669 2407 4723 doctor
2436 4662 2741 4720 Christum
2765 4662 2825 4718 in
2855 4662 3146 4721 ortu'suo
3177 4662 3574 4734 perfectiones
3617 4666 3739 4719 tam

2072 4741 2222 4795 inter
2252 4756 2317 4795 se
2350 4752 2653 4793 connexas
2701 4735 3005 4804 habuisse,
3053 4738 3115 4789 ut
3165 4733 3443 4789 coronam
3488 4733 3731 4791 efﬁcere

2072 4809 2502 4883 quodammodo
2534 4807 2862 4883 videantur.
2921 4805 3213 4883 Caeterum
3246 4805 3401 4883 quod
3435 4806 3737 4883 significat

2073 4877 2255 4937 moris
2285 4881 2473 4935 fuisse
2507 4882 2568 4933 ut
2595 4877 2979 4932 certaminum
3008 4878 3267 4932 victores
3299 4877 3612 4949 torquibus
3635 4878 3738 4933 do-

2073 4955 2370 5014 narentur,
2402 4953 2519 5003 tam
2552 4949 2758 5003 crebra
2777 4950 3134 5019 scriptorum
3165 4950 3499 5004 testimonia
3522 4949 3734 5020 explo-

2071 5028 2259 5079 ratum
2312 5021 2550 5087 faciunt,
2585 5023 2646 5092 ut
2692 5020 2912 5092 degillis
2958 5021 3018 5092 in
3049 5020 3305 5075 medium
3353 5020 3731 5092 proferendis

2070 5111 2187 5150 non
2220 5094 2296 5147 sit
2325 5091 2727 5146 laborandum.
2763 5090 2824 5162 Si
2870 5090 3005 5162 quis
3052 5096 3244 5146 tamen
3288 5090 3455 5162 plura
3498 5092 3735 5147 deside-

2071 5170 2179 5233 ret,
2213 5165 2380 5218 adeat
2428 5162 2739 5234 rVegetium
2787 5161 3002 5226 libfxr,
3035 5179 3162 5232 cap.
3209 5161 3306 5230 2'1,
3333 5168 3390 5218 et
3436 5163 3726 5234 Lipsium,

2074 5232 2357 5291 deMilit.
2394 5232 2578 5295 Roni.,
2612 5232 2713 5287 lib.
2748 5249 2804 5304 v,
2838 5249 2895 5304 p.
2928 5234 3052 5299 209,
3088 5234 3190 5288 ubi
3238 5235 3310 5288 ad
3344 5249 3477 5290 eum
3508 5232 3735 5289 morem

2072 5323 2229 5430 pune
2257 5307 2508 5430 qsitatos
2540 5303 2906 5375 equestrium
2935 5304 3205 5359 ordinum
3248 5308 3491 5376 torques
3523 5319 3736 5374 accep-

2098 5395 2165 5430 os
2197 5393 2260 5430 re
2290 5393 2355 5430 er
2385 5418 2396 5430 .

2071 5382 2165 5433 tos
2197 5380 2396 5431 refert.

2072 5448 2206 5518 (60).
2238 5448 2389 5503 Edit.
2416 5446 2787 5502 Distillantia
2810 5446 3116 5518 myrrham
3147 5446 3423 5518 plenam,-
3454 5445 3544 5499 sic
3574 5443 3734 5499 enim

2074 5529 2255 5597 “XX,
2292 5525 2548 5600 drago'vrai
2564 5522 2787 5600 ᾳμὸρναν
2807 5523 2968 5597 πλὴρη
3001 5526 3146 5600 MSS.
3179 5530 3391 5600 tamen,
3443 5526 3498 5579 et
3527 5523 3739 5600 vulsa-

2073 5605 2128 5654 ta
2182 5600 2381 5655 versio
2442 5597 2802 5654 stillantiam
2832 5598 3141 5669 myrrham
3182 5597 3477 5669 primam;
3533 5597 3736 5650 textus

2074 5672 2257 5727 Hebr.
2291 5671 2596 5750 myrrham
2629 5674 3055 5725 transeuntem.
