4060 6158
345 273 465 343 343

1860 273 1927 343 S.
1969 273 2412 340 AMBROSII.

3678 277 3786 349 844

347 477 700 553 populorum
729 476 844 536 fide
887 477 1159 535 Ecclesia
1191 475 1538 546 abundavit,
1567 475 1859 549 justitiam
1909 476 2023 548 (6i)
2061 454 2118 516 Α
2139 479 2250 535 hoc
2271 480 2400 551 ipso
2423 481 2578 552 quod
2601 479 2672 536 ad
2705 481 2966 536 omnium
3001 481 3251 536 salutem
3290 497 3421 538 eum
3443 485 3700 556 concepit
3727 489 3783 542 et

350 569 540 626 induit
561 567 908 623 sacerdotes
929 569 958 623 ?
991 568 1158 624 Unde
1189 571 1246 624 et
1276 567 1602 639 Apostolus
1652 567 1830 623 dicit:
1864 567 2025 621 Ecce

352 673 503 716 nunc
527 663 754 728 tempus
773 657 1162 728 acceptabile,
1189 673 1332 712 ecce
1355 673 1505 712 nunc
1543 657 1677 712 dies
1703 655 1916 710 salutis
1945 655 2032 724 (II

356 747 490 802 Cor.
511 763 589 800 v1.
605 745 693 816 2);
725 745 960 817 quando
978 747 1138 802 venit
1161 747 1446 802 Dominus
1461 746 1786 816 praedicare
1804 761 2020 800 annum

351 834 584 892 Domini
633 837 937 905 acceptum
987 839 1044 890 et
1089 835 1244 890 diem
1291 835 1720 904 retributionis,
1773 834 1928 888 sicut
1966 834 2024 888 in

352 923 678 997 Evangelio
710 939 822 978 suo
870 923 1002 994 ipse
1043 923 1409 992 memoravit,
1463 924 1704 978 dicens:
1755 922 2027 994 Spiritus

352 1014 592 1070 Domini
607 1028 790 1086 super
808 1029 922 1083 me,
949 1020 1198 1086 prapter
1219 1013 1369 1086 quod
1395 1014 1563 1068 unxit
1578 1028 1688 1082 me,
1714 1015 1825 1067 etc.
1858 1011 2022 1083 (Luc.

355 1117 435 1174 xv,
470 1103 580 1173 18).

426 1192 516 1248 96.
547 1192 714 1247 Tunc
747 1207 894 1264 ergo
938 1191 1226 1246 Dominus
1255 1191 1538 1262 operibus
1591 1191 1720 1247 suis
1750 1194 1806 1246 et
1838 1191 2028 1264 gloria

357 1283 416 1336 et
431 1281 655 1336 honore
673 1280 766 1334 sui
780 1283 1013 1352 tempus
1031 1280 1334 1336 coronavit
1347 1281 1636 1335 adventus
1659 1297 1672 1350 ;
1697 1283 1856 1334 totus
1873 1280 2028 1334 enim

358 1369 457 1424 ille
473 1385 666 1424 annus
689 1368 1162 1424 conversationis
1191 1369 1325 1440 ejus
1348 1369 1406 1423 in
1429 1369 1542 1424 hoc
1579 1369 1797 1423 mundo
1828 1369 2027 1422 (liver-

359 1473 562 1513 sarum
584 1457 789 1512 habuit
819 1458 1136 1512 certamina
1158 1458 1526 1529 passionum.
1552 1458 1706 1512 Vicit
1733 1457 2030 1512 Herodem

354 1546 666 1620 parvulus,
693 1546 764 1602 de
786 1563 904 1619 quo
936 1547 995 1601 in
1027 1547 1309 1618 passione
1357 1545 1666 1601 infantium
1699 1546 2026 1617 triumpha-

359 1637 444 1690 vit
465 1635 705 1704 (Matth.
725 1652 788 1704 ιι,
815 1635 923 1706 16).
946 1635 1226 1700 Esurivit,
1265 1636 1468 1704 sitivit,
1493 1651 1600 1706 pro
1639 1635 1813 1688 nobis
1849 1651 2027 1705 vapu-

361 1723 522 1794 lavit,
553 1740 662 1796 pro
694 1725 869 1780 nobis
917 1725 1400 1780 contumeliarum
1446 1725 1686 1796 indigna
1737 1724 2024 1796 toleravit,

2137 569 2382 640 peperit,
2409 585 2686 624 coronam
2705 571 2878 641 capiti
2900 569 3035 642 ejus
3059 574 3300 626 aeternae
3344 571 3572 642 pietatis
3603 574 3778 645 impo-

2139 659 2292 726 suit;
2352 663 2412 713 ut
2460 675 2566 730 per
2614 659 2789 714 ﬁdem
2842 660 3205 714 credentium
3241 661 3405 715 fleret
3450 663 3636 716 omnis
3682 665 3782 719 viri

2139 754 2311 818 caput
2333 748 2626 802 Christus.
2670 749 2974 818 Inoperata
3008 753 3101 804 est
3131 765 3276 820 ergo
3307 753 3363 804 et
3393 765 3526 804 caro
3556 751 3782 821 Christi,

2139 853 2311 908 quem
2338 841 2399 890 ut
2431 837 2614 891 Maria
2644 837 2814 910 virgo
2857 839 3215 908 conciperet,
3247 838 3520 892 inusitato
3550 841 3786 910 quodam

2141 941 2414 996 novoque
2465 926 2890 981 Incarnationis
2922 927 3226 998 mysterio,
3277 927 3406 982 sine
3455 927 3571 981 ulla
3612 929 3790 983 virilis

2142 1015 2389 1070 seminis
2402 1015 2996 1085 admistione,divinae
3011 1016 3196 1088 gratia
3211 1015 3790 1088 dispositionis,quod

2142 1107 2265 1158 erat
2315 1105 2532 1172 carnis,
2582 1105 2908 1176 assumpsit
2956 1121 3031 1160 ex
3073 1104 3337 1176 Virgine,
3384 1107 3556 1176 atque
3601 1105 3657 1159 in
3703 1105 3794 1160 illa

2142 1194 2455 1249 novissimi
2490 1194 2676 1248 Adam
2711 1194 3068 1249 immaculati
3098 1193 3357 1249 hominis
3391 1194 3646 1250 membra
3675 1195 3791 1249 for-

2143 1283 2344 1340 mavit.

2213 1409 2303 1464 99.
2348 1409 2659 1464 Hominem
2701 1409 2893 1480 audis,
2937 1409 3044 1464 sed
3094 1425 3276 1480 supra
3307 1408 3604 1464 hominem
3635 1409 3799 1464 intel-

2143 1499 2302 1571 ligo;
2355 1499 2491 1570 quia
2540 1499 2826 1568 scriptum
2875 1501 3002 1554 est:
3053 1497 3186 1554 Non
3234 1514 3452 1570 coquos
3499 1514 3703 1568 agnum
3745 1498 3801 1552 in

2147 1587 2300 1642 lacte
2330 1588 2544 1642 matris
2574 1603 2696 1642 sum
2727 1587 2942 1656 (Exod.
2970 1605 3174 1657 xxxw,
3213 1587 3326 1656 26).
3362 1586 3432 1642 Et
3453 1586 3588 1641 alibi
3621 1587 3798 1658 legis:

2145 1677 2227 1732 Et
2249 1678 2416 1732 homo
2434 1678 2622 1741 est,-'et
2647 1677 2777 1749 quis
2810 1683 3092 1749 agnoscet
3123 1693 3250 1731 eum
3280 1677 3525 1746 (Jerem.
3559 1692 3694 1744 xvn,
3716 1675 3804 1744 9)?

2148 1767 2308 1838 Ergo
2341 1783 2458 1820 non
2490 1766 2674 1821 debes
2705 1783 2922 1837 agnum
2955 1767 3136 1836 illum,
3170 1768 3233 1820 in
3266 1783 3376 1838 quo
3399 1765 3702 1838 plenitudo
3717 1765 3803 1820 di-

2074 1831 2128 1894 Β
2155 1831 2425 1910 γίιῖίεθιίε
2443 1831 2839 1928 corporaliter
2865 1831 3165 1910 inhabitat
3187 1831 3416 1924 (Cotus:
3429 1872 3490 1924 ιι,
3511 1854 3585 1923 9),
3611 1854 3804 1908 condi-

2150 1945 2328 2000 tionis
2357 1945 2630 2000 humanae
2662 1944 2894 1999 viribus
2925 1945 3241 2014 aestimare,
3274 1947 3332 1999 et
3353 1943 3716 2015 majestatem
3737 1943 3808 1997 in-

2147 2033 2702 2105 comprehensibilis
2743 2034 3051 2104 potestatis
3100 2033 3423 2106 degeneris
3455 2033 3800 2105 cognitionis

2150 2123 2486 2178 intlrmitate
2509 2123 2621 2194 (65)
2640 2122 3015 2178 concludere.
3035 2123 3168 2178 Non
3184 2123 3342 2177 enim
3362 2122 3525 2177 illum
3545 2121 3806 2192 perfectae

2150 2213 2284 2267 fidei
2319 2211 2518 2266 cibum
2561 2211 2746 2266 Jacob
2779 2211 2939 2266 coxit
2986 2212 3045 2266 in
3092 2211 3264 2279 lacte,
3296 2227 3418 2282 quo
3465 2211 3630 2266 lsaac
3657 2213 3808 2281 pater

2149 2301 2226 2356 ita
2257 2305 2350 2356 est
2379 2301 2726 2368 delectatus,
2759 2304 2821 2355 ut
2852 2301 2906 2356 ei
2955 2301 3418 2373 praerogativam
3450 2316 3676 2355 omnem
3703 2300 3803 2354 be-

2149 2391 2504 2446 nedictionis
2544 2390 2888 2462 prophetica
2931 2390 3254 2444 sobrietate
3301 2389 3603 2444 conferret
3643 2388 3805 2458 (Gen.

2150 2497 2336 2549 xxvii,
2369 2479 2588 2548 25-27).
2640 2479 2712 2533 Et
2741 2479 2874 2534 ideo
2925 2479 3251 2550 Apostolus
3283 2479 3533 2551 scripsit
3579 2493 3808 2533 succum

2149 2569 2320 2623 lactis
2369 2569 2568 2622 tenuis
2617 2567 2814 2622 cibum
2844 2583 2984 2624 esse
3031 2567 3337 2635 doctrinae,
3385 2568 3625 2622 dicens:
3676 2566 3808 2632 Quia

2151 2658 2343 2712 omnis
2374 2659 2472 2728 qui
2499 2656 2683 2711 alitur
2712 2657 2884 2722 laete,
2919 2673 3142 2728 expers
3171 2663 3264 2711 est
3305 2656 3624 2712 verborum
3641 2655 3811 2728 justi-

2155 2747 2252 2800 tim
2280 2745 2492 2814 (Hebr.
2525 2762 2583 2812 v,
2619 2745 2708 2815 13)
2733 2761 2747 2813 ;
2777 2746 3062 2814 parvulus
3094 2746 3250 2801 enim
3281 2748 3396 2817 est,
3431 2744 3810 2818 perfectorum

2151 2838 2344 2889 autem
2379 2838 2470 2889 est
2499 2834 2690 2889 solida
2722 2850 2882 2890 esea.

363 1829 600 1870 crucem
629 1813 916 1884 ascendit,
950 1817 1218 1868 mortuus
1251 1816 1343 1868 est
1365 1829 1470 1884 pro
1501 1813 1696 1869 nobis.

967 1955 1220 2010 CAPUT
1271 1955 1426 2010 XVI.

377 2087 732 2161 Virginibus
751 2089 1080 2144 exeundum
1099 2088 1171 2144 ob
1185 2090 1334 2143 viam
1355 2087 1618 2157 Christo,
1646 2093 1703 2142 et
1727 2103 1832 2160 qua
1848 2093 2031 2161 ratio:

438 2158 533 2214 ne.
566 2159 738 2242 Hunc
767 2161 1028 2242 quidem_
1044 2177 1080 2242 ρ
1110 2166 1304 2242 matre
1353 2165 1689 2242 coronatum
1721 2158 1874 2242 esse,
1924 2158 2034 2242 sed

439 2240 634 2304 tarnen
665 2230 962 2304 deiipsius
990 2231 1445 2304 divinitatenon
1478 2230 2038 2304 ambigendum.Su-

437 2303 709 2376 mendam
733 2301 936 2376 itaque
947 2302 1279 2376 perfectam
1301 2301 1476 2357 [idem
1499 2303 1560 2356 in
1583 2318 1718 2376 esea
1742 2301 1842 2356 illa
1867 2318 2033 2376 quam

433 2375 682 2448 paravi!
707 2371 913 2448 Jacob,
943 2371 1022 2448 et.
1036 2375 1096 2428 in
1125 2373 1276 2428 stola
1310 2390 1477 2448 quam
1503 2373 1779 2448 prudens
1794 2371 2038 2448 _mulier

439 2443 762 2518 contexuit,
791 2444 1255 2518 praefiguratam,
1292 2443 1560 2518 utvirge,
1581 2443 2039 2518 bene-dictiones

439 2533 472 2572 a
505 2514 755 2571 Christo
770 2514 1100 2580 consecuta,
1129 2517 1188 2569 in
1209 2515 1444 2570 homine
1466 2514 1650 2570 Deum
1679 2514 1894 2578 videat,
1921 2515 2038 2568 imo

445 2603 588 2642 vero
619 2586 924 2658 Christum
959 2587 1183 2653 induat,
1236 2586 1524 2658 simulque
1571 2586 1824 2642 omnium
1856 2601 2032 2640 orna-

440 2663 640 2713 menta
667 2657 972 2712 virtutum.

439 2799 530 2854 9'7.
551 2798 733 2854 Vides
755 2801 977 2871 quanta
1011 2799 1332 2853 certamina
1358 2798 1472 2868 (62)
1498 2797 1511 2854 l
1547 2797 1662 2853 Sed
1693 2800 1885 2852 tamen
1919 2813 2037 2852 non

369 2902 588 2944 avarus
609 2890 852 2943 exactor
879 2887 1130 2958 prmmii,
1157 2887 1252 2942 cui
1281 2886 1601 2942 abundavit
1631 2903 1746 2944 una
1775 2886 2038 2942 caelestis

373 2991 593 3034 corona
613 2975 869 3032 virtutis.
892 2976 1061 3032 Unde
1083 2975 1454 3048 egredimini,
1481 2975 1616 3030 filiae
1639 2974 2032 3044 Hierusalem,

2226 2959 2346 3014 100.
2373 2959 2442 3013 Et
2462 2962 2524 3014 tu
2545 2975 2710 3032 ergo,
2740 2959 2876 3027 tilia,
2913 2977 3080 3016 sume
3104 2961 3316 3015 stolam
3353 2959 3518 3015 illam
3548 2958 3810 3015 mulieris

374 3065 531 3120 sicut
586 3081 698 3120 vos
754 3065 1022 3120 hortatur
1076 3047 1378 3135 Scriptura
1439 3064 1636 3119 divina
1679 3063 1735 3117 in
1783 3063 2042 3118 Cantieis
2151 3047 2247 3119 Ρίδ
2279 3049 2616 3119 operatione
2661 3051 2996 3104 οοηίθκίίιπὶ
3043 3049 3220 3118 (Ῐὺίίίο
3270 3049 3382 3118 Hii
3435 3066 3567 3122 (ἰυίθ
3617 3064 3811 3103 manus

375 3153 765 3210 canticorum:
797 3153 1184 3226 Egredimini
1217 3160 1276 3208 et
1312 3153 1510 3208 videte
1545 3169 1748 3225 regem
1776 3151 2040 3208 Salomo-

2159 3137 2770 3208 suasaperitpauperi,
2789 3141 2845 3192 et
2861 3137 3100 3193 lucerna
3114 3137 3249 3209 ejus
3273 3155 3394 3192 non
3425 3138 3811 3210 exstinguitur

2159 3229 2208 3250 Β..
2233 3230 2344 3250 ιΑι-
2371 3231 2539 3250 ..-Αιρ
2561 3227 2754 3250 In“---
2799 3244 2943 3250 _____--
2995 3227 3058 3250 ΔΩ
3097 3227 3185 3250 eam
3206 3243 3218 3250 .
3266 3230 3441 3250 -Δ..---
3466 3227 3636 3250 3...]---
3659 3231 3708 3250 ΔΑ
3766 3228 3811 3250 ΑΔ

375 3242 583 3298 nemin
615 3259 848 3310 corona,
867 3259 976 3317 qua
1009 3243 1320 3298 coronavit
1345 3259 1472 3297 eum
1504 3242 1840 3313 mater-ejus
1862 3242 1924 3296 in
1945 3241 2040 3298 die

2159 3229 2348 3282 intota
2371 3231 2542 3282 nocte
2559 3227 2768 3298 (Prov.
2799 3244 2964 3296 xxxx,
2993 3227 3218 3296 18-22):
3264 3230 3444 3299 atque
3466 3227 3638 3283 indue
3659 3231 3731 3295 te,
3763 3228 3815 3280 et

376 3331 736 3405 sponsalium
765 3315 915 3404 ejus,
933 3337 993 3388 et
1023 3332 1085 3387 in
1108 3332 1206 3387 die
1221 3331 1625 3404 jucunditatis
1655 3329 1860 3384 cordis
1892 3329 2040 3403 ejus,

2159 3315 2722 3387 hujusmodiepulas
2752 3315 2898 3372 alter
2913 3317 2981 3370 ad
2999 3320 3243 3387 patrem,
3260 3319 3323 3371 ut
3348 3316 3536 3374 dicat:
3566 3315 3713 3383 Quid
3732 3319 3816 3370 est

379 3404 822 3494 quiafecitsibi,
837 3421 1044 3494 inquit,
1063 3421 1463 3476 charitutema
1495 3419 1734 3476 ﬁliabus
1751 3418 2044 3473 Hierusa-
2158 3405 2308 3494 φιοά
2325 3411 2441 3459 tam
2477 3405 2594 3460 σίιο
2632 3405 2944 3473 ίηνθηίείί»
2981 3405 3098 3460 mia
3131 3404 3303 3474 (σθηο
3328 3423 3518 3473 XXV",
3542 3404 3677 3477 20)?
3702 3404 3816 3458 lau‘

378 3493 494 3565 lem
527 3509 724 3579 (Cant.
751 3528 834 3582 ui,
869 3493 956 3581 11,
991 3512 1101 3582 10),
1133 3508 1248 3566 hoc
1278 3513 1396 3564 est:
1438 3505 1805 3580 Egredimini
1848 3523 1923 3562 ex
1952 3507 2040 3561 his

2159 3493 2305 3548 dans
2329 3493 2388 3548 in
2410 3497 2610 3549 tenera
2635 3494 2829 3548 adhuc
2853 3498 3022 3550 tetate
3049 3495 3442 3565 prudentiam,
3463 3497 3576 3566 piae
3596 3507 3816 3566 quoque

379 3597 677 3672 angustiis
709 3601 767 3654 et
811 3581 1312 3655 sollicitudinibus
1345 3596 1776 3668 corporalibus,
1810 3596 2049 3669 egredi-
2157 3583 2490 3672 ἀβνοίὶοηίε
2523 3581 2816 3672 Emolum-
2852 3583 2923 3637 Ει
2961 3583 3116 3637 dicat
3147 3583 3288 3639 tibi:
3336 3584 3580 3640 Accedo
3611 3583 3684 3638 ad
3712 3596 3814 3646 m0:

379 3687 525 3742 mini
552 3703 629 3744 ex
658 3687 770 3744 hac
801 3688 1188 3744 delectatione
1220 3687 1464 3756 carnali,
1491 3690 1547 3740 et
1583 3685 2053 3758 peregrinamini

381 3776 454 3832 de
487 3793 757 3850 corpore,
789 3779 854 3832 ut
895 3777 1110 3833 adesse
1147 3776 1392 3832 Domino
1443 3775 1733 3846 possitis;
1774 3774 2054 3846 quoniam

381 3865 482 3938 qui
497 3866 557 3922 in
578 3882 757 3923 carne
771 3869 929 3936 sunt,
952 3866 1200 3922 Domino
1228 3881 1339 3920 suo
1364 3864 1599 3936 placere
1638 3879 1755 3917 non
1777 3865 2049 3932 possunt.

381 3953 612 4011 Dicitur
627 3971 773 4028 ergo
812 3955 988 4011 vobis
1029 3955 1164 4027 quia
1211 3971 1329 4009 non
1353 3953 1500 4009 estis
1534 3952 1593 4006 in
1626 3966 1822 4020 carne,
1857 3950 1964 4005 sed
1995 3951 2055 4004 in

356 4031 598 4116 'spiritu
628 4044 819 4114 (Rom.
858 4061 981 4115 vm,
1022 4044 1076 4114 8,
1108 4044 1188 4115 9),
1223 4043 1275 4098 si
1321 4039 1631 4114 potueritis
1663 4038 2056 4110 comprehen-

385 4133 527 4190 dere
582 4132 918 4190 Salomonis
967 4133 1092 4189 veri
1151 4132 1312 4187 illius
1363 4129 1593 4200 paciﬁci
1666 4127 2051 4196 charitatem,

384 4239 559 4296 quam
573 4222 714 4279 fecit
731 4223 847 4279 sibi
861 4223 1023 4294 ipse;
1043 4225 1101 4278 et
1114 4222 1247 4277 ideo
1263 4234 1543 4276 coronam
1555 4217 1782 4288 accepit
1802 4232 1834 4270 a
1850 4219 2053 4274 matre.

453 4330 543 4386 98.
605 4331 785 4387 Beata
828 4332 1017 4386 mater
1065 4327 1419 4396 Jerusalem,
1475 4325 1688 4380 beatus
1735 4328 1791 4379 et
1849 4324 2054 4380 Mariae

383 4423 610 4490 uterus,
645 4419 747 4492 qui
775 4422 998 4475 tantum
1032 4418 1344 4474 Dominum
1378 4414 1702 4470 coronavit.
1736 4412 2055 4468 Coronavit

385 4525 520 4565 eum
538 4509 774 4582 quando
792 4509 1100 4565 formavit:
1135 4503 1439 4562 coronavit
1487 4519 1642 4570 eum,
1675 4502 1911 4574 quando
1945 4519 2034 4574 ge-

385 4600 656 4669 neravit;
690 4600 828 4671 quia
857 4598 967 4654 etsi
1017 4613 1152 4653 eum
1182 4595 1313 4651 sine
1355 4593 1551 4664 aliqua
1581 4592 1676 4646 sui
1719 4592 2058 4662 operatione

385 4688 729 4744 formaverit
772 4686 907 4761 (63)]
949 4687 1090 4760 quia
1119 4684 1376 4756 Spiritus
1423 4684 1666 4737 sanctus
1715 4681 2061 4752 supervenit

386 4785 449 4841 in
479 4786 814 4859 virginem;
871 4784 1026 4840 unde
1073 4785 1131 4838 et
1175 4781 1304 4852 ipse
1335 4771 1475 4837 271
1512 4779 1628 4834 ait:
1675 4777 2054 4850 Inoperatum

385 4891 577 4930 meum
596 4873 874 4931 Viderunt
887 4871 1040 4928 oculi
1063 4871 1148 4926 tui
1167 4868 1358 4941 (Psal.
1392 4884 1678 4938 cxxxvm,
1704 4865 1836 4938 l6)],
1859 4869 2056 4921 tamen

457 5016 572 5089 (61)
601 5017 821 5089 Omnes
851 5015 1012 5085 edit.,
1063 5013 1397 5089 Ecclesium
1443 5010 1830 5089 f¢cundavit,
1862 5008 2054 5082 justi-

392 5087 495 5157 tia,
528 5087 640 5146 etc.
677 5088 824 5144 Mss.
847 5090 1040 5142 autem
1073 5090 1134 5141 ut
1166 5087 1224 5140 in
1257 5087 1554 5157 contextu.

458 5155 574 5230 (62)
632 5161 775 5216 Voci
825 5158 1151 5230 certamina
1179 5157 1344 5230 “edit.
1378 5155 1598 5230 addunt
1646 5168 1864 5225 passus
1921 5156 2053 5206 est:

386 5227 907 5304 quod'elegantius
937 5228 1402 5304 subintelligitur
1423 5227 1485 5304 in
1512 5241 1660 5304 mss.

456 5303 570 5375 (63)
600 5293 754 5375 Ca've
785 5305 958 5374 putes
988 5301 1084 5375 bi_c
1115 5293 1322 5375 negtiri
1343 5299 1416 5375 ab
1459 5296 1778 5375 Ambrosio
1807 5293 2054 5364 purissi-

384 5366 854 5447 mam'virgine'm
873 5387 1014 5426 vere
1039 5372 1143 5426 Dei
1159 5366 1515 5447 G'enitric‘em
1540 5366 1871 5447 habendam
1887 5381 2048 5447 esse.

383 5448 500 5504 Sed
520 5436 1466 5518 locuminterpretareeomparate
1493 5438 1565 5492 ad
1597 5453 1704 5518 eos
1736 5436 2051 5518 nasi-elices

385 5534 559 5590 quos,
593 5521 654 5574 ut
684 5507 962 5580 vidimus,
997 5507 1387 5566 confutandos
1420 5508 1704 5590 suscepit.
1741 5507 1968 5589 Etenim
1992 5511 2053 5560 ut

385 5590 588 5645 Mariae
604 5587 1002 5659 virginitatem
1031 5581 1586 5659 sempermansisse
1629 5582 2046 5642 intaimnatam,

387 5665 445 5716 et
465 5651 826 5716 divinitatem
847 5655 1083 5712 Christo
1118 5651 1572 5725 abjudicandam
1596 5666 1713 5706 non
1735 5665 1874 5725 esse
1910 5665 2050 5725 pro-

385 5730 506 5802 bet,
541 5731 687 5788 satis
717 5732 811 5788 est
836 5728 890 5786 si
907 5727 1116 5784 doceat
1135 5719 1401 5781 eamdem
1423 5723 1753 5794 Deiparam,
1778 5720 1907 5777 sine
1929 5719 2049 5775 ullo

2157 3671 2274 3726 tilia
2297 3671 2473 3742 (Ibid.
2498 3671 2588 3742 26)
2615 3687 2629 3740 ;
2663 3673 3062 3744 odoratusque
3077 3673 3319 3727 odorem
3342 3674 3817 3728 vestimentorum

2158 3763 2393 3815 tuorum
2423 3761 2734 3816 benedirat
2763 3764 2838 3830 te,
2871 3761 3112 3816 dicens:
3146 3761 3308 3816 Ecce
3330 3763 3481 3818 odor
3502 3761 3637 3816 tiliae
3660 3774 3814 3827 meae,

2157 3851 2314 3903 sicut
2352 3849 2497 3904 odor
2527 3850 2662 3921 agri
2685 3849 2851 3921 pleni
2892 3866 3058 3923 quem
3089 3849 3404 3905 benedixit
3438 3851 3736 3916 Dominus,
3768 3849 3820 3900 et

2161 3937 2260 3992 det
2295 3939 2410 3992 tibi
2440 3939 2599 3994 Deus
2631 3955 2662 3993 a
2694 3956 2834 3994 rore
2865 3939 3000 3995 caeli
3029 3939 3304 4010 desuper,
3360 3947 3420 3994 et
3452 3940 3528 3994 ab
3561 3938 3820 3993 ubertate

2163 4032 2346 4082 terrm
2369 4027 2788 4082 abundantiam
2819 4028 2997 4094 (Ibid.
3029 4026 3120 4098 27,
3150 4028 3263 4098 28).
3291 4029 3486 4100 Atque
3508 4027 3603 4082 his
3623 4025 3822 4097 adjun-

2160 4119 2256 4186 gat
2284 4132 2296 4170 :
2337 4115 2447 4182 Qui
2475 4116 2858 4171 maledixerit
2893 4117 3022 4180 tibi,
3058 4117 3410 4172 ina/edictus
3449 4118 3610 4172 erit:
3647 4121 3703 4170 et
3733 4112 3824 4188 qui

2158 4205 2544 4261 benedixerit
2578 4213 2654 4276 te,
2688 4206 3044 4262 benedictus
3064 4206 3183 4262 erit
3211 4205 3390 4276 (Ibid.
3424 4206 3548 4277 29).

2231 4328 2353 4385 101.
2392 4331 2515 4386 Hac
2554 4331 2705 4386 stola
2738 4331 2979 4386 indutus
3013 4330 3194 4386 Jacob
3236 4331 3538 4386 hominem
3567 4329 3728 4397 vidit,
3761 4327 3813 4380 et

2161 4419 2234 4474 ab
2256 4436 2326 4475 eo
2348 4421 2520 4492 quasi
2543 4437 2574 4474 a
2599 4421 2846 4475 Domino
2885 4420 3004 4474 Deo
3046 4419 3519 4474 benedictionem
3538 4417 3820 4491 poposcit,

2161 4510 2546 4580 etappellavit
2567 4509 2782 4577 locum,
2817 4508 2977 4563 Vism
3001 4509 3113 4563 Dei
3140 4507 3316 4579 (Gen.
3355 4526 3543 4576 xxx",
3571 4508 3681 4578 30).
3705 4507 3820 4560 Hac

2161 4599 2312 4653 stola
2343 4599 2581 4652 indutus
2610 4597 2758 4652 vidit
2787 4597 2944 4651 illam
2967 4597 3177 4650 stolam
3197 4597 3438 4666 Christi,
3475 4598 3548 4652 de
3581 4613 3689 4668 qua
3713 4594 3817 4648 ait:

2161 4687 2416 4742 Lavabit
2435 4689 2495 4741 in
2524 4687 2658 4741 vino
2679 4685 2888 4740 stolam
2913 4701 3076 4739 suam
3096 4686 3271 4755 (Gen.
3297 4703 3456 4753 xux,
3485 4685 3594 4754 11).
3622 4685 3692 4738 Et
3727 4683 3822 4736 be-

2161 4776 2385 4832 nedixit
2414 4775 2586 4831 etiam
2615 4774 2840 4845 Joseph
2872 4775 3082 4829 dicens
3107 4791 3120 4830 :
3170 4773 3363 4829 Filius
3394 4791 3560 4828 meus
3583 4771 3819 4844 amplia-

2165 4879 2256 4921 tus
2277 4865 2513 4938 Joseph,
2535 4863 2694 4919 {ilius
2708 4881 2873 4920 meus
2890 4863 3222 4936 ampliatus,
3237 4863 3470 4918 zelatus
3487 4861 3646 4917 [ilius
3666 4874 3822 4915 meus

2162 5007 2400 5090 genitali
2415 5024 2770 5090 congressu,
2788 5008 2976 5090 sancti
2989 5007 3244 5090 Spiritus
3259 5022 3436 5090 opera
3452 5003 3815 5090 concepisse.

2161 5079 2394 5151 Alioqui
2419 5079 2573 5135 enim
2596 5079 2891 5151 quomodo
2915 5079 3094 5132 Maria
3111 5079 3318 5149 negari
3343 5080 3816 5151 posset'tantum-

2161 5151 2292 5223 dem
2319 5149 2540 5206 Christi
2574 5149 2962 5223 generationi,
2995 5154 3287 5223 quantum
3331 5153 3564 5223 caetera)
3595 5149 3816 5223 _ma_tres

2161 5222 2483 5295 liberorum
2513 5216 2779 5295 suorum,
2815 5216 3162 5295 contuli—sse,
3196 5237 3330 5291 quae
3363 5221 3544 5295 illum,
3582 5216 3817 5295 Ambro:

2161 5295 2348 5348 sianis
2368 5293 2566 5348 verbis
2589 5289 2840 5358 utamur,
2866 5292 3166 5352 formavit.
3192 5289 3418 5362 genera
3431 5291 3541 5362 vili,
3561 5289 3816 5362 concepit

2161 5365 2491 5437 aepeperit.
2510 5365 2809 5437 Verumde
2824 5355 2916 5437 his
2931 5355 3358 5437 ite_rumlib._m,
3380 5363 3451 5416 de
3483 5359 3664 5437 Fidon
3763 5355 3812 5407 'l.

2228 5429 2346 5506 (64')
2380 5437 2548 5490 Rom.
2602 5435 2738 5489 edit.
2772 5435 2920 5501 sola,
2973 5434 3299 5506 degeneris
3331 5429 3696 5505 cognationis
3723 5429 3814 5480 in-

2159 5505 2462 5561 ﬁrmitate.
2500 5506 2630 5560 Non
2663 5505 3050 5559 incommode.

2227 5580 2340 5642 (ὓὸ)
2374 5577 2520 5630 Edit.
2556 5577 2845 5637 mulieris,
2893 5577 2955 5646 pi
2972 5595 3006 5630 e
3054 5576 3420 5646 operationis
3451 5572 3650 5630 studio
3679 5585 3814 5624 con-

2158 5656 2422 5706 textum:
2457 5664 2604 5704 mss.
2641 5663 2780 5704 vero
2812 5651 2873 5703 ut
2904 5663 3012 5704 nos
3047 5647 3104 5702 in
3137 5649 3321 5702 textu.
