4060 6158
211 348 292 414 a5
1026 421 1048 432 _
1162 339 1419 409 LIBER
1460 338 1571 407 DE
1612 335 2216 408 INSTITUTIONE
2260 337 2658 404 VIRGINIS.

3476 339 3602 407 346

203 549 617 617 adolescentior,
641 549 717 607 ad
736 567 828 606 me
851 556 1175 606 revertere
1224 548 1403 620 (Ibid.
1429 547 1540 618 22),
1594 548 1831 620 signiti-
1854 528 1907 595 Ᾱ
1942 549 2181 619 dia('70),
2209 551 2783 626 contlrmandamque
2796 552 3087 621 virtutem,
3114 552 3207 609 vel
3224 553 3297 609 ad
3319 550 3598 610 concele-

201 657 317 698 cans
346 642 658 695 Dominicis
680 640 1142 695 resurrectionis
1170 641 1427 711 insigne.
1465 638 1533 693 Et
1564 638 1785 692 addidit
1812 652 1823 691 :

198 732 520 787 Benedietio
532 731 729 802 patris
748 731 832 783 tui
852 736 909 784 et
933 729 1146 783 matris
1170 734 1280 783 tuae
1316 727 1634 800 praevaluit
1653 742 1834 798 super

197 821 617 876 benedictiones
658 820 938 873 montium
972 819 1355 886 manentium,
1408 825 1465 872 et
1520 816 1830 871 desideria

194 911 397 965 collium
431 916 791 963 :eternorum
836 908 1013 979 (Ibid.
1044 907 1156 977 26),
1182 907 1239 961 id
1270 911 1380 978 est,
1416 922 1598 977 super
1627 921 1830 978 regem

193 1000 370 1073 gratiae
401 997 533 1067 (66).

250 1089 360 1142 102.
414 1088 580 1142 Hanc
627 1103 776 1142 sune
823 1087 1073 1156 stolam,
1114 1089 1177 1141 ut
1224 1087 1435 1141 induas
1492 1084 1827 1154 Christum,

191 1181 340 1247 atque
370 1178 427 1231 in
459 1176 910 1249 ejusagnitione
932 1177 1262 1231 renoveris.
1296 1175 1474 1229 Indue
1497 1189 1642 1245 ergo
1676 1174 1831 1227 sicut

188 1267 347 1320 electa
376 1266 478 1319 Dei
504 1266 739 1320 viscera
774 1265 1225 1334 misericordiae,
1253 1264 1696 1334 benignitatem,
1730 1261 1832 1316 hu-

189 1354 479 1422 militatem,
511 1355 872 1425 patientiam,
909 1354 1277 1422 modestiam,
1304 1353 1667 1419 charitatem,
1694 1367 1828 1422 quin

186 1447 263 1497 est
281 1444 513 1497 unitatis
538 1443 839 1497 vinculum
862 1443 1115 1509 (Coloss.
1139 1461 1221 1513 ιιι,
1255 1442 1485 1511 12,14);
1520 1445 1581 1495 ut
1610 1442 1830 1495 nemini

187 1532 479 1602 quidquam
513 1532 757 1601 debeas,
793 1533 909 1586 nisi
951 1536 1013 1586 ut
1051 1532 1306 1587 invicem
1356 1546 1623 1585 sororem
1672 1534 1830 1584 tuam

186 1621 309 1685 272
338 1621 555 1693 diligas
592 1622 781 1691 (Rom.
830 1638 953 1690 xm,
986 1622 1062 1691 8),
1107 1637 1215 1675 nec
1259 1622 1466 1693 gratiae
1517 1620 1650 1691 ejus
1683 1619 1831 1673 invi-

184 1710 322 1779 deas,
356 1712 481 1777 sed,
517 1726 637 1782 quo
669 1709 1064 1780 probatiorem
1088 1710 1333 1779 videris,
1370 1709 1640 1777 imiteris,
1663 1712 1723 1762 ut
1754 1707 1831 1761 sit

185 1799 296 1854 inte
317 1816 427 1870 pax
458 1800 686 1854 Christi
726 1802 783 1853 et
821 1800 1029 1871 gratia,
1071 1803 1127 1854 et
1175 1800 1423 1854 verbum
1474 1797 1578 1852 Dei
1609 1797 1831 1851 habitet

1940 638 2224 693 brandam
2253 641 2607 712 virginitatis
2640 642 2885 711 gloriam
2917 643 3052 713 plus
3076 644 3347 699 conferre
3379 644 3603 714 potuisc

1939 730 2003 797 ti,
2035 746 2209 800 quam
2239 733 2300 784 ut
2323 731 2479 785 Deus
2512 746 2586 785 ex
2617 732 2848 803 virgine
2879 736 3270 787 nasceretur?
3326 733 3601 803 Amplius

1940 819 2113 873 nobis
2147 819 2363 889 profuit:
2396 820 2564 890 culpa
2613 821 2724 889 (7t)
2773 837 2947 892 quam
2994 822 3193 876 nocuit
3225 838 3236 876 :
3270 822 3329 875 in
3358 838 3474 893 quo
3509 837 3603 876 re-

1942 907 2198 978 demptio
2229 909 2465 979 quidem
2496 912 2696 963 nostra
2720 910 2981 964 divinum
3014 927 3228 965 munus
3258 910 3497 965 invenit.

2012 998 2134 1053 105.
2166 998 2279 1053 Sed
2304 1000 2429 1069 ipse
2460 1014 2694 1071 quoque
2725 1000 3067 1070 unigenitus
3098 999 3283 1054 Filius
3316 1003 3452 1054 tuus
3475 1016 3611 1054 ven-

1939 1088 2110 1141 turus
2140 1089 2199 1143 in
2229 1092 2417 1142 terras
2446 1089 2756 1159 suscipere
2774 1089 2927 1162 quod
2952 1090 3241 1143 amissum
3261 1091 3372 1157 est,
3405 1089 3603 1159 purio-

1943 1192 2066 1230 rem
2097 1177 2293 1231 carnis
2326 1193 2451 1232 suae
2486 1180 2924 1249 generationem
2956 1178 3219 1248 reperire
3249 1193 3366 1235 non
3396 1178 3601 1251 potuit,

1943 1282 2119 1337 quam
2149 1270 2210 1320 ut
2240 1266 2582 1322 habitationi
2623 1268 2877 1338 propr-ite
2908 1267 3171 1322 cmlestis
3194 1267 3385 1322 aulam
3415 1268 3603 1339 virgi-

1943 1356 2037 1409 nis
2070 1356 2384 1424 dedicaret,
2421 1356 2478 1410 in
2501 1373 2614 1429 qua
2643 1360 2805 1412 esset
2826 1360 2882 1413 et
2912 1356 3298 1413 immaculata:
3323 1357 3610 1414 castitatis

1944 1446 2289 1513 sacrarium,
2325 1449 2381 1499 et
2412 1446 2514 1500 Dei
2550 1447 2849 1517 templum.

2018 1552 2139 1607 106.
2175 1552 2323 1617 Quid
2345 1556 2536 1608 autem
2578 1555 2717 1609 illud
2749 1558 2998 1609 attexam
3021 1598 3034 1625 ,
3073 1556 3228 1626 quod
3279 1554 3477 1609 divino
3507 1557 3606 1610 tuo

1943 1657 2186 1697 munere
2218 1659 2350 1697 cum
2400 1646 2623 1698 sanctis
2678 1645 2879 1716 Moyse
2911 1648 2965 1699 et
2998 1645 3192 1699 Aaron
3222 1645 3393 1716 virgo
3425 1644 3606 1698 Maria

1942 1731 2127 1800 pedes
2186 1749 2292 1801 per
2347 1733 2560 1788 ﬂuctus
2620 1734 2784 1788 duxit
2842 1735 3226 1789 Hebrmorum
3277 1733 3604 1787 exercitum

1943 1819 2266 1891 (Exodxv,
2284 1822 2372 1892 20)
2391 1824 2419 1877 ‘?
2436 1822 2725 1895 Relinquo
2746 1827 2965 1893 vetera,
2988 1825 3213 1894 privata
3232 1839 3348 1878 non
3367 1837 3569 1895 quaero
3592 1839 3603 1877 :

186 1888 229 1941 in
256 1890 423 1985 c9219
453 1892 578 1960 ίυοι
613 1892 787 1959 atque
819 1887 1004 1960 huius
1035 1888 1257 1943 mundi
1281 1887 1479 1960 ῐιιείθε
1513 1886 1827 1960 cognatio"
1856 1911 1907 1973 Β
1944 1886 2091 1965 satis
2122 1914 2214 1965 est
2242 1886 2363 1966 ista
2387 1886 2663 1967 nobilitas
2698 1912 2930 1967 familia:
2952 1886 3260 1985 virginali.

185 1992 271 2031 nes
290 1977 416 2048 (67).

238 2067 346 2122 103.
375 2066 574 2123 Semel
608 2067 825 2122 mundo
856 2069 1103 2136 mortua,
1153 2084 1225 2121 ne
1270 2082 1498 2139 quaeso,
1531 2064 1826 2139 tetigeris,

180 2170 240 2209 ne
266 2156 701 2210 attaminavcris
733 2172 866 2226 quae
889 2159 1028 2210 sunt
1058 2157 1234 2210 istius
1266 2156 1473 2211 saeculi
1522 2155 1740 2224 (Co/os.
1767 2170 1826 2223 ιι,

181 2243 254 2312 ιο,
283 2246 361 2315 21)
404 2261 416 2300 :
452 2246 562 2299 sed
597 2260 837 2315 semper
876 2246 934 2297 in
966 2245 1214 2315 psalmis
1246 2248 1301 2299 et
1331 2245 1569 2316 hymnis
1599 2246 1655 2298 et
1687 2258 1829 2297 can-

178 2334 294 2387 ticis
313 2333 730 2405 Spiritualibus
761 2333 1024 2388 abducas
1046 2337 1100 2388 te
1132 2334 1205 2387 ab
1239 2333 1420 2405 hujus
1452 2333 1656 2388 saeculi
1690 2347 1830 2386 con-

179 2424 514 2491 versatione,
553 2439 676 2477 non
706 2422 948 2481 homini.
987 2423 1091 2477 sed
1132 2424 1252 2478 Deo
1286 2427 1549 2477 cantans.
1576 2421 1645 2474 Et
1677 2420 1833 2474 sicut

180 2516 360 2566 sancta
392 2512 650 2567 faciebat
680 2512 860 2566 Maria
893 2512 1055 2572 (Luc.
1093 2530 1150 2582 ιι,
1180 2513 1287 2581 19),
1306 2512 1581 2566 conferas
1612 2511 1672 2565 in
1704 2525 1836 2564 cor-

178 2600 239 2654 de
264 2605 376 2655 tuo.
399 2601 583 2666 Quasi
615 2602 772 2655 bona
793 2617 1028 2673 quoque
1046 2602 1322 2673 agnicula
1345 2601 1607 2655 rumines
1640 2601 1699 2654 in
1729 2616 1830 2654 ore

177 2692 260 2743 tuo
280 2695 570 2761 praecepta
613 2690 831 2759 divina,
867 2693 928 2744 ut
957 2691 1122 2744 dicas
1155 2695 1211 2744 et
1243 2694 1305 2744 ut
1336 2706 1349 2745 :
1393 2690 1750 2744 Exercebor
1771 2690 1831 2742 in

178 2779 536 2834 mirabilibus
562 2778 887 2847 tuis(Psal.
914 2795 1114 2848 exvm,
1140 2778 1250 2848 27).
1277 2780 1401 2833 Nec
1430 2779 1704 2834 dormitet
1734 2781 1833 2833 aut

179 2868 335 2921 stillet
379 2870 576 2923 anima
623 2871 719 2922 tua
766 2885 888 2938 prae
936 2868 1112 2923 taedio
1138 2870 1270 2938 (68).
1338 2868 1645 2923 Stillicidia
1676 2867 1831 2923 enim

178 2956 392 3027 ejiciunt
422 2959 728 3013 hominem
753 2957 813 3011 in
843 2962 1105 3028 tempore
1130 2958 1451 3013 hiemalide
1472 2958 1649 3012 domo
1676 2972 1785 3011 sua
1810 2973 1821 3011 :

181 3047 346 3101 anima
366 3051 566 3102 autem
599 3046 861 3117 perfecta
883 3062 999 3101 non
1029 3048 1230 3117 stillat,
1264 3047 1321 3100 in
1353 3063 1466 3118 qua
1498 3046 1656 3101 nulla
1688 3061 1829 3117 gra-

181 3136 342 3191 vioris
364 3141 455 3191 est
496 3136 647 3190 rima
696 3136 941 3206 peccati,
977 3136 1083 3191 sed
1155 3140 1355 3191 manet
1397 3136 1455 3190 in
1494 3136 1668 3191 domo
1700 3151 1829 3204 sua,

183 3228 228 3277 et
247 3225 546 3281 inoﬂ'ensae
570 3225 950 3279 habitationis
973 3226 1229 3280 novitate
1258 3226 1489 3280 laetatur
1505 3228 1561 3279 et
1591 3225 1825 3279 fruitur.

180 3314 239 3367 At
257 3314 305 3369 si
322 3315 545 3387 aliquid
576 3314 727 3369 forte
749 3316 1062 3383 nutaverit,
1104 3315 1309 3371 dicas:
1347 3314 1641 3370 Confirma
1655 3329 1747 3369 me
1768 3314 1830 3367 in

185 3404 364 3459 verbis
386 3407 507 3459 tuis
527 3404 722 3476 (Psal.
743 3421 944 3474 cxvm,
966 3405 1077 3474 28).

754 3528 1005 3583 CAPUT
1037 3530 1212 3584 XVII.

182 3635 467 3711 Agnuntur
484 3638 613 3711 Deo
628 3637 1015 3711 gratiaequod
1037 3638 1380 3711 angelorum
1411 3642 1529 3711 rita
1563 3645 1624 3691 in
1644 3654 1831 3711 para-

238 3693 663 3783 disoquondam
676 3693 919 3783 perglit‘a
933 3708 1060 3778 jam
1102 3693 1328 3783 fulgeat
1355 3710 1416 3762 in
1446 3693 1790 3783 virginibus
1814 3725 1828 3777 ;

238 3777 481 3853 quodgue
505 3777 724 3853 mundo
756 3777 1291 3853 ChristinnAederc,
1319 3786 1491 3853 atque
1530 3777 1826 3836 Hebraeos

237 3849 333 3921 per
351 3849 515 3905 mare
534 3851 795 3922 educere
831 3850 1012 3922 digna
1052 3849 1239 3904 fuerit
1287 3849 1630 3922 virginitas.
1676 3852 1825 3907 Post

240 3920 685 3977 baecAmbrosia
706 3920 832 3990 ipsa
856 3920 981 3974 Deo
1001 3920 1524 3977 commendaturac
1545 3923 1824 3990 oﬂ'ertur,

244 4001 293 4046 ut
311 4012 468 4048 suum
490 3996 553 4048 in
572 4010 648 4066 ea
668 3996 902 4066 tueatur
922 4009 1151 4066 manus,
1174 3999 1231 4066 ct
1255 3993 1330 4046 ad
1366 3994 1677 4066 spiritales
1690 4011 1829 4066 par-

246 4069 328 4119 tus
345 4065 578 4120 ccelcsti
598 4062 888 4118 connubio
911 4062 1069 4115 illam
1093 4062 1422 4134 coniungat,
1457 4062 1713 4119 virtutes
1731 4066 1831 4119 do-

241 4138 311 4189 tis
330 4144 499 4209 atque
517 4139 999 4189 ornamentorum
1027 4134 1152 4187 loco
1184 4136 1431 4201 tribuat,
1459 4153 1699 4209 quarum
1720 4137 1827 4190 be-

244 4207 434 4279 neficio
451 4221 730 4279 sponsum
754 4220 919 4257 suum
955 4211 1162 4279 tenere
1202 4207 1525 4279 mereatur.
1552 4208 1828 4279 Denique

244 4275 506 4333 Christus
528 4277 903 4344 obsecratur,
951 4282 1009 4329 ut
1041 4275 1317 4331 famulam
1349 4294 1511 4332 suam
1537 4278 1707 4333 laetus
1727 4275 1830 4333 exé

243 4349 423 4419 cipiat.

246 4436 351 4492 tOt.
376 4439 544 4493 Nunc
581 4437 652 4490 ad
684 4439 760 4504 te,
794 4434 1067 4490 decursis
1092 4436 1389 4507 omnibus,
1416 4439 1590 4493 Pater
1620 4439 1827 4510 gratim

189 4522 298 4595 (69),
313 4531 437 4582 vota
459 4528 765 4593 converto,
787 4522 964 4594 cujus
987 4524 1187 4594 pietati
1211 4525 1677 4582 innumerabiles
1700 4545 1832 4600 gra-

2017 2018 2137 2073 10'7.
2196 2019 2277 2074 Te
2320 2036 2527 2091 quaeso
2587 2023 2645 2075 ut
2676 2022 2859 2076 tueris
2915 2021 3065 2076 hanc
3123 2021 3399 2075 famulam
3429 2023 3606 2090 tuam,

1944 2124 2076 2179 quae
2108 2108 2213 2162 tibi
2244 2110 2492 2179 servire,
2525 2110 2627 2164 tibi
2660 2111 2913 2164 animam
2945 2127 3134 2179 suam,
3166 2111 3268 2165 tibi
3303 2110 3611 2182 integrita-

1944 2198 2020 2251 tis
2058 2213 2184 2252 suae
2222 2198 2480 2253 studium
2533 2199 2729 2254 dicare
2778 2200 3176 2270 praesumpsit.
3228 2199 3414 2264 Quam
3462 2198 3609 2263 273

1944 2290 2294 2344 sacerdotali
2325 2305 2567 2345 munere
2597 2288 2801 2359 otl‘ero,
2835 2288 3046 2343 affectu
3070 2289 3278 2359 patrio,
3313 2303 3609 2342 commen-

1944 2380 2039 2446 do,
2062 2382 2123 2434 ut
2146 2380 2433 2449 propitius
2464 2382 2520 2433 et
2552 2379 2770 2450 pracsul
2800 2378 3075 2433 conferas
3107 2378 3159 2432 ei
3186 2378 3455 2449 gratiam,
3490 2390 3607 2448 quo

1947 2469 2275 2523 caelestium
2309 2468 2697 2523 thalamorum
2740 2468 3148 2522 immerentem
3192 2466 3383 2538 adytis
3434 2480 3613 2535 spon-

1944 2573 2077 2611 sum
2097 2558 2371 2625 excutiat,
2396 2561 2690 2614 mereatur
2718 2558 2941 2626 videre,
2972 2557 3377 2611 introducatur
3411 2555 3471 2609 in
3504 2570 3610 2609 cu-

1943 2646 2205 2701 biculum
2237 2647 2338 2701 Dei
2400 2647 2493 2701 sui
2535 2647 2719 2718 regis,
2762 2650 3056 2701 mereatur
3086 2645 3290 2700 audire
3320 2645 3614 2699 dicentem

1944 2735 2088 2790 sibi:
2114 2736 2281 2790 Ades
2302 2737 2457 2790 huca
2478 2736 2721 2805 Libano,
2747 2736 2995 2808 Sponsa,
3012 2736 3157 2789 ades
3180 2736 3292 2789 lmc
3310 2751 3341 2788 a
3363 2734 3614 2801 Libano;

1948 2826 2242 2881 transibis
2264 2826 2747 2898 etpertransibis
2768 2842 2797 2880 a
2817 2825 3116 2897 principio
3139 2823 3281 2879 Iidei
3304 2824 3502 2891 (Cant.
3532 2840 3611 2892 iv,

1944 2914 2034 2985 8);
2067 2919 2129 2970 ut
2157 2919 2416 2970 transeat
2438 2916 2744 2983 saeculum,
2763 2915 2836 2968 ad
2854 2915 2950 2968 illa
2972 2917 3192 2969 aeterna
3214 2914 3610 2984 pertranseat.

2019 3005 2139 3059 100.
2188 3005 2426 3059 Intende
2460 3005 2658 3076 igitur,
2692 3005 2884 3073 Pater,
2918 3003 2977 3057 in
3021 3006 3185 3057 tuum
3238 3018 3475 3071 munus,
3521 3000 3616 3055 cui

1946 3095 2369 3148 sanctiticando
2412 3094 2611 3149 nullus
2652 3093 2967 3148 consilium
3018 3092 3290 3163 quaesisti
3326 3107 3341 3159 ;
3373 3090 3481 3149 scd
3530 3089 3612 3143 illi

1947 3185 2076 3238 sine
2109 3184 2228 3238 ullo
2272 3184 2520 3254 petitore
2573 3186 2745 3253 atque
2788 3183 3009 3236 arbitro
3049 3184 3264 3235 tantum
3313 3178 3614 3233 contulisti

1862 3276 1914 3340 C
1946 3273 2215 3346 gratiam.
2240 3277 2513 3345 quantam
2535 3276 2667 3326 ante
2691 3272 2929 3327 oracula
2944 3271 3141 3325 divina
3165 3268 3408 3323 credere
3437 3282 3613 3321 nemo

1944 3364 2256 3434 potuisset,
2292 3366 2353 3417 ut
2382 3364 2441 3416 in
2474 3377 2584 3417 suo
2608 3364 2773 3416 utero
2793 3361 2978 3415 Deum
3010 3360 3182 3431 virgo
3200 3359 3479 3429 portaret.
3511 3355 3618 3411 Cu.

1939 3453 2043 3524 jus
2091 3453 2481 3524 praerogativa
2532 3451 2803 3505 muneris
2860 3452 3178 3521 provocata
3229 3446 3619 3501 crebrescunt

1945 3543 2139 3597 studia
2188 3541 2546 3614 virginitatis
2594 3544 2650 3595 et
2693 3555 2881 3593 sacrae
2922 3536 3277 3609 integritatis
3324 3534 3614 3605 exempla.

1945 3631 2172 3696 Quibus
2205 3632 2333 3685 haec
2365 3646 2599 3701 quoque
2632 3629 2847 3683 famula
2878 3630 2974 3681 tua
3005 3627 3077 3680 ad
3110 3624 3457 3695 hujusmodi
3489 3623 3616 3677 vir-

1945 3721 2087 3775 tutis
2122 3721 2368 3792 gratiam
2402 3719 2702 3786 lacessita,
2738 3718 2856 3771 tuis
2889 3717 3131 3770 assistat
3162 3714 3467 3780 altaribus,
3501 3727 3618 3767 non

1944 3810 2203 3865 rutilanti
2246 3808 2493 3863 caeserie
2519 3808 2732 3861 ﬂavum
2764 3806 3042 3860 deferens
3093 3805 3318 3859 crinem
3348 3803 3617 3856 ﬂammeo

1944 3899 2187 3970 nuptiali
2213 3898 2468 3952 dicatum
2500 3896 2613 3965 (Ἷέ)
2648 3911 2659 3950 :
2698 3895 2803 3949 sed
2836 3894 2998 3948 illum
3030 3892 3252 3946 crinem
3286 3907 3402 3962 quo
3434 3906 3619 3945 evan-

1944 3989 2133 4061 gelica
2168 3988 2264 4041 illa
2297 3986 2507 4040 mulier
2528 3988 2733 4039 sancta
2755 3984 2934 4038 Maria
2962 3983 3144 4053 pedes
3170 3981 3390 4035 Christi
3413 3979 3620 4036 sedula

1942 4079 2153 4150 pietate
2189 4076 2451 4146 detersit,
2505 4078 2559 4130 et
2609 4074 2846 4129 domum
2891 4076 3071 4127 totam
3119 4070 3311 4127 etl‘uso
3356 4069 3621 4141 implevit

1943 4171 2244 4241 unguento
2276 4168 2464 4235 (Joan.
2501 4183 2601 4232 xu,
2652 4165 2746 4233 3),
2800 4178 2974 4217 sacro
3030 4160 3287 4217 otl'erens
3320 4160 3618 4216 velamine

1945 4257 2435 4314 consecrandum.

2015 4348 2138 4403 109.
2172 4346 2357 4401 Adest
2387 4343 2615 4415 puella,
2658 4357 2831 4414 quam
2887 4355 3005 4395 non
3050 4339 3384 4410 nuptiarum
3441 4337 3617 4406 festa,

1944 4454 2062 4493 non
2086 4436 2348 4508 prtemia,
2383 4450 2499 4489 non
2534 4432 2758 4488 onerati
2788 4432 3021 4503 pondus
3071 4429 3242 4497 uteri,
3275 4427 3474 4481 votivo
3513 4441 3619 4479 nu-

1942 4527 2133 4598 pturis
2164 4525 2367 4580 dolore
2390 4523 2710 4578 sollicitent
2744 4536 2756 4575 :
2782 4520 2886 4574 sed
2910 4535 3043 4589 quae
3064 4515 3474 4570 immaculatos
3497 4512 3618 4567 sibi

191 4612 282 4667 tias
296 4613 784 4687 agimus,quodin
806 4612 1143 4683 virginibus
1167 4616 1359 4669 sacris
1379 4617 1728 4688 angelorum
1753 4617 1828 4670 vi-
1855 4640 1910 4701 D
1944 4617 2077 4672 fidei
2109 4618 2313 4685 partus
2345 4616 2401 4667 et
2430 4612 2662 4682 pietatis
2694 4610 2979 4679 exposcat
3012 4622 3024 4661 :
3060 4609 3122 4660 ut
3164 4606 3230 4701 in
3254 4607 3433 4701 utero
3464 4602 3619 4701 acci-

186 4703 282 4755 tam
310 4705 361 4756 vi
383 4706 570 4759 tomus
597 4704 653 4756 in
688 4702 884 4769 terris,
919 4717 1094 4771 quam
1120 4703 1177 4755 in
1205 4704 1483 4772 paradiso
1529 4706 1829 4777 quondam

190 4792 566 4850 amiseramus.
587 4792 738 4858 Quid
755 4791 911 4845 enim
936 4792 1005 4844 ad
1026 4791 1324 4848 limitanda
1360 4795 1660 4868 virginum
1702 4800 1829 4851 stu-

246 4935 342 5005 (66)
362 4938 437 4993 lta
469 4939 606 4994 edit.
634 4950 841 4993 omnes
868 4950 880 4989 :
908 4950 1244 5009 mss.,vero,
1270 4954 1453 5009 super
1478 4954 1680 5007 regem
1692 4955 1829 5006 gra-

198 5006 279 5060 tia.
295 5010 429 5081 Quid
453 5012 505 5065 si
524 5012 1025 5081 legamus,_s_uper
1042 5007 1232 5077 legem
1249 5006 1447 5079 gratia
1466 5012 1495 5063 ‘2
1517 5006 1669 5064 sane
1695 5010 1829 5065 huic

195 5079 518 5151 conjectum
538 5077 1022 5151 se'nsusvidetur
1060 5077 1414 5149 patrocinari
1441 5097 1455 5151 ;
1490 5097 1599 5136 nec
1631 5085 1826 5135 tamen

196 5147 431 5205 absurda:
463 5153 591 5206 alia:
616 5154 749 5206 dua)
770 5147 1080 5205 lectiones:

251 5221 496 5285 (δῖμϐξιι.
531 5225 666 5278 edit.
693 5224 751 5276 in
788 5235 975 5290 marg.
1012 5227 1067 5276 et
1102 5224 1268 5279 Rom.
1296 5223 1354 5276 in
1389 5226 1574 5293 textu,
1625 5223 1827 5294 fugias

200 5294 723 5366 pantagionesmliaa
754 5297 810 5348 et
840 5305 1011 5363 mss.,
1051 5294 1250 5364 fugias
1272 5295 1697 5366 cogitationes:
1733 5294 1824 5347 ni-

201 5354 573 5444 hilodeteriori
597 5382 803 5444 sensu.

253 5434 348 5495 (68)
377 5436 542 5503 Mss.,
581 5438 773 5491 anima
807 5442 903 5501 tua
941 5437 1231 5504 pretiosa.
1277 5438 1409 5491 Non
1460 5438 1607 5490 satis
1640 5439 1821 5490 recte.

204 5494 351 5556 Porro
400 5508 451 5559 si
504 5494 695 5562 locum
750 5494 906 5561 hunc
941 5494 1018 5561 'et
1055 5524 1187 5577 quae
1222 5508 1547 5563 Comment.
1573 5509 1633 5562 in
1669 5507 1820 5576 psal.

202 5584 528 5654 planecum.
562 5579 611 5654 1,
648 5596 805 5633 num.
846 5578 943 5654 ιξ,
964 5580 1355 5654 disputantur,
1395 5580 1651 5654 inter_se
1686 5594 1826 5631 con-

204 5641 560 5720 tuleris,_idem
582 5651 771 5704 lucem
785 5666 859 5705 ex
889 5641 1007 5706 illis
1026 5641 1273 5720 accipiet
1306 5641 1421 5705 non
1443 5651 1823 5705 mediocrem.

202 5714 533 5852 agtltizgldit”
570 5721 756 5777 I’ater
810 5722 1111 5795 glarea...
1158 5714 1563 5778 incessabilcs
1587 5721 1829 5795 gratias

1941 4708 2061 4779 piat
2092 4707 2162 4760 de
2186 4704 2407 4774 Spiritu
2439 4703 2666 4768 sancto,
2701 4701 2757 4752 et
2788 4697 3059 4766 spiritum
3093 4693 3303 4747 salutis
3335 4692 3456 4747 Deo
3501 4689 3618 4746 feta

1940 4795 2243 4868 parturiat.
2288 4792 2402 4848 Sed
2433 4794 2494 4846 ut
2525 4790 2638 4843 ista
2676 4786 3001 4857 procedere
3051 4782 3241 4854 possit
3274 4781 3618 4836 meritorum

2010 4940 2125 5006 ('70)
2158 4937 2303 4991 Mss.
2339 4936 2475 5002 duo,
2501 4932 2575 4986 ad
2595 4929 2905 5006 invitandi:
2936 4926 3231 5006 virginum
3256 4924 3476 5006 studia.

2011 4995 2126 5079 (71")
2160 5008 2398 5079 Eodem,
2429 4995 2631 5079 sensu_
2654 5002 2756 5079 lib.
2792 5000 2884 5079 De
2913 4995 3117 5079 Jacab,
3160 5003 3219 5079 et
3256 4999 3374 5050 vita
3416 4995 3615 5061 beata,

1941 5069 2068 5151 cap.
2100 5072 2153 5148 6,
2188 5077 2495 5151 num._°21_:
2526 5096 2547 5123 α
2589 5074 2761 5128 Facta
2801 5075 2892 5126 est
2924 5069 3268 5151 mihi'cru‘lpa
3304 5084 3431 5151 nica
3457 5083 3615 5151 mer-

1941 5138 2043 5207 ces
2076 5138 2496 5217 redemptionis
2522 5165 2537 5206 ,-
2586 5161 2694 5214 per
2730 5158 2903 5213 quam
2948 5140 3091 5194 mihi
3120 5139 3395 5217 Christus
3428 5138 3613 5217 adve-

1939 5224 2041 5291 nit,
2068 5245 2087 5271 n
2125 5226 2235 5277 etc.
2271 5209 2411 5273 item
2444 5220 2502 5271 in
2546 5209 2697 5291 psal.
2748 5209 2973 5291 ᾏιιιιξικ,
3022 5227 3181 5291 nam.
3215 5211 3349 5291 29_:_
3385 5230 3406 5257 ι
3444 5209 3613 5290 Felix

1938 5279 2130 5360 ruina,
2166 5308 2298 5362 quae
2332 5279 2727 5362 reparat-unm
2758 5279 2992 5339 melius.
3049 5305 3068 5330 ιι
3116 5281 3183 5335 Et
3215 5281 3351 5335 alibi
3385 5279 3615 5350 passim

1939 5358 2232 5420 habentur
2260 5378 2377 5416 non
2402 5358 2723 5414 absimilia.

2010 5436 2123 5504 (7:2)
2164 5435 2247 5488 De
2297 5433 2479 5486 variis
2530 5423 3277 5504 nubentiumpruamcnt‘i,
3306 5421 3613 5504 ‘nupt'iali-

1938 5492 2171 5577 basque
2202 5504 2413 5577 ritibus
2445 5501 2619 5577 multa
2646 5516 2754 5577 nec
2785 5498 3028 5577 indigna
3048 5497 3200 5577 scitu
3228 5495 3444 5572 habent
3478 5492 3615 5577 [far-

1940 5560 2101 5641 ήοηῖ,
2139 5576 2507 5640 Brissonius,
2562 5574 2695 5625 Ant.
2744 5574 2799 5623 ct
2840 5560 3049 5623 Franc.
3088 5560 3611 5641 HOltnPlltll,nJOS.

1941 5630 2293 5702 Laurentius
2331 5630 2708 5715 l’olymathiae
2740 5642 2842 5695 lib.
2877 5656 2938 5707 ιι,
2974 5637 3219 5708 synopsi
3251 5635 3304 5699 8,
3330 5633 3405 5685 (lc
3428 5630 3618 5715 Spon-

1938 5700 2167 5774 salibus
2186 5700 2505 5788 etNupti'is
2527 5714 2896 5788 antiquoram
2918 5700 2935 5765 ξ
2958 5700 3067 5763 nec
3099 5700 3215 5761 n'on
3246 5702 3495 5777 synopsi
3524 5700 3613 5783 15,

1938 5791 2013 5847 de
2025 5784 2408 5864 Nuptialibus
2442 5784 2684 5859 legibus
2713 5785 2826 5838 etc.
