3936 6168
468 313 590 382 347
1929 315 1996 377 s.
2041 313 2485 378 AMBROSII.
3738 332 3842 398 ωε

470 513 677 588 gratia,
711 515 791 584 tu,
816 513 977 569 Deus
1008 513 1180 570 Pater
1209 516 1602 587 omnipotens,
1649 513 1932 588 sulfragia
1963 530 2129 570 com-
2157 497 2216 557 Α
2255 515 2446 587 pineae
2469 515 2737 572 velamen
2767 516 2924 588 ejus,
2955 534 3073 574 non
3103 519 3338 574 vincant
3369 525 3632 595 cupressi,
3659 530 3840 597 pudici-

470 602 863 658 mendationis
894 604 1189 677 adjunge;
1223 622 1340 661 non
1371 606 1529 660 enim
1577 605 1840 661 solitaria
1879 606 1989 660 dos
2017 621 2130 676 pu-
2254 605 2395 659 tiam
2450 604 2584 676 ejus
2633 622 2752 661 non
2795 609 3056 663 turtures
3078 650 3092 676 ,
3147 608 3560 678 simplicitatem
3595 613 3710 684 ejus
3742 635 3835 674 non

346 718 354 722 -
465 690 631 745 doris
665 695 776 747 est.
811 692 1132 766 Succingat
1162 711 1352 749 sacras
1383 695 1741 768 virginitatis
1774 695 1996 749 crinem
2017 693 2130 765 (73)
2255 694 2492 750 vincant
2523 695 2814 750 columbae
2844 697 2978 765 ('76).
3028 696 3115 752 Sit
3143 699 3204 750 in
3252 698 3422 754 corde
3445 700 3766 775 simplicitas,
3793 709 3838 764 in

461 780 770 850 modestia,
825 783 1140 850 sobrietas,
1193 785 1570 853 continentia,
1618 789 1679 839 ut
1709 784 1992 838 virtutum
2021 799 2126 837 ac-
2254 783 2456 838 verbis
2488 785 2720 854 modus,
2746 800 2888 856 erga
2921 801 3128 840 omnes
3160 787 3366 857 pudor,
3398 788 3570 858 pietas
3587 806 3710 863 erga
3735 810 3836 863 pro-

465 869 653 923 cincta
677 871 1288 943 comitatu,purpureo
1313 873 1600 928 Dominici
1623 873 1854 928 cruoris
1870 872 2133 928 redimita
2255 871 2532 944 pinquos,
2565 874 2720 928 circa
2751 889 2978 945 egenos
3020 877 3077 929 et
3122 890 3408 946 pauperes
3452 877 3838 937 misericordia:

429 957 773 1029 ’velamine,
799 963 1307 1018 mortificationem
1337 963 1568 1018 Domini
1602 963 1746 1020 Jesu
1777 963 1836 1016 in
1867 978 1978 1018 sua
2009 977 2134 1016 car-
2257 962 2413 1033 quod
2444 963 2661 1017 bonum
2693 967 2785 1016 est
2817 966 3029 1030 teneat,
3062 963 3136 1017 ab
3175 963 3333 1018 omni
3379 965 3564 1034 specie
3606 966 3844 1024 abstineat

459 1061 533 1102 ne
565 1047 974 1119 circumferat;
1022 1051 1151 1106 haec
1181 1055 1320 1106 sunt
1349 1053 1504 1106 enim
1536 1052 1779 1106 meliora
1811 1051 2133 1136 velamina,
2255 1050 2404 1105 mala
2439 1067 2451 1106 :
2485 1053 2681 1106 veniat
2711 1067 2894 1122 super
2921 1067 3050 1106 eam
3083 1051 3412 1108 benedictio
3443 1055 3700 1125 morituri,
3728 1060 3774 1113 et
3790 1075 3844 1113 os

458 1153 592 1208 quas
624 1141 762 1192 sunt
791 1139 1131 1195 indumenta
1161 1141 1472 1212 virtutum,
1506 1141 1725 1214 quibus
1757 1141 1926 1212 culpa
1964 1140 2134 1196 obte-
2253 1139 2449 1194 vidum
2481 1140 2791 1194 benedicat
2819 1155 2946 1196 eam
2967 1141 3121 1210 (Job.
3155 1157 3320 1210 xxxx,
3356 1141 3459 1212 13).

462 1225 640 1297 xitur,
675 1228 1008 1284 innocentia
1039 1230 1356 1286 reveletur.
2327 1228 2450 1284 113.
2487 1229 2652 1285 Pone
2685 1235 2744 1284 ut
2762 1229 3128 1302 signaculum
3161 1230 3402 1286 verbum
3438 1236 3582 1285 tuum
3618 1231 3672 1286 in
3706 1234 3846 1289 corde

533 1316 654 1371 110.
683 1317 792 1372 His
823 1317 1005 1390 igitur
1034 1319 1310 1374 famulam
1343 1323 1499 1375 tuam
1523 1321 1697 1376 indue
1728 1319 2122 1384 vestimentis,
2255 1317 2404 1390 ejus,
2429 1323 2487 1372 ut
2509 1318 2872 1390 signaculum
2907 1319 2968 1373 in
3012 1319 3262 1374 brachio
3294 1320 3422 1392 ejus
3441 1319 3744 1389 (Cantauu,
3768 1321 3845 1390 6):

462 1421 596 1477 quae
627 1406 686 1461 in
717 1407 874 1462 omni
907 1410 1166 1478 tempore
1198 1409 1414 1464 munda
1453 1410 1610 1480 sint;
1659 1410 1940 1464 mundum
1973 1409 2128 1464 enim
2255 1407 2398 1462 utin
2426 1407 2704 1462 omnibus
2735 1407 3018 1462 sensibus
3041 1411 3099 1462 et
3147 1408 3429 1478 Operibus
3475 1407 3600 1479 ejus
3625 1407 3847 1464 Christus

463 1498 677 1565 manet,
709 1496 992 1568 quidquid
1026 1497 1184 1552 nulla
1213 1498 1617 1554 interveniens
1649 1499 1818 1570 culpa
1841 1497 2124 1553 fuscave-
2253 1496 2517 1564 eluceat,
2567 1489 2868 1551 Christum
2936 1497 3215 1562 intendat,
3269 1496 3560 1554 Christum
3609 1497 3846 1568 loquatur.

458 1584 554 1653 rit,
586 1587 646 1638 ut
690 1585 745 1639 ei
791 1583 927 1656 jure
977 1585 1207 1642 dicatur
1239 1603 1252 1643 :
1300 1587 1582 1654 Quoniam
1615 1587 1968 1660 placuerunt
2006 1587 2130 1642 Deo
2253 1586 2420 1656 Aqua
2451 1585 2629 1639 multa
2661 1584 2795 1656 ejus
2827 1601 2946 1640 non
2995 1585 3190 1656 possit
3245 1585 3616 1658 exstinguere
3645 1586 3847 1642 charita-

457 1672 614 1730 facla
649 1678 743 1728 tua
767 1674 960 1742 (Eccli
989 1693 1068 1744 ιχ,
1102 1675 1179 1746 7).
1213 1677 1276 1731 In
1299 1678 1456 1732 omni
1487 1680 1750 1748 tempore
1783 1678 1902 1732 sint
1934 1677 2126 1732 vesti-
2251 1677 2389 1744 tem,
2440 1690 2550 1728 nec
2595 1674 3033 1744 persecutionis
3077 1674 3190 1744 (1'7)
3232 1675 3485 1746 gladius,
3534 1689 3636 1729 nec
3667 1676 3844 1745 pericu-

460 1765 654 1817 menta
687 1766 782 1816 tua
817 1764 1081 1834 candida,
1115 1769 1172 1820 et
1222 1765 1413 1820 oleum
1452 1766 1512 1820 in
1561 1767 1747 1836 capite
1778 1781 1896 1821 non
1949 1765 2123 1836 desit,
2158 1749 2212 1812 Β
2253 1762 2410 1818 lum:
2445 1763 2551 1818 sed
2577 1763 2916 1818 confirmata
2949 1763 3005 1816 in
3026 1763 3182 1818 omni
3215 1779 3392 1832 opere
3413 1763 3563 1817 bono
3591 1765 3744 1834 atque
3762 1778 3852 1816 ver-

459 1867 576 1922 quo
609 1852 772 1907 faces
805 1869 948 1908 suas
982 1855 1264 1924 mysticus
1297 1855 1489 1926 possit
1518 1856 1844 1910 accendere
1870 1871 1885 1924 ;
1911 1860 1972 1910 ut
1992 1871 2125 1910 cum
2251 1851 2350 1921 bo,
2384 1851 2631 1924 gloriam
2662 1855 2818 1906 tuam
2853 1851 3073 1918 induat,
3126 1855 3182 1906 et
3231 1851 3286 1905 in
3321 1855 3416 1906 tua
3447 1851 3623 1924 gratia
3651 1854 3853 1905 conver-

457 1941 687 1996 venerit
718 1941 1012 2012 Sponsus,
1045 1943 1197 1998 inter
1223 1944 1356 1998 illas
1387 1945 1688 2015 sapientes
1717 1944 1983 2016 virgines
2015 1961 2128 2000 cce-
2253 1944 2418 1995 setur
2439 1941 2497 1994 in
2528 1941 2640 1996 hoc
2673 1941 2910 1996 mundo.
2935 1941 3283 1995 Sanctiﬁces
3314 1957 3439 1995 eam
3471 1941 3526 1994 in
3555 1939 3784 2007 veritate,
3809 1938 3854 1991 in

457 2029 593 2084 lesti
627 2030 880 2086 thalamo
912 2031 1089 2103 digna
1135 2037 1474 2087 numeretur
1517 2033 1755 2102 (.llatlli.
1804 2050 1942 2101 xxv,
1999 2031 2122 2104 10),
2250 2029 2462 2084 virtute
2495 2029 2833 2098 confirmes,
2868 2030 2923 2084 in
2949 2029 3231 2084 charitate
3264 2032 3595 2097 connectas,
3625 2031 3772 2098 atque
3797 2027 3852 2079 ad

459 2134 591 2190 quae
623 2119 955 2194 devotionis
1012 2137 1080 2174 ac
1114 2121 1248 2176 ﬁdei
1280 2139 1406 2176 suae
1451 2121 1874 2194 gravitatisque
1906 2121 2124 2178 lumine
2247 2118 2406 2174 illam
2451 2119 2750 2189 pudicitiae
2796 2122 2853 2174 et
2885 2119 3239 2189 integritatis
3292 2119 3588 2172 caalestem
3631 2116 3853 2187 gloriam,

458 2189 676 2263 munus
706 2189 895 2263 sacrae
925 2210 1322 2279 professionis
1364 2189 1668 2264 illu'minet.
1781 2189 1797 2194 ν
2059 2203 2063 2207 ’
2249 2221 2529 2262 coronam
2561 2206 2840 2261 illibatam
2871 2207 3418 2278 immaculatamque
3448 2205 3635 2259 divino
3671 2208 3755 2258 tuo
3783 2203 3852 2255 fa-

530 2295 653 2352 111.
687 2297 878 2352 Tuere
909 2298 1379 2370 igiturancillam
1410 2301 1590 2366 tuam,
1617 2299 1792 2354 Pater
1821 2299 2124 2355 charitalis
2249 2311 2392 2350 vore
2438 2295 2733 2366 perducas
2769 2311 2784 2363 ς
2835 2299 2895 2349 ut
2938 2295 3058 2349 illic
3108 2296 3265 2367 Agni
3325 2298 3604 2366 sequatur
3652 2291 3860 2362 vestigia

457 2389 514 2440 et
545 2385 750 2457 gloriae
783 2387 917 2456 (Ἠ),
953 2391 1013 2441 ut
1042 2389 1213 2459 quasi
1249 2390 1305 2442 in
1339 2388 1509 2443 horto
1545 2389 1751 2443 clauso
1785 2393 1839 2443 et
1863 2389 2020 2442 fonte
2052 2389 2128 2443 si-
2250 2385 2452 2456 (Apoc.
2489 2401 2565 2454 iv,
2589 2384 2664 2453 4),
2691 2387 2748 2440 et
2777 2386 2834 2438 in
2876 2384 3200 2438 meridiano
3245 2387 3467 2454 pascat,
3501 2383 3556 2437 in
3586 2381 3860 2468 meridiano

465 2479 645 2547 gnato
679 2478 870 2530 teneat
903 2477 1157 2530 claustra
1181 2477 1498 2548 pudicitiae,
1519 2477 1824 2550 signacula
1843 2478 2125 2534 veritatis.
2250 2477 2479 2528 maneat
2510 2474 2704 2542 (Cant.
2739 2491 2776 2541 ι,
2809 2473 2885 2541 6),
2920 2489 3028 2527 nec
3058 2473 3117 2527 in
3158 2489 3346 2544 grege
3369 2471 3650 2528 sodalium
3674 2467 3862 2523 incedat

460 2565 685 2635 Agrum
717 2581 892 2619 suum
924 2565 1119 2620 colere
1155 2567 1383 2621 noverit
1432 2582 1607 2638 quem
1649 2567 2126 2621 colebatsanctus
2251 2562 2400 2632 ('18):
2436 2564 2539 2616 sed
2576 2564 2750 2634 agnis
2781 2563 2862 2616 tui
2894 2562 3164 2631 admista,
3190 2561 3322 2617 sine
3355 2560 3670 2617 offensione
3699 2571 3865 2612 verse-

461 2652 646 2706 Jacob
678 2654 789 2723 ('75)
815 2669 830 2723 ;
861 2657 917 2708 et
949 2655 1363 2726 sexagesimos
1405 2671 1480 2710 ex
1525 2671 1597 2710 eo
1647 2655 2126 2727 centesimosque
2251 2655 2346 2705 tur
2367 2667 2569 2706 comes
2599 2651 2915 2722 virginum,
2942 2651 3302 2722 pedissequa
3337 2649 3658 2704 Mariarum.

460 2738 697 2830 fructus
721 2745 1012 2830 capesset.
1049 2743 1111 2796 In
1158 2743 1340 2815 hujus
1385 2745 1700 2798 virtutibus
1745 2748 1801 2798 et
1844 2744 2129 2798 fortitudi-
2327 2757 2449 2812 “4,
2483 2757 2784 2830 Egredere
2838 2757 3032 2828 itaque
3079 2761 3160 2827 tu,
3213 2758 3460 2812 Domine
3509 2755 3665 2821 Jesu,
3711 2752 3760 2806 in
3794 2750 3864 2802 die

461 2828 640 2918 nibus
672 2829 822 2918 274
870 2832 998 2902 agri
1033 2833 1292 2887 ευεοίίοε
1341 2832 1400 2886 in
1430 2848 1496 2888 9“
1530 2833 1798 2904 gratiam,
1831 2837 1887 2888 εί
1916 2849 2125 2888 π’θειιδ·
2256 2828 2623 2918 sponsalium
2655 2849 2886 2900 tuorum
2908 2888 2922 2914 ,
2974 2847 3218 2916 suscipe
3253 2845 3601 2916 jamdudum
3645 2841 3866 2896 devotam

462 2916 1002 3007 citescharitatem.
1029 2920 1483 2993 lnveniatquem
1520 2922 1730 2992 dilixit,
1752 2926 1943 2978 teneat
1966 2939 2121 2982 eum,
2246 2916 2350 2990 tibi
2383 2936 2613 3007 spiritu,
2648 2951 2804 2990 nunc
2833 2935 3006 2989 etiam
3056 2935 3480 3006 professione;
3540 2931 3704 3002 imple
3731 2926 3866 3000 agni-

459 3019 569 3060 nec
600 3005 846 3062 (Ῑίῐηίίίδί
867 3023 1020 3079 cum:
1057 3010 1245 3065 donec
1275 3010 1429 3065 bona
1462 3011 1555 3065 ίηα
1590 3012 1832 3067 “linem
1865 3012 2122 3067 οῗιεινίῑει-
2157 3021 2209 3086 C
2247 3025 2405 3080 tione
2421 3005 2750 3080 voluntatis
2783 3026 2936 3094 tuae;
2961 3005 3201 3079 assume
3229 3024 3303 3078 ab
3342 3023 3504 3078 initio
3563 3021 3618 3075 in
3639 3019 3865 3079 salutem,

456 3095 536 3148 tis
569 3095 842 3167 excipiat,
877 3113 1009 3169 quae
1059 3100 1283 3154 osculis
1316 3100 1730 3172 praeferuntur.
1757 3101 2004 3173 Semper

2330 3113 2794 3168 sanctificatione
2825 3112 3072 3183 spiritus
3103 3115 3160 3167 et
3202 3113 3318 3167 fide
3361 3111 3642 3178 veritatis,
3674 3111 3727 3162 ut
3745 3105 3867 3159 dicat

459 3185 584 3237 rata
615 3185 890 3241 noctibus
909 3188 1329 3245 etdiebustoto
1352 3190 1563 3261 spiritu
1588 3191 1799 3245 mentis
1832 3191 2120 3263 invigilet,
2250 3203 2467 3259 famula
2499 3206 2593 3258 tua
2627 3218 2640 3258 ;
2699 3201 2968 3258 Τεηιιίειί
2999 3219 3230 3256 manum
3271 3203 3585 3257 dexteram
3622 3211 3802 3260 meam,
3825 3196 3868 3246 ει

460 3287 534 3328 πθ
564 3289 818 3346 ιιητιιιαηι
855 3276 1114 3332 verbm“
1155 3295 1282 3333 eum
1324 3279 1581 3334 ίιῖνοηίαῑ
1612 3280 2018 3336 ἀοΓῐηίθηίθηι-
2054 3280 2125 3336 Et
2251 3293 2314 3348 in
2355 3292 2652 3348 voluntate
2675 3297 2769 3346 tua
2793 3292 3104 3346 deduxisti
3123 3307 3236 3360 me,
3258 3297 3321 3345 et
3367 3291 3430 3344 in
3463 3288 3649 3362 gloria
3679 3298 3870 3340 assum-

461 3363 747 3455 Ἶξιοηίαπξ
769 3365 893 3420 Vn"
923 3381 990 3421 3°
1021 3367 1272 3423 dilectus
1304 3368 1438 3440 eius
1468 3369 1994 3440 εωρίυείιιιωνίιυί
2024 3385 2126 3424 εκ*
2245 3382 2538 3455 psistime
2559 3381 2746 3450 (Psal.
2779 3399 2960 3450 Lxxu,
2993 3381 3105 3449 24).
3141 3380 3324 3451 Aperi
3359 3393 3588 3434 manum
3617 3379 3776 3438 tuam,
3825 3371 3868 3422 et

456 3450 646 3521 Ριονοί
666 3452 974 3525 εποοίυῐηῖ
1007 3461 1409 3512 Γθουννοηίθῖη
1431 3462 1921 3530 εθίῐυθίιιιὸθπθθί
1949 3457 2119 3529 ﬁdes.
2245 3450 2426 3542 imple
2458 3472 2711 3525 animam
2742 3469 2876 3542 ejus
2905 3450 3322 3525 benedictione
3364 3465 3554 3538 (Psal.
3586 3479 3745 3531 exav,
3776 3459 3870 3526 16):

457 3541 512 3592 θί
533 3540 725 3596 anima
763 3541 898 3612 eius
929 3544 987 3599 ίη
1017 3547 1264 3602 verbum
1295 3551 1455 3602 tuum
1489 3547 1902 3619 Peregrinam”
1930 3563 1960 3601 τι
1985 3563 2122 3601 σοι’·
2251 3565 2313 3616 ut
2335 3540 2567 3616 salvam
2601 3540 2790 3612 facias
2815 3561 3151 3630 sperantem
3196 3558 3254 3611 in
3288 3563 3345 3612 te
3375 3555 3562 3628 (Psal.
3595 3566 3791 3618 Lxxxv,
3811 3547 3868 3614 Ξ),

456 3642 620 3698 pore,
663 3633 722 3685 ut
753 3631 906 3686 adsit
939 3633 1092 3690 Deo:
1125 3635 1328 3708 vigilet
1359 3653 1462 3692 cor
1493 3635 1647 3707 ejus,
1683 3652 1820 3690 caro
1851 3637 2010 3691 dorm

2339 3649 2436 3704 fiat
2457 3665 2562 3703 vas
2593 3648 2651 3702 in
2682 3647 2968 3702 honorem
2987 3647 3442 3708 sanctificatum,
3477 3643 3615 3698 utile
3646 3637 3872 3702 Domino,

456 3719 710 3808 negmale
737 3719 976 3792 incipiat
1007 3723 1254 3796 vigilare
1286 3725 1567 3796 peccatis.
2249 3738 2321 3793 ad
2353 3753 2524 3793 omne
2583 3753 2733 3808 opus
2785 3736 3007 3791 δοηιιηι
3063 3735 3378 3806 probatum
3419 3733 3536 3802 (76)
3568 3747 3580 3786 :
3613 3745 3710 3801 per
3745 3727 3872 3780 illam

528 3806 649 3862 “‘2.
675 3808 1056 3882 Tu,Domine,
1077 3813 1338 3887 adjunge
1368 3814 1518 3870 alios
1551 3831 1739 3870 sacrm
1763 3814 2082 3887 virginitati

2317 3806 2650 3882 Lernabilem
2681 3841 2917 3880 crucem
2943 3867 2956 3894 ,
3011 3841 3118 3895 per
3162 3825 3322 3878 illam
3354 3819 3741 3878 venerabilem
3769 3813 3871 3886 glo-

457 3899 722 4012 omng‘s’
755 3898 1014 3970 adjunde
1053 3902 1297 3958 sedulos
1342 3903 1473 3974 Ρίοε
1524 3903 1739 3972 ουιίυδν
1789 3907 1849 3958 ιιι
1895 3903 2201 4012 noverit!)
2246 3917 2391 3971 riam
2422 3916 2747 3983 Trinitatis,
2781 3914 2872 3968 cui
2905 3916 2998 3968 est
3029 3913 3238 3982 honor,
3287 3913 3504 3986 gloria,
3529 3905 3869 4012 perpetuitas,

453 3985 764 4054 possidere
815 4006 920 4042 vas
953 4007 1164 4061 suum,
1217 3994 1447 4048 noverit
1503 3993 1820 4062 humiliari,
1855 3989 2006 4048 dilec

2315 4005 2400 4060 itri
2433 4005 2572 4074 Deo,
2593 4008 2650 4060 et
2681 4003 2871 4073 Fillio,
2897 4007 2954 4058 et
2985 4003 3230 4074 Spiritui
3260 3985 3498 4070 sancto,
3518 3994 3807 4059 asaeculis,
3827 3991 3869 4043 et

455 4088 588 4128 nem
619 4078 830 4144 ίθηθθίν
862 4079 1129 4135 veritatis
1151 4097 1402 4150 murum:
1428 4082 1673 4153 Ρυάονίε
1705 4086 1957 4154 εθΡίιιηι-
1993 4081 2126 4138 Non
2239 4093 2848 4166 nun,etsemper,etin
2867 4093 3062 4148 omnia
3077 4091 3297 4147 saecula
3316 4085 3872 4156 saculorum,Amen.

669 4220 796 4302 l)_uo
831 4238 976 4278 mss.
1003 4239 1194 4302 sacra}
1231 4224 1487 4302 virginis
1514 4226 1766 4302 crinem.
1805 4297 1814 4302 _

2323 4255 2491 4294 iensu
2522 4237 2720 4291 minus
2753 4236 3006 4291 honesto
3035 4235 3108 4291 ad
3161 4235 3488 4290 honestum
3511 4248 3580 4288 ac
3609 4229 3754 4302 pium
3789 4225 3877 4278 tra-

523 4289 638 4366 (ᾙ)
668 4292 826 4366 Ψβλιη
859 4309 1006 4349 mss.
1042 4295 1234 4350 Pater
1255 4289 1555 4350 claritatis
1577 4303 1634 4351 et
1655 4296 1884 4366 gloriae.
2237 4289 2573 4366 ἆυῖίξᾷξξῖ

669 4363 820 4452 βεὶίεζ
857 4381 1029 4452 ιὀιῐξη
1058 4383 1224 4439 quem
1237 4366 1476 4452 colebat
1496 4359 1739 4452 sanncl'us
1761 4367 1950 4452 Isaac.

2318 4359 2658 4452 {illudi-nues
2690 4379 2853 4452 edit.,
2890 4376 3216 4434 excludere
3233 4376 3615 4442 cliaritatem,
3641 4384 3738 4428 nec
3757 4379 3872 4440 per-

524 4431 655 4522 ('16;
657 4435 746 4522 33.
777 4431 1190 4522 εαεειιῴριῖειε,
1237 4438 1406 4522 Νριίε
1433 4439 1498 4522 3n
1537 4439 1724 4522 Trag,
1775 4438 2120 4522 Hegionem.
2234 4431 2902 4522 εεῑχὶιὶῖάἧέέξιιῖτῡίιῑες

450 4506 744 4591 pag.u‘20‘7,
777 4523 936 4591 acum.
972 4506 1548 4591 19,.de'quibusdam
1580 4509 1826 4591 Gallieni
1857 4506 2120 4591 (“lmsaris
2239 4506 2416 4591 "(73)
2450 4506 2528 4576 ιία
2562 4506 2708 4576 ms},
2737 4539 2754 4584 ;
2797 4521 2939 4575 edit,
2993 4522 3207 4584 autem,
3247 4535 3358 4574 nec
3395 4518 3462 4573 ίη
3499 4529 3714 4590 greges
3740 4507 3880 4565 soda-

450 4577 729 4662 versibus
749 4580 944 4662 minus
961 4581 1194 4662 pudicis
1210 4577 1594 4662 539113,}ch
1610 4581 1906 4662 Ambrosii
1929 4581 2125 4662 locum
2232 4587 2374 4650 [iam
2401 4577 2650 4648 ἳηοίάει,
2677 4577 2916 4646 Minime
2951 4591 3126 4646 male,

451 4648 1188 4737 ‘El‘ﬂfv.9"‘.°‘s9b.i998it=
1217 4648 1398 4737 “NQ”
1416 4653 1619 4737 (λιλδὶΞο
1633 4652 1831 4737 XV“?!
1852 4655 2124 4737 “metu”!
2233 4648 2410 4737 m—(79)
2440 4664 2659 4720 Omnes
2690 4663 2852 4733 edit.,
2881 4662 2957 4717 ad
2984 4677 3153 4718 omne
3175 4677 3318 4734 apus
3367 4661 3586 4717 bonum
3624 4658 3877 4730 paratum.

451 4719 508 4770 et
537 4716 858 4775 facundum
878 4716 1165 4778 imitatum
1188 4739 1327 4779 esse
1349 4723 1506 4778 hunc
1545 4722 1790 4780 Gallieni
1814 4723 2033 4792 locum,
2067 4724 2126 4776 et

467 4907 724 4920 ———_

727 4895 3846 4926 ΝΜ

987 5109 1091 5187 ΙΝ
1159 5105 2019 5188 EXHORTATIONEM
2087 5097 2766 5185 VIBGINITATIS
2833 5098 3407 5222 ADMONI'I‘IO.

522 5436 708 5492 Deum
740 5435 857 5504 opt.
883 5447 1036 5487 max.
1061 5432 1124 5486 ut
1154 5429 1249 5485 sui
1280 5429 1648 5498 divexentur,
1683 5429 1800 5483 nisi
1829 5426 1902 5481 ad
1933 5424 2218 5499 majorem
2250 5423 2441 5494 ipsius
2476 5421 2746 5494 gloriam,
2781 5423 2837 5475 et
2877 5419 3110 5509 illorum
3154 5417 3569 5509 Ecclesiaeque
3597 5409 3884 5509 utilitatem,

449 5540 748 5598 nunquam
773 5521 1128 5594 permittere,
1162 5536 1238 5576 ex
1271 5518 1660 5574 Ambrosiano
1691 5517 1790 5572 illo
1824 5516 2030 5571 itinere
2053 5516 2416 5584 compertum
2447 5511 2731 5581 redditur,
2766 5509 2922 5581 quod
2953 5507 3090 5598 huic
3113 5507 3277 5598 operi
3312 5505 3882 5598 dedituoccasiem‘fll‘:

872 5577 1127 5666 sanctus,
1149 5610 1479 5684 Eugenium
1503 5613 1811 5680 tyrannum
1832 5606 1890 5660 in
1907 5605 2127 5660 Italiam
2157 5577 2332 5674 atque
2353 5601 2498 5656 adeo
2518 5577 2933 5664 Mediolanum,
2953 5602 3016 5651 ut
3044 5577 3326 5651 Paulinus
3345 5595 3433 5684 (in
3471 5593 3596 5684 Vita
3616 5577 3888 5684 Ambros)

447 5708 654 5760 auctor
683 5707 794 5772 est,
827 5716 1146 5775 properare
1182 5716 1195 5755 :
1228 5680 1412 5772 igitur
1441 5697 1739 5753 hominem
1797 5695 1899 5767 qui
1953 5695 2067 5784 sub
2109 5692 2490 5784 Christiania-
2513 5689 2825 5784 religionis
2883 5687 3127 5742 obtentu
3200 5682 3590 5784 idololatriam
3637 5680 3885 5784 reﬁgit:

450 5757 847 5864 moliebatur;
871 5757 995 5849 non
1039 5757 1503 5864 exspectandum
1550 5788 1735 5857 ratus,
1787 5757 2115 5843 Senoniam
2167 5782 2349 5840 venit.
2409 5779 2497 5838 Ibi
2539 5757 2761 5838 interea
2791 5777 2930 5834 dum
2961 5777 3308 5845 moraretur,
3343 5782 3658 5845 corporum
3708 5757 3890 5817 Vitalil
