4060 6158
247 317 333 384 349
995 312 1555 380 EXHORTATIO
1603 313 2197 378 VIRGINITATIS.
2242 349 2324 366 —
2364 315 2851 382 ADMONITIO
3562 317 3682 389 350

233 525 376 591 atque
404 517 695 591 Agricola
727 520 1045 589 martyrum
1077 534 1209 590 qua
1241 516 1523 571 divinitus
1553 516 1669 587 ipsi
1700 517 1956 572 revelata
1989 532 2127 572 esse
2159 518 2393 572 videtur
2417 534 2446 572 a
2481 518 2725 575 Paulino
2747 519 2942 591 (lbid.)
2966 521 3314 594 significari,
3346 521 3681 577 translatio-

233 623 344 664 nem
369 608 689 663 solemnem
722 608 1061 662 celebravit.
1100 608 1226 662 Hoc
1258 607 1579 662 Florentini
1615 622 1747 661 cum
1780 606 2150 677 didicissent,
2182 623 2316 662 eum
2337 610 2562 679 ingenti
2594 609 2921 664 animorum
2938 611 3148 666 ardore
3170 611 3585 679 invitaverunt,
3620 613 3682 665 ut

230 714 283 753 se
309 698 553 752 invisere
583 713 651 752 ac
698 696 1085 753 dedicandam
1115 713 1330 751 novam
1361 697 1679 752 ecclesiam
1709 700 1782 750 ne
1811 698 2180 768 gravaretur.
2234 698 2457 752 Annuit
2484 713 2689 753 eorum
2737 699 2949 768 optatis
2982 703 3226 755 sanctus
3256 701 3529 770 antistes,
3588 703 3679 753 ta-

229 787 374 841 metsi
401 786 514 841 alio
545 788 854 841 statuisset
883 803 1020 842 sese
1055 785 1326 841 conferre
1357 787 1508 857 (cap.
1541 786 1591 856 1,
1629 803 1788 841 num.
1825 785 1875 854 1,
1910 789 1966 840 et
2008 785 2233 841 Paulin.
2269 785 2328 841 in
2371 786 2464 840 Vit
2496 786 2752 857 Amhr.).
2785 786 3049 859 Cumque
3080 788 3308 859 aliquas
3344 788 3681 843 Bononien-

225 875 355 929 sium
383 879 699 945 martyrum
748 875 1030 948 reliquias
1078 892 1283 931 secum
1315 877 1628 945 attulisset,
1682 892 1784 931 eas
1831 876 2127 947 disposuit
2164 876 2225 929 in
2260 876 2358 930 illa
2390 876 2666 944 ecclesia,
2720 892 2896 947 quam
2942 876 3158 930 ibidem
3208 877 3427 932 celebri
3466 892 3681 949 pompa

223 964 331 1035 ipse
352 966 736 1020 consecravit.
771 964 893 1030 Qua
926 965 1099 1020 etiam
1130 967 1190 1020 in
1222 965 1592 1021 solemnitate
1623 966 1828 1021 habuit
1859 982 1989 1021 eam
2020 983 2095 1022 ex
2127 982 2241 1038 qua
2272 965 2370 1020 hic
2402 965 2555 1021 liber
2585 968 2833 1030 constat,
2870 966 3218 1019 orationem.

281 1054 411 1108 Hac
440 1054 496 1107 in
529 1055 730 1125 operis
761 1055 1006 1110 exordio
1037 1056 1166 1126 ipse
1198 1055 1457 1110 declarat
1489 1056 1640 1127 (cap.
1677 1056 1728 1126 1,
1765 1072 1924 1110 num.
1962 1055 2035 1125 1).
2069 1055 2192 1111 Sub
2223 1071 2355 1127 qua
2389 1055 2709 1126 Martyrum
2740 1053 3056 1124 suppllicio
3087 1056 3144 1108 et
3175 1053 3514 1109 eorumdem
3547 1053 3683 1108 reli-

221 1142 464 1213 quiarum
496 1144 918 1205 exhumatione
950 1145 1201 1200 strictim
1226 1144 1546 1217 descriptis
1568 1145 1752 1215 (num.
1786 1145 1819 1199 2
1840 1147 1897 1199 et
1926 1145 2102 1217 seq.),
2128 1145 2289 1200 addit
2317 1145 2578 1216 ipsarum
2598 1147 2820 1214 partem
2841 1143 3099 1215 propriis
3116 1142 3389 1198 manibus
3411 1159 3443 1196 a
3475 1158 3541 1197 se
3572 1143 3687 1197 col-

218 1232 403 1286 lectam
432 1233 505 1288 ad
527 1249 634 1289 eos
664 1234 955 1304 attulisse,
992 1235 1268 1290 nimirum
1299 1234 1387 1290 cla
1400 1251 1519 1304 vos,
1554 1236 1903 1306 sanguinem
1928 1234 2343 1306 triumphalem
2377 1241 2435 1288 et
2457 1250 2656 1288 cruczs
2685 1232 2908 1305 lignum
2938 1234 3088 1303 (cap,
3114 1233 3166 1302 ‘2,
3202 1248 3361 1287 num.
3385 1231 3462 1301 9).
3488 1231 3683 1303 Negat

220 1321 351 1375 enim
381 1322 557 1391 (Ibid.
592 1340 651 1377 ιι.
685 1324 773 1392 10)
804 1340 1040 1395 aquum
1071 1324 1261 1379 fuisse
1295 1326 1357 1379 ut
1386 1324 1688 1395 repulsam
1719 1341 1752 1378 a
1784 1340 1851 1379 se
1882 1325 2181 1395 pateretur
2222 1323 2453 1378 Juliana
2484 1322 2678 1393 vidua,
2731 1338 2864 1391 qua
2895 1338 3127 1376 sacram
3161 1321 3369 1390 aedem,
3404 1336 3435 1374 a
3483 1319 3684 1374 Pauli-

220 1425 284 1463 no
309 1411 383 1477 (in
425 1410 554 1465 Vita
584 1413 891 1481 Ambros.)
924 1417 1236 1484 propterea
1267 1414 1422 1485 quod
1454 1430 1585 1469 eam
1616 1414 1995 1485 inauguravit
2037 1414 2194 1467 idem
2224 1412 2601 1482 Ambrosius,
2634 1411 3093 1467 Ambrosianam
3140 1410 3376 1479 dictam,
3410 1411 3682 1464 constru-

219 1502 377 1552 xerat.
407 1499 554 1555 Cum
583 1505 780 1556 autem
808 1503 901 1572 pia
934 1503 1030 1557 illa
1064 1505 1249 1557 mater
1275 1519 1345 1558 ac
1392 1519 1531 1558 vere
1561 1501 1898 1558 Christiana
1945 1502 2257 1558 facultates
2290 1518 2435 1558 suas
2476 1503 2536 1557 in
2568 1500 2873 1556 condenda
2918 1500 3100 1555 nobili
3150 1499 3399 1554 basilica
3446 1496 3683 1553 Christo

218 1603 587 1644 consecrasse
635 1607 752 1645 non
796 1594 1067 1646 contenta
1111 1595 1294 1662 esset,
1346 1593 1593 1664 insuper
1638 1594 1901 1663 seipsam
1950 1608 2085 1652 cum
2131 1578 2249 1647 tota
2281 1592 2499 1645 familia
2533 1591 2616 1644 illi
2662 1590 2957 1645 devovere
3004 1589 3159 1659 apud
3190 1604 3256 1643 se
3299 1588 3520 1643 statuit.
3554 1587 3684 1641 Jam

217 1678 425 1747 quidem
456 1680 588 1734 viro
622 1680 938 1735 etiamnum
969 1683 1028 1736 in
1059 1682 1212 1737 vivis
1246 1685 1480 1755 agente,
1534 1683 1811 1737 sacrificii
1863 1683 1956 1738 sui
2003 1683 2292 1753 primitias
2332 1682 2505 1754 quasi
2536 1680 2842 1735 libaverat.
2894 1678 3122 1733 Etenim
3173 1694 3306 1732 cum
3352 1678 3406 1731 is
3450 1676 3683 1747 pietatis

215 1764 363 1820 laude
393 1783 511 1822 non
542 1769 783 1823 cederet
828 1771 1020 1840 uxori,
1069 1787 1187 1827 non
1217 1771 1400 1826 multo
1430 1773 1562 1825 ante
1596 1771 1819 1826 obitum
1864 1787 2154 1827 annorum
2184 1786 2453 1840 numero,
2486 1771 2623 1826 licet
2670 1784 2849 1824 onera
2879 1767 3234 1822 matrimonii
3289 1767 3439 1821 satis
3478 1764 3684 1837 gravia

215 1856 530 1926 sustineret,
565 1858 843 1913 nimirum
874 1860 980 1915 filii
1029 1861 1206 1915 unius
1253 1877 1322 1915 ac
1354 1860 1606 1915 tlliarum
1653 1862 1860 1931 trium;
1910 1864 2105 1917 tamen
2152 1861 2579 1916 ecclesiastica
2627 1859 2896 1914 utilitatis
2943 1856 3435 1926 contemplatione
3487 1855 3682 1909 sacris

210 1943 492 2000 ordinibus
516 1946 735 2001 initiari
766 1947 836 2002 de
868 1948 1149 2021 conjugis
1180 1964 1478 2004 censensu
1501 1965 1618 2003 non
1648 1949 1994 2004 detrectavit
2021 1951 2172 2022 (cap.
2207 1953 2259 2021 2,
2281 1968 2440 2006 num.
2476 1951 2590 2021 12).
2628 1948 2770 2004 Haec
2793 1948 2975 2021 igitur
2997 1947 3120 2018 jam
3142 1949 3265 2000 tum
3294 1944 3673 2000 continentia

213 2038 469 2102 posuerat
499 2036 887 2107 tyrocinium;
936 2038 1044 2093 sed
1075 2041 1385 2109 postquam
1416 2038 1648 2094 mortali
1698 2040 1860 2093 sorte
1900 2041 2251 2111 perfunctus
2280 2043 2444 2096 esset
2472 2038 2608 2110 ejus
2637 2038 2915 2106 maritus,
2950 2035 3343 2106 colophonem
3373 2033 3537 2105 operi
3569 2048 3680 2088 suo

212 2122 377 2177 voluit
403 2124 733 2195 imponere.
766 2125 1134 2197 QuaprOpter
1162 2130 1224 2181 ut
1253 2128 1477 2184 liberos
1510 2144 1658 2183 suos
1688 2128 1762 2183 ad
1791 2128 2255 2199 amplectendam
2285 2127 2659 2182 continentiae
2689 2125 3131 2196 professionem
3159 2122 3530 2190 accenderet,
3571 2135 3677 2175 eos

212 2210 297 2265 illa
324 2215 727 2270 exstimulavit
756 2217 1040 2287 oratione,
1073 2233 1249 2289 quam
1297 2221 1543 2272 sanctus
1575 2218 1794 2275 Doctor
1823 2218 2064 2289 proprio
2094 2218 2247 2288 stylo
2279 2218 2335 2271 et
2364 2215 2696 2288 eloquentia
2743 2215 3087 2269 exornatam
3137 2211 3412 2266 omnibus
3457 2209 3559 2280 qui
3606 2224 3676 2264 eo

214 2301 625 2373 conﬂuxerant,
657 2305 934 2376 proponit
961 2306 1023 2361 in
1046 2306 1217 2361 hunc,
1236 2322 1479 2362 sensum
1515 2307 1666 2378 (cap.
1699 2308 1732 2362 3
1761 2310 1820 2362 et
1846 2307 2021 2378 seq.).

273 2392 562 2464 Principio
595 2394 780 2449 ﬁlium
811 2396 1063 2450 necdum
1093 2395 1361 2467 pueritia
1408 2412 1599 2451 annos
1631 2412 1950 2468 egressum
1987 2395 2258 2464 allocuta,
2309 2394 2363 2450 ei
2393 2396 2703 2465 propterea
2733 2406 2948 2447 nomen
2980 2388 3296 2444 Laurentio
3327 2387 3545 2443 factum
3575 2403 3678 2442 as-

212 2480 339 2534 serit
374 2482 526 2554 (cap.
561 2484 618 2553 5,
668 2499 828 2538 num.
882 2485 949 2539 14
983 2488 1039 2540 et
1069 2486 1247 2557 seq.),
1295 2486 1453 2557 quod
1485 2502 1618 2540 cum
1649 2487 1926 2556 parentes
1957 2483 2081 2556 jam
2111 2485 2495 2555 desperarent
2542 2483 2614 2537 de
2663 2480 2928 2536 mascula
2972 2478 3182 2533 sobole
3231 2475 3673 2550 progignendo,

210 2568 386 2639 ipsum
417 2574 750 2643 patrocinio
793 2576 937 2630 tanti
965 2576 1242 2648 martyris
1289 2574 1708 2632 obtinuissent.
1761 2575 1925 2631 Illius
1957 2590 2095 2630 esse
2142 2590 2216 2629 ex
2246 2573 2359 2629 hoc
2392 2573 2636 2644 colligit,
2671 2571 2906 2643 quando
2937 2567 3210 2624 eumdem
3240 2582 3358 2621 non
3390 2581 3571 2627 secus
3610 2580 3681 2620 ao

209 2661 358 2715 Anna
385 2661 725 2719 Samuelem
755 2665 888 2721 Deo-
922 2667 1172 2737 voverit,
1205 2667 1359 2738 apud
1391 2666 1582 2736 ipsius
1615 2682 1833 2721 numen
1862 2664 2181 2737 promissis
2213 2665 2457 2717 matrem
2505 2661 2838 2717 absolvere.
2873 2659 3019 2712 Tum
3053 2670 3391 2711 sermonem
3422 2655 3495 2709 ad
3525 2653 3678 2708 tilias

210 2754 547 2808 convertens
579 2754 732 2825 (cap.
766 2755 821 2827 3,
855 2772 1014 2811 num.
1051 2756 1117 2811 1'7
1148 2760 1204 2811 et
1235 2755 1411 2828 seq.),
1445 2771 1549 2811 eas
1582 2756 1850 2829 conjugii
1879 2753 2269 2811 incommodis
2304 2753 2732 2822 caelibatusque
2774 2746 3123 2802 utilitatibus
3156 2746 3414 2801 invicem
3443 2744 3679 2815 opposi-

206 2838 292 2907 tis,
322 2840 391 2894 ad
425 2844 898 2900 consecrandam
926 2844 1165 2902 Christo
1196 2846 1536 2917 pudicitiam
1566 2848 1760 2918 urget.
1804 2844 2069 2915 Denique
2116 2845 2268 2913 (cap.
2303 2842 2357 2911 4,
2392 2858 2551 2896 num.
2585 2840 2653 2894 25
2683 2841 2739 2892 et
2770 2835 2926 2908 seq.)
2958 2834 3131 2889 modo
3164 2834 3237 2888 ad
3270 2834 3475 2903 filium,
3510 2833 3684 2889 modo

209 2927 270 2981 ad
299 2928 446 2986 ﬁlias
476 2932 665 2987 verba
697 2933 947 3005 faciens,
979 2935 1154 2991 modo
1184 2936 1360 2991 etiam
1387 2936 1461 2989 ad
1491 2950 1699 2990 omnes
1730 2933 1927 3002 simul,
1963 2932 2105 2988 nihil
2135 2932 2482 2987 intentatum
2511 2927 2807 3000 relinquit,
2858 2929 2919 2982 ut
2949 2941 3055 2980 eos
3086 2924 3160 2979 ad
3210 2923 3504 2994 implenda
3549 2939 3684 2995 qua

209 3022 465 3085 parentes
498 3022 772 3093 ipsorum
804 3024 1039 3080 nomine
1070 3025 1555 3095 nuncupaverant
1586 3025 1741 3093 vota,
1774 3023 2097 3078 induceret.
2130 3022 2257 3076 Nec
2302 3021 2524 3076 frustra
2556 3019 2665 3073 fuit
2692 3018 2852 3089 pium
2885 3015 3027 3072 illud
3060 3014 3265 3069 matris
3298 3012 3682 3067 desiderium.

212 3105 553 3167 Laurentius
586 3111 646 3166 in
678 3113 966 3192 lectorum
998 3129 1308 3170 numerum
1337 3115 1646 3184 cooptatus
1677 3116 1769 3168 est
1798 3111 2027 3182 (cap.8,
2060 3127 2221 3167 num.
2254 3111 2347 3179 54)
2379 3126 2391 3165 :
2427 3108 2562 3181 ejus
2589 3123 2732 3163 vero
2765 3121 3009 3162 sorores
3041 3118 3204 3159 more
3235 3101 3486 3158 solemni
3518 3100 3687 3156 casti-

211 3199 443 3254 moniam
474 3199 777 3271 professa
807 3202 959 3274 (cap.
997 3203 1083 3271 1-1,
1117 3220 1279 3258 num.
1311 3202 1421 3273 93),
1457 3202 1617 3257 illam
1647 3202 1706 3257 in
1736 3200 2018 3256 maternis
2050 3199 2281 3254 aedibus
2313 3198 2720 3254 servaverunt.

269 3287 371 3344 His
398 3291 604 3362 itaque
634 3295 940 3363 permotus
971 3292 1328 3348 Ambrosius
1359 3292 1612 3348 Juliana
1644 3306 1977 3347 sermonem
2007 3289 2293 3361 prosequi
2323 3287 2508 3343 voluit
2538 3286 2711 3341 etiam
2744 3284 2982 3355 propria
3014 3280 3426 3337 exhortatione
3456 3280 3605 3351 (cap.
3645 3278 3680 3334 9

211 3378 258 3430 et
283 3381 449 3450 seq.).
484 3380 630 3435 lstic
663 3381 903 3437 easdem
930 3382 1199 3455 virgines
1226 3382 1384 3454 quod
1415 3382 1493 3437 sit
1521 3381 1752 3435 illarum
1784 3379 2064 3445 ofﬁcium,
2099 3379 2318 3451 quibus
2349 3377 2512 3448 ipsas
2544 3391 2753 3431 vacare
2786 3372 3110 3442 exercitiis,
3146 3369 3364 3442 quidve
3394 3371 3680 3440 praestare

213 3470 474 3538 Oporteat,
528 3472 597 3523 ut
643 3468 822 3526 simul
870 3487 1004 3527 cum
1051 3474 1234 3527 matre
1281 3488 1357 3527 ex
1397 3468 1796 3542 professionis
1842 3484 1970 3524 sua
2015 3468 2244 3541 regulis
2293 3467 2529 3536 vivant,
2581 3465 2807 3520 edocet.
2850 3460 3114 3517 Subinde
3165 3461 3360 3513 autem
3407 3460 3464 3511 et
3524 3456 3674 3512 alias

212 3553 463 3612 informat
510 3558 670 3631 (cap.
723 3560 810 3629 10,
858 3577 998 3616 num
1028 3560 1118 3626 71,
1167 3565 1225 3616 et
1268 3562 1423 3632 cat.)
1474 3559 1842 3615 Christianas
1887 3557 2177 3630 virgines,
2228 3556 2302 3611 ad
2349 3571 2499 3627 quas
2543 3570 2576 3608 a
2608 3553 2799 3608 tribus
2847 3551 2967 3605 illis
3015 3546 3373 3621 integritatis
3422 3546 3679 3600 victimis

213 3658 527 3703 sermonem
577 3649 877 3705 transfert.
928 3650 1151 3706 Deinde
1200 3650 1384 3706 variis
1431 3648 1721 3719 exemplis
1767 3663 1901 3714 qua
1949 3645 2097 3716 ipsa
2128 3643 2344 3698 imitari
2391 3642 2679 3706 debeant,
2726 3638 3071 3710 propositis,
3121 3654 3239 3693 non
3288 3634 3683 3706 praetermittit

213 3739 455 3793 sanctam
503 3737 804 3794 Sotherim
834 3739 985 3810 (cap.
1036 3737 1124 3808 12,
1158 3737 1461 3806 num-81),
1494 3736 1663 3807 ipsis,
1697 3738 1759 3790 ut
1788 3734 1928 3790 alibi
1959 3733 2215 3789 vidimus
2264 3732 2388 3802 (lib.
2440 3748 2501 3784 ιιι
2534 3730 2620 3784 De
2661 3728 2940 3800 Virginit.
2976 3744 3134 3782 num.
3168 3726 3279 3796 39),
3316 3724 3684 3796 consangui-

215 3837 383 3896 neam,
424 3827 609 3899 cujus
640 3842 672 3882 e
703 3828 1014 3899 suppliciis
1045 3828 1190 3883 illud
1220 3827 1525 3895 describit,
1571 3840 1689 3896 quo
1722 3824 1839 3879 sibi
1870 3823 2079 3878 faciem
2112 3821 2411 3878 carniﬁcis
2443 3835 2644 3892 pugno
2678 3818 2826 3873 cadi
2858 3816 3269 3888 cruentarique
3300 3813 3525 3870 lubenti
3561 3812 3684 3867 ani-

214 3928 294 3968 mo
320 3931 611 3987 perpessa
640 3920 751 3971 est.
787 3917 961 3971 Addit
988 3920 1046 3972 et
1071 3917 1184 3971 alia
1214 3916 1482 3987 quaedam
1512 3917 1809 3985 praecepta
1838 3913 1988 3982 (cap.
2016 3912 2102 3981 13,
2134 3927 2294 3966 num.
2328 3911 2397 3966 83
2418 3913 2475 3964 et
2506 3909 2686 3981 seq.),
2723 3907 2945 3979 quibus
2975 3906 3179 3974 finitis,
3213 3905 3408 3960 vidua
3430 3903 3514 3958 illi
3547 3919 3682 3974 qua

216 4014 290 4071 se,
317 4003 540 4061 liberos
575 4020 902 4077 omnesque
949 4021 1094 4077 opes
1126 4006 1363 4061 Christo
1396 4007 1657 4072 voverat,
1692 4005 1953 4074 paratam
1998 4001 2070 4055 ab
2119 4016 2189 4055 eo
2238 4000 2596 4056 uberrimam
2645 3996 2980 4052 mercedem
3027 3994 3339 4065 pollicetur
3386 3995 3537 4064 (cap.
3594 3991 3682 4063 14,

216 4105 355 4147 ιιιιω.
385 4094 498 4165 9‘2).
546 4094 635 4149 Ad
669 4098 1031 4165 postremum
1076 4096 1198 4151 Deo
1245 4094 1538 4166 supplicat
1563 4092 1741 4164 (Ibid.
1777 4106 1937 4147 num.
1984 4090 2096 4161 93),
2147 4092 2212 4146 ut
2258 4090 2319 4144 in
2361 4105 2430 4144 ea
2479 4104 2652 4160 quam
2702 4078 3096 4142 consecrabat
3140 4083 3394 4140 ecclesia
3440 4096 3680 4153 semper

214 4193 461 4249 praesens
490 4187 670 4256 atque
697 4184 1010 4255 propitius,
1055 4186 1315 4241 fidelium
1342 4199 1554 4255 preces
1585 4199 1654 4239 ac
1700 4180 1991 4239 Dominici
2021 4180 2291 4251 corporis
2341 4177 2702 4233 sacriﬁcium
2753 4174 3023 4245 accipiat,
3076 4172 3184 4228 sed
3216 4173 3275 4227 in
3322 4172 3530 4243 primis
3564 4170 3679 4226 hu-

213 4265 367 4337 jusce
394 4273 580 4327 totius
613 4271 852 4334 familia
881 4273 1171 4346 integram
1204 4273 1466 4329 admittat
1496 4272 1874 4329 oblationem.

276 4356 353 4413 Eo
380 4362 629 4417 tractatu
669 4378 865 4433 quem,
899 4365 962 4417 ut
1006 4362 1285 4432 vidimus,
1334 4364 1394 4417 in
1426 4362 1663 4432 publico
1696 4363 1851 4417 catu
1880 4360 2113 4414 constat
2141 4356 2331 4411 fuisse
2362 4354 2822 4426 pronuntiatum,
2853 4351 2999 4407 nihil
3029 4351 3246 4421 praeter
3275 4349 3514 4403 unicum
3545 4363 3679 4403 ser-

218 4459 426 4503 monem
467 4450 761 4506 contineri
788 4451 1095 4523 probabile
1127 4455 1238 4507 est.
1273 4451 1388 4506 Sed
1418 4451 1556 4506 licet
1587 4450 1804 4505 multus
1838 4449 1896 4503 in
1928 4447 2178 4503 dicendo
2211 4445 2345 4500 istic
2376 4444 2554 4500 fuerit
2582 4446 2828 4499 sanctus
2860 4441 3098 4508 Doctor,
3131 4438 3231 4491 vix
3264 4440 3458 4491 tamen
3488 4435 3677 4506 impe-

216 4535 351 4591 trare
380 4542 610 4609 poterat
639 4540 712 4594 ab
745 4540 940 4597 animo
974 4556 1106 4611 suo,
1131 4543 1193 4596 ut
1213 4541 1274 4596 in
1306 4543 1423 4595 tam
1445 4540 1579 4594 lata
1602 4538 1939 4595 celebritate
1970 4536 2295 4593 orationem
2325 4535 2517 4608 magis
2548 4532 2917 4604 pracideret.
2954 4529 3080 4583 Nec
3109 4541 3255 4580 sane
3287 4525 3460 4580 etiam
3492 4541 3525 4577 a
3563 4539 3670 4578 ve-

218 4625 426 4682 risimili
457 4630 913 4699 recesserimus,
969 4631 1021 4686 si
1051 4631 1242 4702 qualis
1274 4630 1588 4686 Florentia
1620 4628 1816 4683 habita
1850 4627 1958 4681 fuit
1986 4626 2159 4682 talem
2192 4627 2522 4681 omnino'm
2570 4621 2877 4678 codicibus
2903 4617 3096 4671 adhuc
3129 4614 3359 4669 servari
3409 4613 3683 4670 credide-

218 4712 405 4771 rimus.
434 4717 661 4790 Quippe
691 4736 824 4775 cum
854 4720 1103 4790 ipsemet
1130 4736 1162 4776 e
1197 4719 1586 4778 concionibus
1619 4717 1747 4772 suis
1789 4716 1978 4773 libros
2001 4717 2311 4785 condebat,
2346 4715 2434 4770 eis
2467 4714 2652 4768 ferme
2682 4725 2920 4779 semper
2964 4705 3216 4777 aliquid,
3253 4703 3408 4759 unde
3441 4702 3680 4757 mutatio

219 4800 301 4856 illa
330 4806 733 4879 dignoseretu,
778 4810 1100 4865 inserebat.
1133 4812 1272 4866 Inde
1292 4812 1384 4865 est
1417 4809 1573 4881 quod
1604 4807 1797 4877 aptius
1829 4807 1888 4861 in
1919 4824 2069 4862 mss.
2094 4805 2442 4861 inscribitur
2472 4799 2792 4856 Exortatio
2828 4796 3222 4870 virginitatis,
3244 4793 3371 4848 etin
3394 4791 3530 4847 edit.
3551 4794 3679 4881 aut.

219 4890 304 4945 Ad
335 4896 600 4968 virgines
630 4898 987 4968 exhortatio,
1021 4915 1196 4971 quam
1224 4899 1284 4954 in
1317 4880 1488 4954 Rom.
1511 4897 1597 4952 De
1625 4896 1978 4952 Hortatione
2000 4896 2076 4952 ad
2103 4894 2510 4967 virginitatem
2544 4894 2866 4953 tractatus,-
2905 4901 3113 4941 verum
3143 4886 3337 4938 tamen
3366 4880 3673 4954 quodlibet

224 4977 446 5038 istorum
476 4985 813 5041 lemmatum
845 5004 962 5042 non
1008 4988 1266 5043 absurde
1298 4987 1497 5058 operis
1525 4988 1873 5059 argumento
1906 4999 2237 5057 congruere
2288 4997 2421 5053 qua
2461 4980 2748 5034 hactenus
2780 4974 3234 5041 declaravimus,
3266 4971 3501 5027 abunde
3533 4985 3672 5041 pro-

224 5064 363 5125 bant.
396 5073 606 5129 Mirum
650 5079 845 5130 autem
874 5076 1017 5132 illud
1060 5077 1247 5133 videri
1277 5078 1472 5148 potest
1501 5075 1738 5131 viduam
1769 5074 1919 5129 filias
1951 5073 2366 5144 alloquentem,
2401 5069 2529 5140 ipsa
2561 5066 2915 5136 filiabusque
2945 5061 3345 5129 audientibus,
3381 5060 3679 5114 inductam

230 5170 350 5213 esse
401 5162 474 5216 ab
508 5163 848 5233 Ambrosio,
879 5169 1052 5237 atque
1085 5166 1167 5220 illi
1201 5166 1525 5221 orationem
1555 5164 1784 5238 qualem
1816 5163 1888 5218 ab
1923 5162 2172 5234 ipsemet
2201 5159 2458 5215 habitam
2490 5157 2680 5211 fuisse
2713 5154 2928 5237 conjici
2963 5154 3209 5223 poterat,
3244 5149 3317 5204 ab
3349 5149 3554 5204 eodem
3586 5164 3681 5201 ac-

229 5251 643 5307 commodatam.
676 5252 793 5308 Sed
824 5255 937 5310 hoc
958 5256 1161 5326 procul
1191 5255 1478 5311 dubio'ita
1506 5254 1799 5327 prastitit,
1817 5256 1879 5308 ut
1906 5250 2098 5324 major
2113 5250 2207 5304 vis
2238 5247 2631 5305 exhortationi
2659 5263 2786 5302 sua
2817 5244 3144 5299 accederet.

287 5334 439 5394 Hanc
467 5356 643 5412 porro
687 5359 821 5398 cum
849 5324 1138 5415 hab—uerit,
1171 5361 1287 5417 quo
1318 5324 1581 5416 tempore
1614 5343 1947 5417 Eugenium
1982 5340 2267 5413 fugiebat,
2299 5353 2409 5393 nec
2440 5351 2557 5392 non
2596 5338 2734 5407 post
2772 5334 3031 5390 revelata
3080 5333 3445 5417 sanctorumi
3470 5324 3679 5417 Vitalis

231 5424 378 5496 atque
408 5411 703 5503 Agricola
753 5448 921 5487 sacra
952 5411 1212 5505 lipsanag
1263 5411 1401 5489 hinc
1431 5411 1741 5489 conﬁcitur
1788 5448 1905 5487 non
1937 5411 2075 5484 ante
2114 5426 2391 5483 nominati
2444 5425 2674 5497 tyranni
2714 5422 3203 5494 perduellionem,
3256 5417 3363 5472 sed
3414 5411 3678 5505 Prasule

232 5518 408 5571 nostro
436 5500 688 5590 propria
721 5522 848 5576 sedi
882 5500 1055 5593 quam
1086 5500 1210 5577 kal.
1238 5523 1492 5595 Augusti
1525 5539 1618 5577 an.
1652 5521 1755 5577 391
1786 5518 2077 5591 repetivit,
2113 5516 2371 5572 nondum
2404 5514 2652 5584 reddito,
2687 5513 2746 5567 id
2790 5513 3086 5567 evenisse.
3122 5506 3411 5595 Baronius
3441 5500 3679 5595 quidem

232 5600 308 5687 (ad
336 5620 463 5660 ann.
513 5589 638 5678 393)
685 5589 1043 5666 annum—392
1071 5612 1273 5666 tribuit
1303 5589 1440 5667 huic
1472 5611 1655 5682 aperi,
1708 5589 1873 5681 quod
1910 5611 2105 5662 tamen
2154 5605 2358 5677 procul
2407 5604 2586 5659 dubio
2620 5604 2679 5657 in
2727 5603 3076 5673 sequentem
3125 5590 3513 5667 rejiciendum
3563 5589 3674 5687 est.

234 5686 411 5763 Neque
443 5712 580 5752 vero
611 5700 808 5755 minus
840 5700 1014 5756 etiam
1041 5701 1276 5755 videtur
1318 5678 1543 5755 certum
1573 5678 1795 5771 pascha
1825 5696 2166 5751 imminente
2198 5695 2462 5751 eamdem
2493 5691 2882 5763 compositam
2913 5705 2981 5743 ac
3030 5688 3242 5742 dictam
3287 5693 3423 5771 esse
3448 5678 3679 5771 (oratio-

234 5791 377 5854 nem;
406 5784 464 5841 id
491 5787 642 5846 enim
672 5804 748 5848 ex
778 5804 848 5846 eo
879 5789 1037 5865 quod
1066 5790 1160 5846 vir
1189 5791 1434 5847 sanctus
1462 5788 1542 5847 ait
1560 5768 1594 5845 ε-
1619 5786 1791 5845 Venit
1815 5784 2055 5863 pascha
2077 5783 2230 5858 dies,
2265 5785 2375 5840 etc.
2410 5781 2562 5861 (cap.
2593 5781 2648 5855 ’7,
2684 5795 2844 5836 num.
2879 5778 2989 5848 42),
3023 5774 3213 5856 palam
3245 5768 3553 5831 indicatur.
