4060 6158
400 293 515 374 3-51

1909 313 1974 376 S.
2023 313 2469 382 AMBROSII.

3739 319 3848 386 35⁸3

3450 501 3828 525 ﬁli.”—

1015 677 1914 852 SANCTI
2051 681 3270 859 AMBROSII

1569 967 2264 1032 MEDIOLANENSIS
2311 969 2612 1032 EPISCO
2623 969 2702 1031 PI

819 1155 2056 1317 EXHORTATIO
2130 1163 3402 1326 VIBGINITATIS
3454 1039 3461 1045 Π

1699 1455 2022 1538 LIBER
2107 1456 2390 1537 UNUS
2447 1443 2554 1535 (Ι).

709 1775 978 1844 275-77
1009 1789 1260 1846 CAPUT
1293 1789 1617 1846 PRIMUM.

388 1883 745 1972 Ambrosius
765 1893 1026 1950 Bononia
1058 1897 1304 1972 veniens
1319 1897 1396 1954 ad
1423 1915 1536 1972 eos
1559 1914 1590 1952 a
1615 1897 1826 1972 quibus
1861 1895 2060 1952 luerat

461 1968 768 2044 invitatus,
794 1975 999 2044 narrat
1016 1970 1462 2044 epapheretase
1498 1968 1808 2037 detulisse,
1849 1984 2061 2044 nempe

460 2031 748 2114 reliquias
777 2031 1163 2114 Agricol'ea'e
1206 2040 1416 2114 Vita/is
1446 2031 1805 2114 martyrum;
1838 2031 2058 2094 [lorum

463 2107 702 2160 tametsi
729 2107 886 2162 alter
925 2110 1194 2165 dominus
1243 2107 1782 2179 exstiteritfalter
1821 2127 2056 2172 servus,

461 2181 818 2256 comparatio
849 2187 1042 2256 tamen
1083 2183 1462 2256 instituitur;
1525 2199 1772 2256 eumque
1817 2183 1914 2237 liic
1967 2182 2062 2256 illi

451 2251 774 2325 Qualiter”
795 2253 869 2325 ar]
897 2255 1273 2325 martyrium,
1317 2254 1456 2309 liine
1497 2251 1875 2324 cognoscitur
1911 2253 2063 2321 apud

464 2316 764 2393 Christum
784 2316 1202 2393 iinpeiliniento
1225 2316 1328 2379 ser
1341 2326 1418 2379 rit
1429 2316 1709 2379 uteni'non
1730 2341 1886 2379 esse.
1921 2316 2058 2378 Tum

461 2389 760 2446 amborum
784 2389 1085 2449 certamen
1115 2397 1486 2450 describitur
1511 2417 1528 2450 :
1553 2397 1703 2451 (mod
1735 2412 1812 2450 ex
1833 2397 2028 2449 utrius
2047 2425 2060 2436 -

463 2475 570 2530 que
603 2464 856 2536 nominis
876 2482 1174 2536 praesagio
1209 2469 1468 2521 Sanetus
1498 2464 1785 2522 illustrat.
1828 2467 2061 2521 lleimle

464 2547 630 2602 quam
648 2533 711 2586 in
733 2533 1450 2608 .ludxeorum'aeceperant
1475 2539 1734 2603 tumulis,
1757 2537 2060 2608 sepultura

461 2613 1155 2680 conmmemorataguanto
1205 2625 1330 2662 cum
1371 2609 1592 2680 gaudio
1630 2610 1856 2663 detecti
1886 2615 2061 2680 atque

460 2672 657 2728 educti
673 2677 814 2743 sint,
838 2672 1054 2733 refert.

460 2758 510 2814 1.
559 2761 668 2826 Qui
706 2763 778 2817 ad
809 2765 1148 2820 convivium
1204 2783 1481 2839 magnum
1526 2767 1876 2835 invitantur,
1911 2781 2058 2835 apo-

385 2848 630 2920 phoreta
663 2867 867 2907 sec-um
903 2853 1126 2909 referre
1173 2859 1632 2910 consueverunt.
1668 2856 1795 2928 Ego
1835 2855 1906 2910 ad
1939 2855 2058 2909 Bo-

385 2939 673 2995 noniense
707 2941 986 2996 invitatus
1020 2944 1358 2998 convivium
1397 2944 1496 3015 (2),
1535 2945 1633 2998 ubi
1675 2945 1868 2998 sancti
1899 2960 2058 2998 mar-

384 3027 534 3100 tyris
565 3029 860 3086 celebrata
883 3033 1188 3088 translatio
1209 3036 1319 3102 est,
1343 3033 1702 3105 opephoreta
1732 3033 1905 3088 vobis
1936 3033 2056 3104 ple-

384 3133 469 3208 na,
481 3119 811 3175 sanctitatis
831 3123 886 3176 et
911 3123 1116 3193 gratia:
1132 3123 1456 3177 reservavi.
1475 3123 1847 3194 Apophoreta
1861 3127 2054 3178 autem
2083 3147 2135 3208 Β

383 3207 577 3263 solent
632 3208 851 3265 habere
901 3210 1232 3282 triumphos
1277 3211 1607 3282 principum
1657 3213 1732 3282 (3)
1785 3215 1892 3266 :et
1924 3211 2053 3266 haec

381 3297 740 3368 apophoreta
775 3299 1146 3370 triumphalia
1172 3303 1348 3368 sunt;
1396 3299 1615 3354 Christi
1665 3301 1820 3354 enim
1863 3299 2054 3354 nostri

379 3386 666 3456 principis
691 3388 967 3459 triumphi
988 3391 1126 3443 sunt
1151 3392 1466 3460 martyrum
1491 3389 1720 3459 palmae.
1753 3389 1878 3444 Nec
1907 3405 2050 3444 vero

380 3471 496 3528 huc
527 3475 852 3547 dirigebam
885 3479 996 3531 iter
1026 3493 1038 3533 :
1073 3477 1180 3533 sed
1214 3478 1348 3548 quia
1383 3480 1600 3548 petitus
1632 3494 1664 3532 a
1696 3479 1870 3533 vobis
1892 3495 2046 3543 sum,

379 3561 554 3618 debui
579 3580 809 3618 mecum
842 3565 1074 3621 deferre
1105 3583 1238 3638 quae
1269 3568 1403 3620 aliis
1434 3567 1811 3637 parabantur,
1839 3583 1912 3622 ne
1936 3569 2048 3622 mi-

379 3667 489 3707 nor
507 3651 580 3707 ad
609 3669 718 3708 vos
767 3655 1073 3724 venirem;
1125 3659 1185 3710 ut
1230 3656 1388 3728 quod
1431 3657 1492 3710 in
1536 3673 1628 3710 me
1675 3657 1872 3712 minus
1931 3661 2044 3726 est,

377 3757 552 3813 quam
596 3743 1097 3816 prwsumebatur,
1157 3745 1216 3799 in
1266 3747 1521 3816 martyre
1568 3746 1700 3817 plus
1744 3745 2046 3802 invenire-

379 3833 492 3886 tur.

445 3919 499 3974 2.
532 3919 772 3992 Martyri
802 3937 1015 3977 nomen
1051 3923 1332 3996 Agricola
1371 3927 1496 3993 est,
1545 3925 1638 3978 cui
1672 3923 1878 3978 Vitalis
1911 3941 2045 3979 ser-

374 4023 488 4062 vus
520 4007 595 4079 (4)
627 4009 734 4065 fuit
761 4015 916 4079 ante,
953 4029 1108 4066 nunc
1141 4028 1396 4068 consors
1429 4016 1484 4066 et
1507 4013 1736 4085 collega
1757 4014 2042 4084 martyrii.

378 4095 697 4152 Praecessit
753 4114 970 4154 servus
996 4143 1009 4170 ,
1059 4103 1122 4156 ut
1151 4101 1488 4172 provideret
1519 4101 1754 4170 locum;
1799 4107 2046 4156 secutus

375 4187 467 4240 est
486 4185 782 4255 dominus,
808 4205 1060 4244 securus
1094 4189 1252 4261 quod
1298 4189 1412 4244 fide
1451 4189 1675 4244 servuli
1738 4191 1888 4254 278
1922 4189 2046 4261 jam

372 4275 664 4333 inveniret
691 4283 976 4350 paratum.
1027 4281 1159 4335 Non
1206 4280 1396 4334 aliena
1431 4279 1792 4348 laudamus;
1840 4279 2046 4349 passio

373 4365 528 4420 enim
551 4368 708 4422 servi
741 4369 964 4424 domini
1009 4369 1322 4440 disciplina
1365 4371 1476 4424 est.
1505 4369 1616 4422 Hic
1635 4369 1905 4438 instituit,
1942 4367 2038 4422 ille

372 4453 652 4526 implevit.
697 4456 856 4512 Nihil
888 4458 970 4512 illi
997 4457 1353 4528 decerpitur.
1385 4456 1690 4522 Quomodo
1740 4456 1896 4510 enim
1929 4457 2034 4510 mi-

369 4543 471 4600 nui
501 4548 713 4616 potest,
750 4547 908 4620 quod
929 4547 1205 4602 Christus
1228 4548 1516 4602 donavit?
1569 4547 1826 4619 Egregie
1859 4548 1915 4601 et
1943 4546 2042 4602 ille

359 4703 374 4716 ο
441 4667 519 4742 (1)
549 4670 740 4742 scrip.
765 4673 923 4727 circa
951 4688 1046 4727 an.
1081 4673 1206 4728 393.

441 4741 518 4810 (2)
569 4740 921 4798 Convivium
978 4761 1084 4814 per
1141 4743 1541 4813 metaphoram
1590 4740 2040 4796 translationem

375 4815 719 4886 sanctorum,
776 4831 1086 4884 corporum
1133 4818 1324 4882 vocat,
1368 4831 1438 4869 eo
1485 4814 1645 4886 quod
1704 4815 2036 4886 conventus

371 4882 549 4936 fuerit
579 4882 941 4968 celebritatis
972 4903 1039 4940 ac
1089 4887 1306 4942 laetitiae
1337 4882 1580 4956 plenus,
1616 4884 1810 4956 qualia
1841 4882 2036 4938 solent

371 4968 511 5010 9388
535 4970 826 5009 OOHVIVN‘I.

445 5026 523 5094 (3)
558 5027 726 5081 Rom.
753 5029 888 5082 edit.
924 5028 1072 5100 sola,
1099 5028 1326 5084 habere
1357 5028 1647 5100 triumphi
1675 5027 2030 5100 principum.

372 5097 553 5170 Erant
581 5103 775 5170 autem
803 5099 1163 5170 apophoreta
1205 5100 1442 5170 proprie
1489 5097 2034 5170 m'unuscula,’qum

374 5168 515 5241 olim
543 5169 616 5224 ab
637 5171 730 5224 his
754 5171 854 5241 qui
877 5168 1064 5225 vecati
1094 5168 1416 5225 fuerant—ad
1439 5171 1796 5236 convivium,
1823 5169 2034 5223 referri

372 5239 610 5294 domum
643 5239 1100 5310 consueverant,
1133 5246 1194 5296 ut
1232 5247 1366 5311 puta
1397 5242 1645 5305 fruetus,
1671 5245 1888 5295 assutae
1919 5241 2036 5294 avi-

372 5311 543 5379 culae,
577 5319 676 5366 aut
699 5314 838 5384 quid
869 5313 1186 5382 ejusmodi.
1221 5315 1318 5368 Sic
1348 5313 1521 5368 etiam
1544 5313 1696 5366 dicta
1727 5316 1866 5384 sunt
1908 5327 2035 5384 mu-

371 5398 512 5456 nera
543 5400 678 5456 ([1193
697 5383 1110 5456 magistratum
1129 5400 1349 5439 novum
1367 5384 1638 5456 ineuntes
1669 5383 2036 5456 amicisgmis;

370 5453 646 5526 silebant.
665 5453 923 5510 Fuerunt
937 5471 1172 5526 quoque
1187 5453 2033 5526 apophoretatriumphaliamb

369 5524 824 5596 imperatoribus
838 5523 1067 5582 scilicet
1079 5523 1574 5596 triumphantibus
1589 5523 2038 5596 distributaﬂe-

365 5595 593 5665 poi-itur
613 5601 669 5652 et
689 5613 797 5668 pro
832 5599 996 5652 vasis
1017 5598 1074 5652 in
1093 5595 1310 5668 quibus
1333 5612 1522 5668 sacrae
1546 5595 1808 5666 reliquiae
1823 5611 2035 5649 recon-

371 5667 783 5739 debantur,’ea
813 5684 924 5724 vos
955 5667 1258 5739 usurpata,
1293 5667 1398 5723 sed
1446 5667 1504 5722 in
1543 5668 1774 5739 infirma
1813 5669 2036 5739 tantum

363 5736 672 5814 latinitate.
706 5741 788 5804 De
809 5739 1028 5818 quibus
1051 5736 1506 5812 acceptionibus
1539 5738 1790 5795 consule
1821 5738 2045 5796 Turne-

2077 4507 2128 4568 C

2088 1755 2148 1816 Α
2176 1783 2412 1854 quidem
2451 1783 2672 1841 homini
2704 1786 3022 1842 serviendo
3053 1787 3256 1845 didicit
3276 1786 3574 1858 quomodo
3608 1790 3836 1847 Christo

2173 1871 2430 1942 placeret
2465 1873 2599 1928 :hic
2631 1877 2823 1929 tamen
2871 1875 3169 1947 geminam
3219 1877 3456 1930 laudem
3503 1875 3831 1946 acquisivit,

2172 1960 2232 2015 in
2264 1961 2362 2016 illo
2397 1963 2746 2034 magisterii,
2779 1964 2836 2018 in
2869 1980 2936 2018 se
2985 1965 3270 2036 martyrii.
3323 1965 3720 2020 Certaverunt.
3750 1968 3838 2018 ta-

2171 2066 2305 2104 men
2337 2051 2488 2106 inter
2517 2067 2582 2106 se
2616 2053 2868 2107 invicem
2890 2053 3220 2122 beneflciis,
3239 2059 3554 2125 postquam
3583 2053 3838 2125 aequales

2171 2154 2309 2194 esse
2340 2145 2698 2197 meruerunt.
2735 2143 2844 2197 Hic
2869 2143 3029 2196 illum
3047 2143 3119 2196 ad
3153 2145 3498 2215 martyrium
3531 2142 3835 2214 praemisit,

2171 2227 2269 2282 ille
2301 2229 2477 2282 istum
2509 2232 2792 2286 accervit.

2239 2318 2291 2372 3.
2325 2319 2562 2374 Nullum
2583 2336 2728 2392 ergo
2743 2321 2812 2375 ad
2839 2323 3408 2376 commendationem
3433 2321 3686 2376 hominis
3701 2336 3841 2374 ron-

2169 2407 2308 2462 ditio
2331 2406 2498 2462 affert
2538 2409 3016 2478 impedimentum
3049 2427 3061 2465 :
3097 2427 3206 2465 nec
3238 2411 3502 2482 dignitas
3541 2411 3834 2480 prosapiae:

2167 2496 2458 2566 meritum,
2495 2497 2600 2551 sed
2643 2499 2790 2552 fides
2819 2497 3006 2553 affert.
3039 2498 3176 2553 Sive
3225 2515 3466 2566 servus,
3504 2499 3632 2553 sive
3663 2498 3831 2562 liber,

2167 2599 2375 2640 omnes
2408 2586 2466 2638 in
2487 2587 2724 2641 Christo
2757 2605 2936 2642 linum
2965 2605 3174 2642 sumus
3217 2587 3440 2656 (Galat.
3472 2606 3555 2656 ιιι,
3580 2587 3718 2655 28):
3755 2585 3837 2640 Et.

2166 2675 2582 2746 unusquisque
2600 2677 2994 2749 quodcunque
3031 2677 3252 2736 fecerit
3292 2677 3528 2740 bmmm,
3553 2677 3658 2730 hoc
3680 2675 3826 2730 reci-

2159 2762 2287 2832 piet
2310 2763 2872 2835 aDomino(Eplies.
2905 2783 2984 2833 IV,
3025 2765 3102 2836 8).
3135 2766 3259 2820 Nec
3291 2767 3556 2820 servitus
3577 2765 3826 2836 derogat,

2165 2866 2276 2906 nec
2299 2851 2540 2906 libertas
2572 2852 2832 2924 adjuvat.
2869 2855 3014 2909 Vide
3042 2855 3114 2908 ad
3156 2870 3284 2909 eam
3325 2871 3454 2910 rem
3487 2870 3660 2926 quam
3693 2851 3825 2907 nihil

2165 2939 2226 2994 in
2263 2941 2597 2996 conditione
2639 2944 2918 2997 momenti
2965 2944 3062 2998 sit.
3108 2943 3367 3014 Servus,
3419 2945 3634 3015 inquit,
3672 2957 3825 2998 voca-

2167 3033 2263 3082 tus
2283 3031 2392 3084 es?
2412 3029 2546 3086 Non
2565 3031 2646 3084 sit
2666 3031 2780 3086 tibi
2814 3048 3038 3087 curre...
3061 3033 3160 3105 qui
3189 3033 3346 3087 enim
3385 3038 3631 3088 vocatus
3661 3035 3746 3088 est
3775 3030 3829 3082 in

2165 3117 2413 3173 Domino
2425 3135 2529 3174 ser
2539 3135 2658 3186 vus,
2685 3119 2945 3175 libertus
2959 3127 3050 3176 est
3069 3121 3322 3176 Domini.
3340 3120 3654 3176 Similiter
3665 3125 3722 3176 et
3743 3117 3838 3191 qui

2166 3208 2327 3264 liber
2356 3216 2592 3265 vocatus
2607 3217 2719 3278 est,
2741 3228 2960 3266 servus
2979 3218 3072 3266 est
3105 3211 3340 3266 Christi
3371 3211 3442 3281 (Ι
3467 3212 3600 3267 Cor.
3626 3227 3719 3278 vn,
3743 3209 3828 3276 21,

2162 3296 2274 3368 22).
2309 3299 2476 3368 Vide,
2510 3299 2768 3370 inquam,
2801 3300 2917 3354 vim
2964 3300 3252 3371 Apostoli.
3290 3300 3442 3356 Plus
3471 3303 3703 3372 putatur
3727 3298 3830 3353 de-

2163 3387 2328 3443 disse
2361 3389 2436 3458 (5)
2488 3388 2538 3443 ei
2573 3389 2673 3459 qui
2703 3404 2941 3460 servus,
2984 3406 3160 3461 quam
3191 3391 3244 3444 ei
3273 3391 3376 3461 qui
3405 3390 3569 3444 liber
3597 3391 3833 3444 vocatus

2163 3480 2290 3546 est;
2325 3493 2399 3532 ex
2431 3493 2609 3532 servo
2639 3479 2795 3532 enim
2840 3479 3090 3532 libertus
3141 3479 3358 3532 Christi
3402 3479 3495 3548 fit,
3545 3495 3617 3534 ex
3649 3477 3828 3532 libero

2162 3581 2379 3621 servus
2409 3565 2506 3637 (6).
2540 3567 2656 3621 Sed
2715 3567 2861 3620 nulli
2907 3567 3042 3636 plus
3091 3567 3270 3633 dedit,
3323 3583 3537 3622 verum
3572 3567 3829 3636 utrisque

2161 3655 2375 3727 aequali
2407 3671 2685 3710 mensura
2717 3655 2938 3710 divisit.
2975 3657 3144 3726 Apud
3176 3655 3485 3711 Christum
3518 3657 3676 3712 enim
3703 3669 3834 3710 ser-

2159 3745 2318 3798 vitus
2351 3747 2407 3799 et
2444 3743 2688 3799 libertas
2737 3761 2906 3816 ecqua
2953 3745 3121 3800 lance
3164 3745 3527 3817 penduntur,
3569 3761 3676 3800 nec
3713 3742 3828 3798 ullo

2159 3833 2558 3888 discerniculo
2580 3834 2752 3888 bonae
2783 3834 3088 3888 servitutis
3109 3838 3167 3888 et
3195 3835 3492 3890 libertatis
3516 3835 3716 3890 merita
3746 3831 3834 3886 di-

2158 3921 2468 3991 viduutur;
2503 3923 2640 3994 quia
2671 3923 2830 3977 nulla
2860 3921 3052 3995 major
3081 3925 3172 3977 est
3211 3923 3478 3995 dignitas
3513 3939 3685 3996 quam
3706 3936 3828 3976 ser-

2158 4011 2284 4065 vire
2333 4010 2592 4066 Christo.
2627 4012 2892 4083 Denique
2933 4013 3150 4067 Paulus
3189 4027 3406 4067 servus
3441 4013 3661 4068 Christi
3681 4011 3816 4066 Jesu

2158 4099 2346 4168 (Rom.
2378 4117 2417 4170 ι,
2451 4100 2502 4168 1)
2528 4142 2542 4170 ,
2579 4100 2708 4154 haec
2738 4101 2896 4155 enim
2919 4101 3178 4156 servitus
3211 4101 3480 4173 gloriosa
3498 4105 3607 4165 est,
3635 4101 3692 4155 in
3713 4113 3820 4171 qua

2158 4187 2446 4260 gloriatur
2475 4192 2532 4243 et
2570 4189 2916 4258 Apostolus.
2962 4191 3174 4245 Annon
3203 4205 3438 4244 summa
3475 4190 3663 4262 gloria
3703 4189 3814 4257 est,

2157 4277 2393 4348 quando
2441 4277 2538 4332 tali
2596 4277 2784 4347 pretio
2826 4278 3100 4332 aestimati
3145 4293 3386 4346 sumus,
3441 4283 3505 4334 ut
3535 4277 3814 4350 sanguine

2157 4366 2304 4430 279
2338 4367 2565 4421 Domini
2589 4367 3016 4422 redimeremur
3045 4369 3073 4422 ε)
3103 4367 3219 4422 Sed
3246 4365 3370 4438 jam
3401 4381 3724 4440 pergamus
3751 4361 3818 4420 ad

2157 4459 2392 4510 caetera.

2223 4544 2278 4600 4.
2311 4544 2574 4617 Cumque
2603 4547 2846 4600 sanctus
2877 4545 3085 4623 Yitalis
3115 4545 3191 4616 (Ἴ)
3229 4549 3602 4618 cogeretura
3621 4557 3818 4616 perse-

2152 4667 2293 4724 bum
2324 4669 2426 4724 lib.
2451 4687 2554 4724 XIX
2576 4669 2911 4725 Λόγοι-εἶπ’.
2946 4686 3072 4741 cap.
3098 4670 3186 4734 23.
3214 4669 3484 4740 Lipsium
3517 4669 3620 4726 lib.
3656 4686 3672 4723 ι
3701 4666 3810 4741 Sa_-_

2154 4745 2312 4795 turn.
2341 4757 2468 4811 cap.
2496 4743 2580 4810 16,
2607 4741 2968 4797 Rosveidum
2990 4737 3050 4794 in
3075 4741 3244 4796 Notis
3267 4737 3340 4794 ad
3362 4743 3538 4810 epsit.
3567 4743 3600 4795 5
3629 4737 3811 4794 sancti

2152 4811 2402 4885 Paulini,
2426 4812 2715 4885 Congium
2738 4813 2796 4866 in
2827 4813 3032 4885 eadem
3053 4827 3222 4885 voce,
3255 4816 3431 4883 atque
3463 4812 3636 4866 alios.

2220 4883 2404 4953 (4)1ta
2433 4883 2579 4938 edit:
2595 4900 2665 4938 ac
2695 4884 2865 4953 pauci
2899 4899 3045 4938 mss.
3073 4899 3088 4951 ξ
3121 4883 3220 4937 alii
3249 4889 3446 4938 autem
3469 4896 3803 4955 [nugaenu-

2147 4951 2333 5022 mei'o,
2384 4970 2604 5010 servus
2638 4951 2771 5009 fuit.
2811 4955 2972 5009 Ante
3012 4955 3164 5008 hunc
3208 4970 3456 5008 ronsors
3489 4960 3548 5006 et
3571 4951 3804 5022 'collega

2149 5026 2432 5098 martyrii
2451 5027 2768 5098 praecessit
2785 5041 3026 5098 servus.
3051 5025 3286 5098 Minime
3305 5025 3474 5098 male.
3506 5025 3628 5098 Hos
3647 5035 3813 5098 porro

2145 5094 2878 5168 martyres—Bononienses
2902 5096 3339 5168 imperantibus,
3367 5095 3725 5168 Diocletiano
3755 5094 3808 5146 et

2147 5166 2501 5224 Maximiano
2534 5172 2850 5223 coronatos
2882 5183 3020 5222 esse
3050 5168 3120 5222 ad
3153 5183 3247 5220 an.
3281 5167 3386 5221 303
3420 5167 3594 5220 tradit
3628 5166 3802 5219 Baro-

2145 5241 2302 5308 nius,
2353 5239 2529 5310 cujus
2578 5239 2913 5309 opinionem
2966 5239 3339 5294 llermannus
3389 5238 3526 5310 licet
3556 5235 3796 5310 epistola

2144 5326 2263 5366 non
2283 5309 2459 5365 dubie
2491 5311 2886 5381 supposititia,
2930 5316 2990 5365 ut
3021 5311 3148 5381 ipse
3193 5309 3483 5380 agnoscit,
3521 5309 3793 5362 nitentem

2145 5383 2536 5456 ainplectitur.
2815 5452 2824 5456 Α
2891 5451 2998 5456 ψ,
3151 5451 3162 5456 _
3295 5452 3306 5456 ,
3426 5452 3435 5456 _
3545 5449 3556 5456 ,

2216 5445 2296 5524 (5)
2328 5453 2474 5508 Mss.
2511 5467 2626 5524 non
2658 5452 2850 5522 pauci,
2891 5451 3117 5521 Videte,
3140 5451 3348 5524 inquit,
3379 5452 3493 5505 vim
3514 5445 3794 5521 Apostoli.

2145 5523 2296 5580 Plus
2313 5529 2556 5594 putatur
2573 5523 2974 5594 depressisse,
3011 5527 3122 5578 etc.

2218 5595 2294 5663 (6)
2313 5585 2458 5648 Mss.
2483 5585 2724 5664 aliquot,
2759 5609 2836 5648 ex
2866 5585 2974 5666 quo
2992 5595 3146 5650 enim
3173 5592 3429 5648 libertus
3466 5589 3715 5658 Christi,
3743 5585 3802 5641 Iit

2149 5683 2227 5723 ex
2247 5666 2443 5722 libero
2475 5680 2712 5722 servus.
