4060 6158
256 309 340 385 '53

1343 311 1900 380 EXHORTATIO
1946 307 2549 380 VIRGINITATIS.

3573 315 3694 392 354

247 519 536 594 quentibus
582 506 642 569 ut
695 507 994 567 Christum
1044 515 1307 584 negaret,
1376 517 1432 568 et
1491 515 1589 569 ille
1642 517 1895 586 amplius
1927 499 1983 560 Α
2012 517 2159 571 Dies
2177 517 2547 572 dicier-uetat
2574 519 2834 584 verbum,
2864 527 2921 574 et
2946 524 3242 576 nox-nocti
3260 523 3485 578 indicat
3505 527 3694 579 scien-

246 610 593 682 protiteretur
620 603 932 658 Dominum
963 603 1170 657 desum
1200 603 1520 672 Christum,
1554 605 1746 659 omnia
1779 610 1896 660 tor-

246 703 546 754 mentorum
582 708 802 764 genera
834 692 892 746 in
923 707 1054 746 eum
1086 696 1458 761 exercentes,
1495 697 1555 746 ut
1586 711 1702 748 non
1733 699 1898 750 esset

243 791 292 842 in
321 799 562 854 corpore
591 782 725 852 ejus
758 782 886 835 sine
918 781 1161 835 vulnere
1194 781 1384 849 locus,
1428 783 1753 837 orationem
1803 783 1898 838 fu-

243 879 312 930 dit
353 875 419 927 ad
467 872 799 937 Dominum,
871 870 1078 924 dicens
1111 885 1122 924 :
1158 870 1402 924 Domine
1447 871 1593 925 Jesu
1641 873 1896 941 Christe,

246 965 496 1020 Salvator
528 975 717 1029 meus,
751 964 806 1014 et
837 959 996 1013 Deus
1030 974 1218 1027 meus,
1250 958 1394 1029 jube
1445 961 1672 1031 suscipi
1720 961 1901 1032 spiri-

244 1059 347 1108 tum
379 1065 609 1119 meum;
657 1049 793 1120 quia
833 1048 952 1120 jam
1000 1047 1274 1102 desidero
1318 1052 1378 1102 ut
1408 1049 1694 1119 accipiam
1728 1067 1902 1106 coro-

240 1159 378 1210 nam,
412 1155 587 1211 quam
618 1138 869 1209 angelus
901 1141 1037 1190 tuus
1071 1141 1315 1191 sanctus
1350 1137 1492 1191 mihi
1524 1139 1800 1194 ostendit.
1835 1139 1905 1194 Et

237 1230 507 1300 completa
541 1227 826 1296 oratione,
860 1226 1055 1280 emisit
1087 1227 1376 1296 spiritum.

298 1321 346 1372 5.
386 1317 641 1372 Sanctus
674 1314 956 1387 Agricola
1005 1314 1200 1369 mitior
1247 1315 1575 1370 habebatur
1613 1317 1900 1386 moribus,

239 1411 291 1463 ut
317 1407 384 1461 ab
417 1407 569 1477 ipsis
602 1404 776 1459 etiam
808 1403 1064 1458 inimicis
1096 1403 1461 1476 diligeretur.
1497 1405 1756 1478 Ideoque
1790 1407 1904 1461 dif-

237 1496 485 1551 ferebant
518 1493 657 1565 ejus
698 1492 1061 1564 passionem.
1112 1492 1229 1548 Sed
1279 1492 1407 1548 haec
1457 1499 1906 1564 persecutorum

236 1582 671 1640 honorificentia
705 1581 861 1635 omni
894 1585 1018 1635 erat
1049 1583 1409 1637 immanitate
1442 1583 1734 1653 acerbior,
1769 1601 1902 1656 quae

234 1673 517 1727 invidebat
577 1671 941 1741 martyrium.
996 1671 1259 1742 Denique
1309 1671 1408 1725 ubi
1460 1689 1575 1727 non
1606 1675 1901 1745 acquievit

235 1765 460 1817 sanctus
513 1760 813 1832 Agricola,
867 1760 1188 1814 crucifixus
1233 1765 1362 1829 est;
1415 1765 1475 1816 ut
1521 1762 1897 1818 advertamus

2014 607 2174 660 tiam.
2209 607 2354 661 Dies
2385 607 2508 661 diei
2537 608 2724 674 (I’sal.
2769 627 2931 675 xvm,
2977 611 3054 679 3),
3102 612 3476 666 Christianus
3523 615 3690 667 Chri-

2012 695 2203 749 stiano
2229 711 2240 750 :
2270 697 2582 761 noxnocti,
2619 697 2863 752 Judaeus
2896 698 3124 754 .ludaeo.
3172 701 3509 755 indicabant
3541 719 3688 773 ergo

2010 784 2199 838 Judaei
2225 785 2380 855 quod
2406 785 2690 839 haberent
2721 787 3028 840 scientiam
3059 792 3397 858 martyrum,
3433 791 3540 844 sed
3572 807 3690 846 non

2010 873 2318 926 scientiam
2349 873 2560 942 Verbi;
2597 875 2652 927 id
2684 878 2794 942 est,
2829 891 2946 929 non
2968 878 3294 930 secundum
3319 879 3474 932 illam
3497 881 3688 934 solius

2008 960 2150 1015 boni
2197 965 2254 1016 et
2304 962 2493 1016 solius
2546 963 2692 1026 280
2737 965 2863 1017 veri
2912 965 3218 1019 scientiam
3271 982 3282 1020 :
3338 967 3691 1037 [gnat-antes

2011 1051 2167 1104 enim
2200 1050 2313 1104 Dei
2329 1050 2650 1121 justitiam,
2687 1059 2744 1106 et
2781 1051 3048 1106 volentes
3078 1069 3144 1106 se
3163 1052 3526 1125 justi/icere,
3557 1055 3690 1126 jus-

2015 1139 2208 1192 titiam
2238 1139 2352 1193 Dei
2383 1155 2495 1194 non
2525 1147 2883 1211 receperunt
2907 1141 3092 1209 (Rom.
3128 1159 3185 1211 χ,
3219 1142 3294 1212 3).

2666 1282 2920 1336 CAPUT
2961 1283 3031 1336 II.

2010 1387 2221 1469 Primo
2251 1387 2668 1469 reliquiarium
2693 1388 3310 1469 pretium'ampliﬁcat
3337 1390 3556 1469 deinde
3585 1390 3691 1446 Ju-

2081 1458 2585 1532 lianamividuam,
2622 1458 2746 1531 qua:
2777 1460 2904 1514 illis
2936 1458 3278 1530 donaretur,
3313 1462 3550 1532 dignam
3597 1478 3693 1517 as-

2081 1532 2269 1593 serit;
2301 1531 2450 1584 hanc
2484 1532 2638 1605 enim
2671 1548 2798 1605 cum
2831 1532 3234 1605 honorandum
3269 1549 3356 1605 ex
3381 1531 3686 1605 Apostolo,

2084 1609 2202 1656 tum
2251 1618 2319 1655 eo
2382 1601 2844 1674 praedicandam
2895 1619 3060 1674 quam
3125 1601 3688 1659 Ecclesiw'damna

2083 1689 2248 1745 quam
2275 1674 2518 1743 propria
2550 1689 2653 1726 sua
2691 1673 2878 1743 magis
2906 1673 3161 1728 doleret.

2079 1779 2133 1834 9.
2180 1779 2368 1833 Dctuli
2400 1795 2545 1850 ergo
2578 1780 2749 1834 vobis
2783 1795 3024 1834 munera
3055 1797 3188 1852 quae
3221 1782 3369 1836 meis
3402 1781 3517 1854 legi
3561 1799 3688 1836 ma-

730 1864 934 1942 eorum
959 1865 1101 1942 non
1138 1850 1480 1942 sedulitatis
1527 1851 1736 1942 fuisse,
1791 1854 1896 1906 88d
1932 1827 1982 1888 B
2013 1869 2210 1936 nibus,
2335 1872 2445 1936 est,
2469 1827 2676 1922 Erucis
2709 1872 2947 1940 ίιιορωο,
2981 1827 3156 1940 cujus
3190 1871 3436 1942 gratiam
3460 1827 3528 1926 [in
3559 1887 3691 1942 ope-

233 1940 466 1994 fraudis.
487 1939 793 2009 Supplicio
812 1939 971 1992 servi
995 1938 1294 1992 dominum
1317 1942 1539 1994 terrere
1563 1941 1891 1997 voluerunt.

235 2029 405 2084 Vertit
437 2028 554 2083 hoc
585 2028 861 2082 Christus
893 2027 950 2080 in
982 2029 1250 2099 gratiam,
1282 2021 1344 2082 ut
1373 2029 1716 2100 martyrium
1738 2031 1897 2086 servi

234 2119 495 2174 dominus
530 2118 860 2172 imitaretur
889 2114 986 2186 (8).

294 2223 342 2281 6.
387 2225 716 2297 Utriusque
741 2239 954 2278 nomen
978 2227 1175 2295 aptum
1197 2224 1495 2296 martyrio,
1531 2228 1590 2280 ut
1608 2225 1902 2298 designati

234 2315 295 2370 ad
325 2315 670 2387 martyrium
700 2314 848 2384 ipsis
882 2313 1188 2368 vocabulis
1221 2314 1580 2369 viderentur.
1615 2315 1714 2370 Ille
1749 2316 1903 2370 Vita-

235 2403 300 2459 lis
328 2405 520 2459 dictus
553 2407 667 2473 est,
701 2402 872 2474 quasi
903 2402 1002 2473 qui
1035 2405 1370 2475 contemptu
1401 2404 1573 2458 istius
1624 2405 1758 2459 vitae
1805 2422 1902 2460 ve-

235 2508 348 2548 ram
378 2493 537 2547 illam
569 2493 751 2545 vitam
783 2494 1063 2545 aeternam
1097 2491 1213 2545 sibi
1263 2492 1507 2546 haberet
1544 2494 1852 2566 acquirere
1889 2511 1901 2550 :

235 2582 338 2637 iste
367 2580 671 2653 Agricola,
724 2581 822 2652 qui
872 2579 1063 2635 bonos
1111 2580 1340 2634 fructus
1384 2583 1667 2652 spiritalis
1699 2583 1905 2655 gratiae

242 2671 553 2725 seminaret
583 2672 640 2723 et
670 2669 826 2723 sacri
867 2669 1181 2742 sanguinis
1224 2668 1512 2726 effusione
1563 2673 1906 2728 meritorum

238 2776 469 2815 suorum
506 2759 888 2830 omniumque
921 2758 1198 2812 virtutum
1229 2760 1448 2830 rigaret
1478 2758 1781 2830 plantaria.

299 2865 349 2921 7.
390 2865 624 2937 Sepulti
654 2868 848 2919 autem
880 2867 1046 2919 erant
1075 2866 1136 2919 in
1165 2865 1507 2921 Judteorum
1553 2866 1703 2938 solo,
1756 2867 1910 2924 inter

239 2955 496 3026 ipsorum
527 2953 826 3026 sepulcra.
861 2953 1208 3009 Ambierunt
1240 2953 1429 3009 Judaai
1477 2972 1609 3010 cum
1649 2957 1907 3012 servulis

241 3046 554 3116 seputturae
600 3044 819 3099 habere
864 3044 1248 3112 consortium,
1297 3060 1548 3115 quorum
1598 3046 1908 3102 Dominum

2012 1957 2180 2012 ribus
2203 1957 2553 2028 agnoscitis.
2575 1957 2743 2012 Certe
2769 1962 2824 2013 et
2843 1959 2954 2028 ipsi
2980 1959 3283 2014 daemones
3308 1960 3683 2016 conﬁtentur.

2007 2045 2272 2100 Condant
2302 2048 2400 2100 alii
2432 2063 2641 2100 aurum
2671 2052 2845 2118 atque
2875 2053 3204 2118 argentum,
3239 2066 3307 2102 ac
3337 2051 3409 2104 de
3441 2050 3676 2104 latenti-

2007 2135 2122 2190 bus
2147 2139 2352 2190 eruant
2374 2136 2574 2204 venis;
2599 2137 2796 2207 legant
2819 2139 3140 2206 pretiosam
3165 2139 3468 2193 monilium
3489 2142 3678 2208 serta;

2005 2225 2345 2296 temporalis
2394 2225 2488 2278 ille
2536 2225 2854 2279 thesaurus
2887 2229 2997 2295 est,
3047 2231 3103 2280 et
3135 2243 3296 2296 saepe
3330 2227 3687 2282 habentibus

2006 2313 2417 2385 perniciosus;
2452 2329 2561 2368 nos
2593 2313 2850 2385 legimus
2883 2315 3156 2386 martyris
3189 2316 3412 2384 clavos,
3455 2320 3510 2370 et
3541 2315 3683 2370 mul-

2008 2405 2102 2458 tos
2133 2402 2390 2474 quidem,
2425 2406 2486 2457 ut
2505 2402 2671 2473 plura
2697 2402 2913 2456 fuerint
2933 2403 3175 2458 vulnera
3199 2421 3373 2476 quam
3399 2404 3682 2460 membra.

2009 2491 2275 2546 Clamare
2305 2495 2617 2561 martyrem
2649 2491 2882 2546 diceres
2914 2493 3296 2563 ad—populum
3320 2493 3678 2562 Jueeeorum,

2011 2595 2144 2634 cum
2184 2580 2386 2634 clavos
2427 2580 2562 2652 ejus
2605 2581 3024 2652 colligeremus
3060 2597 3070 2636 :
3106 2583 3285 2636 Mitte
3313 2598 3520 2636 manus
3552 2590 3684 2637 tuas

2009 2669 2072 2724 in
2100 2668 2257 2723 latus
2286 2685 2490 2734 meum,
2528 2676 2586 2724 et
2619 2669 2736 2723 nuli
2767 2686 2902 2724 esse
2933 2670 3296 2735 incredulus,
3333 2671 3442 2725 sed
3480 2669 3683 2725 fidelis
3787 2687 3806 2698 ·

2011 2758 2205 2830 (Joan.
2240 2775 2342 2826 xx,
2374 2756 2483 2828 27).
2516 2758 2868 2830 Colligimus
2899 2759 3253 2831 sanguinem
3276 2759 3690 2830 triumphalem

2013 2850 2070 2903 et
2099 2847 2296 2902 crucis
2329 2847 2576 2920 lignum.

2087 2952 2174 3010 10.
2219 2953 2361 3009 Haec
2394 2957 2616 3009 sanctae
2647 2954 2840 3010 viduae
2872 2970 3092 3026 negare
3125 2971 3242 3010 non
3275 2957 3572 3026 potuimus
3594 2969 3698 3026 po-

2017 3044 2276 3099 stulanti.
2312 3043 2554 3098 Munera
2586 3044 2780 3114 itaque
2813 3044 3024 3098 salutis
3053 3045 3322 3114 accipite,
3364 3061 3497 3115 quae
3542 3060 3698 3100 nunc

242 3137 622 3207 negaverunt.
656 3132 753 3188 Sic
785 3134 841 3186 et
871 3131 1182 3203 aliquando
1216 3133 1451 3188 Balaam
1481 3133 1661 3189 dixit:
1686 3136 1908 3191 Moria-
1943 3149 1993 3210 ο
2023 3131 2134 3187 sub
2167 3132 2358 3185 sacris
2389 3131 2674 3186 altaribus
2704 3133 3122 3187 reconduntur.
3177 3133 3257 3187 Ea
3303 3133 3483 3204 igitur
3522 3134 3700 3188 vidua

243 3228 331 3277 tur
376 3225 574 3279 anima
623 3237 747 3276 mea
795 3222 856 3275 in
907 3221 1122 3275 animis
1157 3221 1455 3292 justorum
1488 3222 1685 3291 (Num.
1740 3242 1904 3296 χχιιι,

242 3313 350 3383 10);
395 3317 594 3367 tamen
641 3326 757 3365 non
814 3309 1267 3365 communicavit
1333 3325 1537 3366 eorum
1603 3314 1906 3384 operibus,

244 3417 364 3456 cum
394 3403 646 3470 viveret,
682 3415 932 3472 quorum
960 3399 1019 3452 in
1049 3399 1263 3453 animis
1297 3401 1569 3470 cupiebat
1619 3403 1786 3458 mori.
1841 3404 1912 3458 Et

246 3489 384 3546 istos
411 3506 569 3562 quos
599 3490 870 3543 viventes
901 3489 1201 3558 persecuti
1231 3493 1390 3559 sunt,
1425 3493 1688 3546 mortuos
1720 3492 1911 3548 hono-

243 3579 457 3634 rabant.
495 3579 624 3633 lllic
656 3578 838 3650 igitur
868 3578 1144 3649 martyris
1166 3578 1414 3632 exuvias
1436 3580 1908 3653 requirebamus,

245 3673 510 3741 tanquam
542 3669 698 3722 inter
725 3668 935 3738 spinas
967 3682 1166 3722 rosam
1199 3667 1491 3739 legentes.

311 3776 360 3830 8.
395 3773 1037 3830 Circumfundebamur
1065 3791 1100 3828 a
1129 3774 1375 3844 Judaeis,
1411 3791 1542 3830 cum
1584 3793 1774 3832 sacrae
1821 3793 1914 3831 re-

247 3863 434 3936 liquiae
466 3865 866 3920 aveherentur
895 3879 908 3919 :
944 3865 1144 3918 aderat
1175 3864 1428 3934 populus
1464 3864 1752 3920 Ecclesiae
1783 3883 1916 3922 cum

252 3953 484 4022 plausus
516 3957 575 4008 et
606 3953 824 4008 laetitia.
851 3953 1135 4008 Dicebant
1153 3954 1344 4008 Judaei
1368 3968 1380 4008 :
1403 3953 1618 4009 Floras
1646 3955 1760 4009 visi
1780 3961 1918 4010 sunt

255 4041 310 4096 in
338 4048 501 4098 terra
536 4043 733 4114 (Cant.
761 4059 818 4107 ιι,
854 4039 963 4111 12),
997 4059 1131 4097 cum
1162 4042 1430 4097 viderent
1462 4046 1770 4115 martyres.
1820 4045 1917 4098 Di-

256 4131 452 4186 cebant
483 4130 806 4187 Christiani
841 4147 854 4186 :
897 4131 1143 4202 Tempus
1172 4132 1485 4186 incisionis
1501 4132 1672 4187 adest
1692 4133 1915 4202 (Ibid.).

259 4219 375 4275 tam
405 4227 461 4277 et
493 4223 594 4295 qui
621 4222 812 4285 metit,
849 4221 1183 4276 mercedem
1215 4221 1430 4292 accipit
1467 4221 1658 4290 (Joan.
1693 4238 1770 4292 1v,
1804 4221 1916 4292 36).

256 4311 358 4364 Alii
389 4312 852 4382 seminaverunt,
887 4313 945 4365 et
976 4325 1086 4365 nos
1117 4310 1390 4364 metimus
1431 4314 1752 4382 martyrum
1799 4310 1921 4365 fru-

261 4403 398 4454 ctus.
431 4401 648 4455 lterum
679 4401 984 4455 audientes
1015 4399 1207 4454 Judaei
1237 4415 1418 4453 voces
1441 4399 1772 4469 plaudenlis
1805 4399 1920 4454 Ec-

262 4488 468 4554 clesiae,
509 4489 784 4544 dicebant
813 4489 965 4543 inter
992 4504 1058 4542 se
1093 4503 1104 4543 :
1160 4487 1283 4542 Vox
1313 4489 1570 4542 turturis
1598 4489 1796 4543 audita
1827 4495 1919 4543 est

262 4577 317 4632 in
365 4585 528 4634 terra
580 4583 784 4633 nostra
834 4577 1028 4646 (Cant.
1061 4594 1120 4646 ιι,
1158 4574 1267 4646 12).
1320 4577 1486 4632 Unde
1524 4577 1675 4632 bene
1705 4577 1920 4634 lectum

329 4722 401 4792 (7)
440 4723 531 4777 Ab
559 4722 727 4776 hisce
757 4721 976 4789 verbis,
1015 4719 1268 4792 Cumque
1285 4726 1526 4774 sanctus
1559 4719 1785 4785 Vitatis,
1820 4737 1927 4776 us-

269 4807 370 4862 que
400 4795 469 4847 ad
501 4794 618 4860 illa,
653 4795 850 4850 omisit
895 4793 1188 4862 spiritum,
1243 4792 1526 4862 quidquid
1577 4793 1926 4861 continetur,

271 4863 320 4916 in
350 4881 490 4919 mss.
526 4865 708 4918 ferme
739 4864 1014 4918 omnibus
1047 4863 1436 4917 desideratur.
1470 4863 1676 4932 Neque
1711 4866 1924 4917 veroid

270 4937 440 4988 totum
483 4936 656 4989 nobis
708 4935 1082 4989 mediocriter
1126 4939 1469 5004 suspectum
1520 4939 1630 5002 est,
1675 4935 1927 4988 maxime

272 5007 413 5074 quod
445 5007 626 5060 verba
659 5006 776 5074 illa,
812 5005 1002 5060 omnia
1023 5012 1445 5059 tormentorum
1467 5019 1690 5074 genera
1715 5006 1775 5057 in
1801 5022 1927 5059 eum

274 5085 630 5141 exercentes,
671 5093 802 5130 cum
825 5076 1308 5130 antecedentibus
1331 5091 1398 5129 ac
1422 5076 1929 5146 subsequentibus

274 5162 463 5216 parum
513 5152 859 5219 congruant.
912 5147 1137 5201 Horum
1186 5151 1378 5219 tamen
1428 5146 1565 5219 loco
1590 5147 1648 5199 in
1682 5147 1931 5215 epistola

275 5219 354 5290 55,
384 5235 554 5290 quam
588 5217 903 5273 Ambrosio
940 5220 1108 5273 Rom.
1144 5217 1280 5290 edit.
1305 5234 1463 5290 mss.
1495 5217 1716 5290 aliquot
1740 5223 1934 5272 aucto-

277 5289 428 5344 ritate
459 5291 782 5358 substituit,
816 5290 1165 5344 concinnius
1198 5289 1432 5360 legitur,
1468 5289 1614 5342 adeo
1637 5289 1792 5342 omni
1815 5296 1935 5342 tor-

278 5369 587 5432 mentorum
616 5377 842 5432 genere
870 5362 1188 5414 cruciatus.
1243 5362 1427 5414 Porro
1477 5375 1610 5414 cum
1642 5375 1788 5414 mss.
1822 5375 1933 5414 nos

281 5429 556 5502 deficiant,
591 5429 649 5487 in
671 5432 808 5488 edit.
844 5432 988 5486 nihil
1022 5437 1336 5485 mutamus.

1947 4447 2000 4507 D

2025 3225 2228 3277 sancta
2277 3224 2369 3276 est
2411 3221 2640 3274 Juliana
2691 3221 2790 3289 (9),
2833 3237 2966 3291 quae
2998 3221 3110 3275 hoc
3142 3221 3388 3275 Domino
3419 3221 3700 3291 templum

2023 3310 2248 3381 paravit
2279 3313 2452 3380 atque
2483 3309 2711 3377 obtulit,
2762 3310 2918 3380 quod
2963 3309 3138 3363 hodie
3179 3309 3522 3364 dedicamus
3559 3326 3571 3366 :
3606 3310 3699 3364 di-

2019 3416 2137 3472 gna
2169 3400 2268 3454 tali
2302 3398 2617 3467 oblatione,
2651 3414 2783 3469 quae
2817 3399 2878 3452 in
2908 3397 3116 3452 sobole
3164 3413 3272 3452 sua
3317 3399 3530 3467 templa
3577 3397 3700 3468 jam

2020 3489 2267 3543 Domino
2298 3487 2596 3559 pudicitia:
2627 3490 2801 3557 atque
2833 3486 3189 3558 integritatis
3221 3487 3500 3541 sacravit.
3550 3486 3698 3540 Dum

2018 3578 2311 3632 Julianam
2359 3577 2494 3632 volo
2545 3577 2764 3631 dicere.
2814 3575 3079 3629 Judaeam
3126 3576 3268 3630 dixi.
3318 3575 3451 3630 Non
3482 3573 3700 3629 erravit

2018 3666 2240 3738 lingua,
2279 3666 2386 3720 sed
2417 3665 2716 3734 definivit;
2751 3664 2956 3718 Judrea
2985 3663 3141 3717 enim
3191 3667 3283 3718 est
3329 3664 3521 3718 anima
3565 3677 3698 3735 qum

2018 3756 2318 3811 Christum
2366 3754 2598 3808 fatetur.
2651 3753 2914 3823 Denique
2963 3757 3134 3808 notus
3181 3753 3242 3806 in
3297 3751 3498 3807 Judaea
3541 3752 3704 3807 Deus

2021 3844 2210 3916 (Psal.
2247 3860 2424 3911 LXXV,
2456 3843 2534 3912 2);
2567 3841 2627 3896 id
2655 3845 2766 3912 est,
2816 3841 2916 3896 ubi
2947 3841 3406 3912 agnoscebatur,
3441 3857 3558 3896 non
3587 3840 3688 3896 ubi

2024 3934 2369 4005 negabatur.
2422 3931 2528 3986 Est
2568 3947 2713 4003 ergo
2761 3931 2820 3984 in
2863 3930 3076 4000 spiritu
3106 3931 3330 3999 Judaea,
3378 3931 3481 3986 ubi
3514 3929 3705 4001 major

2019 4023 2237 4093 portio,
2267 4021 2600 4076 intellectus
2629 4020 2954 4088 sincerior;
2992 4019 3136 4086 Quia
3162 4019 3325 4074 salus
3365 4036 3444 4074 ex
3480 4020 3706 4076 «Iudaeis

2021 4116 2114 4167 est
2145 4113 2336 4181 (Joan.
2371 4127 2449 4179 iv,
2482 4111 2592 4180 22).
2626 4110 2876 4181 Linguae
2904 4109 3087 4182 igitur
3105 4125 3273 4164 error
3293 4110 3695 4167 testimonium
3756 4159 3759 4162 _

2025 4201 2354 4256 sanctitatis
2377 4200 2624 4255 invenit.

2098 4306 2187 4363 11.
2230 4309 2606 4363 Honoremus
2638 4322 2784 4379 ergo
2807 4306 2962 4361 hanc
2981 4305 3239 4374 viduam,
3265 4307 3402 4376 quia
3419 4305 3706 4376 scriptum

2029 4401 2122 4453 est
2155 4413 2167 4452 :
2213 4397 2429 4452 Viduas
2458 4397 2699 4466 honora,
2736 4413 2861 4468 qum
2897 4411 3037 4450 vero
3075 4395 3263 4450 viduae
3294 4399 3432 4448 sunt
3469 4394 3524 4464 (Ι
3559 4395 3703 4449 Tim.

2033 4504 2088 4556 v,
2119 4486 2195 4556 3).
2230 4486 2394 4540 Licet
2422 4485 2739 4540 verborum
2771 4488 3111 4538 nostrorum
3141 4482 3423 4536 honorem
3447 4497 3564 4536 non
3586 4497 3708 4536 am-

2031 4576 2172 4646 biat,
2196 4591 2328 4647 quae
2348 4575 2650 4646 Apostolis
2669 4573 3003 4627 mandatum
3025 4571 3444 4641 adaequaverit,
3470 4570 3701 4626 habens

2031 4719 2163 4775 dem
2195 4717 2351 4790 quod
2382 4713 3002 4790 intragponiturtdum,
3053 4712 3308 4790 utianam
3345 4718 3474 4790 voto
3522 4713 3706 4783 (edit.,

2038 4783 2232 4858 voluif
2258 4791 2480 4850 dicere,
2517 4783 2988 4858 Judaeanrdiiri;
3019 4783 3125 4837 sed
3156 4787 3348 4858 tamen
3381 4785 3511 4838 sine
3559 4801 3707 4858 mss.

2031 4866 2129 4916 aut
2161 4854 2367 4915 saltem
2393 4862 2505 4912 vet.
2533 4858 2669 4911 edit.
2703 4855 2846 4910 nulli
2879 4854 3114 4908 fidimus
3151 4855 3533 4925 conjecturae.
3565 4855 3713 4911 Sunt

2030 4936 2225 4986 autem
2274 4946 2420 4984 mss.
2470 4928 2693 4998 aliquot
2742 4929 2802 4979 in
2850 4926 3067 4998 quibus
3099 4925 3366 4980 habetur.
3403 4927 3492 4980 Ea
3523 4927 3713 4998 igitur

2039 5004 2188 5056 vidit
2238 5007 2410 5072 atque
2457 4997 2669 5052 abtum
2720 4998 2868 5072 quod
2914 4997 3107 5072 hodie,
3162 4999 3273 5072 etc.
3328 4997 3562 5072 Interim
3613 4998 3710 5051 hic

2033 5067 2387 5129 observabis
2439 5067 2895 5140 quampan’tiqua
2944 5068 3021 5121 sit
3069 5067 3524 5122 dedicandarum
3579 5084 3713 5123 cum

2035 5143 2251 5199 celebri
2274 5139 2482 5212 pompa
2507 5139 2908 5212 Ecclesiarum
2933 5140 3320 5212 consuetudo.
3347 5140 3543 5210 Hujus
3561 5155 3709 5212 quo:

2034 5231 2152 5288 que
2179 5209 2708 5268 rei—documentum
2738 5210 2973 5288 praebet
2995 5209 3398 5288 sancti__l1uj_u_s
3431 5209 3714 5288 nostriad

2036 5280 2293 5342 Felicem
2353 5297 2692 5338 comensem
2766 5281 3034 5352 epistola.
3103 5281 3389 5334 Catholici
3449 5280 3712 5334 nonnulli

2036 5362 2208 5427 atque
2258 5353 2604 5427 heterodoxi
2654 5353 3221 5427 Magdeburgenses
3256 5352 3314 5405 in
3355 5353 3638 5427 saeculum
3670 5367 3712 5404 ιι

2033 5420 2272 5483 tradunt
2316 5427 2472 5480 hunc
2518 5426 2693 5479 ritum
2744 5420 3164 5492 nonnisi—post
3207 5420 3712 5493 imperium_Con-_-

344 5489 663 5583 (8)-O_m'nes
711 5503 847 5558 edit.
881 5519 965 5583 _ac
1007 5519 1152 5557 mss.
1201 5501 1487 5583 nonnulli,
1539 5502 1938 5583 utunart’yrie
2040 5498 2279 5583 stantini
2312 5499 2616 5583 receptum
2640 5511 2798 5577 esse,
2834 5510 2966 5549 cum
3012 5489 3111 5583 alii
3158 5489 3486 5583 eum—dem‘e
3505 5489 3714 5583 reteri

283 5562 438 5628 servi
466 5575 729 5631 dominus
760 5576 1157 5642 invitaretur;
1205 5574 1304 5628 alii
1349 5562 1526 5646 longe
1575 5562 1832 5646 plurimi,
1877 5575 1940 5628 ut
2041 5571 2359 5698 Synanga
2387 5562 2810 5623 in'Ecclesiam
2841 5569 3182 5648 nascentem
3216 5562 3558 5644 translatum
3606 5574 3714 5613 ve-

285 5639 338 5699 in
363 5646 539 5699 textu.
2043 5642 2169 5699 lint.
2255 5645 2518 5699 tramaue
2540 5655 2682 5695 vero
2707 5640 3057 5694 sententiam
3080 5633 3351 5690 conciliat
3371 5630 3530 5689 card.
3553 5629 3714 5698 Bona

285 5639 338 5700 in
363 5646 539 5703 textu.

2255 5629 3057 5713 tramqueverosententiam
3080 5633 3351 5713 conciliat
3371 5630 3530 5689 card.
3553 5629 3715 5698 Bona

350 5714 421 5793 (9)
462 5717 626 5778 Rom.
661 5717 779 5779 edit
806 5717 954 5796 sola,
986 5723 1191 5778 sancta
1222 5721 1315 5779 est
1345 5715 1567 5778 Judaea.
1601 5713 1782 5777 Favet
1813 5713 1941 5797 qui-
2046 5713 2150 5778 lib.
2182 5730 2202 5776 ι
2233 5703 2454 5774 Rerum
2485 5710 2754 5789 liturgic.
2788 5724 2914 5790 cap.
2946 5705 3036 5784 20,
3069 5720 3227 5766 nam.
3259 5703 3313 5766 8.
