4060 6158
397 294 516 364 355

1847 287 1914 362 S.
1958 286 2403 359 AMBROSII.

3737 287 3850 359 356

413 503 473 557 in
514 501 689 557 bonis
735 498 1017 570 operibus
1065 498 1488 568 testimonium,
1533 498 1681 571 'quae
1728 498 1881 554 bene
1932 497 2087 553 ﬁlios
2115 478 2174 539 Α
2203 496 2359 552 unde
2404 510 2619 551 nomen
2663 493 3124 565 assumpsimus.
3177 493 3324 548 Vota
3355 491 3595 549 effectus
3622 497 3841 552 secutus

402 589 759 658 educaverit,
796 589 1009 643 melius
1040 590 1378 644 instituerit.

472 680 559 733 12.
602 678 748 744 Quis
780 678 932 732 hanc
962 694 1078 734 non
1114 682 1178 733 ut
1210 679 1547 733 destitutam
1580 681 1635 732 et
1682 677 2087 733 miserabilem

398 768 745 839 deploravit,
780 768 1015 838 quando
1048 768 1247 822 amisit
1277 769 1593 822 maritum?
1623 769 1697 821 At
1744 768 1856 822 ista
1908 766 2084 821 mini-

402 860 593 913 strum
623 858 816 912 sacris
848 862 1114 928 ereptum
1143 858 1431 912 altaribus
1474 857 1727 927 amplius
1778 856 2083 928 ingemuit,

400 962 577 1018 quam
627 946 742 1001 sibi
790 945 1131 1018 conjugem,
1179 948 1278 1000 aut
1327 949 1553 1016 patrem
1598 945 1759 1000 ﬁliis.
1793 945 1944 999 Nam
1975 945 2087 1000 etsi

398 1035 682 1107 praesidio
730 1040 892 1090 esset
939 1035 1133 1089 mariti
1181 1035 1417 1089 viduata
1488 1037 1544 1089 et
1606 1034 1842 1103 solatio,
1891 1037 2087 1089 tamen

402 1125 555 1196 apud
598 1124 753 1196 piam
800 1128 1054 1180 mentem
1106 1139 1285 1179 causa
1332 1123 1622 1178 Ecclesiae
1664 1122 2087 1195 praepondera-

402 1214 521 1270 bat.
955 1212 961 1217 ’

940 1319 1078 1386 281
1133 1319 1385 1376 CAPUT
1425 1320 1521 1375 IlI.

407 1455 655 1514 Julianae
683 1455 757 1511 ad
785 1454 1015 1511 liberos
1036 1454 1395 1510 exhortatio.
1431 1453 1563 1509 Illic
1581 1453 1882 1526 principio
1901 1452 2087 1526 ﬁlium

476 1534 672 1583 monet
723 1543 851 1582 eum
896 1543 1009 1581 non
1051 1532 1276 1581 temere
1311 1526 1513 1580 vocari
1544 1524 1945 1591 Laurentium,
1980 1524 2090 1580 sed

520 1600 629 1654 uod
668 1599 976 1671 martyris
1005 1599 1372 1671 cognominis
1409 1597 1744 1671 patrocinio
1775 1603 2090 1671 conceptus

520 1617 625 1654 [1οα
668 1617 962 1671 martyris
1005 1617 1372 1669 εοθηοιηιηιδ
1409 1617 1744 1668 ρὲηΓΟΟΙΠΙΟ
1775 1617 2089 1668 σοησεριυε

477 1617 682 1751 ἵηθιξίι,
718 1678 890 1751 atque
920 1670 1112 1751 eidem
1138 1670 1490 1751 promissus.
1536 1666 1967 1751 Solvat'igitur
1991 1684 2089 1738 pa-

477 1748 712 1798 rentum
749 1739 898 1795 vota.
932 1740 1109 1794 Nihil
1126 1739 1244 1810 ipsi
1261 1756 1396 1794 csse
1428 1755 1534 1811 quo
1552 1739 1918 1811 retardetur,
1957 1754 2083 1793 cum

481 1814 723 1868 caeteris
753 1811 938 1865 rebus
960 1811 1224 1865 divinum
1246 1810 1562 1865 servitium
1573 1810 1965 1882 praestantius
1979 1811 2079 1873 sit,

480 1884 776 1938 hominum
817 1889 1007 1936 autem
1057 1883 1174 1936 vita
1219 1882 1561 1936 miserrima
1594 1902 1610 1934 :
1635 1887 1848 1952 patere
1886 1886 2084 1952 tamen

481 1956 703 2010 exitum
725 1953 874 2025 exrj
880 1969 945 2007 us
965 1952 1154 2025 malis,
1180 1953 1348 2025 modo
1370 1951 1704 2007 castitatem
1719 1952 1811 2006 illi
1836 1951 2081 2024 eligant,

480 2030 572 2081 cui
603 2024 863 2097 conjugii
894 2024 1163 2079 servitus
1191 2024 1289 2078 hic
1321 2027 1650 2095 opponitur.

481 2131 568 2188 13.
610 2131 914 2187 Succinxit
944 2130 1139 2202 itaque
1171 2130 1385 2185 mentis
1414 2130 1670 2201 viscera,
1722 2132 1779 2184 et
1831 2128 2090 2185 circum-

411 2222 606 2278 fusam
656 2237 723 2276 se
768 2220 979 2275 videns
1025 2235 1270 2275 numero
1318 2220 1571 2274 ﬁliarum
1614 2219 1791 2273 trium
1824 2222 1880 2274 et
1913 2220 2093 2274 unius

409 2312 535 2382 ﬁlii,
568 2325 684 2383 quo
715 2309 908 2365 solent
936 2309 1146 2364 terreri
1198 2312 1449 2377 caeteras,
1499 2308 1612 2363 hoc
1665 2308 1876 2363 fortior
1920 2307 2092 2378 facta,

409 2401 509 2456 tali
539 2400 694 2455 ﬁlios
726 2399 985 2470 alloquio
1018 2397 1327 2453 convenit:
1355 2396 1506 2467 Filii,
1537 2397 1825 2451 amisistis
1845 2400 2091 2467 patrem,

411 2493 657 2544 matrem
701 2487 952 2542 habetis.
1006 2485 1216 2541 Melior
1267 2486 1503 2558 quidem
1550 2485 1766 2540 fuisset
1800 2485 1895 2539 illa
1928 2502 2095 2541 com-

411 2578 673 2647 mutatio,
722 2577 773 2630 si
819 2580 985 2646 pater
1029 2577 1276 2644 viveret,
1327 2578 1513 2629 mater
1564 2574 1824 2629 deesset.
1873 2574 2094 2628 Tamen

412 2666 643 2722 inﬁrma
691 2665 828 2719 licet
877 2667 934 2718 et
979 2663 1244 2718 desolata
1296 2663 1546 2717 ostendo
1578 2662 1773 2732 vobis,
1808 2662 1862 2717 si
1893 2662 2094 2717 vultus

414 2754 606 2826 sequi,
628 2768 745 2825 quo
764 2750 1127 2806 arbitremini
1146 2753 1369 2822 patrem
1387 2751 1560 2805 vobis
1584 2766 1702 2811 non
1722 2750 2089 2822 decessisse;

414 2841 646 2899 habetis
678 2840 835 2896 enim
866 2839 1170 2894 meliorem
1202 2839 1273 2893 de
1306 2838 1455 2894 cmlo
1485 2842 1808 2910 parentem.
1857 2839 1960 2895 Ille
2004 2842 2098 2894 est

419 2932 520 3005 qui
569 2934 626 2986 et
672 2930 785 2985 hos
835 2927 1098 2984 suﬁ‘ulsit
1142 2930 1361 2998 patres.
1405 2926 1556 2992 Quid
1598 2927 1756 2982 enim
1786 2928 1944 2983 aliud
1970 2928 2096 3000 jam

417 3023 694 3092 superest
740 3019 909 3090 spei?
959 3017 1132 3072 Pater
1180 3017 1353 3072 vobis
1394 3016 1503 3072 fuit
1531 3017 1701 3073 dives
1733 3018 1941 3090 gratia,
1976 3033 2095 3089 non

416 3109 712 3183 pecunia:
761 3106 1077 3179 opulentus
1122 3106 1473 3175 ministerio,
1525 3122 1644 3162 non
1691 3107 2090 3177 patrimonio:

418 3174 593 3271 cujus
625 3174 941 3253 haereditas
972 3195 1122 3251 ﬁdes
1156 3199 1266 3265 est,
1300 3196 1566 3267 locuples
1598 3174 1741 3266 Deo,
1774 3197 1882 3251 sed
1906 3211 2095 3269 egena
2130 3174 2179 3236 Ο

417 3286 662 3345 saeculo.
711 3286 870 3342 Satis
925 3300 1037 3340 vos
1086 3284 1300 3340 divites
1350 3284 1606 3356 reliquit,
1642 3284 1692 3339 si
1726 3286 2095 3356 propositum

418 3377 553 3450 ejus
586 3374 937 3448 sequamini.
962 3373 1099 3429 Sola
1121 3374 1269 3429 fides
1293 3374 1526 3444 utrique
1548 3374 1868 3429 indiscreta
1900 3375 2095 3443 sexui,

420 3481 640 3522 census
667 3465 952 3533 virorum,
985 3462 1095 3517 dos
1124 3463 1427 3535 virginum
1465 3463 1597 3533 (10).

491 3552 577 3609 14.
621 3553 692 3607 Et
719 3555 781 3607 tu
824 3551 1082 3624 quidem,
1133 3551 1216 3605 illi
1264 3551 1562 3623 aliquanto
1610 3552 1854 3623 propior
1924 3553 2102 3628 patri,

420 3658 683 3718 agnosce
714 3657 848 3714 quin
876 3640 1045 3695 matri
1077 3640 1320 3709 debeas,
1346 3641 1505 3712 quod
1527 3640 1727 3696 domui
1748 3643 2104 3698 vocabulum

424 3732 664 3789 reddas.
700 3731 875 3785 Aitas
909 3733 964 3784 te
1004 3731 1272 3799 excusat,
1300 3730 1407 3784 sed
1429 3729 1748 3785 haereditas
1770 3734 1960 3797 vocat.
1994 3732 2104 3787 Ju-

423 3822 778 3891 cundentur,
804 3819 905 3888 ﬁli,
925 3824 1104 3890 pater
1120 3824 1178 3873 et
1200 3824 1394 3873 mater
1412 3820 1474 3873 in
1500 3824 1557 3874 te
1576 3819 1782 3889 (Prov.
1804 3837 1971 3892 xxm,
1991 3820 2102 3891 25),

422 3909 560 3965 Noli
590 3910 834 3963 matrem
855 3911 1231 3964 contemnere
1250 3908 1422 3979 quasi
1442 3907 1893 3978 imprudentem.
1918 3909 2107 3981 Regis

425 3998 763 4064 admonitio,
799 3996 1006 4068 inquit,
1039 4012 1205 4069 quem
1238 3996 1504 4051 erudivit
1532 4003 1728 4053 mater
1755 4014 1860 4053 sua
1890 3997 2101 4068 (Prov.

424 4104 591 4157 xxxx,
627 4080 702 4157 1).
735 4084 886 4151 Quid
916 4085 1075 4140 ﬁlius
1108 4085 1209 4156 qui
1241 4088 1442 4141 servat
1480 4086 1770 4141 dictiones
1813 4086 1917 4141 Dei
1947 4084 2105 4156 (11)?

433 4175 857 4247 Primogenite,
892 4174 998 4227 tibi
1016 4174 1168 4243 dico,
1211 4174 1326 4228 ﬁli:
1360 4173 1511 4239 Quid
1526 4173 1686 4228 [ilius
1702 4176 1819 4229 mei
1840 4174 2105 4230 ventris?

430 4266 570 4340 quid
602 4270 777 4319 natus
801 4278 1064 4318 mearum
1087 4262 1457 4318 orationum?
1479 4263 1575 4319 Ne
1592 4264 1842 4319 dederis
1860 4264 2102 4318 mulieri

426 4362 581 4410 tuam
629 4353 1000 4408 honestatem
1048 4351 1229 4421 (Ibid.
1275 4352 1328 4419 2,
1358 4351 1436 4422 3).
1488 4352 1643 4407 Audi
1682 4353 1824 4424 quid
1862 4353 2104 4424 sapiens

424 4445 599 4515 dicat,
634 4442 777 4516 quid
805 4441 1107 4512 Scriptura
1137 4444 1386 4496 asserat.

495 4533 583 4589 15.
625 4533 952 4588 Considera
972 4530 1107 4602 quis
1128 4534 1184 4585 te
1205 4533 1267 4586 ut
1283 4530 1642 4601 nascereris,
1662 4529 1915 4602 iuverit:
1941 4530 2100 4586 ﬁlius

427 4637 494 4679 es
540 4627 814 4679 votorum
863 4621 1056 4692 magis
1096 4636 1270 4691 quam
1302 4619 1571 4675 dolorum
1600 4636 1866 4675 meorum
1898 4621 2102 4676 consi-

388 4720 401 4734 °
426 4712 567 4766 dera
598 4710 693 4766 cui
721 4714 776 4765 te
809 4710 1038 4765 muneri
1067 4712 1232 4779 pater
1262 4707 1360 4762 tali
1391 4708 1627 4763 nomine
1676 4708 2103 4781 designaverit,

427 4800 531 4872 qui
556 4799 792 4855 vocavit
822 4799 1223 4854 Laurentium.
1273 4797 1360 4853 Ibi
1388 4801 1522 4853 vota
1553 4798 1939 4870 deposuimus
1971 4798 2108 4871 (12),

499 4941 611 5067 (1t0)
651 4940 800 4996 Mss.
833 4956 952 4995 non
1003 4940 1196 5012 pauci,
1230 4940 1353 4996 dux
1386 4939 1703 5014 virginum.
1741 4941 1913 4998 Haud
1959 4940 2109 4997 satis

504 5030 532 5067 c
561 5028 613 5067 e.

431 5026 613 5070 recte.

498 5083 621 5157 (11)
642 5082 761 5157 νει
790 5081 970 5157 edit,
990 5088 1336 5157 quaagmrater
1363 5099 1489 5157 sua,
1525 5083 1621 5156 qui
1651 5081 1963 5157 ﬁlius,-qui
1979 5098 2111 5157 ser-

499 5123 611 5153 \..,
672 5123 761 5138 ..η
791 5123 928 5137 νυ...
990 5123 1109 5154 ,μου
1143 5123 1317 5138 ...μω
1363 5123 1489 5153 ......,
1525 5123 1616 5156 ιι...
1651 5123 1826 5149 ........,
1865 5123 1956 5157 ν...
1979 5123 2065 5138 υ...

435 5162 532 5211 vat
584 5156 879 5233 dictiones
917 5123 1078 5233 133i?
1118 5154 1250 5233 Gill.
1295 5156 1610 5233 a.c__AR_om._
1637 5154 2111 5233 quemnerudivit

428 5234 624 5282 mater
653 5242 777 5280 sua.
816 5223 969 5290 Quid
997 5226 1280 5280 servabis
1307 5225 1426 5279 liii?
1447 5223 1756 5279 Dictiones
1785 5225 1899 5281 Dei
1923 5241 1935 5279 :
1957 5240 2105 5279 mss.

429 5314 572 5354 vero
606 5312 820 5368 magno
853 5311 1156 5368 consensu
1186 5297 1499 5351 nobiscum
1532 5296 1773 5350 faciunt.

499 5370 612 5441 (12)
652 5364 1000 5441 Agnoscant
1028 5384 1104 5422 ex
1135 5367 1256 5441 hoc,
1276 5368 1407 5441 loco
1459 5370 1777 5441 novatores
1826 5381 2002 5441 quam
2031 5364 2111 5419 sit

429 5437 617 5498 moris
649 5437 873 5510 antiqui
904 5442 1038 5493 vota
1071 5439 1296 5510 sanctis
1328 5440 1389 5492 in
1421 5438 1634 5492 ccelum
1665 5437 1921 5510 receptis
1953 5453 2109 5490 nun-

430 5528 667 5584 cupare,
701 5508 818 5582 quo
850 5526 1055 5566 eorum
1086 5509 1391 5582 suffragiis
1423 5526 1457 5564 a
1504 5510 1625 5564 Deo
1676 5508 1883 5564 ﬁdeles
1924 5523 2110 5580 expe-

433 5585 615 5654 ditius
644 5589 779 5654 Opta
808 5586 1269 5654 consequantur.

354 5647 364 5658 ’
502 5653 593 5727 (13
658 5647 865 5711 Plures
896 5647 1069 5725 mss'.,
1143 5651 1253 5708 uod
1283 5650 1648 5726 diligendum
1673 5657 1868 5726 putes.

501 5655 618 5805 (14)
656 5719 805 5787 Mss.
837 5723 991 5786 bene
1021 5669 1207 5798 maliti,
1232 5738 1463 5805 pauper
1492 5727 1603 5795 est,
1654 5728 1714 5786 et
1743 5722 1868 5786 divi

501 5693 618 5817 ζίῖ)
656 5693 1646 5806 ἰι“ἔὲ.”ἱᾶ”ιὲ”ὲέιυῖῐίῖ“ρέἱιὲἕιῖ’2ξὲςῖ
1654 5693 1971 5786 ctam-tes
1997 5719 2110 5787 1m.

2118 1851 2169 1913 B

2130 4492 2185 4553 D

2205 588 2316 655 est,
2351 585 2533 640 redde
2564 584 2825 656 martyri,
2860 584 3015 655 quod
3050 582 3235 638 debes
3266 582 3519 653 martyri.
3554 582 3650 637 llle
3676 586 3729 638 te
3753 600 3843 641 no-

2200 674 2295 728 bis
2344 674 2695 745 impetravit,
2749 677 2811 728 tu
2857 672 3102 727 restitue
3145 673 3302 743 quod
3346 671 3417 726 de
3446 674 3499 726 te
3530 670 3841 743 hujusmodi

2199 762 2457 818 nominis
2488 762 2879 834 appellatione
2906 761 3309 833 promisimus.

2273 903 2360 961 16.
2404 904 2552 970 Quid
2601 907 2796 960 autem
2841 906 2954 973 est,
3003 903 3106 973 ﬁli,
3158 902 3315 957 aliud
3354 902 3510 974 quod
3540 901 3849 975 eligendum

2199 996 2372 1064 putes
2422 992 2557 1065 (13),
2605 994 2721 1048 nisi
2773 994 2958 1049 Deum
3001 996 3229 1063 patrum
3262 993 3529 1047 tuorum?
3559 992 3684 1061 Ipse
3712 991 3850 1046 enim

2200 1098 2493 1155 pauperes
2525 1086 2582 1137 et
2612 1083 2848 1152 divites,
2883 1082 3138 1137 humiles
3171 1085 3228 1136 et
3257 1081 3531 1138 excelsos
3563 1080 3694 1134 facit
3730 1078 3851 1166 (it),

2201 1172 2451 1226 suscitat
2497 1188 2531 1225 a
2578 1175 2734 1227 terra
2779 1186 3119 1243 pauperem,
3171 1174 3228 1226 et
3271 1172 3342 1226 de
3393 1173 3651 1226 stercore
3696 1169 3853 1241 erigit

2201 1261 2457 1332 inopem,
2494 1263 2551 1316 et
2581 1261 2792 1316 sedere
2824 1277 2959 1316 eum
2988 1260 3130 1315 facit
3160 1276 3294 1316 cum
3322 1259 3659 1331 potentibus
3685 1258 3742 1311 in
3769 1257 3853 1311 tri-

2201 1349 2405 1404 bunali
2436 1350 2682 1406 honoris
2712 1352 2769 1405 et
2802 1349 3188 1406 haereditatis.
3240 1350 3350 1404 Dat
3391 1352 3590 1403 votum
3636 1346 3852 1419 Optanti,

2202 1442 2260 1493 et
2289 1438 2588 1494 benedicit
2615 1454 2804 1495 annos
2831 1438 3000 1510 justi.
3033 1436 3180 1517 Quid
3212 1438 3346 1510 hoc,
3400 1438 3482 1493 ﬁli
3531 1435 3855 1510 praecellen-

2199 1528 2356 1582 tius?
2385 1531 2483 1582 aut
2512 1527 2653 1599 quid
2682 1530 2776 1584 est
2804 1527 2918 1582 vita
2951 1527 3209 1583 hominis
3253 1528 3316 1582 iu
3366 1526 3478 1580 hac
3523 1528 3681 1580 terra
3736 1524 3858 1593 nisi,

2201 1614 2354 1671 levis
2388 1632 2601 1672 cursor
2629 1616 2785 1686 (Job.
2810 1635 2891 1687 xx,
2925 1617 3046 1688 25)?
3076 1616 3164 1670 En
3195 1615 3600 1685 transivimus,
3637 1618 3689 1668 et
3728 1612 3857 1668 nihil

2199 1706 2457 1761 vidimus
2479 1706 2613 1775 (15).
2649 1707 2838 1778 Atque
2871 1708 3091 1761 utinam
3124 1705 3283 1762 hunc
3334 1719 3650 1759 cursorem
3695 1702 3862 1757 imita-

2201 1808 2400 1849 remur
2425 1811 2438 1864 ;
2469 1798 2530 1849 ut
2559 1794 2703 1849 nihil
2733 1795 3094 1865 videremus,
3145 1797 3201 1848 et
3220 1794 3381 1849 nulla
3413 1808 3590 1848 onera
3617 1795 3860 1863 portara-

2202 1881 2363 1938 musl
2400 1883 2508 1938 sed
2538 1884 2695 1955 quod
2719 1887 2810 1939 est
2832 1883 3101 1956 gravius,
3135 1883 3286 1947 282
3321 1897 3538 1938 cursus
3558 1897 3792 1951 vacuus,
3813 1882 3861 1935 et

2201 1987 2381 2042 opera
2412 1973 2632 2028 inania.
2668 1972 2870 2027 lnania
2913 1975 3051 2027 sunt
3099 1970 3361 2043 quidem,
3408 1971 3514 2025 sed
3561 1985 3676 2024 non
3703 1969 3857 2038 levia,

2200 2076 2394 2132 neque
2427 2060 2625 2116 delicti
2646 2077 2865 2132 vacua;
2897 2061 3034 2133 quia
3056 2075 3237 2133 grave
3262 2059 3497 2115 fenetus
3520 2057 3736 2129 peccati
3754 2061 3860 2114 est.

2200 2149 2370 2204 Unde
2404 2150 2613 2205 clamat
2643 2154 2888 2206 sanctus
2919 2144 3068 2205 Jobi
3101 2149 3314 2205 Nonne
3347 2148 3601 2203 tentatio
3629 2153 3717 2203 est
3749 2147 3854 2201 vita

2201 2239 2460 2294 hominis
2490 2239 2551 2293 in
2585 2245 2770 2306 terra,
2806 2246 2904 2294 aut
2944 2240 3098 2294 sicut
3146 2237 3518 2293 mercenarii
3557 2235 3858 2309 quotidiani

2207 2328 2325 2382 vita
2357 2327 2484 2401 ejus
2504 2328 2533 2382 .9
2571 2329 2653 2383 Et
2685 2329 2839 2383 sicut
2868 2344 3088 2384 servus
3120 2329 3338 2382 timens
3369 2325 3658 2383 dominum
3694 2340 3860 2390 suum,

2203 2417 2300 2490 qui
2333 2417 2597 2472 umbram
2627 2418 2690 2471 in
2703 2418 2953 2484 venerit,
2988 2422 3047 2472 et
3070 2417 3223 2471 sicut
3246 2415 3661 2471 mercenarius
3680 2428 3865 2485 exspc.

2204 2511 2375 2560 etans
2399 2506 2736 2562 mercedem
2768 2523 2963 2573 suam;
2993 2506 3083 2561 sic
3114 2522 3222 2578 ego
3272 2505 3624 2578 exspectavi
3668 2504 3726 2558 in
3774 2518 3863 2557 va-

2204 2611 2370 2649 cuum
2398 2595 2531 2665 (16),
2570 2602 2771 2652 noctes
2803 2601 2997 2651 autem
3030 2595 3294 2651 dolorum
3344 2595 3502 2650 data:
3544 2599 3676 2648 sunt
3714 2591 3861 2646 mihi.

2203 2683 2275 2738 Si
2305 2683 2623 2751 dormiero,
2660 2684 2834 2740 dico:
2860 2685 3100 2750 Quando
3128 2683 3307 2740 dies?
3365 2683 3508 2739 Cum
3539 2696 3860 2747 surrexere,

2204 2777 2425 2844 ,terum
2449 2794 2465 2827 .·
2494 2764 2734 2839 Quando
2769 2773 3029 2846 vesper?
3068 2773 3297 2829 Plenus
3322 2789 3454 2828 sum
3489 2773 3687 2828 dolore
3716 2788 3746 2826 a
3777 2786 3865 2825 ve-

2210 2877 2391 2933 spere
2441 2878 2621 2936 usque
2665 2879 2855 2919 mane.
2908 2863 3034 2918 Vita
3081 2870 3273 2918 autem
3320 2880 3454 2918 mea
3502 2862 3692 2917 levior
3719 2876 3864 2934 quam

2209 2950 2419 3006 favilla
2464 2950 2667 3007 Periit
2713 2958 2904 3008 autem
2955 2954 3016 3007 in
3072 2969 3218 3007 vana
3268 2968 3377 3025 Spe
3421 2952 3576 3024 (Job.
3610 2948 3863 3020 vu,1-6).

2211 3039 2369 3095 Nihil
2404 3041 2587 3113 igitur
2615 3045 2708 3096 est
2737 3042 2934 3113 homo,
2971 3042 3086 3097 nisi
3117 3046 3198 3111 tu,
3236 3042 3506 3113 Domine,
3539 3039 3795 3096 intendas
3815 3038 3866 3092 in

2212 3144 2367 3201 eum,
2402 3134 2458 3185 et
2480 3132 2882 3187 visitationem
2913 3131 3048 3202 ejus
3081 3131 3267 3186 facias
3299 3147 3497 3204 usque
3526 3146 3709 3197 mane,
3740 3132 3791 3183 et
3816 3128 3868 3181 in

2212 3221 2479 3290 requiem
2511 3235 2644 3275 eum
2676 3221 2945 3275 inducas.
2982 3220 3179 3276 Arbor
3208 3220 3261 3275 si
3284 3221 3609 3286 excidatur,
3642 3217 3869 3289 repullu-

2212 3308 2309 3378 lat,
2342 3312 2398 3363 et
2428 3310 2596 3364 ﬂoret
2626 3311 2698 3365 ab
2729 3326 2899 3382 aquae
2932 3310 3113 3364 odore
3145 3309 3356 3380 homo;
3407 3326 3541 3366 cum
3590 3306 3867 3396 ceciderit,

2213 3398 2358 3452 nihil
2389 3402 2500 3469 est,
2526 3399 2811 3471 ingruunt
2839 3414 3021 3470 super
3051 3413 3185 3453 eum
3215 3398 3458 3455 dolores
3491 3400 3623 3472 (1'7).

2286 3552 2373 3607 1Ἳ.
2417 3551 2584 3605 Hanc
2614 3550 2796 3623 igitur
2824 3550 3204 3607 tentationem
3234 3553 3531 3608 tantarum
3570 3551 3869 3608 necessita-

2215 3646 2357 3712 tum,
2391 3642 2445 3695 si
2475 3640 2673 3708 vultis,
2706 3640 2829 3710 ﬁlii,
2863 3640 3068 3711 vitare,
3101 3641 3418 3712 integritas
3463 3642 3729 3713 corporis
3774 3655 3870 3695 ex-

2215 3730 2465 3802 petenda
2516 3728 2690 3784 vobis
2737 3733 2829 3783 est
2856 3729 2967 3799 (32,
3012 3746 3069 3801 q.
3101 3747 3141 3800 ι,
3176 3745 3230 3784 c.
3276 3730 3637 3804 Integritas)
3668 3746 3681 3786 :
3715 3743 3870 3801 quam

2216 3836 2329 3892 ego
2354 3835 2461 3889 pro
2486 3817 2737 3873 consilio
2759 3818 3004 3887 suadeo,
3035 3835 3153 3873 non
3175 3834 3283 3889 pro
3308 3819 3562 3890 imperio
3589 3817 3869 3890 praecipio.

2214 3909 2350 3965 Sola
2382 3910 2474 3963 est
2504 3906 2660 3961 enim
2688 3907 3001 3979 virginitas
3032 3923 3165 3979 qua:
3195 3908 3440 3965 suaderi
3458 3912 3668 3981 potest,
3692 3909 3861 3977 impe-

2213 3999 2333 4052 rari
2379 4012 2497 4052 non
2538 4000 2733 4066 potest
2782 3994 2915 4067 (18).
2971 3997 3093 4052 Res
3141 3997 3334 4068 magis
3382 3999 3511 4053 voti
3556 4001 3664 4068 est,
3713 4009 3869 4068 quam

2213 4086 2513 4158 praecepti.
2547 4083 2714 4149 Quod
2745 4085 2901 4139 enim
2931 4087 3139 4158 gratiae
3169 4088 3280 4156 est,
3315 4101 3438 4143 non
3461 4087 3719 4160 jubetur,
3768 4082 3863 4140 sed

2213 4175 2586 4231 desideratur
2616 4190 2628 4229 :
2662 4174 3090 4246 electionisque
3120 4175 3314 4247 magis
3347 4180 3462 4248 est,
3495 4192 3668 4248 quam
3697 4171 3867 4230 servi-

2214 4265 2378 4319 tutis.
2415 4263 2584 4320 Unde
2615 4266 2673 4319 et
2702 4264 3027 4334 Apostolus
3058 4264 3231 4319 dicit:
3252 4264 3340 4320 De
3377 4266 3715 4339 virginibus
3723 4278 3870 4336 prae-

2212 4360 2440 4425 ceptum
2486 4353 2721 4408 Domini
2759 4369 2872 4407 non
2920 4351 3129 4420 habeo,
3177 4353 3493 4409 consilium
3551 4359 3737 4410 autem
3785 4350 3866 4415 do,

2215 4449 2484 4516 tanquam
2506 4441 2983 4497 misericordiam
3002 4448 3349 4497 consecutus
3365 4458 3397 4498 a
3412 4440 3729 4512 Domino(1
3746 4439 3869 4495 Cor.

2214 4550 2315 4602 vn,
2349 4532 2460 4600 25).
2494 4531 2748 4603 Legerat
2776 4530 2933 4585 enim
2981 4530 3209 4585 dixisse
3242 4531 3557 4587 Dominum
3605 4527 3867 4602 spadoni-

2213 4621 2331 4677 bus
2375 4637 2387 4675 :
2447 4619 2783 4691 Quicunque
2831 4618 3226 4674 custodierint
3265 4627 3567 4693 praecepta
3614 4634 3772 4685 mea,
3819 4618 3871 4670 et

2217 4710 2513 4783 elegerint
2543 4725 2668 4781 quae
2696 4722 2805 4779 ego
2842 4707 2984 4773 volo,
3020 4714 3078 4763 et
3108 4708 3541 4780 amplectentur
3574 4714 3871 4765 testamen-

2218 4805 2334 4855 tum
2351 4814 2558 4863 meum,
2594 4796 2747 4853 dabo
2768 4796 2895 4852 illis
2913 4796 2977 4851 in
2998 4797 3165 4853 domo
3192 4814 3340 4866 mea,
3378 4805 3437 4854 et
3472 4800 3536 4854 in
3565 4812 3727 4853 muro
3754 4806 3868 4850 meo

2213 4940 2377 4997 milis
2407 4939 2679 4995 excelsos
2710 4938 2876 4995 facit.

2285 5012 2399 5083 (15)
2439 5011 2591 5066 Edit.
2616 5015 2741 5083 vet.
2775 5026 2843 5083 ac
2872 5026 3019 5083 mss.
3051 5013 3114 5065 ut
3144 5012 3202 5066 in
3232 5014 3415 5083 textu,
3466 5012 3582 5068 nisi
3632 5006 3869 5083 quodin

2214 5078 2363 5139 mss.
2380 5078 2685 5138 nonnullis
2710 5082 2960 5137 habetur
2973 5080 3169 5138 levior
3189 5078 3439 5139 cursor:
3456 5088 3533 5139 at.
3560 5078 3725 5139 Rom.
3744 5078 3868 5135 edit.

2215 5155 2337 5210 nisi
2355 5154 2548 5209 levior
2565 5153 2851 5208 cursore?
2899 5151 3291 5208 Transierunt
3324 5161 3383 5210 et
3416 5155 3570 5210 nihil
3591 5154 3866 5209 viderunt.

2285 5224 2401 5295 (16)
2446 5227 2613 5280 Rom.
2648 5224 2784 5279 edit.
2818 5224 2966 5296 sola,
3002 5227 3350 5296 exspectavi
3376 5240 3613 5280 menses
3654 5233 3865 5286 vacuos,

2214 5297 2492 5350 nimirum
2525 5312 2590 5350 se
2623 5300 2684 5349 ut
2713 5295 3034 5365 Scriptura
3067 5295 3250 5349 textui
3281 5311 3349 5351 ac
3379 5296 3751 5352 versionibus
3780 5305 3866 5345 ac-

2214 5367 2632 5434 commodaret,
2688 5366 2753 5440 in
2794 5365 3011 5440 quibus
3052 5367 3357 5440 omnibus,
3385 5383 3620 5423 menses
3653 5374 3863 5426 vacuos,

2215 5442 2313 5493 aut
2346 5454 2585 5493 menses
2619 5438 2920 5491 vanitatis.

2312 5510 2396 5583 17)
2438 5509 2583 5583 Mss.
2618 5524 2735 5563 non
2757 5508 2958 5583 pauci,
2992 5508 3055 5583 in
3089 5525 3279 5583 cavum
3311 5526 3489 5583 super
3505 5525 3630 5583 eum
3651 5504 3869 5564 dolores

2311 5581 2397 5664 18)
2436 5580 2501 5664 ld
2533 5583 2644 5664 est,
2675 5580 2875 5664 solum
2908 5580 3145 5640 suaderi
3173 5580 3392 5657 potest,
3422 5581 3535 5640 nisi
3563 5584 3750 5638 tamen
3770 5589 3868 5632 vo-

2212 5650 2335 5713 tum
2367 5650 2710 5712 intercedat.
