4060 6158
1323 169 1588 257 EXHO
1603 160 1904 267 εἴτ-ΛΠ
1930 188 1993 241 ο

233 325 305 389 357
1009 293 1012 298 ’
1337 311 2430 384 ΕῆειιθθφτσἫΒρΙΝιτΑΤιε.

3490 321 3608 386 358

219 525 360 577 locum
389 521 756 582 nominatum,
799 518 1104 573 meliorem
1146 517 1402 573 ﬁliorum
1432 525 1490 572 et
1540 517 1798 573 filiarum
1819 501 1912 572 .·Ᾱ
1951 519 2128 590 nique
2163 519 2484 590 Apostolus
2513 520 2653 574 dicit
2677 536 2688 575 :
2710 521 2932 576 Mulier
2948 523 3042 576 sui
3061 524 3332 594 corporis
3341 530 3607 595 potesta-

216 627 383 667 nomen
423 615 708 663 aeternum
747 608 899 663 dabo
931 608 1072 677 illis,
1119 614 1177 662 et
1224 625 1336 662 non
1382 607 1660 663 deﬁcient
1695 609 1832 676 (Isa.

217 700 388 768 “1,4,
436 699 510 768 5).
554 699 876 766 Meliorem,
934 697 1139 768 inquit,
1195 697 1389 751 locum
1447 698 1622 752 vobis
1661 698 1832 766 dabo,

211 788 536 860 spadonibus
569 787 743 854 dicit;
777 788 873 840 his
906 787 1200 855 videlicet,
1236 787 1337 857 qui
1370 803 1436 841 se
1468 791 1696 841 resecta
1728 802 1836 858 ge-

208 879 338 933 nitali
366 881 520 947 parte
553 875 917 930 absciderint
946 876 1082 945 (19).
1116 876 1233 946 Ipsi
1271 879 1409 929 sunt
1440 892 1584 948 ergo
1608 877 1708 947 qui
1732 876 1839 930 ha-

207 968 319 1021 bent
345 967 399 1019 in
429 966 576 1020 coelo
607 965 847 1035 praemia
873 964 1107 1019 caeteris
1139 965 1568 1034 praestantiora.

264 1074 336 1126 18.
373 1073 492 1126 Hos
517 1073 572 1125 in
601 1071 924 1142 Evangelio
949 1087 1058 1126 suo
1084 1072 1366 1141 praedicat
1386 1071 1490 1124 Dei
1514 1071 1731 1140 Filius;
1756 1071 1841 1125 di-

207 1161 446 1216 centibus
478 1160 633 1214 enim
669 1160 956 1229 apostolis
983 1175 995 1213 :
1033 1158 1176 1224 Quia
1205 1160 1262 1212 si
1281 1161 1363 1212 ita
1389 1165 1676 1214 estcausa
1704 1159 1837 1224 viri,

205 1259 252 1304 ut
285 1266 386 1304 non
423 1249 603 1304 liceat
645 1249 738 1303 illi
779 1264 1021 1303 uxorem
1071 1249 1402 1317 dimittere,
1446 1248 1566 1302 nisi
1607 1263 1684 1302 ex
1720 1248 1843 1302 sola

203 1355 349 1392 causa
363 1338 800 1406 fornicationis,
822 1352 934 1392 non
953 1338 1196 1408 expedit
1213 1337 1442 1392 nubere
1455 1337 1694 1407 (Matth.
1719 1355 1842 1406 xix,

203 1427 247 1497 9,
292 1428 388 1495 10),
441 1427 754 1497 respondit
803 1427 1128 1481 Dominus:
1179 1426 1314 1481 Non
1364 1441 1566 1480 omnes
1611 1425 1848 1496 capiunt

209 1515 420 1570 verbum
450 1515 634 1580 istud,
669 1515 779 1570 sed
809 1515 1022 1586 quibus
1038 1515 1235 1570 datum
1259 1521 1350 1570 est
1383 1515 1560 1582 (Ibid.
1595 1515 1706 1584 11),
1730 1514 1846 1568 hoc

203 1610 303 1674 est;
336 1605 463 1659 Non
497 1604 653 1674 capit
685 1604 798 1658 hoc
824 1604 1180 1658 conditionis
1212 1605 1481 1657 humanae
1515 1603 1845 1674 infirmitas,

200 1698 249 1748 ut
275 1693 538 1747 omnibus
572 1696 764 1763 pateat
791 1708 802 1747 :
848 1693 955 1747 sed
985 1693 1105 1746 illis
1137 1693 1286 1747 solis
1320 1693 1492 1747 facile
1524 1696 1615 1754 est
1644 1694 1716 1747 ad
1750 1709 1844 1747 ca-

201 1782 466 1853 piendum,
509 1782 731 1852 quibus
765 1781 963 1835 divina
995 1781 1230 1836 refulsit
1261 1783 1468 1852 gratia,
1503 1784 1564 1836 ut
1586 1784 1848 1836 castrare

202 1887 252 1926 se
276 1871 522 1942 possint,
560 1887 679 1942 quo
710 1885 960 1942 regnum
1003 1870 1286 1925 cmlorum
1317 1871 1738 1941 adipiscantur.

815 2012 1070 2068 CAPUT
1113 2013 1206 2068 IV.

205 2137 567 2212 Integritatis
606 2139 902 2212 dignitate
949 2138 1212 2212 strictim
1248 2138 1569 2210 proposita,
1615 2155 1740 2212 quae
1779 2139 1855 2194 ad

257 2210 405 2264 lilias
436 2228 515 2265 ex
548 2211 774 2281 nuptiis
809 2210 1038 2281 damna,
1069 2210 1343 2264 reditura
1377 2211 1520 2277 sint,
1556 2210 1848 2280 explicat:

259 2288 418 2352 utque
450 2282 527 2335 ad
550 2280 632 2334 ea
651 2280 934 2352 fugienda
962 2280 1117 2353 illas
1139 2283 1382 2353 excitet,
1415 2281 1687 2353 Apostoli
1714 2297 1851 2353 sen-

260 2351 490 2406 tentiam
524 2358 702 2424 atque
721 2351 1064 2422 exemplum
1096 2352 1157 2404 in
1190 2352 1443 2406 medium
1475 2351 1676 2424 ali’ert.
1700 2352 1854 2407 Hinc

257 2423 683 2478 memoratis’et
705 2440 846 2494 quas
869 2424 930 2476 in
950 2424 1326 2477 matrimonio
1341 2423 1613 2495 pertulit,
1631 2430 1688 2478 et
1713 2439 1856 2495 quas

257 2496 312 2548 in
342 2495 631 2548 viduitate
639 2493 1004 2566 perpessure
1021 2501 1122 2566 est
1135 2493 1425 2562 miseriis,
1451 2493 1709 2548 affirmat
1722 2493 1856 2549 fore

261 2573 313 2619 ut
342 2566 458 2620 illa?
491 2565 699 2620 omnes
728 2565 928 2620 earum
966 2565 1316 2634 virginitate
1339 2571 1720 2636 reparentur,
1747 2582 1854 2620 nec

256 2638 374 2709 ipsa
399 2638 652 2709 posthac
667 2637 955 2708 praesidio
991 2637 1104 2691 ullo
1133 2637 1422 2708 indigeat.

259 2780 336 2834 19.
371 2780 666 2848 Audistis,
702 2779 828 2849 lilii,
862 2782 1142 2850 quantum
1173 2779 1252 2832 sit
1282 2778 1854 2850 praemiumintegri-

197 2870 333 2923 tatis.
369 2870 648 2941 Regnum
681 2869 1025 2939 acquiritur,
1060 2870 1116 2922 et
1143 2883 1394 2939 regnum
1433 2859 1581 2923 283
1614 2867 1855 2922 caeleste

198 2959 354 3011 vitam
383 2958 740 3029 angelorum
789 2956 1050 3012 exhibet.
1085 2957 1212 3011 Hoc
1254 2957 1426 3011 vobis
1459 2957 1702 3026 suadeo,
1739 2972 1856 3028 quo

200 3047 324 3100 nihil
355 3047 690 3118 pulchrius,
727 3050 787 3100 ut
818 3047 973 3100 inter
1018 3046 1291 3101 homines
1343 3046 1540 3117 angeli
1569 3046 1722 3115 sitis,
1757 3045 1859 3116 qui

200 3135 338 3190 nulla
368 3137 484 3191 sibi
516 3137 779 3208 ligantur
826 3136 1070 3205 nuptiali
1120 3135 1347 3205 copula.
1395 3134 1681 3199 Quoniam
1723 3151 1856 3205 quae

201 3240 299 3279 non
328 3227 556 3280 nubunt
591 3229 648 3280 ct
676 3225 776 3296 qui
802 3240 1020 3279 uxores
1052 3241 1164 3278 non
1201 3225 1440 3292 ducunt,
1477 3225 1633 3278 sicut
1660 3223 1860 3294 angeli
1895 3243 1947 3306 ο

201 3314 249 3368 ἱιι
289 3316 457 3370 terris
508 3318 652 3369 sunt
699 3315 936 3382 (Matth.
971 3331 1115 3382 xxu,
1163 3315 1275 3382 30),
1325 3316 1386 3368 ut
1424 3313 1861 3367 tribulationem

204 3405 384 3458 carnis
411 3420 528 3459 non
566 3403 842 3472 sentiant,
878 3403 1224 3457 servitutem
1271 3403 1566 3473 ignorent,
1609 3417 1642 3455 a
1688 3418 1861 3456 mun-

204 3489 349 3546 danae
381 3493 765 3564 cogitationis
797 3492 1146 3546 ableventur
1187 3491 1482 3563 contagio,
1514 3490 1732 3544 divinis
1763 3506 1860 3546 re-

204 3577 300 3633 bus
327 3586 587 3636 mentcm
617 3581 919 3636 intendant
946 3597 960 3649 ;
993 3584 1055 3635 ut
1084 3584 1362 3651 tanquam
1395 3581 1555 3634 exuti
1588 3580 1862 3649 corporis

203 3666 538 3739 infirmitate,
579 3686 696 3725 non
732 3686 865 3742 quae
913 3669 1171 3724 hominis
1223 3671 1382 3738 sunt,
1428 3668 1536 3723 sed
1582 3684 1715 3740 qum
1761 3667 1863 3722 Dei

206 3759 461 3829 cogitent.

266 3864 345 3920 20.
376 3865 787 3935 Considerate,
832 3864 990 3935 ﬁliae,
1038 3865 1092 3919 si
1133 3864 1331 3920 velitis
1375 3864 1622 3934 nubere,
1673 3878 1864 3935 quan-

207 3957 313 4009 tum
341 3956 513 4011 vobis
548 3955 724 4025 desit,
767 3954 984 4026 quibus
1026 3956 1215 4024 pater.
1266 3953 1447 4008 Deest
1478 3954 1667 4024 opima
1719 3954 1864 4023 dos;

210 4044 347 4114 quod
375 4045 577 4115 ipsum
607 4046 801 4097 tamen
851 4043 902 4096 si
945 4042 1292 4112 abundaret,
1344 4042 1620 4097 emeretis
1650 4057 1866 4114 magno

210 4135 376 4202 pretio
442 4133 813 4188 servitutem.
857 4132 1028 4186 Nunc
1077 4147 1220 4186 vero
1251 4131 1386 4203 quis
1424 4147 1541 4186 non
1580 4131 1868 4202 deSpiciet

211 4222 501 4277 destitutas
535 4223 745 4291 patre?
795 4237 911 4292 quo
946 4221 1352 4293 confugietis?
1399 4221 1554 4274 unde
1584 4221 1867 4274 auxilium

212 4311 572 4379 postulabitis
603 4310 895 4364 adversus
926 4309 1189 4364 virorum
1221 4308 1474 4381 injurias
1496 4312 1524 4363 ‘?
1560 4313 1776 4381 quanta
1805 4310 1866 4363 in

213 4397 344 4468 ipsis
375 4399 686 4471 conjugiis
710 4399 1080 4453 incommoda
1098 4396 1270 4453 sunt!
1307 4414 1480 4470 quam
1505 4414 1724 4470 graves
1753 4397 1870 4468 ple-

213 4504 437 4561 rumque
471 4486 887 4544 contumeliae!
924 4492 1137 4559 quanta
1166 4485 1436 4542 vincula!

1949 615 2063 663 tem
2095 624 2208 662 non
2241 608 2439 676 habet,
2475 609 2584 664 sed
2619 611 2711 662 vir
2739 609 2794 677 (Ι
2823 610 2955 666 Cor.
2989 629 3090 679 vn,
3122 611 3197 680 4).
3236 613 3305 666 Et
3333 615 3472 685 quid
3497 615 3608 668 mi-

1946 715 2077 752 rum
2109 699 2180 752 de
2209 698 2474 767 muliere,
2509 698 2980 769 quandoquidem
3016 704 3070 754 et
3099 702 3190 755 vir
3215 704 3308 756 sui
3339 705 3608 774 corporis

1947 790 2296 858 potestatem
2327 803 2444 840 non
2477 786 2672 855 habet,
2727 788 2831 841 sed
2865 789 3117 843 mulier?
3165 790 3227 844 Si
3257 792 3356 862 qui
3406 792 3614 847 fortior

1951 880 2060 945 est,
2095 879 2444 947 potestatem
2476 877 2569 930 sui
2603 892 2720 930 non
2751 877 2946 946 habet,
2981 883 3196 948 quanto
3229 881 3424 934 minus
3454 883 3612 936 inﬁr-

1951 966 2102 1020 mior
2131 966 2243 1036 (20)
2271 964 2282 1019 l
2324 965 2454 1019 Non
2485 981 2630 1036 ergo
2661 966 2916 1020 absolvit
2946 967 3251 1022 mulierem
3285 973 3614 1025 communis

1953 1055 2233 1122 servitus,
2269 1054 2374 1108 sed
2407 1054 2651 1123 gravius
2683 1056 2977 1126 astringit.

2022 1144 2109 1196 22.
2146 1143 2348 1197 Videte
2380 1143 2572 1213 itaque
2605 1144 2744 1213 quid
2770 1143 3071 1214 Scriptura
3095 1145 3266 1213 dicat,
3293 1147 3432 1217 quid
3470 1149 3621 1218 Apo-

1953 1232 2145 1286 stolus
2177 1232 2438 1286 suadeat.
2473 1231 2617 1296 Quis
2647 1232 2820 1286 vobis
2854 1236 3047 1303 potest
3071 1235 3280 1289 melius
3305 1237 3620 1292 consilium

1955 1322 2114 1390 dare,
2149 1337 2323 1392 quam
2354 1320 2449 1374 ille
2482 1336 2589 1374 vas
2622 1321 2944 1376 Dominicae
2969 1323 3278 1378 electionis
3299 1327 3328 1379 ?
3354 1325 3624 1398 Quidigi-

1953 1413 2048 1465 tur
2079 1411 2233 1463 dicat
2263 1409 2544 1480 percipite
2575 1410 2821 1465 auribus
2849 1426 2860 1464 :
2909 1409 3044 1466 Volo
3076 1419 3268 1466 autem
3301 1428 3503 1470 omnes
3529 1416 3626 1470 ho-

1954 1499 2148 1553 mines
2174 1500 2262 1552 sic
2301 1514 2436 1553 esse
2469 1499 2621 1552 sicut
2656 1503 2713 1553 et
2745 1501 3026 1570 meipsum
3057 1501 3115 1571 (I
3142 1501 3277 1558 Cor.
3310 1520 3409 1573 vn,
3442 1505 3518 1574 7).
3553 1504 3626 1560 Et

1957 1589 2170 1643 iterum
2203 1588 2343 1642 dicit
2373 1588 2444 1642 de
2493 1604 2613 1643 non
2658 1591 2857 1659 nuptis
2907 1593 2963 1644 et
2992 1591 3222 1647 viduis:
3274 1594 3497 1648 Bonum
3532 1600 3625 1650 est

1959 1677 2102 1746 illis,
2128 1677 2282 1731 sisic
2307 1680 2772 1748 permanserint,
2797 1680 2951 1733 sicut
2975 1686 3033 1734 et
3054 1697 3160 1752 ego
3178 1681 3353 1748 (Ibid.
3375 1683 3449 1744 8).
3476 1685 3624 1739 Volo

1957 1782 2068 1820 vos
2103 1767 2443 1820 imitatrices
2477 1782 2614 1821 esse
2661 1768 2802 1820 tanti
2849 1770 3134 1839 Apostoli,
3179 1774 3242 1825 ut
3279 1772 3455 1828 vitam
3490 1773 3624 1845 ejus

1879 1883 1934 1947 Β
1961 1855 2310 1926 sequamini,
2345 1856 2442 1926 qui
2475 1855 2738 1928 conjugii
2771 1857 3072 1912 vinculum
3120 1860 3360 1932 refugit,
3397 1865 3458 1916 ut
3491 1864 3626 1917 vin-

1963 1948 2093 1999 ctus
2127 1949 2288 1999 esset
2318 1945 2539 1999 Christi
2573 1947 2738 2000 Jesu.
2787 1947 2920 2002 Non
2967 1949 3260 2018 potuisset
3305 1951 3377 2006 ad
3409 1955 3626 2008 tantam

1961 2034 2326 2104 apostolatus
2359 2035 2451 2088 sui
2476 2035 2786 2105 pervenire
2819 2037 3085 2107 gratiam,
3119 2039 3173 2092 si
3196 2039 3409 2094 fuisset
3429 2041 3630 2114 alliga-

1961 2125 2057 2177 tus
2091 2122 2356 2194 conjugii
2399 2123 2806 2179 contubernio.

2031 2212 2118 2265 23.
2153 2211 2318 2276 Quod
2350 2211 2402 2265 si
2434 2212 2532 2266 ille
2563 2213 2663 2283 qui
2695 2217 2750 2268 et
2793 2213 3057 2270 doctrina
3087 2219 3624 2286 praestantissimus

1962 2304 2104 2369 erat,
2139 2303 2195 2355 et
2222 2303 2445 2354 tantum
2488 2301 2711 2355 Christi
2760 2302 2978 2357 donum
3020 2305 3293 2376 habebat,
3335 2307 3627 2378 judicavit

1961 2391 2101 2444 tanti
2134 2390 2411 2444 momenti
2449 2406 2606 2461 esse,
2656 2391 2708 2445 si
2751 2392 3077 2447 abstineret
3123 2395 3195 2449 ab
3242 2412 3355 2451 usu
3401 2399 3627 2468 copula

1963 2479 2324 2551 conjugalis,
2357 2482 2413 2533 et
2452 2480 2583 2534 ideo
2632 2481 2721 2534 sic
2770 2482 3006 2551 mansit,
3041 2499 3113 2538 ne
3151 2485 3467 2554 plurimum
3517 2504 3628 2543 suo

1963 2569 2191 2623 muneri
2225 2569 2660 2638 decerperetur,
2693 2569 2849 2640 quod
2882 2587 3074 2642 neque
3121 2573 3367 2628 orationi
3416 2591 3630 2631 vacare

1966 2673 2222 2728 semper,
2275 2658 2497 2726 liceret,
2545 2674 2736 2729 neque
2783 2675 3020 2730 semper
3062 2661 3280 2716 divinis
3327 2663 3630 2720 intendere

1967 2748 2280 2816 mandatis,
2315 2761 2490 2818 quem
2524 2747 2791 2820 conjugii
2812 2765 2952 2802 cura
2978 2756 3300 2822 revocaret,
3316 2756 3376 2807 ut
3397 2753 3631 2824 placere

1964 2837 2136 2892 uxori
2161 2839 2614 2891 essetnecesse:
2639 2837 2778 2907 quid
2792 2839 2990 2910 utique
3002 2855 3113 2894 vos
3136 2841 3358 2913 eligere
3382 2847 3628 2914 Oportet,

1965 2925 2183 2998 quibus
2217 2925 2343 2980 sola
2376 2925 2688 2997 virginitas
2719 2929 2913 2996 potest
2950 2928 3277 2984 libertatem
3301 2931 3460 3002 dare,
3487 2949 3633 3004 quo-

1965 3017 2120 3070 niam
2151 3032 2284 3087 quee
2315 3017 2583 3086 nupserit
2613 3016 2682 3069 ad
2717 3017 3059 3072 servitutem
3081 3020 3330 3089 pecunia
3360 3037 3468 3075 sua
3492 3038 3633 3077 ven-

1965 3105 2167 3160 ditur?
2198 3105 2426 3158 Meliori
2459 3105 2792 3160 conditione
2824 3107 3112 3176 mancipia
3145 3124 3318 3179 quam
3352 3109 3632 3182 conjugis

1967 3197 2416 3265 comparantur:
2465 3193 2524 3247 in
2570 3194 2686 3247 illis
2728 3196 2998 3248 meritum
3046 3196 3258 3251 emitur
3301 3199 3626 3269 servitutis,

1965 3287 2026 3339 in
2056 3285 2190 3338 istis
2221 3283 2471 3353 pretium
2504 3283 2575 3336 ad
2624 3283 2972 3336 servitutem
3014 3285 3266 3340 additur.
3302 3286 3494 3357 Nupta
3524 3301 3630 3342 ve-

1965 3374 2291 3429 nalis-auro
2325 3375 2622 3444 gravatur,
2656 3388 2798 3426 auro
2830 3371 3173 3428 aestimatur.

2046 3472 2195 3537 284
2263 3480 2351 3534 24.
2404 3480 2656 3550 Experta
2708 3496 2860 3550 sum,
2905 3480 3031 3548 ﬁlii,
3083 3481 3320 3536 labores
3381 3482 3630 3557 copulae,

1967 3569 2230 3641 conjugii
2263 3569 2664 3640 indignitates,
2701 3572 2756 3622 et
2789 3569 2901 3623 sub
2931 3569 3088 3624 bono
3108 3570 3386 3643 conjuge,
3413 3588 3520 3627 nec
3543 3577 3633 3628 ta-

1966 3676 2101 3714 men
2138 3658 2250 3714 sub
2282 3658 2438 3713 bono
2471 3658 2676 3711 marito
2716 3657 2900 3712 libera
2947 3659 3059 3713 fui:
3122 3661 3457 3715 serviebam
3481 3665 3631 3734 viro,

1968 3751 2024 3803 et
2051 3747 2393 3802 laborabam
2425 3749 2486 3800 ut
2507 3745 2822 3817 placerem.
2850 3747 3165 3802 Miseratus
3197 3753 3290 3804 est
3323 3750 3633 3822 Dominus,

1970 3843 2026 3892 et
2054 3837 2192 3891 fecit
2222 3836 2424 3890 altaris
2455 3836 2568 3907 (22)
2599 3835 2954 3908 ministrum,
2979 3838 3376 3910 continuoque
3409 3843 3464 3894 et
3493 3841 3638 3896 mihi

1971 3931 2027 3982 et
2056 3926 2229 3981 vobis
2249 3929 2453 3996 raptus
2481 3928 2601 3980 est:
2639 3929 2695 3980 et
2716 3925 2995 3997 fortasse,
3020 3927 3340 3983 miserante
3364 3929 3634 4000 Domino,

1970 4031 2044 4072 ne
2077 4015 2371 4070 diceretur
2405 4015 2674 4068 maritus.

2043 4127 2132 4180 25.
2167 4124 2416 4193 Videtis,
2451 4121 2574 4191 ﬁlii,
2608 4122 2942 4193 longaevam
2960 4126 3206 4178 matrem
3229 4125 3561 4195 doloribus,
3583 4127 3642 4180 et

1973 4215 2164 4271 adhuc
2195 4215 2560 4266 immaturam
2592 4212 2892 4265 viduitatis
2942 4213 3252 4282 stipendiis
3294 4214 3430 4283 (:23).
3467 4214 3642 4268 Vide-

1973 4306 2050 4359 tis
2082 4304 2369 4357 amissum
2399 4316 2570 4356 omne
2601 4300 2945 4371 praesidium
2969 4304 3024 4356 et
3055 4305 3480 4356 ornamentum.
3515 4301 3642 4355 Nec

1974 4393 2258 4448 auxilium
2287 4391 2397 4444 viri
2448 4390 2659 4459 habeo,
2709 4405 2818 4444 nec
2864 4390 3221 4462 virginitatis
3271 4391 3536 4460 gratiam.
3570 4386 3644 4443 Et

1972 4483 2044 4537 de
2077 4497 2168 4536 me
2197 4480 2347 4535 levis
2381 4495 2557 4534 cura:
2596 4495 2704 4533 vos
2735 4494 2978 4547 maereo,
3014 4495 3121 4532 vos
3159 4477 3492 4531 considero.
3530 4476 3645 4531 Re-

274 4595 353 4650 2t.
388 4597 587 4651 Primo
632 4596 826 4665 ipsum
877 4594 1226 4666 conjugium
1255 4594 1555 4648 vinculum
1587 4596 1697 4661 est,
1751 4608 1867 4664 quo
1895 4601 1950 4666 D
1973 4569 2701 4668 TansemntfﬁhiPD‘BFa
2731 4565 3016 4638 coniugii:
3051 4566 3249 4664 abiete
3283 4564 3641 4668 θάιὶυηιεῗξιξξῖξ

217 4682 472 4756 alligatur
496 4686 629 4738 viro
662 4689 860 4754 nupta,
896 4687 952 4738 et
981 4684 1036 4738 ei
1065 4685 1124 4737 in
1174 4682 1608 4753 subjectionem
1647 4682 1867 4736 astrin-
1973 4661 2199 4727 Quanto
2232 4658 2465 4712 manem
2494 4658 2553 4710 in
2587 4656 2698 4709 hos
2728 4669 3028 4723 nunquam
3058 4668 3300 4708 "emsse
3323 4670 3471 4708 usus
3494 4651 3640 4724 (24)]

217 4773 375 4842 gitur.
409 4775 640 4828 Bonum
670 4773 908 4843 quidem
942 4773 1245 4826 charitatis
1285 4771 1587 4825 vinculum
1618 4774 1728 4840 est,
1762 4771 1870 4825 sed

216 4864 386 4916 tamen
416 4862 738 4929 vinculum,
771 4861 842 4915 de
876 4877 992 4931 quo
1017 4877 1149 4915 cum
1170 4861 1312 4914 velit
1333 4876 1399 4914 se
1426 4875 1644 4914 exuere
1667 4862 1868 4930 nupta,

221 4964 321 5004 non
349 4952 558 5021 possit,
592 4966 702 5005 nec
733 4951 988 5005 liberum
1019 4949 1112 5004 sui
1144 4949 1364 5004 habere
1397 4949 1723 5004 arbitrium.
1752 4949 1868 5003 De-

282 5092 382 5160 (19)
415 5094 559 5148 Vide
591 5093 692 5148 lib.
727 5094 801 5148 de
834 5092 1059 5161 Viduis,
1095 5108 1222 5162 cap.
1252 5092 1338 5161 l2,
1373 5108 1532 5147 num.
1566 5091 1653 5146 76.

283 5164 385 5231 (ΞΟ)
415 5164 689 5235 Plerique
723 5181 893 5233 mss.,
928 5164 1156 5235 quando
1185 5164 1501 5217 infirmior.

285 5235 386 5303 (2t)
433 5235 516 5289 lta
555 5240 670 5290 vet.
714 5235 850 5290 edit.
904 5236 1216 5304 cunctique
1269 5251 1414 5287 mss.
1469 5235 1527 5287 in
1577 5249 1692 5304 quo
1739 5249 1872 5286 cum

228 5304 370 5358 textu
418 5307 758 5362 Anostolico
805 5307 914 5360 rite
958 5306 1354 5360 consentiunt.
1408 5307 1482 5358 At
1514 5306 1681 5359 Rom.
1733 5305 1869 5359 edit.

232 5389 342 5429 cum
376 5376 554 5449 Vulg.
581 5394 764 5448 vers.,
815 5377 948 5431 Volo
970 5383 1190 5449 autgenr
1205 5392 1310 5449 vos
1339 5392 1541 5449 omnes
1564 5392 1699 5449 esse
1721 5376 1875 5449 sicut

230 5446 1025 5518 meipsumIConfercumlib.
1047 5448 1121 5502 de
1173 5447 1452 5518 Virginit.
1480 5463 1530 5500 c.
1555 5447 1643 5516 20,
1668 5463 1725 5500 ιι.
1749 5446 1870 5500 130.

288 5517 392 5587 (‘22)
424 5521 630 5574 Deerat
668 5521 727 5574 in
769 5520 905 5574 edit.
951 5519 1227 5573 omnibus
1267 5517 1385 5572 vox
1427 5517 1878 5588 altaris,iquam

232 5589 402 5644 tamen
419 5591 491 5663 in
520 5607 665 5647 mss.
698 5591 876 5663 longe
905 5590 1178 5661 plurimis
1197 5589 1476 5663 invenire
1509 5592 1620 5644 est.
1643 5587 1732 5663 Ex
1763 5589 1876 5663 hoc

234 5661 546 5717 autemloco
575 5660 1035 5718 manifestumtit
1053 5660 1429 5716 continentia)
1461 5661 1878 5716 necessitatem

234 5731 387 5792 etiam
412 5732 490 5794 iis
519 5735 617 5816 qui
649 5732 956 5814 coniugati
978 5732 1054 5794 ad
1073 5731 1350 5810 ministri,
1375 5732 1490 5794 hoc
1511 5734 1624 5810 est,
1645 5729 1879 5794 diaconi

2045 4769 2133 4822 26.
2189 4765 2446 4820 Potestis
2497 4767 2688 4816 tamen
2736 4776 3027 4816 excusare
3071 4764 3318 4830 patrem,
3368 4760 3647 4816 ablevare

1976 4861 2241 4925 matrem,
2276 4854 2330 4907 si
2359 4851 2517 4923 quod
2548 4851 2609 4904 in
2648 4851 2823 4904 nobis
2875 4849 3162 4904 amissum
3217 4852 3327 4919 est,
3379 4850 3439 4904 in
3469 4850 3646 4906 vobis

1977 4944 2458 5016 repraesentetur.
2493 4940 2620 4994 Hoc
2651 4939 2780 4994 solo
2812 4954 2924 4994 nos
2957 4938 3224 5011 conjugii
3256 4954 3373 4994 non
3401 4939 3650 5009 poenite-

1981 5088 2246 5144 ordinem
2279 5082 2472 5137 allecti
2503 5085 2726 5155 essent,
2758 5081 2881 5155 jam
2912 5081 3046 5136 inde
3077 5097 3110 5135 a
3140 5080 3348 5152 primis
3377 5080 3654 5152 tempori-

1978 5161 2094 5214 bus
2127 5157 2316 5211 fuisse
2349 5154 2701 5224 impositam.

2051 5230 2166 5299 (23)
2182 5221 2451 5296 Plerique
2475 5242 2642 5299 mss.,
2663 5227 3032 5299 immaturam
3051 5221 3650 5299 virtutisstipendiis;

1981 5294 2193 5356 melius
2223 5294 2417 5352 tamen
2446 5298 2542 5350 alii
2575 5303 2631 5351 et
2662 5313 2869 5352 omnes
2902 5298 3040 5366 edit,
3068 5294 3439 5349 immaturam
3469 5294 3652 5348 vidui-

1984 5373 2126 5426 tatis
2174 5369 2513 5439 stipendiis,
2575 5369 2632 5422 id
2689 5372 2780 5423 est
2826 5368 2996 5435 forte,
3033 5368 3291 5439 nondum
3313 5379 3654 5439 sexagena-

1982 5444 2148 5498 riam.
2183 5434 2427 5494 Videtur
2448 5434 2740 5511 siquidem
2763 5439 2859 5493 hic
2881 5443 2937 5494 et
2969 5434 3070 5493 lib.
3097 5439 3195 5511 de,
3216 5434 3580 5511 Viduz's_cap_._
3595 5434 3647 5502 2,

1983 5531 2143 5569 num.
2180 5512 2234 5582 9,
2267 5511 2411 5566 illud
2443 5503 2631 5565 aetatis
2653 5512 2920 5582 exigere,
2946 5514 3008 5564 ut
3025 5509 3236 5564 senilis
3257 5506 3510 5560 viduitas
3534 5503 3652 5558 Eon

1986 5585 2186 5641 clesiaa
2219 5583 2530 5654 stipendiis
2555 5584 2939 5656 sustentetur.
3126 5650 3175 5656 Α,
3332 5629 3336 5632 .
3419 5644 3455 5656 υ
3603 5644 3613 5656 ,

2059 5657 2171 5728 (24)
2205 5644 2351 5710 Mss.
2383 5669 2502 5710 non
2534 5653 2722 5728 pauci,
2775 5653 2838 5708 in
2875 5653 3002 5727 hos,
3039 5650 3276 5726 quidam
3323 5644 3556 5718 melius,
3589 5644 3653 5714 in

1984 5726 2114 5806 hoe,
2150 5726 2439 5808 nunquam
2475 5726 2864 5785 venissemus.
