3936 6168
392 286 512 360 359

1833 293 1904 363 S.
1949 295 2390 364 AMBROSII.
3665 313 3768 384 360

393 497 496 565 bit,
531 496 585 550 si
627 495 799 550 vobis
857 496 1028 551 labor
1073 499 1278 552 noster
1318 495 1661 567 profecerit.
1715 497 2059 554 Proximum
2081 483 2366 569 A'nitalis
2398 499 2457 553 in
2486 500 2660 555 vobis
2693 501 2862 574 origo
2896 503 3177 575 signavit.
3212 504 3392 560 Nemo
3436 510 3639 566 auferat
3661 519 3767 570 ani-

392 585 610 656 putabo
641 589 884 640 matrem
917 601 1055 640 esse
1104 585 1422 657 virginum,
1457 602 1526 640 ac
1559 586 1610 640 si
1662 587 2059 659 virginitatem

389 677 674 729 tenerem.
728 673 1132 741 Considerate,
1181 675 1305 744 lilii,
1339 691 1513 746 quam
1557 675 1672 730 sibi
1714 677 1962 731 veniens
1997 677 2057 730 in

393 763 509 817 has
541 765 730 818 terras
765 763 1050 817 Dominus
1081 763 1281 826 Jesus,
1316 767 1561 818 matrem
1593 764 1858 836 elegerit.
1881 765 2055 819 Salu-

391 855 508 906 tem
528 851 746 905 mundo
771 850 1016 906 daturus
1038 866 1146 921 per
1173 851 1468 924 virginem
1487 852 1666 922 venit,
1705 855 1763 906 et
1789 853 2056 908 mulieris

393 941 600 1011 lapsus
628 943 797 1010 partu
848 939 1102 1012 virginis
1133 939 1346 996 solvit:
1393 943 1592 996 vestra
1623 957 1857 1014 quoque
1905 941 2058 996 inte-

393 1029 580 1101 gritas
611 1043 776 1084 meos
807 1028 998 1084 solvat
1027 1045 1284 1084 errores.

463 1117 554 1172 27.
580 1115 730 1182 Quid
749 1117 891 1172 boni
937 1118 1014 1172 sit
1046 1119 1356 1191 virginitas
1389 1119 1782 1175 considerate.
1805 1120 2062 1175 Destitu-

393 1210 512 1262 tam
571 1222 666 1262 me
694 1221 833 1262 esse
883 1210 1108 1262 certum
1129 1211 1240 1278 est,
1291 1208 1573 1280 praesidio
1605 1223 1816 1281 egere:
1869 1209 1977 1263 sed
2007 1209 2063 1263 si

392 1295 704 1351 volueritis
761 1296 852 1350 sic
909 1307 1168 1366 manere,
1229 1297 1453 1352 nullius
1513 1313 1685 1368 opem
1739 1298 2060 1369 requiram,

393 1383 719 1440 abundabit
737 1385 878 1438 mihi
901 1385 974 1439 ad
1011 1400 1247 1440 omnem
1267 1385 1670 1457 opitulantiam
1711 1387 1824 1456 (25)
1843 1389 2062 1440 vestrm

395 1473 751 1546 integritatis
811 1489 1050 1529 corona.
1102 1472 1247 1539 Quis
1306 1489 1550 1530 menon
1597 1475 1752 1529 dicet
1808 1475 2059 1545 beatam,

395 1560 571 1634 quam
601 1578 758 1618 nunc
805 1563 1083 1618 miseram
1114 1565 1366 1633 putant?
1409 1563 1544 1634 quis
1577 1579 1695 1618 non
1745 1563 2062 1618 honorabit

394 1657 480 1711 tot
523 1652 823 1724 virginum
856 1656 1097 1706 matrem
1119 1655 1146 1706 '2
1203 1651 1338 1723 quis
1371 1667 1490 1708 non
1547 1652 1925 1708 venerabitur
1955 1668 2064 1708 au-

394 1745 509 1800 lam
541 1741 785 1814 pudoris
806 1741 835 1794 ?

1053 1846 1306 1902 CAPUT
1340 1847 1406 1902 V.

410 1979 841 2053 Virginibus__in
867 1984 1110 2050 utroque
1132 1977 1365 2053 {cedere
1377 1978 1630 2053 palmam
1647 1977 1901 2053 publica}
1916 1977 2066 2053 salu-

473 2049 571 2122 tis,
608 2050 977 2122 attributam,
1016 2049 1332 2121 variasque
1352 2049 1740 2122 mysticamm
1770 2049 2064 2122 virginum

469 2124 678 2178 laudes
707 2121 1084 2176 celebratas:
1117 2121 1372 2192 itemque
1405 2121 1774 2191 designatum
1807 2121 1969 2192 horti
1999 2136 2066 2174 ac

477 2196 664 2249 vineae
693 2193 882 2264 ﬁgura
949 2191 1375 2264 virginitatem,
1402 2208 1514 2264 non
1540 2207 1714 2246 secus
1758 2208 1824 2246 ac
1842 2191 2064 2264 olerum

473 2273 612 2338 typo
633 2262 964 2338 coniugium
986 2262 1373 2338 {undeﬁlios
1401 2263 1693 2331 admonet,
1722 2263 2067 2338 utrejectis

469 2333 679 2393 Achab
697 2333 756 2388 et
775 2333 1024 2389 Jezabel
1043 2333 1478 2405 spirituah'bus,
1512 2349 1712 2388 verum
1747 2333 1907 2387 illum
1936 2333 2066 2390 Na-

471 2409 612 2465 both
635 2404 1190 2477 amplectanturpro
1215 2404 1386 2477 nobis
1419 2411 1752 2477 accusatum
1774 2411 1946 2476 atque
1968 2420 2066 2460 oc-

473 2483 676 2535 cisum.
716 2476 1103 2542 Quamobrem
1147 2476 1386 2530 venisse
1411 2476 1737 2546 praedictus
1767 2477 1850 2529 sit
1890 2491 2070 2546 super

473 2551 686 2606 nubem
701 2548 913 2610 levem,
951 2553 1012 2601 et
1053 2563 1160 2601 cur
1175 2547 1351 2601 etiam
1383 2553 1632 2600 matrem
1673 2563 1832 2600 suam
1857 2546 2070 2602 Joanni

473 2619 810 2677 commenda
823 2619 997 2690 verit.
1032 2617 1326 2690 Quomodo
1345 2623 1482 2690 tant
1491 2633 1578 2671 em
1597 2618 1694 2671 hic
1713 2619 1810 2689 qui
1829 2625 1886 2671 ut
1907 2634 2069 2690 mys-

476 2693 628 2747 ticus
660 2690 808 2744 Levi
839 2689 994 2742 nihil
1018 2688 1297 2758 habebat,
1331 2687 1556 2760 legitur
1601 2687 1737 2743 cani
1758 2687 2068 2760 accepisse

473 2764 536 2816 in
569 2777 674 2817 sua
695 2763 724 2816 ?

475 2887 564 2942 28.
614 2883 829 2940 Multas
873 2882 1126 2938 feminas
1175 2882 1475 2952 Scriptura
1525 2883 1723 2938 divina
1766 2884 1826 2939 in
1875 2884 2069 2940 lucem

407 2975 622 3045 evexit,
645 2974 898 3045 palmam
913 2976 1108 3027 tamen
1131 2972 1383 3042 publicae
1406 2971 1617 3026 salutis
1641 2973 1788 3028 solis
1822 2973 2070 3046 virgini-

405 3066 522 3123 bus
543 3064 720 3119 dedit.
740 3063 806 3117 In
832 3062 1030 3116 Veteri
1046 3061 1421 3116 Testamento
1458 3065 1614 3116 terra
1635 3078 1704 3116 ac
1738 3062 1883 3117 mari
1905 3063 2071 3117 clau-

407 3171 542 3212 sum
572 3152 964 3207 Hebraeorum
993 3149 1274 3220 populum
1322 3150 1492 3222 virgo
1523 3165 1630 3220 per
1661 3150 1842 3204 maria
1885 3149 2070 3221 pedes

397 3243 573 3303 ,duxit
589 3240 806 3312 (Exod.
831 3257 929 3310 xv,
953 3239 1073 3308 20):
1100 3239 1160 3292 in
1181 3237 1509 3310 Evangelio
1531 3242 1830 3293 auctorem
1868 3239 2072 3294 mundi

408 3337 466 3388 et
493 3331 924 3401 redemptorem
945 3328 1116 3399 virgo
1138 3328 1446 3400 generavit
1479 3327 1642 3398 (Luc.
1666 3345 1704 3396 ι,
1747 3324 2070 3399 38)..Virgo

409 3423 503 3477 est
557 3417 848 3488 Ecclesia,
880 3414 1068 3489 ‘quam
1124 3417 1348 3472 studuit
1402 3417 1724 3487 Apostolus
1777 3416 2072 3488 virginem

411 3511 633 3564 castam
662 3507 974 3578 assignare
1003 3504 1240 3560 Christo
1274 3504 1359 3575 (Il
1377 3503 1512 3558 Cor.
1537 3521 1616 3571 xi,
1641 3505 1696 3575 2)
1731 3520 1742 3559 :
1776 3505 1946 3577 virgo
1980 3509 2073 3558 est

410 3599 528 3653 filia
549 3597 690 3652 Sion
713 3595 850 3666 (Isa.
893 3611 1120 3664 xxxvii,
1139 3593 1262 3666 22);
1305 3596 1476 3665 virgo
1498 3595 1590 3647 est
1607 3593 1816 3648 civitas
1839 3593 1936 3646 illa
1967 3593 2071 3648 Je-

411 3687 670 3744 rusalem
696 3677 843 3741 285
875 3700 1008 3756 quae
1043 3684 1104 3737 in
1143 3682 1292 3738 coelo
1317 3683 1427 3752 est,
1455 3682 1512 3735 in
1531 3697 1705 3752 quam
1727 3681 1872 3736 nihil
1903 3697 2068 3736 com-

412 3793 586 3834 mune
636 3777 810 3830 intrat
867 3777 1040 3844 atque
1089 3771 1451 3826 immundum
1499 3771 1698 3842 (Apoc.
1744 3787 1867 3840 xxi,
1929 3769 2067 3839 2'7):

410 3869 583 3940 virgo
617 3869 708 3920 est
739 3867 796 3919 ct
843 3862 940 3917 illa
972 3877 1146 3932 quam
1191 3864 1363 3916 vocat
1411 3861 1613 3930 Jesus,
1648 3860 1745 3915 cui
1773 3864 1830 3916 et
1877 3860 2025 3915 dixit
2056 3875 2070 3916 :

411 3957 579 4014 Ades
607 3955 718 4008 huc
747 3969 778 4008 a
811 3951 1054 4020 Libano,
1091 3949 1338 4022 Sponsa,
1391 3949 1537 4004 ades
1565 3950 1677 4004 huc
1724 3965 1756 4004 a
1806 3949 2072 4021 Libano;

415 4045 710 4102 transibis
727 4049 785 4098 et
795 4040 1208 4114 pertransibis
1225 4055 1256 4092 a
1272 4039 1573 4110 principio
1593 4038 1736 4094 ﬁdei
1773 4038 1968 4109 (Cant.
1986 4055 2066 4110 iv,

411 4133 488 4207 8).
524 4133 658 4189 Non
691 4131 884 4187 solum
914 4129 1183 4184 transivit
1212 4128 1405 4200 virgo,
1439 4127 1545 4182 sed
1577 4129 1750 4182 etiam
1779 4130 2073 4198 pertrans-

384 4223 520 4281 'ivit
549 4239 681 4296 quae
727 4220 966 4276 festinat
1012 4219 1084 4273 ad
1135 4216 1454 4288 Sponsum,
1502 4217 1712 4270 transit
1759 4217 2067 4286 saeculum,

411 4313 732 4388 pertransit
765 4311 840 4365 ad
877 4307 1214 4364 Christum:
1251 4306 1344 4361 vel
1376 4306 1512 4378 quia
1561 4321 1626 4360 ea
1659 4321 1793 4378 quae
1835 4305 2073 4360 Christo

413 4421 480 4461 se
503 4402 808 4472 dicaverit,
842 4398 1204 4454 transeundo
1235 4397 1308 4451 ad
1339 4397 1622 4466 cmlestia,
1671 4400 1902 4450 terrena
1937 4411 2072 4466 per-

413 4497 693 4551 transeat.
726 4492 876 4547 Nam
907 4493 963 4544 et
991 4489 1120 4559 ipse
1153 4487 1424 4558 Sponsus
1456 4485 1543 4540 sic
1585 4486 1748 4540 venit
1777 4485 1850 4539 ad
1881 4484 2076 4556 Spon-

2169 604 2281 642 mm
2303 593 2520 643 vestrae
2542 591 2796 660 vineam,
2822 595 2876 646 et
2895 593 3031 646 vilia
3070 593 3228 648 olera
3261 599 3428 649 sciat.
3451 597 3614 654 Vinea
3641 605 3770 660 enim

2170 677 2406 748 quidam
2421 677 2650 732 fructus
2665 679 2976 751 virginalis
2991 686 3110 736 est:
3133 698 3242 736 con
3249 682 3311 753 ju
3319 683 3408 755 gia
3420 687 3568 741 velut
3587 690 3774 748 olerum

2169 765 2455 836 plantaria
2487 771 2643 833 sunt,
2670 768 2730 821 in
2765 769 2983 839 quibus
3005 770 3288 842 frequens
3329 773 3457 843 gelu
3476 777 3560 830 est
3579 777 3709 848 (‘26);
3735 785 3777 835 et

2171 853 2304 909 ideo
2337 855 2492 909 sicut
2522 856 2681 910 olera
2715 857 3033 913 herbarum
3063 861 3178 914 cito
3225 861 3436 916 cadunt
3461 868 3619 935 atque
3647 883 3778 920 mar-

2171 946 2436 1013 cescunt,
2469 944 2587 999 nisi
2617 944 2794 999 finem
2822 946 3082 1017 imponat
3131 952 3428 1020 senectus,
3460 957 3552 1006 aut
3577 955 3642 1008 ad
3667 972 3781 1026 per-

2171 1031 2388 1087 fectum
2420 1033 2630 1088 evehat
2660 1035 3040 1090 continentia.

2241 1139 2330 1194 30.
2355 1139 2488 1193 Non
2507 1141 2702 1194 veniat
2719 1157 2865 1214 ergo
2893 1143 2952 1198 in
2978 1159 3088 1198 vos
3123 1143 3348 1214 Achab,
3379 1148 3477 1217 qui
3506 1152 3784 1220 concupis-

2173 1232 2266 1283 cat
2285 1229 2520 1283 vineam
2540 1234 2802 1284 vestram
2824 1231 3026 1287 delere
3057 1235 3114 1286 et
3134 1235 3514 1306 exstinguere
3535 1257 3552 1290 :
3578 1252 3676 1292 nec
3699 1256 3786 1294 ve-

2173 1317 2294 1371 niat
2321 1317 2382 1370 in
2411 1317 2584 1372 vobis
2615 1319 2872 1390 Jezabel,
2906 1337 3125 1375 vanum
3153 1321 3297 1376 illud
3329 1326 3385 1378 et
3401 1325 3672 1380 saeculare
3689 1343 3796 1396 pro-

2175 1406 2452 1475 ﬂuvium;
2498 1406 2611 1461 hoc
2641 1407 2796 1462 enim
2842 1409 3216 1480 signiﬁcatur
3244 1411 3546 1482 vocabulo,
3591 1430 3722 1468 vana
3747 1419 3792 1471 et

2174 1510 2360 1550 vacua
2382 1498 2438 1572 et
2459 1495 2843 1550 redundantia
2865 1513 2878 1552 :
2909 1513 3020 1552 nec
3041 1499 3237 1554 veniat
3257 1499 3525 1556 Nabuthe
3552 1501 3660 1571 (III
3675 1503 3794 1574 Reg.

2175 1601 2299 1638 xxi.
2333 1583 2358 1636 1
2393 1586 2548 1654 seq.)
2578 1585 2678 1655 qui
2709 1587 2869 1640 venit
2899 1601 2930 1640 a
2961 1590 3144 1658 patre,
3167 1589 3322 1642 sicut
3343 1589 3555 1644 indicat
3577 1593 3794 1645 nominis

2176 1672 2369 1743 ipsius
2398 1673 2819 1743 interpretatio,
2853 1677 2956 1746 qui
2985 1677 3221 1730 vineam
3252 1678 3544 1748 sanguine
3564 1679 3800 1734 defendat

2178 1777 2312 1830 suo,
2344 1763 2402 1815 et
2447 1777 2555 1832 pro
2587 1777 2656 1816 ea
2697 1767 2946 1818 mortem
2987 1780 3157 1819 suam
3201 1765 3428 1820 offerat.
3465 1767 3569 1821 Hic
3615 1770 3802 1839 estqui

2097 1850 2470 1924 Blapidatus
2497 1866 2604 1922 pro
2650 1851 2825 1906 nobis
2879 1856 2990 1924 est,
3040 1869 3150 1924 pro
3179 1855 3356 1909 nobis
3412 1860 3690 1926 mortuus,
3718 1872 3804 1926 pro

2177 1939 2352 1994 nobis
2385 1939 2557 1994 falsis
2589 1941 2882 2010 appetitus
2913 1943 3304 1998 testimoniis:
3341 1945 3444 2016 qui
3482 1961 3692 2016 pauper
3711 1946 3804 2000 huc

2175 2030 2338 2084 venit
2365 2025 2499 2098 (27),
2534 2044 2667 2083 cum
2698 2029 2866 2085 dives
2899 2034 3080 2100 esset,
3117 2035 3177 2086 ut
3207 2047 3320 2087 nos
3363 2033 3498 2104 ejus
3527 2033 3709 2104 inapia
3736 2034 3812 2088 di-

2177 2117 2553 2188 taremur(ll
2581 2118 2716 2172 Cor.
2767 2135 2888 2188 vm,
2940 2119 3017 2190 9).
3058 2120 3166 2174 Hic
3215 2125 3306 2175 est
3362 2123 3520 2192 vitis,
3571 2139 3692 2194 qua:
3734 2137 3813 2176 re-

2181 2206 2580 2262 dundantibus
2611 2207 2816 2278 gratim
2846 2224 2972 2262 suae
3005 2207 3301 2264 fructibus
3332 2211 3578 2282 replevit
3607 2211 3812 2266 univer-

2183 2312 2318 2350 sum
2350 2297 2554 2351 orbem
2605 2300 2914 2352 terrarum.
2967 2297 3079 2352 Hic
3133 2299 3194 2352 in
3237 2300 3463 2355 vestris
3510 2299 3821 2370 pectoribus

2180 2385 2295 2438 alta
2340 2386 2846 2444 maneatdeﬁxus
2895 2386 3115 2451 radice,
3166 2391 3229 2442 ut
3279 2392 3339 2444 et
3381 2387 3607 2444 fructus
3647 2391 3823 2443 vester

2181 2477 2521 2544 exsuperet,
2547 2477 2604 2528 et
2631 2474 2860 2546 liquore
2889 2477 3097 2546 gratiae
3125 2478 3418 2548 spiritalis
3447 2479 3708 2548 corporei
3737 2493 3824 2530 va-

2181 2563 2346 2632 poris
2377 2563 2650 2616 incendia
2681 2567 3099 2634 temperentur.

2252 2669 2342 2722 3-1.
2367 2668 2478 2723 Hic
2500 2671 2592 2723 est
2613 2669 2712 2740 qui
2749 2671 2910 2725 venit
2950 2672 3010 2726 in
3040 2673 3198 2728 nube
3221 2673 3364 2744 levi,
3392 2674 3550 2729 sicut
3571 2673 3707 2728 dixit
3722 2689 3830 2743 pro-

2181 2756 2384 2827 pheta:
2405 2757 2566 2812 Ecce
2585 2759 2869 2814 Dominus
2893 2761 3065 2816 sedet
3097 2779 3282 2834 super
3315 2763 3533 2818 nubem
3563 2763 3759 2826 levem,
3781 2766 3830 2814 et

2189 2847 2387 2900 veniet
2403 2847 2466 2900 in
2481 2847 2810 2920 zEgyptum
2825 2849 2963 2919 (Isa.
2979 2868 3101 2920 xxx,
3119 2853 3170 2922 1)
3193 2867 3208 2921 ;
3237 2853 3600 2924 significans
3612 2849 3756 2923 quod
3780 2851 3829 2903 in

2184 2935 2532 3008 ngyptum,
2553 2937 2614 2991 id
2635 2942 2746 3008 est,
2770 2940 2830 2992 in
2851 2939 3230 2995 afflictionem
3251 2943 3459 2996 mundi
3483 2941 3668 3012 hujus
3688 2938 3832 2993 veni-

2185 3029 2273 3078 ret
2321 3041 2503 3096 super
2551 3025 2845 3098 virginem
2902 3026 3036 3098 (28).
3085 3029 3324 3085 Nubem
3372 3031 3573 3102 itaque
3618 3028 3837 3084 Mariam

2185 3113 2351 3184 dixit,
2413 3115 2550 3186 quia
2605 3131 2842 3170 carnem
2903 3118 3187 3189 gerebat;
3245 3119 3470 3189 levem,
3505 3119 3642 3190 quia
3685 3117 3836 3187 virgo

2109 3207 2330 3290 cei-at,
2381 3205 2561 3262 nullis
2610 3205 2894 3260 oneribus
2943 3210 3186 3278 gravata
3237 3207 3541 3280 conjugii.
3593 3207 3722 3278 Ipsa
3765 3207 3844 3260 est

2183 3293 2354 3366 virga
2384 3293 2725 3364 germinans
2757 3295 2962 3349 florem
3010 3295 3208 3366 (Num.
3242 3314 3394 3367 xvn,
3429 3297 3508 3367 8),
3555 3297 3686 3368 quia
3716 3309 3842 3365 pura

2185 3387 2244 3438 et
2301 3383 2374 3436 ad
2417 3383 2729 3438 Dominum
2787 3383 2975 3440 libero
3023 3387 3203 3442 corde
3253 3387 3489 3442 directa
3529 3386 3843 3458 virginitas,

2185 3487 2319 3543 qum
2349 3471 2530 3526 nullis
2559 3472 2622 3532 in
2652 3472 2764 3527 hoc
2790 3473 3013 3529 smculo
3042 3490 3324 3530 curarum
3373 3475 3742 3530 anfractibus
3771 3487 3847 3526 ι’θ-

2185 3560 2460 3616 flectitur.

2257 3668 2347 3722 32.
2381 3667 2517 3723 Ideo
2548 3668 2706 3722 illam
2751 3669 3038 3726 Dominus
3087 3671 3158 3726 de
3192 3687 3378 3728 cruce
3430 3671 3725 3743 discipulo
3755 3681 3852 3724 suo

2187 3757 2577 3813 dilectissimo
2609 3758 2728 3812 sibi
2759 3759 2992 3814 tradidit
3023 3764 3230 3816 sancto
3261 3762 3492 3816 Joanni
3521 3761 3710 3832 (Joan.
3739 3773 3850 3826 xix,

2186 3847 2298 3918 27),
2331 3848 2428 3919 qui
2466 3847 2622 3902 dixit
2644 3847 2812 3918 patri
2857 3854 2916 3902 et
2944 3850 3166 3903 matri:
3211 3849 3354 3906 Non
3389 3851 3538 3906 novi
3587 3857 3647 3905 te
3674 3848 3851 3920 (Deut.

2187 3953 2398 4006 xxxiii,
2419 3936 2500 4008 9).
2515 3936 2782 4008 Denique
2800 3941 3046 3992 vocatus
3059 3954 3092 3992 a
3106 3937 3353 3994 Christo
3367 3939 3617 4010 reliquit
3627 3941 3852 4009 patrem,

2185 4025 2436 4080 verbum
2469 4027 2714 4080 secutus
2764 4026 3004 4096 (Matth.
3049 4043 3127 4096 iv,
3159 4026 3252 4098 2t,
3283 4028 3405 4097 22).
3445 4028 3604 4082 Huic
3631 4026 3858 4081 traditur

2187 4115 2382 4186 virgo,
2415 4113 2518 4184 qui
2546 4129 2694 4168 suos
2743 4116 3007 4169 nesciat:
3059 4115 3198 4170 huic
3227 4117 3494 4172 traditur
3533 4117 3727 4188 virgo,
3769 4112 3858 4184 qui

2190 4203 2262 4258 de
2304 4205 2543 4274 pectore
2591 4202 2814 4258 (‘hristi
2861 4203 3091 4258 hauriat
3131 4205 3540 4275 sapientiam:
3589 4205 3728 4260 huic
3755 4207 3862 4257 tra-

2191 4291 2348 4346 ditur
2376 4292 2572 4364 virgo,
2605 4291 2706 4362 qui
2735 4291 2952 4345 fratres
2983 4307 3130 4348 suos
3160 4310 3278 4348 non
3301 4295 3624 4367 cognovit,
3649 4296 3704 4348 et
3722 4292 3860 4346 ﬁlios

2191 4405 2338 4444 suos
2361 4405 2478 4444 non
2501 4389 2695 4444 scivit.
2713 4389 2850 4444 Ideo
2881 4381 3026 4444 286
3057 4391 3366 4447 benedicit
3399 4408 3522 4464 que
3563 4407 3700 4448 eum
3717 4391 3858 4445 Lex:

2191 4479 2344 4534 Date
2366 4479 2516 4534 Levi
2553 4478 2715 4534 viros
2743 4478 2891 4550 eius,
2925 4479 3064 4534 date
3095 4481 3245 4535 Levi
3276 4488 3497 4537 sortes
3529 4497 3665 4554 OJUS
3679 4479 3861 4550 (Deut.

415 4601 544 4640 sam
575 4599 764 4651 suam,
789 4583 851 4636 ut
873 4579 1046 4634 saliat
1067 4593 1250 4648 super
1289 4577 1542 4645 montes,
1575 4573 1866 4630 transiliat
1894 4590 2079 4645 super
2112 4589 2164 4650 D
2192 4585 2401 4638 χχχιιι,
2431 4567 2509 4637 8).

417 4677 598 4732 colles
631 4673 830 4743 (Cant.
857 4684 917 4739 ιι,
950 4668 1028 4738 8).

487 4762 575 4818 29.
608 4761 785 4816 Addit
813 4758 1006 4813 adhuc
1035 4757 1108 4810 ad
1138 4754 1371 4810 laudem
1401 4753 1760 4826 virginitatis
1789 4769 1801 4808 :
1853 4751 2081 4808 Hortus

419 4855 654 4910 clausus
700 4863 875 4904 soror
921 4861 1049 4900 mea
1099 4845 1346 4916 Sponsa,
1395 4844 1606 4898 hortus
1644 4843 1896 4912 clausus,
1946 4841 2082 4897 fons

419 4936 903 5014 signatus(Cant.
923 4951 1002 5004 iv,
1038 4934 1146 5002 l2),
1179 4949 1297 5004 quo
1328 4933 1608 4987 meliores
1625 4931 1828 4986 atferat
1849 4931 2079 4986 fructus

420 5031 678 5086 claustro
699 5024 944 5097 pudoris
967 5026 1131 5093 septa
1153 5022 1484 5094 virginitas,
1511 5021 1569 5074 in
1591 5037 1705 5093 qua
1741 5021 2084 5075 intemerata

419 5117 801 5192 permaneant
827 5112 1113 5168 castitatis
1139 5109 1469 5184 signacula.
1500 5110 1673 5164 Hunc
1699 5109 2081 5165 hortumani-

417 5225 532 5265 ma)
543 5210 782 5274 vestrm,
799 5203 956 5258 hunc
971 5202 1189 5258 fontem
1207 5203 1441 5255 servate
1453 5200 1581 5268 puri
1595 5199 1936 5271 liquoris,ut
1948 5215 2082 5254 eum

418 5301 480 5356 in
501 5296 674 5354 vobis
695 5309 866 5350 nemo
884 5290 1202 5364 perturbet,
1231 5303 1404 5343 nemo
1445 5288 1738 5360 designet,
1765 5303 1940 5360 quem
1972 5304 2081 5361 ge-

489 5437 601 5508 (25)
649 5438 869 5495 Omnes
917 5434 1054 5508 edit.
1096 5449 1166 5488 ac
1210 5448 1384 5508 mss._
1411 5432 1697 5508 nonnulli,
1750 5432 1826 5508 ad
1857 5449 2082 5490 omnem

421 5503 862 5586 Opitutatio_iiem
887 5527 904 5561 :
937 5505 1034 5561 alii
1085 5520 1232 5586 mss.
1256 5503 1470 5586 _multo_
1497 5504 1702 5586 plures
1735 5503 1810 5558 ad
1858 5521 2084 5586 omnem

420 5575 846 5660 opitutaptiam,
863 5595 1018 5634 unus
1033 5577 1404 5650 opulentiam.
1425 5575 1888 5660 Haudquaquam
1913 5577 2081 5660 male.

493 5653 606 5726 (26)
637 5653 720 5710 Ita
751 5649 1151 5726 msmmagno
1173 5662 1457 5726 numero:
1493 5649 1731 5726 quidam
1760 5651 1974 5726 autem,
1993 5653 2085 5710 at-

424 5719 540 5818 que
570 5719 778 5787 omnes
807 5722 946 5784 edit.
977 5719 1266 5802 frequens
1291 5719 1462 5781 zelus
1489 5719 1602 5781 est.
1729 5771 1735 5778 .
1958 5719 1968 5726 '
2026 5757 2031 5763 ι

2263 4658 2354 4711 33.
2382 4657 2550 4712 Unde
2569 4659 2627 4712 et
2643 4661 2888 4713 matrem
2913 4658 3144 4714 Domini
3163 4658 3295 4729 ipse
3322 4661 3646 4730 suscepit:
3685 4657 3867 4726 scrip-

2189 4751 2312 4802 tum
2336 4747 2493 4801 enim
2531 4746 2840 4818 habemus,
2864 4748 3000 4818 quia
3037 4763 3116 4802 ex
3135 4747 3236 4802 illa
3267 4749 3429 4804 hora
3453 4748 3724 4821 suscepit
3756 4759 3869 4801 eam

2195 4835 2522 4908 discipulus
2563 4837 2626 4890 in
2657 4851 2760 4890 sua
2791 4837 2979 4908 (Joan.
3005 4853 3126 4906 xxx,
3161 4837 3272 4909 2'7).
3309 4837 3476 4903 Quid
3523 4841 3622 4893 est
3643 4838 3706 4890 in
3753 4848 3867 4899 sua,

2196 4941 2330 4980 cum
2346 4924 2652 4994 reliquerit
2667 4929 2890 4994 patrem
2913 4929 2970 4980 et
2991 4929 3256 4996 matrem,
3279 4930 3345 4981 et
3367 4928 3689 4982 Christum
3705 4939 3872 4980 secu-

2194 5017 2290 5070 tus
2309 5015 2426 5068 sit?
2447 5015 2562 5068 Aut
2583 5014 2878 5084 quomodo
2898 5015 2958 5068 in
2978 5031 3104 5080 sua,
3131 5030 3264 5086 cum
3282 5016 3413 5086 ipsi
3435 5017 3698 5087 apostoli
3723 5015 3875 5068 dixe-

2193 5104 2310 5158 rint
2320 5103 2432 5174 (29)
2449 5118 2463 5158 :
2482 5103 2641 5158 Ecce
2663 5118 2771 5157 nos
2789 5103 3138 5175 reliquimus
3157 5106 3376 5169 omnia,
3398 5111 3462 5159 et
3477 5105 3679 5159 secuti
3689 5114 3876 5157 sumus

2201 5193 2512 5267 te(Matth.
2539 5211 2658 5265 xix,
2692 5193 2829 5266 2'7)?
2859 5193 2999 5260 Quae
3023 5209 3130 5249 sua
3161 5194 3429 5249 habebat
3463 5195 3758 5262 Joannes,
3784 5189 3877 5262 qui

2194 5286 2488 5343 mundana
2511 5288 2567 5338 et
2583 5283 2894 5339 saecularia
2915 5299 3031 5338 non
3055 5283 3332 5354 habebat,
3355 5286 3468 5356 qui
3493 5289 3553 5340 et
3575 5284 3652 5339 de
3671 5279 3877 5338 mundo

2266 5428 2380 5512 (27)
2407 5428 2544 5512 Edit
2573 5430 2630 5483 et
2657 5427 2892 5500 quidam
2921 5442 3094 5495 mss.,
3121 5433 3179 5481 ut
3207 5442 3312 5482 vos
3336 5427 3481 5500 ejus
3511 5428 3716 5500 inopia
3737 5425 3882 5481 dita-

2195 5519 2580 5659 Γέξὲἑῗλιω.
2631 5571 2889 5644 quidam,
2941 5584 3120 5644 super
3171 5569 3522 5644 virginem:
3573 5570 3744 5640 edit.,
3785 5581 3885 5640 per

2203 5659 2699 5796 vigilia-unum
2725 5729 2902 5790 mu"
2920 5729 3048 5776 cum
3062 5712 3178 5795 ίρεί
3193 5711 3819 5798 αεεοέριιιῖλάιιθῑὶιιι.
