3936 6168
170 355 257 422 $1

1253 357 1815 424 EXHOR’I‘A’FIO
1859 359 2458 428 VIRGINITATIS.

171 576 261 615 non
287 559 434 614 erat?
479 557 622 622 Qua:
674 574 822 632 ergo
870 559 1123 614 habebat
1153 576 1282 631 sua,
1317 560 1437 616 nisi
1474 577 1543 616 ea
1572 577 1706 633 qua:
1756 578 1788 616 a
1809 551 1864 620 Α
1895 565 2435 636 bricumserpentis
2459 566 3574 645 hauriret‘venenum,priusquamejus'

172 649 363 702 Christo
379 651 683 717 acceperat
704 650 734 702 ἱ)
766 649 964 703 Bonus
996 649 1163 704 verbi
1199 651 1626 722 sapientiaeque
1656 667 1795 721 pos-

168 753 353 806 sessor,
378 737 564 791 bonus
588 741 862 808 receptor
885 739 1111 809 gratiae.
1135 739 1345 794 Audite
1374 755 1506 810 quae
1537 741 1790 809 apostoli

166 844 190 879 a
221 825 427 880 Christo
467 826 840 897 acceperint:
891 827 1186 898 Accipite,
1239 827 1448 899 inquit,
1498 826 1791 900 Spiritum

165 921 654 987 sanctum:quorum
674 917 958 970 remiseri
964 917 1043 970 tis
1049 918 1577 988 peccata,remissa
1593 923 1790 972 erunt:

166 1011 211 1058 et
251 1020 464 1076 quorum
515 1004 924 1070 dctinueritis,
961 1006 1202 1060 detenta
1251 1012 1426 1060 erunt
1467 1006 1656 1076 (Joan.
1690 1024 1791 1076 xx,

163 1092 233 1159 ἒξ,
262 1091 356 1162 23).
391 1092 594 1164 Neque
646 1095 804 1147 enim
852 1093 1039 1149 Mater
1081 1093 1314 1149 Domini
1364 1093 1511 1149 Jesu
1558 1095 1673 1150 nisi
1722 1095 1795 1150 ad

167 1197 546 1251 possessorem
585 1182 796 1254 gratia)
835 1183 1192 1256 demigraret
1222 1182 1356 1254 (30),
1391 1182 1494 1238 ubi
1521 1181 1796 1240 Christus

174 1268 390 1325 habebat
418 1270 837 1327 habitaculum.

751 1397 1027 1454 CAPUT.
1062 1398 1155 1454 VI.

159 1500 358 1578 Adapta
379 1501 526 1578 [iliis
547 1503 707 1558 dicta
728 1507 1023 1577 superius,
1059 1505 1227 1561 docet
1266 1521 1374 1578 qua
1413 1503 1650 1559 ratione
1681 1502 1803 1578 ipsi

217 1574 384 1649 nubes
401 1575 457 1628 le
469 1591 576 1629 ves
597 1591 734 1649 esse
748 1574 963 1649 queant
974 1592 1091 1649 per
1111 1574 1522 1649 virginitatem
1538 1596 1554 1628 :
1575 1580 1634 1629 et
1655 1574 1803 1628 dare

214 1646 345 1719 Levi
367 1662 539 1719 veros
551 1645 930 1718 ejus,si'tales
944 1645 1228 1703 nimirum
1233 1653 1640 1719 permaneant,
1659 1662 1801 1719 qua-

215 1715 292 1770 les
315 1718 494 1790 primi
530 1715 827 1790 parentes
863 1725 1000 1774 ante
1021 1715 1348 1790 peccatum.
1394 1718 1617 1774 Horum
1648 1715 1805 1790 [ilics

215 1803 339 1868 quos
355 1789 578 1868 eiectis
593 1790 880 1868 paradiso
890 1789 1804 1868 genuerunt,comparat:etprio-

212 1858 409 1912 risﬁlii
425 1858 739 1914 occasione
765 1858 909 1915 suos
938 1858 1238 1930 hortatur,
1259 1867 1317 1916 ut
1340 1858 1667 1915 mundanas
1692 1874 1803 1913 non

215 1933 923 2004 qumraptpossessiones,
951 1949 1076 2004 quae
1102 1929 1242 1987 tiliae
1255 1931 1554 2004 Salphaad
1577 1929 1805 2004 ambio:
1825 1934 1879 1998 Β

1897 653 2417 724 supplantarentur
2438 656 2692 726 insidiis,
2711 659 2960 728 qundis
2984 676 3102 715 non
3123 661 3417 718 habebant
3439 678 3558 734 quo

1901 743 2439 798 confunderentur?
2461 745 2606 799 Nam
2631 747 2832 817 utique
2844 763 3018 817 nunc,
3043 749 3339 806 licetbona
3352 750 3561 823 conju-

1901 833 2018 904 gia,
2044 836 2237 886 tamen
2270 833 2487 888 habent
2516 835 2674 904 quod
2705 835 2856 889 inter
2875 852 2942 891 se
2973 837 3085 906 ipsi
3107 839 3398 911 conjuges
3427 856 3562 896 eru-

1900 921 2166 976 bescant.
2192 921 2365 976 Tales
2396 937 2542 994 ergo
2560 927 2769 993 estote,
2793 923 2918 993 ﬁlii,
2933 925 3140 996 quales
3158 928 3342 982 Adam
3363 932 3421 984 et
3438 929 3563 984 Eva

1915 1009 1976 1064 in
1995 1011 2269 1081 paradiso
2300 1011 2555 1067 fuerunt.
2588 1013 2671 1067 De
2697 1013 2915 1084 quibus
2946 1016 3231 1086 scriptum
3261 1020 3373 1086 est,
3406 1018 3566 1089 quod

1903 1102 2289 1170 posteaquam
2321 1101 2391 1153 de
2423 1101 2700 1171 paradiso
2731 1105 2822 1156 est
2852 1103 3081 1174 ejectus
3113 1105 3318 1175 Adam,
3352 1121 3570 1178 cogno-

1898 1189 1981 1242 vit
2014 1188 2202 1242 Evam
2226 1205 2472 1244 uxorem
2503 1205 2695 1260 suam,
2730 1194 2788 1245 et
2817 1191 2914 1246 illa
2932 1194 3222 1265 concepit,
3251 1199 3312 1249 et
3339 1196 3578 1266 peperit=

1899 1277 2104 1347 ﬁlium,
2131 1293 2306 1348 quem
2337 1279 2572 1334 vocavit
2608 1279 2750 1335 Cain
2783 1281 2898 1352 (82)
2933 1281 3106 1354 (Gen.
3136 1299 3214 1354 iv,
3240 1283 3330 1354 t):
3379 1287 3436 1339 et
3462 1284 3570 1339 ite-

1899 1381 2030 1420 rum
2079 1368 2350 1437 concepit
2387 1371 2444 1422 et
2491 1370 2718 1439 peperit
2759 1370 2963 1442 ﬁlium,
3015 1371 3112 1426 cui
3161 1386 3377 1428 nomen
3419 1371 3580 1428 Abel-

1902 1455 2079 1524 (Ibid.
2094 1455 2170 1524 2).
2187 1456 2600 1528 Melici-itaque
2612 1458 2937 1529 secundus,
2953 1475 3127 1531 quam
3141 1461 3567 1533 priorfructus,

1903 1544 2038 1615 quia
2063 1544 2173 1599 iste
2195 1544 2730 1611 immaculatus-,ille
2747 1549 3236 1605 maculosustte
3255 1550 3572 1606 adhaerens

1905 1633 2047 1703 Deo,
2066 1638 2120 1688 et
2135 1637 2290 1688 totus
2313 1651 2344 1688 a
2369 1635 2649 1706 Domino;
2671 1637 2769 1691 ille
2792 1639 3086 1693 mundana
3107 1641 3163 1694 et
3183 1641 3417 1696 terrena
3434 1655 3580 1711 pos-

1906 1723 2126 1777 sessio.
2163 1723 2425 1794 Denique
2456 1725 2514 1778 in
2547 1725 2659 1780 isto
2691 1727 2891 1780 mundi
2925 1727 3249 1799 redemptio
3267 1729 3577 1784 annuntia-

1907 1814 2020 1879 tur,
2049 1811 2122 1865 ab
2146 1811 2247 1866 illo
2271 1813 2470 1866 mundi
2492 1813 2682 1868 ruina.
2707 1814 2771 1869 In
2805 1815 2917 1870 hoc
2945 1815 3166 1871 Christi
3187 1817 3570 1888 sacriﬁcium,

1910 1900 1970 1953 in
1993 1900 2092 1955 illo
2114 1900 2331 1956 diaboli
2356 1903 2756 1972 parricidium.
2792 1905 2951 1960 Nihil
2970 1921 3118 1978 ergo
3133 1907 3307 1962 vobis
3329 1907 3426 1977 sit,
3449 1907 3575 1977 filii,

214 1991 356 2073 runt.
369 1991 520 2065 Quid
534 2018 651 2073 per
665 2003 772 2056 hoc
787 1991 1088 2073 signiﬁcet
1098 2021 1186 2070 ur,
1206 1991 1426 2073 quas've
1442 2008 1642 2057 sortes
1658 2001 1738 2056 Le
1751 2002 1806 2073 vi

1999 2006 2044 2043 m
2068 1991 2458 2060 possessione
2481 1993 2709 2062 saeculi,
2727 2009 2838 2048 nec
2855 1997 3106 2052 terrenas
3116 1995 3292 2052 vobis
3305 2000 3361 2051 et
3379 1995 3582 2052 Judai-

203 2070 469 2142 jubeniur
485 2070 640 2128 dare
657 2073 686 2126 .9
716 2070 1041 2129 Dominij
1062 2091 1129 2128 ac
1158 2070 1439 2130 Mosaicae
1466 2072 1808 2128 sortilionis

217 2143 480 2214 quodnam
495 2145 830 2198 discrimen
845 2145 873 2198 .9
893 2145 1116 2199 Harum
1131 2145 1324 2201 altera
1347 2143 1802 2212 matrimonium,

215 2213 386 2288 altera
422 2215 840 2288 virginitatem
860 2217 1113 2287 signari,
1148 2233 1273 2288 quas
1310 2216 1658 2272 libertatem
1691 2215 1806 2268 mi-

223 2285 538 2341 nistrorum
574 2285 808 2341 Christi
829 2285 986 2358 pone
1013 2285 1303 2360 sequitur.

216 2394 292 2449 34.
344 2394 482 2448 Date
535 2409 686 2465 ergo
717 2398 774 2448 et
823 2409 954 2463 vos,
1000 2393 1107 2449 ﬁlii
1149 2393 1286 2466 mei,
1344 2410 1488 2449 vero
1529 2393 1610 2448 illi
1665 2392 1807 2448 Levi

158 2499 305 2539 veros
327 2483 458 2555 ejus
489 2483 694 2552 (Deut.
719 2499 929 2553 xxxiii,
960 2483 1037 2554 8).
1072 2484 1276 2540 Estote
1323 2483 1537 2553 nubes,
1568 2482 1691 2562 sed.
1720 2482 1808 2536 le-

160 2589 262 2627 ves.
275 2573 446 2627 Eritis
464 2572 762 2643 profecto,
777 2573 829 2627 si
845 2573 1077 2628 ablevet
1089 2573 1402 2645 virginitas
1417 2587 1595 2628 onera
1610 2570 1810 2626 condi-

159 2662 329 2730 tionis,
361 2665 417 2717 et
447 2661 733 2716 tenebras
765 2661 948 2733 hujus
993 2661 1224 2718 limosm
1271 2662 1470 2716 carnis
1499 2660 1808 2730 illuminet.

165 2749 276 2804 Ideo
303 2750 439 2804 dicit
473 2749 616 2804 illa:
664 2749 860 2821 Nigra
892 2767 1041 2822 sum,
1077 2758 1135 2806 et
1173 2751 1411 2820 decora,
1456 2749 1598 2807 [ilice
1632 2750 1813 2805 Jeru-

162 2839 317 2893 salem
348 2839 550 2906 (Cant.
603 2856 641 2908 ι,
690 2839 766 2907 4),
802 2840 973 2912 nigra
1005 2856 1112 2912 per
1156 2855 1412 2906 carnem,
1465 2840 1681 2895 decora
1709 2853 1814 2910 per

163 2929 554 3000 virginitatem.
593 2928 801 2983 Nubes
824 2930 1018 3000 itaque
1051 2933 1210 2998 sunt,
1244 2933 1300 2984 et
1350 2945 1567 3001 graves
1599 2928 1811 2996 nubes,

162 3032 267 3087 qua:
295 3018 636 3088 nupserint;
671 3034 923 3088 namque
955 3035 988 3072 a
1021 3019 1287 3073 nubibus
1319 3018 1572 3073 verbum
1594 3016 1815 3072 nuben-

162 3107 280 3160 tium
297 3110 542 3162 tractum
569 3107 844 3161 arbitror.
869 3107 1132 3178 Denique
1153 3108 1503 3177 operiuntur
1522 3109 1584 3160 ut
1601 3105 1812 3174 nubes,

166 3211 273 3249 cum
301 3195 643 3266 acceperint
673 3199 943 3267 nupturae
980 3185 1291 3251 velamina.
1325 3195 1397 3250 Et
1425 3211 1565 3250 vere
1597 3209 1816 3267 graves

1913 2093 1999 2134 cae
2019 2080 2433 2149 possessionis
2456 2080 2611 2137 ullos
2634 2082 3025 2140 vindicandos
3039 2085 3152 2155 (38)
3173 2099 3312 2141 esse
3334 2085 3581 2143 sortitus

1908 2167 2294 2224 arbitremini.

1979 2273 2074 2331 3'1.
2132 2274 2428 2347 Legimus
2479 2277 2716 2348 quidem
2770 2279 2909 2350 quia
2953 2279 3216 2352 Moyses,
3248 2281 3305 2336 id
3357 2283 3450 2336 est
3479 2281 3580 2336 le:

1911 2369 2106 2421 terras
2134 2364 2293 2420 bello
2315 2368 2372 2420 et
2403 2366 2566 2421 caede
2598 2367 2906 2438 quaesitas,
2949 2373 3110 2424 sorte
3129 2369 3588 2426 distribuendae

1915 2455 2305 2511 Hebraeorum
2364 2455 2580 2525 populo
2641 2458 2942 2512 censuerit
2996 2458 3196 2526 (Num.
3246 2475 3411 2529 xxvx,
3471 2457 3588 2530 53),

1911 2559 2159 2617 quarum
2174 2545 2627 2614 possessionem
2649 2545 2766 2600 sibi
2780 2546 3015 2618 Salphae
3028 2547 3166 2603 ﬁliae
3186 2547 3588 2618 postularunt,

1913 2635 2049 2706 quia
2081 2632 2318 2703 Salphm
2358 2631 2495 2688 ﬁliae
2526 2633 2727 2702 (Num.
2761 2652 2948 2706 xxvn,
2991 2636 3017 2690 1
3063 2643 3121 2691 et
3153 2639 3326 2709 seq.).
3368 2637 3592 2693 Tamen

1914 2723 2073 2778 idem
2103 2723 2346 2793 Moyses
2375 2722 2602 2777 Levitis
2653 2738 2772 2779 non
2809 2723 3014 2780 divisit
3058 2728 3295 2796 terram,
3339 2741 3593 2798 quorum

1916 2829 2036 2869 non
2067 2817 2190 2867 erat
2219 2816 2512 2881 terrenus,
2548 2813 2656 2867 sed
2685 2813 2960 2884 superior
2988 2815 3321 2870 incolatus:
3358 2815 3466 2870 sed
3513 2814 3591 2870 iis

1918 2901 2270 2957 sinelabore
2289 2905 2526 2956 terreno
2549 2902 2705 2956 sacri
2737 2902 3030 2973 stipendia
3061 2903 3373 2959 ministerii
3403 2904 3592 2975 depu-

1922 2991 2062 3045 tavit
2105 2990 2306 3059 (Deut.
2361 2991 2583 3061 xvm,l
2637 2997 2696 3045 et
2745 2993 2917 3064 seq.).
2951 2991 3188 3063 Salphm
3232 2997 3423 3048 autem
3451 2993 3590 3048 ﬁliae

1923 3081 2064 3152 quid
2096 3083 2254 3149 sunt,
2291 3095 2424 3150 quae
2471 3083 2684 3133 terram
2715 3084 2937 3149 petunt,
2975 3082 3111 3150 nisi,
3146 3085 3207 3136 ut
3234 3082 3587 3152 interpreta-

1924 3169 2004 3224 tio
2035 3169 2227 3237 docet,
2261 3168 2384 3223 oris
2417 3167 2789 3223 obumbratio
2809 3170 2837 3223 ‘?
2865 3168 3007 3233 Quae
3030 3172 3230 3242 utique
3252 3170 3313 3225 in
3336 3171 3454 3226 illis
3477 3175 3590 3241 est,

165 3285 348 3348 nubes,
381 3300 520 3356 qua:
577 3285 876 3340 sustinent
918 3286 1215 3340 sarcinam
1258 3284 1633 3339 matrimonii.
1670 3283 1815 3338 Nam
1845 3295 1900 3366 α
1924 3259 2153 3366 quib}?
2173 3256 2792 3366 F9i°§£jﬁ
2817 3274 2918 3366 ore
3471 3275 3594 3366 se“?

167 3374 308 3428 etiam
339 3375 583 3447 gravari
602 3374 735 3430 alvo
760 3373 1048 3444 feruntur,
1076 3390 1211 3430 cum
1233 3375 1460 3430 semina
1483 3373 1815 3444 conceptio-

167 3462 240 3516 nis
265 3464 622 3535 acceperint.

219 3570 295 3624 35.
325 3571 474 3626 Date
503 3587 659 3643 ergo
691 3568 844 3626 Levi
873 3585 1048 3626 veros
1077 3569 1206 3644 ejus
1225 3569 1360 3642 (31).
1391 3569 1542 3636 Quid
1573 3573 1688 3624 tam
1711 3585 1816 3625 ve-

166 3675 289 3730 rum,
321 3677 496 3732 quam
530 3661 879 3715 intemerata
911 3660 1250 3732 virginitas,
1281 3675 1415 3730 quae
1445 3658 1819 3732 signaculum

170 3749 378 3816 pudoris
409 3754 467 3805 et
499 3751 833 3804 claustrum
855 3749 1214 3822 integritatis
1248 3748 1505 3821 genitale
1529 3747 1826 3802 custodit?

169 3838 225 3890 At
243 3853 372 3894 vero
395 3855 535 3894 cum
554 3854 676 3894 usu
690 3837 1290 3910 conjugiijuvencula
1310 3837 1652 3906 deﬂoratur,
1668 3836 1827 3890 amit-

171 3925 221 3978 tit
259 3928 407 3998 quod
455 3944 642 3983 suum
693 3931 806 3997 est,
841 3927 1076 3998 quando
1115 3927 1169 3981 ei
1215 3926 1498 3981 miscetur
1541 3925 1820 3981 alienum.

170 4012 288 4070 Illud
333 4018 488 4072 enim
538 4032 755 4070 verum
805 4015 964 4087 quod
1015 4016 1339 4084 nascimur,
1393 4031 1509 4070 non
1559 4014 1617 4068 in
1666 4014 1822 4085 quod

174 4108 469 4161 mutamur:
507 4105 675 4177 quod
706 4122 739 4158 a
780 4103 1058 4160 Creatore
1107 4103 1464 4174 accepimur,
1500 4119 1616 4159 non
1665 4103 1824 4174 quod

174 4189 229 4245 de
255 4193 641 4249 contubernio
673 4193 1137 4264 assumpsimus.
1158 4193 1301 4247 Date
1327 4208 1472 4264 ergo
1491 4207 1633 4246 vero
1657 4190 1820 4258 Levi,

173 4280 238 4333 illi
266 4283 644 4337 sacerdotum
677 4281 949 4352 principi,
982 4296 1126 4336 vero
1157 4282 1377 4349 Aaron,
1413 4295 1554 4334 vero
1584 4279 1824 4334 Melchi-

179 4370 389 4441 sedech,
418 4387 608 4428 veros
641 4370 798 4442 ejus,
833 4371 1038 4442 quales
1068 4371 1197 4441 ipse
1231 4369 1509 4440 condidit,
1544 4385 1660 4423 non
1693 4385 1829 4440 qua-

179 4457 250 4512 les
279 4461 477 4515 saiculi
503 4459 695 4531 hujus
719 4475 865 4514 usus
890 4459 1099 4529 efﬁcit;
1125 4463 1188 4513 ut
1211 4475 1361 4530 opus
1385 4458 1632 4514 suumin
1652 4457 1826 4512 vobis

179 4550 222 4598 et
248 4548 373 4603 illud
408 4549 675 4621 genitale
698 4548 1072 4620 signaculum
1096 4548 1438 4603 inviolatum
1470 4551 1642 4619 atque
1676 4546 1827 4602 inte-

181 4667 324 4722 grum
353 4659 776 4728 recognoscat.

1925 3363 2097 3404 mone
2129 3362 2334 3403 eorum
2365 3345 2584 3402 veritas
2618 3345 2806 3415 (Psal.
2842 3365 2899 3418 v,
2953 3349 3063 3418 10),
3098 3349 3253 3403 sicut
3279 3349 3339 3404 in
3375 3349 3592 3420 populo

1925 3437 2289 3506 Judaeerum,
2323 3437 2422 3507 qui
2455 3436 2659 3491 nolunt
2691 3436 2992 3492 Christum
3029 3437 3236 3493 Jesum
3267 3438 3453 3493 Deum
3485 3438 3591 3493 Dei

1926 3527 2131 3582 Filium
2175 3525 2462 3581 conﬁteri.
2496 3525 2678 3579 Tales
2713 3526 2894 3597 igitur
2921 3529 3140 3584 terram
3173 3527 3502 3599 requirunt,
3537 3530 3596 3582 et

1926 3615 2270 3688 hujusmodi
2301 3613 2599 3684 postulant
2616 3615 3088 3686 possessionem,
3111 3617 3171 3672 in
3188 3632 3303 3688 qua
3324 3619 3442 3671 tota
3457 3617 3594 3673 vitae

1926 3721 2054 3761 sum
2085 3707 2253 3760 aetate
2285 3704 2596 3771 desudent,
2629 3707 2686 3759 et
2715 3721 2822 3774 pro
2857 3704 3149 3760 fructibus
3181 3706 3386 3777 spinas
3419 3721 3595 3761 cura-

1926 3811 2058 3850 rum
2087 3797 2144 3850 et
2171 3793 2636 3848 sollicitudinum
2668 3797 2890 3848 metunt
2919 3795 3056 3865 (34).

1998 3919 2086 3976 88.
2120 3919 2330 3992 Fugite
2361 3935 2528 3991 ergo.
2561 3918 2718 3990 ﬁliae,
2752 3919 3018 3974 umbram
3049 3921 3192 3989 oris,
3228 3937 3360 3994 qua:
3412 3923 3471 3978 in
3500 3923 3595 3979 lu-

1929 4025 2062 4065 men
2094 4013 2376 4064 aeternum
2409 4008 2671 4078 creditis,
2706 4009 2862 4080 quod
2903 4008 3190 4064 illuminat
3219 4027 3450 4068 omnem
3483 4014 3594 4070 ho-

1930 4100 2146 4154 minem
2172 4116 2183 4153 :
2227 4114 2360 4170 quas
2384 4114 2500 4153 non
2523 4102 2798 4169 tanquam
2824 4099 2884 4153 in
2913 4099 3122 4154 umbra
3141 4099 3461 4174 Christum,
3486 4102 3596 4158 sed

1930 4189 1990 4244 in
2020 4188 2239 4243 lumine
2271 4187 2649 4243 conﬁtemini.
2682 4187 2943 4260 Populus
2973 4190 3071 4262 qui
3108 4191 3358 4246 sedebat
3388 4193 3450 4246 in
3484 4209 3597 4246 um-

1930 4280 2042 4334 bra
2071 4279 2301 4348 mortis,
2335 4277 2439 4331 lux
2485 4283 2614 4332 orta
2665 4283 2756 4332 est
2787 4277 2912 4332 illis
2941 4278 3084 4348 (Isa.
3118 4297 3197 4350 ix,
3240 4281 3315 4350 2).
3349 4280 3594 4335 Fuimus

1931 4385 2074 4440 ergo
2112 4369 2170 4422 in
2205 4367 2430 4436 umbra,
2467 4367 2574 4422 sed
2592 4381 2748 4422 nunc
2761 4366 2884 4438 jam
2905 4384 3022 4423 non
3045 4385 3273 4436 sumus,
3298 4371 3399 4440 qui
3419 4367 3594 4422 Chriu

1933 4458 2370 4513 stumlatemur.
2393 4459 2582 4528 Atque
2605 4457 2824 4510 utinam
2847 4456 3115 4512 licuisset
3131 4460 3189 4512 et
3207 4458 3350 4512 mihi
3371 4457 3591 4529 dicere,

1933 4549 2033 4620 qui
2055 4547 2292 4602 Christo
2311 4544 2718 4617 proﬁteamurl
2753 4545 2823 4599 Et
2843 4549 3035 4600 tamen
3057 4545 3454 4617 proﬁteamur,
3481 4561 3595 4618 ego

1851 4665 1908 4732 ι)
1934 4637 2296 4704 viduitatem,
2329 4650 2440 4690 vos
2470 4634 2887 4707 virginitatem.
2924 4633 3049 4688 Fiat
3096 4636 3156 4690 in
3187 4635 3364 4691 nobis
3392 4651 3494 4691 ore
3524 4636 3599 4691 ad

236 4741 313 4796 36.
343 4745 482 4800 Date
501 4723 629 4813 illi,
665 4745 942 4800 exhibete
974 4743 1138 4801 illum
1179 4743 1364 4800 Adam
1401 4745 1501 4817 qui
1541 4744 1648 4800 fuit
1678 4735 1809 4801 287

1999 4727 2184 4781 lutem
2203 4723 2529 4780 confessio.

183 4836 291 4886 ante
323 4839 658 4905 peccatum,
694 4835 853 4889 illam
887 4835 1066 4890 Evam
1096 4852 1228 4908 quae
1259 4835 1366 4890 fuit
1395 4837 1705 4906 antequam
1733 4833 1826 4888 lu-

242 4974 342 5045 t80)
367 4977 540 5032 Rom.
585 4977 726 5032 edit.
763 4978 910 5047 sola,
936 4977 1146 5050 Neque
1177 4979 1332 5050 enim
1364 4977 1564 5032 Mater
1592 4977 1830 5050 Domini

189 5043 304 5121 lese
323 5043 394 5102 ad
419 5065 838 5121 possessorem
866 5043 1080 5120 gratiae
1121 5066 1232 5104 non
1282 5049 1676 5120 demigrarat,
1710 5049 1829 5102 nisi

195 5116 435 5190 abi,etcf
463 5121 681 5174 Parum
713 5116 996 5190 congrue.

247 5187 343 5263 (3t)
365 5191 511 5245 Mss.
542 5191 760 5262 ubique
779 5187 1014 5261 habent,
1047 5192 1210 5246 viras
1231 5188 1359 5262 ejus
1377 5211 1393 5245 :
1413 5193 1468 5263 at
1486 5206 1825 5263 germanam

196 5254 471 5315 lectionem
494 5278 635 5335 esse
662 5254 836 5335 veros
856 5254 1288 5335 ejus,'proxima
1311 5254 1517 5329 verba:
1539 5262 1692 5335 Quid
1711 5267 1825 5335 tam

204 5342 390 5404 terum,
415 5337 473 5388 et
492 5333 607 5386 alia
642 5334 737 5387 illa
769 5332 891 5387 non
917 5332 994 5388 ita
1036 5334 1215 5388 multo
1254 5337 1390 5403 post
1411 5334 1717 5404 sequentia
1743 5332 1824 5385 ll-

203 5397 276 5451 lud
290 5397 431 5456 enim
469 5421 674 5458 verum
705 5405 855 5465 quod
875 5405 1191 5465 nascimur.
1218 5397 1378 5458 certo
1400 5397 1822 5458 demonstrant.

205 5465 388 5547 Ethice
409 5465 803 5547 corrigendus
827 5476 1160 5531 idemlocus
1186 5491 1364 5546 supra
1386 5475 1498 5529 col.
1520 5476 1641 5543 108,
1663 5491 1822 5547 num,

207 5537 302 5622 ξιξ,
331 5551 381 5598 et
409 5537 1018 5622 emendandaibidem
1044 5537 1638 5622 subjecta‘adnotatio
1660 5545 1826 5622 ;_nisi

209 5617 316 5691 φὶς
339 5618 491 5672 malit
522 5619 901 5691 Ambrosium
931 5619 1116 5674 variis
1146 5619 1206 5674 in
1237 5618 1545 5691 codicibus
1573 5617 1829 5691 varieta-

215 5687 362 5769 ρῳ,
386 5689 539 5769 quod
555 5689 742 5769 eidem
763 5689 902 5769 alibi
923 5705 1158 5769 quoque
1181 5705 1295 5751 usu
1306 5691 1510 5750 venire
1533 5688 1691 5748 haud
1711 5687 1828 5748 dit-

216 5753 421 5821 ιωωτ·
429 5761 884 5820 animadvertas.

453 5849 708 5918 Panos.
748 5849 910 5918 χνι.

2001 4852 2091 4907 39.
2134 4851 2276 4904 Date
2324 4864 2469 4922 ergo
2529 4849 2672 4904 Levi
2726 4847 2808 4902 illi
2862 4849 3105 4904 salutari
3156 4852 3362 4906 nostro
3401 4852 3600 4906 sortes

2005 4996 2116 5064 (82)
2130 4994 2348 5048 Omnes
2361 4992 2523 5061 edit.,
2545 4999 2603 5046 et
2611 4993 2849 5064 peperit
2873 4991 3078 5063 ﬁlium,
3093 4995 3408 5050 cuinomen
3420 4994 3597 5050 Abel.

1933 5068 2118 5133 Quem
2139 5066 2375 5137 quidem
2399 5064 2593 5137 locum
2616 5080 2887 5137 mancum
2901 5082 2970 5120 ac
2989 5066 3283 5121 defectum
3303 5081 3443 5121 esse
3467 5080 3603 5120 cum

1935 5135 2464 5210 sequenﬁtieapei-te
2486 5135 2759 5210 clament,
2776 5136 2852 5190 ita
2877 5138 3270 5210 supplendum
3292 5141 3428 5208 post
3446 5138 3602 5210 Ban-

1933 5208 2154 5267 din—ium
2173 5209 2354 5263 edixit
2371 5208 2724 5274 Latinius,et
2735 5209 2973 5278 peperit
2994 5210 3160 5278 Cain,
3177 5215 3236 5264 et
3253 5210 3432 5264 dixit:
3454 5209 3602 5264 Pos-

1934 5225 2154 5267 tumum
2173 5225 2354 5263 ecixu
2371 5225 2724 5274 Latmius,“
2735 5225 2813 5278 pe
2854 5225 2973 5262 erit
2994 5225 3160 5278 uain,
3177 5225 3236 5264 θι
3253 5225 3432 5264 aixn:
3454 5225 3597 5264 ros-

1934 5284 2068 5338 sedi
2098 5282 2388 5335 hominem
2415 5295 2530 5350 per
2556 5280 2761 5352 Deum.
2793 5225 2874 5332 ἔι
2905 5296 3142 5352 rursum
3175 5282 3461 5352 concepit,
3485 5285 3597 5352 etc.

1933 5355 2050 5410 Sed
2082 5369 2230 5407 mss.
2263 5352 2523 5406 omnium
2557 5350 2772 5405 factum
2821 5355 2912 5404 est
2940 5351 3253 5421 beneﬁcio,
3286 5350 3366 5407 ne
3406 5351 3600 5404 isthac

1932 5441 2137 5481 eorum
2170 5423 2510 5494 conjectura
2541 5437 2693 5492 opus
2725 5422 3102 5477 haberemus.

2005 5497 2117 5570 (33)
2149 5491 2496 5570 Complures
2517 5565 2525 5570 _
2548 5491 2719 5570 mss,
2745 5495 3182 5570 possessiones,
3215 5493 3361 5570 illos,
3381 5491 3601 5570 __vindi-

1937 5565 2123 5624 cando
2146 5583 2160 5637 ;
2193 5565 2868 5639 nonnulli,judicandos,
2897 5565 3065 5620 vobis
3083 5580 3216 5622 esse
3235 5565 3484 5618 sortitos
3506 5579 3603 5620 ara

1936 5639 2184 5699 bitremi
2191 5640 2269 5696 ni.
2307 5638 2604 5695 Absurde.

2009 5713 2120 5791 (84)
2152 5711 2425 5792 Plerique
2454 5728 2626 5790 mss.,
2661 5715 2721 5774 et
2749 5705 3212 5774 sollicitudinem
3242 5709 3494 5768 metunt.

3251 5831 3325 5918 t3
