3936 6168
322 368 445 439 363

329 569 463 642 ejus
477 562 763 638 (85).Sors
776 558 911 632 ejus
935 554 1198 612 Levitica
1214 552 1327 622 est,
1352 564 1490 606 sors
1514 545 1649 618 ejus
1683 542 1997 616 virginitas
2019 525 2078 588 Α

329 662 586 727 est,sors
600 650 738 724 ejus
749 647 1007 703 viduitas
1025 647 1145 714 est;
1170 640 1448 714 quoniam
1463 651 1581 692 non
1594 634 1788 689 solum
1799 633 1993 703 virgo,

332 718 442 802 sed
459 718 866 800 etiam'mulier
890 735 1132 804 innupta
1168 729 1389 802 cogitat
1421 741 1554 798 qua:
1586 725 1725 779 sunt
1745 718 1996 776 Domini.

331 833 502 890 Unde
516 835 574 889 et
590 826 914 901 Apostolus
928 823 1102 879 dixit:
1128 820 1196 875 In
1210 834 1319 892 quo
1330 822 1389 873 et
1400 820 1565 871 sorte
1579 809 1889 868 constituti
1904 825 1999 862 su-

331 939 463 980 mus
476 899 723 992 (Ephes.
743 934 784 987 ι,
804 914 914 986 11).
949 912 1113 969 Sicut
1139 908 1300 991 “enim
1327 907 1389 960 in
1409 901 1605 959 Veteri
1628 899 2004 954 Testamento

333 985 494 1068 terra
523 985 685 1065 sorte
713 985 908 1067 divisa
937 1003 1030 1057 est
1057 985 1277 1070 (Josue.
1296 1010 1463 1063 xvm,
1482 991 1591 1061 10).
1614 989 1694 1043 ita
1724 988 1785 1042 in
1807 985 2005 1041 Evan-

338 1101 498 1176 gelio
545 1100 708 1153 sorte
751 1091 1005 1166 quadam
1055 1086 1304 1143 Domino
1352 1083 1717 1153 deputamur.
1751 1074 1921 1130 Unde
1951 1075 2010 1128 et

338 1160 630 1260 scriptum
658 1185 754 1240 est
768 1160 856 1237 —de
886 1175 1275 1250 evangelistis
1308 1172 1458 1243 (36):
1492 1168 1571 1224 Di
1580 1166 1849 1222 viserunt
1886 1160 2009 1217 sibi

344 1278 701 1336 vestimenta
714 1286 864 1341 mea,
880 1275 940 1324 et
952 1281 1133 1338 super
1149 1267 1373 1319 vestem
1385 1274 1570 1314 meam
1584 1255 1875 1311 miserunt
1887 1266 2012 1307 sor-

340 1376 457 1425 tem
478 1366 669 1436 (Joan.
693 1378 818 1430 xxx,
842 1359 911 1414 24
935 1373 950 1427 ;
981 1353 1149 1436 Psal.
1172 1368 1296 1421 XXI,
1331 1348 1441 1421 19).
1471 1346 1542 1403 Et
1576 1342 1849 1436 apostoli,
1873 1355 2010 1396 cum

340 1427 656 1529 eligendus
690 1427 854 1505 esset
881 1435 1032 1502 288
1062 1438 1450 1497 duodecimus
1481 1430 1785 1506 apostolus
1830 1429 1890 1483 in
1917 1427 2011 1483 lo-

341 1516 478 1602 cuin
507 1542 699 1610 Judae,
743 1538 907 1592 sorte
947 1546 1163 1589 munus
1211 1524 1577 1599 apostolatus
1626 1516 2014 1577 deferendum

341 1630 609 1691 arbitrati
641 1606 799 1684 sunt.
832 1624 1034 1694 Itaque
1065 1617 1328 1676 oratione
1375 1614 1549 1683 facta,
1580 1614 1643 1666 ut
1673 1610 1746 1665 de
1776 1606 2012 1663 duobus

339 1722 631 1795 Dominus
661 1730 838 1789 quem
883 1710 1064 1766 vellet
1092 1707 1361 1779 eligeret,
1397 1718 1534 1759 sors
1581 1698 1794 1756 cecidit
1831 1709 2015 1766 super

340 1808 646 1869 Matthiam
675 1805 833 1878 (Act.
864 1820 906 1873 1,
937 1800 1051 1871 26).

1792 343 1854 410 S.
1893 332 2337 407 AMBROSII.

3592 332 3685 402 at:

2177 541 2240 622 in
2258 537 2616 622 caelestibus
2646 534 3019 617 sapientiam,
3054 537 3226 605 atque
3255 533 3610 589 attrahendum
3640 537 3687 591 in

2180 611 2495 680 interiora,
2531 615 2591 663 ut
2636 609 2920 662 vivamus.

2182 754 2270 809 42.
2303 752 2393 808 Sit
2420 767 2565 824 ergo
2589 749 2761 805 vobis
2791 748 2983 820 portio
3015 746 3316 816 Dominus,
3348 745 3596 801 Dominus
3620 747 3695 818 qui

2112 842 2377 898 sterilem
2404 844 2462 896 et
2502 840 2828 912 parientem
2873 836 3032 891 facit.
3080 835 3387 905 Utramque
3430 833 3572 888 facit:
3616 835 3699 888 sed

2113 931 2295 987 altera
2325 932 2385 985 in
2416 930 2655 985 tristitia
2681 929 2851 999 parit,
2884 926 3067 981 altera
3097 925 3158 979 in
3188 923 3473 978 sterilitate
3499 922 3702 991 laetatur,

2115 1021 2209 1076 cui
2231 1019 2471 1076 dicitur:
2498 1017 2752 1080 Laetare,
2769 1014 3025 1084 sterilis,
3048 1030 3172 1086 quae
3184 1029 3294 1068 non
3308 1012 3496 1084 paris:
3517 1027 3709 1083 erumpe

2116 1115 2175 1166 et
2207 1107 2491 1178 exclama,
2526 1122 2651 1180 qua;
2689 1122 2802 1161 non
2845 1104 3086 1177 paturis
3134 1102 3272 1164 (Isa.
3307 1117 3416 1170 Liv,
3454 1100 3519 1167 l).
3559 1100 3715 1154 Habet

2117 1199 2274 1254 enim
2286 1197 2441 1253 ﬁlios
2463 1196 2594 1251 sine
2613 1197 2817 1267 partus
2840 1193 3064 1249 dolore.
3081 1190 3250 1246 Unde
3263 1190 3464 1244 dicitur
3473 1188 3537 1243 de
3549 1187 3716 1242 Eccle-

2117 1287 2208 1343 sia
2240 1303 2253 1343 :
2274 1285 2569 1353 Quisaudi
2577 1285 2681 1355 vit,
2702 1284 2759 1338 si
2771 1282 3010 1356 parturi
3019 1281 3102 1335 vit
3124 1280 3236 1351 (38)
3266 1284 3424 1335 terra
3447 1292 3545 1332 uno
3560 1277 3720 1346 die,et

2117 1393 2269 1450 gens
2285 1381 2420 1431 nata
2453 1386 2545 1431 est
2576 1373 2759 1429 simul
2789 1371 2929 1441 (Isa.
2962 1386 3120 1440 va1,
3153 1369 3258 1441 8)?
3304 1367 3428 1422 Uno
3456 1369 3624 1421 autem
3648 1365 3721 1419 die

2116 1470 2274 1521 terra
2303 1481 2421 1521 non
2450 1463 2720 1536 parturit,
2755 1461 2865 1517 sed
2894 1460 3046 1531 parit
3093 1457 3301 1533 gratia.
3333 1455 3494 1511 Venit
3518 1452 3725 1508 Pascha:

2120 1554 2270 1626 dies,
2305 1555 2365 1609 in
2393 1557 2514 1610 toto
2537 1552 2682 1608 orbe
2703 1550 2981 1621 baptismi
3000 1548 3364 1603 sacramenta
3385 1543 3726 1609 celebrantur,

2118 1645 2392 1699 velantur
2421 1657 2611 1698 sacrae
2640 1640 2930 1713 virgines.
2966 1638 3098 1692 Uno
3129 1651 3275 1708 ergo
3304 1634 3394 1688 die
3423 1632 3541 1687 sine
3568 1630 3730 1702 aliquo

2121 1732 2324 1788 dolore
2372 1731 2590 1787 multos
2638 1711 2796 1784 ﬁlios
2846 1730 2902 1782 et
2940 1726 3094 1781 tilias
3133 1724 3288 1780 solet
3323 1711 3464 1779 289
3504 1718 3734 1774 Ecclesia

2121 1821 2431 1894 parturire.
2466 1820 2724 1891 Ideoque
2766 1816 3013 1889 pulchre
3062 1814 3312 1869 dicitur:
3352 1810 3432 1867 Et
3457 1824 3594 1882 gens
3627 1810 3734 1861 nata

412 1918 505 1974 40.
537 1915 644 1971 Illa
673 1913 858 1986 igitur
885 1910 1060 1962 vetus
1108 1907 1345 1960 terrena
1391 1898 1642 1967 sortitio,
1674 1896 1805 1986 haec
1835 1893 2015 1967 spiri-
2046 1906 2100 1971 Β
2124 1893 2182 1968 ξι
2213 1909 2407 1977 simul,
2441 1909 2514 1964 de
2545 1907 2763 1980 populo
2796 1906 3166 1962 consecrato.

343 2008 501 2066 talis.
534 2005 601 2059 In
629 2002 728 2057 illa
759 2013 980 2056 census
1028 1992 1237 2051 saeculi
1270 1988 1612 2058 materialis,
1644 1986 1705 2040 in
1735 1985 1847 2040 hac
1877 1999 2017 2056 per-

347 2095 574 2156 sonalis
606 2091 824 2149 ofﬁcii:
877 2088 959 2142 ibi
986 2081 1301 2156 possessio
1333 2092 1628 2146 curarum,
1661 2075 1760 2130 hic
1800 2074 2018 2129 divisio

348 2185 706 2262 gratiarum:
753 2177 874 2233 illic
904 2173 1287 2247 possidemur
1314 2183 1455 2223 arva
1480 2166 1655 2237 plena
1683 2163 1907 2218 laboris
1929 2164 2019 2215 at-

349 2252 465 2350 que
494 2268 813 2337 moestitiaa,
848 2265 947 2320 hic
976 2260 1361 2334 possidemus
1390 2273 1425 2311 a
1471 2254 1730 2310 Christo.
1764 2252 1933 2308 Unde
1965 2252 2023 2305 et

348 2343 595 2423 sanctus
650 2356 839 2414 David
868 2354 982 2425 (3'7)
1026 2350 1199 2405 dicit:
1251 2343 1596 2403 Possedisti
1636 2357 1819 2397 renes
1859 2354 2023 2395 meos

350 2452 544 2529 (Psal.
576 2462 864 2516 cxxxvm,
899 2442 1011 2512 13).
1049 2439 1181 2509 Hic,
1205 2433 1654 2506 ﬁlii,possideat
1669 2446 1845 2486 renes
1879 2443 2023 2492 vese

349 2518 502 2614 tros,
533 2539 687 2595 utin
723 2536 845 2590 illis
894 2527 1212 2587 seminaria
1251 2527 1526 2580 maneant
1568 2519 1876 2589 castitatis,
1927 2518 2023 2572 in-

353 2606 585 2690 centiva
611 2628 914 2682 virtutum.
948 2620 1086 2674 Ideo
1117 2616 1305 2671 dicate
1326 2629 1439 2668 vos
1468 2610 1726 2678 Christo,
1748 2610 1806 2663 et
1834 2606 2023 2662 conti-

351 2720 558 2780 temini
586 2717 662 2787 ei,
696 2718 760 2771 ut
787 2710 1035 2768 dicatis:
1087 2705 1296 2761 Portio
1342 2717 1469 2757 mea
1517 2698 1802 2755 Dominus
1832 2694 2020 2765 (Psal.

354 2827 536 2877 Lxxn,
569 2785 681 2876 26).
730 2803 865 2859 Non
903 2799 1099 2871 potest
1144 2795 1259 2849 hoc
1295 2793 1476 2862 nupta
1524 2788 1743 2857 dicere,
1778 2785 1886 2841 sed
1928 2785 2025 2839 in-

355 2902 571 2973 nupta;
613 2896 792 2964 nupta
840 2888 998 2945 enim
1044 2883 1259 2957 quwrit
1302 2880 1432 2935 viro
1484 2892 1595 2933 suo
1642 2876 1898 2947 placere,
1930 2873 2025 2928 in-

357 2964 539 3062 nupta
562 2964 778 3041 autem
808 2978 1068 3035 Christo.
1101 2973 1204 3028 llla
1233 2968 1455 3040 mundi,
1481 2968 1611 3023 haec
1632 2964 1853 3021 Christi
1880 2978 2027 3035 pos-

359 3081 579 3141 sessio.
1398 3138 1401 3139 ν

428 3191 519 3247 4t.
549 3182 772 3242 Christi
799 3173 1115 3252 possessio
1154 3169 1332 3226 levita
1358 3169 1470 3237 est,
1502 3165 1604 3238 qui
1632 3162 1779 3219 nihil
1808 3161 1925 3217 sibi
1953 3160 2026 3217 de

2192 2017 2282 2073 43.
2340 2015 2569 2072 Videtis
2621 2013 2923 2087 mysteria,
2975 2009 3189 2066 videtis
3244 2007 3485 2081 gratiam
3536 2001 3739 2070 Christi,

2124 2108 2373 2181 gratiam
2393 2105 2651 2177 Spiritus
2670 2101 2881 2173 sancti,
2905 2101 3008 2172 qui
3025 2098 3186 2154 velut
3219 2096 3467 2169 quadam
3504 2095 3648 2149 sorte
3666 2091 3746 2145 de-

2124 2198 2314 2252 fertur
2336 2211 2351 2266 ;
2373 2194 2650 2267 quoniam
2672 2207 2791 2247 non
2808 2207 2885 2247 ex
2913 2188 3218 2260 operibus,
3239 2186 3348 2242 sed
3364 2201 3437 2240 ex
3451 2183 3559 2238 ﬁde
3586 2196 3745 2236 unus-

2124 2287 2378 2358 quisque
2412 2282 2776 2356 justiﬁcatur
2812 2297 2845 2334 a
2898 2279 3167 2334 Domino.
3211 2276 3378 2331 Sicut
3415 2272 3563 2329 enim
3598 2268 3748 2325 sortis

2125 2379 2376 2432 eventus
2397 2388 2515 2428 non
2537 2372 2598 2427 in
2622 2373 2827 2426 nostra
2849 2371 2941 2423 est
2957 2369 3271 2439 potestate,
3296 2364 3402 2420 sed
3424 2377 3587 2435 quem
3602 2372 3750 2413 casus

2127 2463 2416 2533 attulerit;
2451 2463 2543 2517 sic
2565 2460 2753 2534 gratia
2777 2457 3010 2514 Domini
3038 2471 3157 2511 non
3198 2455 3376 2527 quasi
3398 2468 3472 2508 ex
3498 2445 3753 2505 mercedis

2128 2554 2357 2624 merito,
2399 2551 2509 2607 sed
2566 2549 2739 2622 quasi
2795 2563 2871 2602 ex
2924 2545 3227 2601 voluntate
3285 2542 3561 2597 defertur.
3615 2534 3756 2591 Unde

2132 2647 2189 2699 et
2226 2641 2550 2713 Apostolus
2587 2639 2668 2693 ait
2705 2638 2777 2692 de
2825 2634 3227 2691 divisionibus
3282 2632 3613 2705 gratiarum,
3649 2638 3759 2696 qua:

2132 2734 2372 2788 diverso
2394 2730 2568 2786 modo
2592 2728 2698 2783 Dei
2729 2725 2990 2782 servulis
3014 2722 3367 2778 deferuntur
3390 2735 3402 2775 :
3440 2718 3574 2773 Haec
3601 2718 3761 2769 autem

2137 2821 2328 2879 omnia
2359 2828 2642 2892 Operatur
2665 2831 2813 2871 unus
2842 2819 3016 2886 atque
3033 2812 3189 2867 idem
3214 2809 3503 2883 Spiritus,
3521 2802 3765 2861 dividens

2136 2891 2402 2983 singulis
2428 2911 2606 2980 prout
2644 2905 2782 2960 vult.
2816 2903 3007 2959 Prout
3045 2900 3190 2971 vult,
3226 2899 3438 2971 inquit,
3470 2910 3582 2951 non
3621 2891 3769 2963 prout

2138 2976 2387 3056 debetur
2424 2976 2481 3067 (—I
2515 2995 2651 3052 Cor.
2692 3010 2796 3064 xu,
2840 2992 2948 3063 11).
2991 2990 3261 3061 Denique
3310 2991 3369 3042 et
3405 2983 3674 3040 Dominus
3706 2976 3772 3031 ait

2138 3089 2478 3145 uberiorem
2516 3083 2851 3140 mercedem
2888 3095 2996 3152 pro
3055 3094 3237 3150 opere
3278 3071 3697 3148 postulantibus
3729 3067 3775 3121 et

2138 3175 2641 3250 conquerentibus
2681 3172 2841 3244 quod
2889 3184 3093 3241 parem
3143 3165 3510 3237 accipissent
3561 3174 3680 3215 cum
3713 3155 3774 3209 iis

357 3278 613 3341 terrenis
662 3270 939 3329 Vindicat
986 3263 1097 3330 Qui
1128 3259 1341 3333 quam
1383 3270 1645 3342 “mrem”
1673 3268 1791 3342 non
1825 3252 2029 3342 Ροῖθξί
2052 3262 2115 3333 C
2140 3268 2242 3342 qui
2258 3249 2558 3339 posterius
2580 3263 2973 3318 advenerant:
3002 3257 3071 3313 Si
3093 3272 3202 3330 ego
3224 3256 3437 3322 bonus,
3462 3249 3650 3309 oculus
3668 3252 3779 3301 tuus

361 3373 560 3429 dicere
580 3383 592 3422 :
618 3362 831 3421 Portio
845 3372 973 3413 mea
987 3351 1271 3409 Dominus
1294 3368 1310 3402 :
1341 3344 1605 3416 Denique
1617 3341 1839 3397 Christi
1857 3339 2028 3394 mini-

363 3428 490 3518 ster
516 3454 656 3529 quid
688 3452 808 3507 ait?
827 3449 1160 3518 Argentum
1192 3444 1251 3495 et
1281 3452 1484 3492 aurum
1515 3449 1628 3488 non
1658 3430 1887 3486 habeo:
1920 3428 2030 3483 sed

366 3549 517 3625 quod
528 3520 736 3611 babeo,
757 3539 831 3595 de
853 3536 963 3591 tibi
978 3533 1069 3588 :in
1084 3529 1316 3586 nomine
1333 3525 1476 3582 Jesu
1495 3520 1804 3579 Nazareni
1824 3532 2026 3591 surge,

367 3607 427 3697 et
449 3632 678 3694 ambula
706 3607 866 3701 ('Act.
897 3641 982 3694 ιιι,
1003 3623 1059 3692 6)
1090 3620 1204 3675 hoc
1225 3617 1382 3673 enim
1403 3612 1730 3683 acceperat,
1753 3607 2033 3680 quoniam

367 3742 585 3786 aurum
607 3737 726 3778 non
755 3711 1150 3773 desiderabat.
1186 3705 1451 3776 Denique
1490 3701 1717 3755 missus
1747 3700 1873 3753 erat
1902 3696 2033 3751 sine

364 3820 558 3890 virga,
593 3811 723 3868 sine
769 3803 1013 3871 saeculo,
1060 3799 1190 3855 sine
1248 3792 1500 3866 pecunia
1527 3791 1691 3861 (Luc.
1740 3804 1823 3857 IX,
1853 3786 1929 3856 3).
1963 3785 2036 3840 Et

366 3879 505 3969 ideo
519 3879 904 3977 gloriabatur,
924 3890 1059 3963 quia
1081 3903 1197 3977 non
1209 3882 1464 3940 habebat
1479 3879 1635 3952 quod
1657 3893 1776 3933 non
1792 3889 2035 3945 accepe-

370 4000 462 4055 rat
482 4011 499 4067 ;
522 3972 640 4050 non
656 3987 812 4044 enim
834 3976 1225 4039 erubescebat
1245 3974 1304 4027 in
1320 3972 1681 4043 paupertate,
1697 3981 1874 4037 quem
1894 3979 2036 4034 pau-

369 4051 842 4162 perredemerat.
861 4071 1115 4140 Ideoque
1138 4063 1316 4120 dixit:
1344 4061 1540 4131 Surge
1563 4064 1620 4112 et
1635 4054 1885 4124 ambula,
1901 4051 2038 4124 quia

371 4144 637 4249 legerat:
680 4167 805 4223 Iste
844 4173 1071 4234 pauper
1111 4153 1293 4209 clama
1308 4151 1408 4220 vit,
1450 4152 1508 4204 et
1536 4144 1819 4202 Dominus
1855 4157 2039 4198 exau-

376 4242 532 4324 divit
563 4274 692 4318 eum
721 4250 911 4327 (Psal.
943 4261 1151 4315 χχχιιι,
1182 4242 1259 4312 '7).

1007 4366 1260 4426 CAPUT
1290 4363 1413 4419 VII.

390 4495 699 4570 Virginum
732 4482 1140 4570 sterilitatem,
1175 4472 1427 4570 aliarzini
1453 4464 1837 4523 fmcunditate
1857 4462 2046 4570 potio-

925 4553 1031 4570 ’πη
1069 4547 1204 4570 --ει-ι
1242 4543 1340 4570 :m;
1375 4558 1403 4570 η
1439 4556 1506 4570 η..
1534 4539 1798 4570 ηηη;ηοηο
1822 4551 1923 4570 ,ων
1957 4549 2022 4570 ηε

442 4540 880 4631 ἶθῗιυεῖέξεξὰέιηι
910 4540 1204 4631 Ecclesiae
1236 4543 1506 4631 imitetur
1532 4540 1798 4631 copiosos
1809 4540 2041 4631 partgs,

757 4631 864 4689 hoc
880 4631 970 4681 est
983 4619 1202 4694 gratia,
1227 4621 1285 4712 et
1305 4629 1417 4712 nep
1430 4627 1520 4712 ἐξ
1533 4605 2045 4712 operibus—prorip-

740 4706 750 4712 ι
860 4699 872 4712 ε
959 4696 968 4705 ⁸
1005 4703 1253 4712 -μ--....,.-.
1290 4701 1350 4712 ,ιη
1444 4698 1553 4712 ...ηπ
1585 4697 1614 4712 η
1658 4696 1750 4712 πη,
1779 4693 1950 4712 curn."
1992 4693 2045 4712 η-

446 4676 968 4764 ZZHZEX'baidasi
983 4676 1139 4764 'aque
1151 4676 1350 4764 sortes
1373 4676 1631 4764 Christo,
1656 4680 1754 4751 qui
1774 4676 1951 4759 supra
1965 4676 2048 4729 la-
2075 4676 2101 4707 ⁸⁵

446 4751 651 4834 33'};sz
664 4751 997 4827 mercedem
1013 4751 1190 4834 sblvjt
1207 4778 1222 4812 :
1243 4756 1491 4811 dandam
1516 4753 1692 4834 etiam
1712 4751 2043 4834 veritatem,

450 4819 1081 4912 est-virginitatem.
1117 4832 1262 4912 Quot
1286 4834 1344 4882 et
1367 4819 2050 4912 quantistentationibps

452 4935 520 4975 ea
533 4889 908 4995 impugiietur
921 4909 941 4961 .’
959 4889 1081 4960 Sed
1094 4889 1219 4995 eum
1235 4889 1441 4995 bJona'm
1461 4894 1612 4950 casti
1619 4901 1794 4995 tegam
1814 4905 1948 4946 esse
1962 4889 2050 4944 di-

813 4981 825 4995 υ
888 4981 900 4995 ι
968 4989 1079 4995 ςΑ--
1115 4990 1135 4995 -
1190 4973 1244 4995 :._
1296 4971 1407 4995 :....4
1430 4972 1628 4995 ηηηηιη
1711 4967 1726 4995 ;
1777 4976 2050 4995 ..ηνηηην-

454 4964 754 5045 cernimus
767 4964 840 5034 ab
859 4973 1156 5049 Apostolo,
1184 4971 1407 5049 indicat
1425 4972 1641 5049 sancta.
1661 4964 1839 5045 Vidua
1854 4976 2054 5049 repur-

454 5057 703 5115 rendum
728 5051 801 5106 ad
822 5032 1150 5104 remedium
1164 5063 1180 5097 :
1211 5041 1359 5115 quod
1378 5037 1641 5115 eleganti
1650 5036 1875 5115 priscae
1878 5032 2053 5115 illius

454 5128 671 5187 Mariae
683 5102 986 5193 allegoria.
1013 5102 1298 5193 incarnis
1317 5102 1770 5193 mortiﬁcatione
1789 5122 1854 5161 ac
1866 5102 2056 5193 Domi-

456 5202 607 5259 niraa
624 5175 925 5269 passionis
937 5187 1170 5265 merito,
1192 5196 1415 5269 quodies
1429 5181 1502 5269 ard
1532 5181 1644 5233 vict
1652 5179 1836 5269 orJiam
1843 5175 1998 5269 perd
2004 5190 2057 5228 u-

454 5248 931 5339 cim'ugpositam
951 5272 1085 5313 esse
1106 5248 1426 5326 significat.
1446 5248 1831 5317 Quaerendam
1846 5251 2054 5320 postea

463 5416 578 5491 (35)
607 5403 1037 5491 Mss._aliquot,
1063 5402 1445 5491 sortf‘shgus.
1483 5391 1751 5448 Levitiea
1796 5396 1888 5447 est
1919 5405 2057 5447 sors

394 5469 818 5565 ejuslviduata
851 5469 1474 5565 est.JCori'upt.iss’iirie’.

463 5529 817 5633 sane:
833 5529 1832 5633 εἰμεεάεξιιξδὲξυῌιζοέεθξβςεέαω
1869 5532 2056 5618 sub

396 5606 811 5703 ev‘iigézis’ug.
833 5606 970 5703 I‘Iop
981 5617 1140 5696 recte
1161 5627 1176 5682 ;
1198 5606 1345 5692 nihil
1362 5609 1516 5665 enim
1534 5607 1843 5703 alipd‘loco
1866 5606 2058 5703 signi-

396 5675 1195 5761 acatii’m-vulrtbmbrosius,
1229 5681 1351 5761 nisi
1375 5679 1786 5761 evangelistas
1817 5678 1878 5761 in
1905 5675 2065 5761 mili-

394 5749 939 5861 ῖὶῖιᾘῖοριῖιιιθιιια
965 5749 1190 5824 Christi
1235 5749 1636 5817 dividentitius
1684 5749 2067 5813 adumbratos

2143 3372 2325 3433 quare
2343 3370 2587 3429 nequam
2610 3359 2702 3408 est
2721 3349 2960 3423 (Matth.
2982 3365 3084 3418 xx,
3107 3347 3197 3418 15)
3214 3347 3246 3401 7

2214 3484 2302 3539 44.
2346 3482 2489 3536 Date
2529 3494 2698 3550 ergo,
2739 3475 2866 3545 ﬁlii,
2908 3476 3102 3529 sortes
3150 3473 3397 3526 vestras
3435 3466 3492 3523 ei
3527 3464 3624 3538 qui
3658 3457 3784 3516 ultra

2143 3575 2415 3630 meritum
2445 3568 2668 3625 laboris
2700 3562 3237 3622 remunerationem
3269 3559 3402 3615 suis
3423 3556 3635 3612 donare
3663 3563 3786 3604 con-

2146 3663 2360 3719 suevit.
2394 3660 2547 3715 Date
2601 3656 2917 3713 veritatem
2963 3651 3154 3723 ipsius
3209 3649 3347 3704 viro
3390 3639 3786 3710 saneto(Deut.

2146 3768 2356 3821 χχχιιι,
2407 3750 2485 3821 8),
2530 3747 2590 3801 id
2638 3747 2730 3801 est
2776 3722 3217 3815 integritatem;
3292 3736 3489 3809 ipsius
3532 3730 3678 3789 enim
3719 3722 3795 3779 est

2147 3816 2479 3913 integritas,
2526 3835 2627 3909 qui
2666 3830 3077 3889 immaculatus
3126 3828 3394 3882 advenit.
3438 3823 3662 3878 Veritas
3702 3816 3795 3869 ita-

2150 3905 2654 4005 quevvirginitas:
2712 3919 3043 3992 corruptela
3090 3915 3473 3974 mendacium
3512 3913 3621 3967 est.
3657 3905 3793 3961 State

2151 4036 2296 4094 ergo
2326 4021 2387 4074 in
2417 4016 2596 4074 corde
2616 4011 3011 4083 vestro,sicut
3038 4008 3195 4063 bona
3218 4006 3397 4062 vinea
3414 4005 3476 4059 in
3503 3994 3797 4074 propagine

2153 4127 2283 4168 sua.

2224 4236 2311 4292 45.
2337 4233 2535 4289 Multae
2560 4227 2910 4285 tentationes
2929 4225 3088 4295 sunt;
3105 4221 3367 4292 ideoque
3390 4218 3470 4274 ait
3487 4208 3769 4284 Scriptura
3789 4216 3800 4259 :

2165 4328 2345 4383 Tenta
2356 4326 2569 4379 verunt
2598 4334 2725 4374 eum
2751 4313 3096 4381 tentatione,
3114 4316 3173 4366 et
3195 4306 3643 4365 maledixerunt
3661 4299 3713 4355 ei
3729 4310 3807 4350 su-

2148 4432 2264 4489 per
2284 4429 2487 4487 aquam
2511 4402 3003 4465 contradictionis
3036 4399 3233 4456 Gades
3262 4399 3469 4467 (Deut.
3506 4406 3687 4459 χχιιι,
3709 4383 3805 4453 51).

2157 4483 2438 4560 Tentatur
2457 4496 2769 4571 virginitas
2790 4510 2822 4547 a
2842 4491 3144 4564 plerisque
3174 4485 3575 4558 petitoribus;
3608 4483 3662 4534 et
3693 4487 3808 4530 cum

2160 4592 2411 4650 voluerit
2439 4590 2610 4660 virgo
2639 4595 3046 4657 perseverare,
3082 4577 3356 4633 existunt
3403 4573 3507 4646 qui
3538 4560 3810 4626 contradi-

2161 4686 2314 4740 cant.
2349 4650 2708 4736 Contradicit
2737 4671 2970 4742 petitor,
3002 4671 3060 4723 et
3090 4667 3392 4722 relutatus
3423 4657 3728 4718 maledicit.
3757 4650 3813 4705 In

2164 4769 2483 4844 opprobrio
2511 4779 2650 4821 esse
2682 4761 2912 4815 videtur
2958 4739 3225 4828 innupta,
3261 4753 3363 4809 vel
3391 4750 3588 4823 virgo,
3619 4741 3709 4800 vel
3735 4739 3815 4795 vi-

2331 4858 2522 4914 Cades
2554 4853 2712 4909 enim
2740 4850 2984 4919 innupta
3013 4850 3125 4915 est,
3158 4860 3300 4915 quae
3337 4846 3434 4897 est
3467 4840 3668 4894 sancta
3698 4844 3817 4887 cor-

2165 4916 2308 5024 pore
2339 4952 2396 5003 et
2424 4944 2656 5017 spiritu,
2691 4943 2749 4996 et
2778 4916 3026 4993 Domino
3058 4950 3126 4990 se
3155 4933 3407 5001 dicavit,
3440 4943 3576 5002 quae
3603 4916 3821 4992 reliquit

2166 5008 2546 5113 parentes-et
2567 5008 2685 5087 non
2703 5029 2844 5084 facit
2875 5026 3237 5081 voluntatem
3279 5035 3493 5076 eorum
3528 5015 3629 5087 qui
3649 5008 3823 5067 solent

2169 5104 2401 5186 dicere:
2434 5104 2630 5179 Debes
2662 5118 2856 5188 nobis,
2881 5116 3019 5185 tilia,
3054 5114 3330 5183 nepotes.
3363 5107 3559 5163 Cades
3589 5104 3679 5158 est
3704 5109 3823 5170 qum

2167 5219 2324 5275 ﬁlios
2347 5214 2556 5271 nescit.
2581 5208 2747 5275 Quod
2769 5208 2822 5262 si
2842 5205 2942 5259 illa
2978 5201 3198 5258 divitiis
3221 5197 3443 5254 saeculi
3465 5191 3702 5266 praefert
3730 5200 3825 5275 ορατ

2167 5270 2473 5382 probrium
2495 5270 2734 5368 Christi,
2768 5294 2928 5368 quod
2958 5304 3208 5348 necesse
3241 5289 3341 5342 est
3369 5288 3435 5341 ut
3483 5282 3709 5349 subeat,
3739 5270 3828 5347 qui

2171 5466 2330 5509 esse.
2363 5449 2447 5503 De
2475 5458 2591 5517 quo
2614 5439 2802 5497 adisis
2831 5437 3055 5508 Expos.
3088 5434 3150 5489 in
3178 5431 3413 5486 Lucam
3452 5426 3558 5482 lib.
3588 5441 3647 5495 ι,
3680 5431 3829 5477 num.

2169 5524 2360 5666 ᾕῗθξξ
2388 5533 2609 5666 begin”
2626 5583 2809 5666 _edit.,
2850 5585 3094 5638 sanctus
3120 5573 3387 5645 Domini,
3432 5583 3643 5628 omnes
3671 5575 3831 5632 ωδε..

2154 5658 2412 5727 sanctus
2441 5658 2658 5719 David.

2240 5705 2725 5821 ﬁfﬁdﬁléait,
2744 5723 2890 5801 Quis
2904 5722 3135 5786 audivit
3146 5717 3289 5795 tale,
3307 5705 3834 5801 siparturivit,ete,
