4060 6158
277 360 372 426 365

1396 351 1958 424 ΕΧΗΟΗΤΑΤῙΟ
1989 352 2599 425 VIRGINITATIS.

3578 356 3695 430 366

275 563 454 635 quaerit
479 562 717 617 Christo
748 560 1023 632 placere;
1085 565 1302 634 quanto
1355 564 1548 636 magis
1587 579 1719 631 vos,
1753 577 1904 634 quos
1929 542 1984 607 Α
2023 562 2221 617 dixit:
2265 563 2398 617 Non
2433 567 2525 616 est
2560 577 2780 616 mecum
2821 562 2959 631 (Job
3010 581 3224 633 xxvm,
3261 560 3475 635 12-14).
3531 567 3689 622 Bene

274 657 415 724 pater
453 655 733 722 provocat
770 652 842 705 ad
890 651 1308 724 integritatem,
1341 657 1526 706 mater
1554 653 1820 707 hortatur
1849 652 1906 706 id

272 743 436 813 sequi,
460 741 614 812 quod
646 741 922 795 convenit
948 739 960 794 l

329 849 406 902 46.
437 848 660 902 Bonum
706 851 796 902 est
824 863 969 920 ergo
1001 848 1334 920 virginitas.
1368 848 1653 920 Denique,
1693 848 1904 919 Quiju-

270 939 484 1006 dicavit,
507 937 711 1007 inquit,
739 937 800 990 in
819 938 998 992 corde
1020 954 1124 992 suo
1139 953 1394 992 servare
1421 939 1714 1008 virginem
1737 954 1901 991 suum

267 1026 362 1096 (39)
387 1026 532 1080 bene
554 1026 718 1080 facit.
745 1025 940 1096 Igitur
955 1032 1014 1080 et
1038 1029 1136 1099 qui
1151 1028 1742 1099 matrimoniojungit
1770 1026 1896 1080 vir-

267 1117 439 1186 ginem
461 1131 643 1183 suam,
668 1114 822 1168 bene
855 1115 1038 1184 facit;
1072 1121 1130 1168 et
1166 1132 1263 1188 qui
1302 1132 1415 1170 non
1435 1116 1659 1187 jungit,
1695 1115 1905 1170 melius

266 1203 455 1273 facit(l
481 1203 724 1271 Cor.vu,
748 1203 837 1271 3'7,
877 1203 990 1273 38).
1026 1204 1127 1257 llle
1159 1205 1310 1258 bene
1368 1205 1507 1258 facit
1555 1206 1795 1275 propter
1815 1204 1902 1256 la-

266 1308 473 1363 qucum,
498 1293 594 1346 hic
619 1292 831 1347 melius
853 1291 993 1345 facit
1011 1295 1251 1362 propter
1280 1293 1604 1347 utilitatem.
1637 1293 1779 1347 Illud
1798 1308 1903 1363 pro

266 1382 520 1451 remedio,
554 1381 714 1435 istud
745 1396 852 1450 pro
888 1382 1152 1451 praemio.
1185 1383 1436 1436 Beatior
1475 1388 1666 1437 autem
1697 1383 1794 1454 qui
1815 1383 1908 1436 sic

258 1472 667 1542 permanserit,
714 1471 1030 1525 secundum
1079 1486 1268 1525 meum
1311 1471 1542 1544 quidem
1573 1471 1900 1528 consilium.

262 1560 393 1615 Puto
412 1561 564 1614 enim
589 1566 648 1613 ut
673 1565 730 1613 et
754 1576 862 1631 ego
878 1559 1169 1631 Spiritum
1192 1560 1306 1614 Dei
1325 1561 1574 1615 babeam
1597 1561 1756 1629 (Ibid
1787 1561 1901 1632 40).

259 1649 564 1721 Sequimini
595 1665 762 1720 ergo,
821 1649 944 1719 filii,
1004 1650 1319 1704 consilium
1358 1650 1644 1721 Apostoli,
1682 1652 1899 1706 donum

258 1737 489 1808 Spiritus
512 1739 726 1793 sancti.

316 1847 396 1899 ~17.
429 1845 654 1900 Sumite
686 1861 830 1917 ergo
860 1849 916 1899 et
945 1861 1075 1915 vos,
1110 1846 1264 1900 sicut
1294 1847 1549 1916 sumpsit
1593 1846 1774 1901 Maria
1807 1863 1903 1902 so-

2022 652 2282 722 abyssus
2315 651 2486 705 dixit:
2509 651 2643 706 Non
2663 658 2753 705 est
2769 652 2828 704 in
2869 667 2978 719 me,
3015 654 3151 723 quia
3188 656 3689 724 resurrexit;non

2022 741 2177 795 enim
2201 741 2376 794 habet
2397 756 2570 811 quem
2601 744 2802 794 tenere
2825 757 2940 794 non
2965 743 3168 811 potuit.
3203 743 3468 814 Denique
3499 743 3686 798 habes

2021 829 2080 882 in
2110 828 2457 900 Evangelio,
2509 829 2643 900 quia
2675 829 2872 900 angeli
2920 829 3196 884 dixerunt
3233 831 3579 886 mulieribus
3612 832 3687 886 ad

2020 918 2357 987 sepulcrum
2408 918 2784 972 venientibus
2820 934 2831 972 :
2866 918 3065 972 Jesum
3106 936 3201 990 qui
3233 919 3554 974 cruciﬁxus
3570 926 3683 991 est,

2020 1007 2296 1078 quaeritis
2309 1027 2324 1061 .·
2353 1023 2465 1061 non
2502 1013 2593 1061 est
2623 1007 2740 1073 llic,
2775 1006 2886 1061 sed
2909 1009 3183 1061 surrexit
3205 1008 3444 1077 (Matth.
3477 1026 3682 1078 xxvm,

2017 1097 2069 1162 5,
2105 1095 2180 1165 6).
2205 1095 2354 1160 Quid
2391 1099 2502 1164 est,
2539 1110 2650 1150 non
2675 1102 2767 1149 est
2802 1096 2949 1150 hic?
2981 1097 3036 1150 id
3069 1098 3188 1166 est,
3223 1111 3340 1152 non
3363 1099 3454 1151 est
3492 1097 3552 1151 in
3582 1111 3684 1152 se-

2016 1184 2241 1253 pulcro,
2277 1200 2394 1239 non
2429 1188 2520 1239 est
2551 1185 2610 1237 in
2641 1185 2892 1238 infernis
2914 1227 2927 1254 ,
2971 1186 3079 1240 sed
3109 1186 3168 1240 in
3192 1186 3539 1241 coelestibus
3571 1189 3684 1242 est.

2018 1273 2177 1326 Mare
2208 1289 2464 1344 quoque,
2501 1273 2613 1327 hoc
2632 1278 2742 1341 est,
2777 1274 3065 1328 saeculum
3097 1274 3256 1344 dicit,
3300 1265 3555 1329 mundus
3587 1274 3684 1330 hic

2017 1362 2158 1415 dicit
2191 1378 2202 1416 :
2231 1363 2364 1418 Non
2396 1368 2487 1417 est
2522 1377 2778 1428 mecum;
2825 1364 2961 1434 quia
3011 1379 3191 1434 supra
3236 1365 3517 1418 mundum
3569 1367 3684 1435 est,

2017 1467 2190 1520 quem
2224 1451 2359 1506 vitae
2389 1451 2660 1506 humanae
2683 1452 2889 1522 lapsus
2919 1455 3094 1524 atque
3127 1453 3406 1508 illecebra
3439 1469 3557 1508 non
3586 1453 3688 1507 im-

2018 1541 2293 1609 mutavit;
2324 1541 2460 1612 quia
2513 1548 2815 1612 peccatum
2841 1557 2952 1595 non
2965 1542 3130 1611 fecit,
3167 1557 3274 1596 nec
3295 1548 3388 1596 est
3405 1541 3572 1597 dolus
3595 1544 3686 1596 in-

2025 1635 2234 1682 ventus
2255 1631 2315 1683 in
2337 1646 2441 1684 ore
2464 1630 2665 1701 qjus(l
2680 1630 2853 1685 Petr.
2879 1647 2938 1700 ιι,
2971 1631 3080 1700 22).
3107 1631 3384 1702 Abyssus
3415 1647 3558 1704 ergo
3591 1631 3685 1687 di-

2016 1718 2137 1778 xit:
2171 1718 2304 1773 Non
2323 1725 2413 1774 est
2435 1720 2498 1772 iu
2517 1735 2648 1788 me;
2685 1735 2845 1774 mare
2877 1719 3024 1773 dixit
3073 1736 3086 1774 :
3129 1721 3263 1776 Non
3303 1728 3395 1775 est
3435 1737 3681 1777 mecum.

2016 1807 2131 1862 Sed
2156 1808 2370 1862 coelum
2419 1823 2536 1862 non
2573 1808 2719 1862 dixit
2750 1808 2886 1880 quia
2920 1824 3038 1863 non
3071 1812 3164 1863 est
3191 1809 3345 1879 apud
3394 1826 3482 1880 se,
3507 1826 3684 1881 quem

257 1898 613 2004 mm...
635 1898 956 2000 an...
997 1898 1904 2005 't,-'..;p.;.....'..‘.;...s...‘9;..-
1937 1919 1988 1982 Β
2017 1901 2321 2005 reeeeeeee
2352 1901 2783 1969 eeeeeeeeeee-
2820 1898 3140 1996 Peeeeeee
3322 1898 3468 2005 eiee
3502 1915 3515 1954 =
3547 1900 3683 1955 Nee

255 2022 369 2091 tris,
399 2023 618 2091 (Exod.
653 2040 752 2092 xv,
787 2021 876 2091 20)
903 2040 916 2092 ;
951 2024 1107 2078 exite
1131 2024 1396 2078 dicentes
1423 2040 1434 2078 :
1466 2023 1780 2078 Cantemus
1800 2025 1906 2079 Do-

256 2111 396 2166 mino
419 2112 713 2182 :gloriose
732 2114 886 2166 enim
904 2113 1330 2168 lionorilicatus
1355 2119 1472 2182 est,
1508 2130 1711 2185 equum
1726 2120 1782 2168 et
1805 2131 1904 2168 as-

257 2216 546 2255 censorem
593 2200 850 2272 projecit
891 2202 952 2255 in
998 2218 1163 2256 more
1206 2202 1384 2271 (Ibid.
1445 2203 1519 2271 1).
1561 2203 1906 2257 Mortiﬁcate

254 2290 496 2344 membra
525 2294 728 2345 vestra
749 2291 1008 2361 tympani
1039 2291 1210 2346 modo
1246 2307 1257 2346 :
1283 2291 1440 2345 nulla
1460 2291 1520 2345 in
1550 2292 1625 2346 iis
1659 2291 1904 2346 lascivia

255 2380 435 2434 carnis
466 2383 798 2448 exaestuet,
850 2381 1162 2451 omnisque
1211 2381 1536 2452 ﬂagrantiae
1579 2381 1905 2451 corporalis

255 2484 458 2523 sensus
492 2470 763 2524 intereat.
812 2469 1057 2523 Nesciat
1088 2470 1149 2523 in
1181 2469 1255 2523 iis
1294 2470 1413 2524 nisi
1440 2470 1594 2524 inter
1640 2473 1905 2524 mortuas

255 2559 509 2628 corporis
528 2558 863 2627 voluptates
879 2557 1045 2611 solus
1064 2558 1310 2627 spiritus
1323 2558 1633 2613 resultare.
1668 2559 1728 2614 Si
1752 2561 1906 2613 enim

254 2646 386 2710 290
415 2647 636 2702 mortui
667 2647 897 2700 fueritis
929 2649 1193 2716 peccato,
1228 2647 1444 2701 vivctis
1492 2648 1612 2701 Deo
1647 2663 1658 2703 :
1691 2649 1906 2702 vivetis

251 2740 451 2805 autem,
476 2737 530 2790 si
563 2752 686 2790 non
719 2739 928 2808 regnet
961 2736 1019 2789 in
1043 2751 1289 2806 corpore
1307 2740 1508 2791 vestro
1531 2741 1759 2792 mortuo
1790 2738 1906 2792 ulla

252 2825 745 2896 concupiscentia.

312 2932 397 2986 ~18.
415 2933 668 2986 \‘ersate
691 2933 965 2987 manibus
989 2931 1208 2987 vestris
1233 2948 1470 2987 crucem
1490 2933 1722 2988 Domini
1741 2934 1906 3004 Jesu,

252 3023 299 3074 et
326 3023 382 3074 in
411 3022 637 3075 vestris
667 3037 795 3075 eam
815 3021 1096 3091 operibus
1116 3021 1438 3089 elevantes,
1457 3023 1676 3076 calcate
1708 3024 1910 3077 mundi

252 3109 418 3180 hujus
449 3110 837 3180 profundum,
891 3114 947 3164 et
992 3110 1367 3180 pertransite.
1401 3111 1501 3165 Ille
1531 3112 1688 3165 sicut
1719 3129 1909 3183 equus

251 3199 602 3254 adhinniens
635 3199 692 3252 in
726 3199 1050 3268 libidinem,
1085 3199 1309 3253 nullum
1338 3199 1530 3253 locum
1565 3200 1822 3255 inveniat
1851 3201 1910 3255 in

2017 1991 2109 2039 est
2140 1987 2202 2039 in
2231 2001 2344 2055 me,
2387 2002 2560 2056 quem
2594 2001 2846 2058 regnare
2880 1986 2939 2040 in
2987 2002 3075 2055 se,
3127 1987 3400 2043 absoluto
3447 2004 3683 2059 quoque

2015 2075 2263 2142 latrone,
2299 2079 2662 2146 cognoverat
2695 2091 2709 2142 ;
2747 2075 2901 2130 sicut
2955 2076 3085 2146 ipse
3144 2076 3431 2132 Dominus
3487 2078 3633 2133 dixit
3666 2093 3680 2135 :

2014 2163 2207 2218 Hodie
2228 2180 2451 2218 meeum
2472 2164 2600 2218 eris
2614 2165 2678 2218 in
2693 2165 2978 2235 paradiso
3005 2165 3171 2235 (Luc.
3205 2183 3372 2236 xxm,
3405 2165 3516 2236 43).

2087 2271 2176 2324 50.
2211 2271 2519 2339 Attrahite,
2553 2271 2686 2340 filii,
2721 2271 3067 2341 sapientiam
3097 2271 3158 2326 in
3188 2272 3466 2327 interiora
3498 2272 3684 2328 vestri

2019 2359 2218 2413 cordis
2251 2359 2682 2430 promptuaria,
2743 2360 3021 2431 quoniam
3079 2375 3147 2415 ea
3206 2364 3298 2416 est
3327 2362 3486 2416 omni
3535 2378 3681 2418 auro

2017 2450 2383 2520 argentoque
2409 2448 2746 2518 pretiosior,
2778 2465 2953 2520 quam
2973 2464 3136 2505 mors
3159 2451 3380 2521 nescit;
3403 2451 3541 2522 quia
3564 2466 3684 2508 non

2017 2537 2231 2591 mortui
2277 2538 2599 2592 laudabunt
2646 2541 2723 2606 te,
2777 2538 3022 2593 Domine
3078 2539 3212 2610 (41),
3247 2540 3353 2595 sed
3410 2541 3683 2598 viventes

2019 2625 2206 2694 (Psal.
2242 2643 2402 2695 cxm,
2431 2627 2518 2695 1'7,
2552 2627 2660 2696 18).
2725 2627 2795 2681 Et
2834 2643 2944 2682 vos
2976 2629 3158 2700 igitur
3185 2632 3247 2683 ut
3275 2629 3510 2699 vivatis,
3543 2630 3674 2686 lau-

2021 2715 2150 2769 date
2183 2715 2517 2784 Dominum,
2547 2719 2604 2770 et
2624 2716 2854 2771 laudate
2877 2733 3010 2771 eum
3040 2717 3252 2772 diebus
3282 2735 3350 2772 ac
3381 2719 3681 2775 noctibus.

2021 2805 2365 2859 Laudabitis
2398 2809 2611 2876 autem,
2646 2806 2699 2859 si
2729 2806 2802 2860 ab
2835 2821 2905 2861 eo
2936 2806 3095 2860 nulla
3116 2822 3228 2862 vos
3255 2811 3481 2863 avertat
3514 2810 3686 2879 cupi-

2018 2893 2170 2948 ditas
2190 2894 2562 2965 matrimonii,
2597 2897 2653 2948 et
2685 2912 2824 2949 cura
2854 2895 3372 2967 mundi,quoniam
3401 2914 3535 2969 qum
3555 2913 3692 2954 con-

2014 2983 2252 3053 jugium
2298 2984 2629 3038 sortiuntur
2677 2983 3071 3039 sollicitantur
3111 2985 3312 3055 mundi
3362 2986 3547 3059 hujus
3586 3003 3689 3043 ne-

2022 3072 2223 3144 gotiis.

2638 3161 2890 3217 CAPUT
2923 3163 3069 3218 VIII.

255 3287 449 3358 vobis;
483 3292 542 3343 et
575 3289 916 3359 quicunque
947 3287 1199 3342 voluerit
1236 3304 1607 3359 persequens
1638 3305 1908 3360 compre-

2035 3269 2102 3326 Ut
2118 3268 2346 3360 prqlem
2379 3286 2560 3350 suam,
2579 3269 2966 3360 quzeDeojam
2985 3286 3016 3323 a
3025 3268 3686 3360 gerentibuspromissa

252 3375 496 3432 hendere
527 3392 667 3445 vos,
703 3376 1105 3448 demergatur.
1157 3376 1408 3431 Dextera
1457 3378 1725 3449 laevaque
1755 3381 1910 3433 circa

250 3480 347 3519 vos
377 3482 548 3538 aquae
584 3481 792 3520 murus
823 3466 918 3533 sit,
950 3468 1013 3520 ut
1041 3482 1223 3536 vapor
1254 3467 1446 3521 omnis
1469 3467 1739 3538 corporis
1767 3470 1912 3522 tem-

251 3559 509 3625 paretur;
544 3555 740 3609 donec
773 3554 846 3608 ad
867 3555 1002 3609 illos
1017 3555 1422 3627 intelligibiles
1450 3557 1762 3611 duodecim
1785 3556 1913 3611 fon-

255 3645 353 3712 tes,
385 3648 441 3699 et
471 3644 857 3714 septuaginta
878 3643 1125 3698 arbores
1148 3644 1494 3714 palmarum,
1515 3645 1587 3698 ad
1611 3645 1768 3698 illam
1800 3661 1914 3699 ma-

253 3735 343 3802 gni
373 3734 645 3804 requiem
668 3733 909 3787 Sabbati
939 3733 1052 3801 (40)
1103 3733 1299 3786 divina
1336 3749 1448 3788 vos
1481 3735 1741 3804 dignatio
1773 3751 1911 3805 per-

255 3821 432 3890 ducat,
465 3827 524 3877 et
556 3823 619 3876 in
653 3824 908 3875 montem
941 3822 1302 3876 hoereditatis
1353 3839 1479 3877 sua:
1529 3824 1788 3894 plantare
1821 3825 1913 3878 di-

256 3915 475 3981 gnetur,
509 3911 614 3966 ubi
649 3914 854 3964 sancta
888 3910 1066 3964 Maria
1099 3911 1316 3965 choros
1340 3912 1518 3966 ducit.

318 4015 400 4072 49.
433 4017 670 4071 Induite
702 4031 870 4088 ergo,
895 4016 1018 4085 ﬁlii,
1052 4016 1361 4070 Dominum
1392 4017 1634 4086 Jesum;
1667 4019 1913 4088 quaerite

254 4120 444 4159 veram
490 4106 887 4176 sapientiam,
948 4105 1019 4159 de
1079 4121 1193 4176 qua
1225 4105 1365 4159 dicit
1422 4107 1533 4160 Job
1595 4123 1606 4160 :
1669 4107 1916 4179 Sapien-

258 4194 329 4246 tia
381 4201 578 4249 autem
640 4194 792 4248 unde
831 4194 1076 4248 inventa
1131 4199 1243 4263 est,
1294 4195 1391 4266 qui
1443 4195 1604 4250 locus
1642 4196 1914 4268 discipli-

257 4299 337 4337 nae
560 4283 847 4355 Abyssus
885 4283 1042 4337 dixit
1083 4303 1099 4336 :
1139 4283 1272 4338 Non
1327 4289 1418 4338 est
1476 4286 1538 4338 iu
1585 4301 1697 4340 me.
1741 4287 1916 4342 Mare

319 4425 426 4494 (39)
477 4426 722 4499 Aliquot
753 4442 923 4494 mss.,
949 4443 1203 4481 servare
1231 4427 1638 4499 virginitatem
1657 4445 1842 4484 snam.

320 4499 428 4565 (40)
455 4498 574 4572 Hic
607 4499 795 4551 beatae
833 4498 1293 4572 resurrectionis
1320 4498 1587 4572 quietem
1631 4501 1916 4572 intellige,

259 4582 420 4691 quam
451 4569 512 4622 in
544 4570 883 4638 septenario
915 4585 1158 4623 numero
1205 4569 1506 4640 designari
1539 4573 1764 4640 passim
1797 4569 1917 4625 tra-

295 4640 403 4691 itur
421 4641 495 4691 ab
527 4640 871 4691 Ambrosio.
891 4639 1180 4691 Caeterum
1202 4641 1427 4691 Judaeis
1458 4641 1565 4691 tria
1599 4647 1764 4691 erant
1785 4659 1915 4691 (mm

2093 3341 2244 3424 erat,
2271 3342 2400 3424 acri
2407 3358 2473 3395 us
2493 3346 2732 3424 urgeat,
2760 3341 2900 3394 lilia:
2921 3341 3174 3424 {ep-little
3190 3342 3251 3423 in
3264 3341 3683 3424 implendo-pa-

2097 3419 2269 3467 terno
2295 3419 2426 3467 voto
2447 3412 2787 3483 obsequium
2837 3411 3036 3466 refert
3080 3427 3093 3467 ε
3135 3411 3356 3468 deinde
3389 3414 3464 3468 ad
3498 3411 3683 3469 lilium

2095 3500 2384 3556 conversa
2418 3484 2476 3556 ei
2493 3489 2750 3556 revocat
2766 3483 2828 3556 in
2847 3485 3188 3538 memoriam
3207 3485 3684 3556 quemadmodum

2088 3555 2374 3635 precibus
2392 3572 2422 3608 ιι
2446 3555 2568 3636 Deo
2591 3553 2776 3635 fuerit
2799 3554 3170 3636 impetratum
3198 3553 3292 3636 eui
3304 3557 3560 3636 proinde
3582 3573 3690 3636 ne-

2092 3625 2228 3698 gari
2248 3643 2358 3679 non
2377 3627 2721 3698 possitsine
2741 3626 3013 3698 crimine.
3039 3625 3153 3679 His
3175 3625 3375 3695 dictis,
3401 3627 3687 3682 alacrita-

2097 3696 2211 3768 tem
2238 3698 2356 3768 piae
2388 3696 2612 3751 sobolis
2647 3712 2922 3768 cernens,
2965 3697 3028 3749 in
3061 3699 3392 3768 gratiarum
3424 3701 3691 3754 actiones

2097 3766 2424 3823 effunditur
2445 3773 2684 3821 sanctas
2721 3766 2938 3820 mulier
2974 3788 2990 3821 :
3027 3766 3200 3837 cuius
3234 3769 3593 3824 Ambrosius
3631 3773 3690 3826 in

2092 3840 2446 3907 Ecclesiam,
2494 3838 2593 3892 ubi
2631 3837 2814 3892 ﬁlium
2867 3838 3114 3894 lectoris
3140 3839 3449 3896 obeuntem
3481 3858 3691 3898 munus

2091 3912 2345 3984 reperit,
2366 3925 2712 3982 processum
2737 3916 2965 3964 narrat.

2093 4021 2182 4076 51.
2216 4017 2622 4086 Considerate,
2667 4016 2917 4087 filii,qui
2964 4018 3118 4072 votis
3164 4017 3429 4075 debeatis
3473 4036 3690 4091 paren-

2024 4114 2166 4166 tum.
2193 4108 2548 4178 Aperuimus
2570 4107 2641 4160 ad
2658 4106 2842 4161 Deum
2865 4122 2933 4161 os
2958 4107 3095 4171 291
3137 4111 3406 4163 nostrum
3440 4125 3452 4164 :
3488 4113 3692 4165 votum

2025 4203 2117 4254 est
2154 4198 2426 4254 voluntas
2476 4198 2783 4266 parentum
2833 4195 2964 4265 (42).
3002 4196 3136 4251 Non
3197 4197 3519 4268 oravimus,
3578 4209 3689 4252 vos

2026 4288 2259 4344 solvite.
2293 4286 2516 4350 Quanta
2546 4285 2640 4338 vis
2677 4284 2755 4338 sit
2799 4283 2857 4338 in
2900 4284 3056 4339 votis
3099 4288 3406 4356 parentum
3437 4284 3689 4355 Jephthe

2026 4431 2272 4485 nae/ium
2295 4435 2392 4483 aut
2407 4434 2658 4500 paterna
2681 4427 2754 4482 de
2766 4427 3280 4500 votioautpropria
3294 4425 3594 4500 professio
3610 4425 3693 4480 fa-

2026 4504 2126 4556 cit.
2150 4497 2444 4572 Quidquid
2475 4500 2910 4572 borum‘luerit,
2932 4497 3255 4572 alligatum
3291 4497 3536 4572 tenebit,
3573 4501 3686 4572 etc.

2025 4575 2166 4627 ltem
2198 4568 2330 4626 can:
2350 4573 2418 4624 50
2448 4586 2460 4624 :
2487 4570 2620 4624 Non
2643 4569 2822 4622 aliter
2845 4575 2901 4622 et
2918 4569 2984 4622 bi
3001 4569 3097 4639 qui
3113 4568 3350 4622 detonsi
3369 4585 3401 4621 a
3413 4569 3689 4639 parenti-

295 4640 403 4692 itur
421 4641 495 4694 ab
527 4639 1180 4713 Anibrosio.C_:eterum
1202 4639 1427 4694 Judaéis
1458 4639 1566 4695 tria
1599 4647 1764 4696 erant
1785 4659 1915 4713 quae
1941 4647 1997 4710 D
2030 4645 2188 4698 tibus
2234 4643 2481 4713 fuerint,
2517 4644 2626 4694 etc.
2657 4640 2936 4713 _lsidorus
2979 4654 3214 4713 quoque
3255 4655 3373 4693 non
3388 4639 3598 4713 solum
3629 4640 3691 4694 in

261 4724 459 4784 magna
493 4711 864 4779 vocitabant,
915 4711 1166 4784 sabbata
1199 4712 1527 4784 deiquibus
1576 4714 1648 4766 ad
1694 4711 1916 4784 Expos.

260 4780 312 4833 in
343 4781 564 4835 Lucam
598 4798 722 4848 vui,
756 4798 914 4835 num.
948 4783 1033 4843 25,
1079 4783 1300 4853 aliquid
1327 4780 1761 4839 'observamus.
1787 4780 1918 4839 Lo-

260 4866 381 4904 cum
406 4853 627 4922 ipsum,
663 4853 714 4904 si
747 4856 930 4920 vacat,
964 4852 1101 4906 adit.

324 4923 433 4990 (tt)
463 4923 689 4976 Omnes
733 4924 869 4977 edit.
925 4940 1057 4978 cum
1109 4940 1256 4980 mss.
1297 4925 1627 4990 nonnullis,
1680 4926 1920 4980 laudant

263 4991 562 5116 30minum
591 5011 605 5063 ς
640 4994 736 5047 alii
768 5010 915 5048 mss.
951 5011 1166 5066 magno
1196 5012 1463 5066 numero,
1496 4997 1815 5052 laudabunt
1842 5004 1926 5067 te,

312 5081 520 5116 omine.

312 5081 520 5119 omine.

327 5135 598 5209 (“Nam
629 5152 808 5209 supra
843 5137 1242 5207 Laurentium,
1275 5139 1451 5192 trium
1475 5139 1704 5192 illarum
1734 5138 1918 5209 virgi-

265 5220 391 5279 num
435 5208 700 5276 fratrem,
740 5208 990 5262 Julianae
1024 5210 1248 5277 verbis,
1297 5215 1567 5263 votorum
1599 5227 1629 5262 a
1660 5208 1919 5279 parenti-

266 5275 899 5351 bus_nuncupatorum
945 5275 1358 5350 admonuerat,
1402 5282 1569 5351 quasi
1605 5275 1922 5335 maximum

266 5348 404 5416 apud
439 5349 712 5402 eumdem
745 5350 962 5404 habere
993 5351 1243 5405 debeant
1266 5348 1621 5405 momentum
1646 5367 1658 5406 :
1681 5353 1792 5406 hoc
1822 5369 1922 5406 au-

268 5422 370 5471 tem
394 5421 524 5474 loco
561 5421 931 5475 manifestius
955 5423 1148 5476 adhuc
1181 5423 1520 5477 eorumdem
1551 5429 1819 5477 votorum
1851 5423 1923 5476 ad

272 5491 684 5562 astringendos
717 5492 940 5546 liberos
969 5493 1242 5547 virtutem
1277 5495 1464 5547 docet.
1499 5494 1653 5548 Sane
1683 5494 1924 5548 dubium

271 5575 376 5635 non
393 5569 505 5635 est,
522 5563 686 5632 quim
703 5563 956 5617 infantes
971 5565 1107 5617 olim
1125 5566 1497 5619 monasteriis
1527 5582 1558 5618 a
1581 5565 1924 5635 parentibus

274 5632 441 5686 oblati
490 5638 867 5706 cogerentur,
903 5635 1110 5690 saltem
1166 5638 1225 5690 in
1264 5632 1600 5690 Occidentis
1634 5636 1921 5706 Ecclesia,

271 5704 858 5781 monasticalnyitam
906 5711 1499 5781 perpetuet-servare.
1554 5709 1682 5764 Hoc
1728 5704 1926 5781 aperie

270 5776 528 5856 pmcipgt
579 5776 762 5840 Tolet.
816 5776 1160 5839 Concfcan.
1195 5779 1285 5859 48,
1329 5779 1430 5840 ubi
1459 5780 1717 5863 legimus
1751 5776 1925 5843 {Mo-

2028 4717 2198 4769 Decr.
2243 4715 2331 4780 ΞΟ,
2365 4730 2422 4783 q.
2459 4715 2510 4780 1,
2546 4728 2596 4764 c.
2635 4715 2969 4780 Quicunque
3011 4715 3251 4778 relatus,
3301 4715 3408 4764 sed
3451 4715 3626 4764 etiam
3655 4727 3686 4766 a

2027 4790 2232 4840 sancto
2266 4783 2581 4838 Benedicto
2613 4781 2958 4834 Anianiensi
2991 4781 3047 4833 in
3071 4780 3360 4852 Concord.
3384 4782 3534 4852 Reg.
3556 4798 3686 4852 cap.

2025 4857 2115 4923 45,
2149 4856 2180 4928 ἕ
2207 4857 2259 4928 3,
2295 4858 2349 4928 et
2381 4871 2412 4907 a
2444 4852 2856 4928 Smaragdoin
2894 4851 3139 4928 Regulae
3170 4853 3359 4928 sancti
3382 4851 3689 4928 Benedicti

2032 4923 2259 4997 capi-19
2283 4927 2518 4990 citatus,
2552 4923 2705 4997 idem
2748 4924 2966 4976 statuit.
3003 4923 3129 4997 Hoc
3169 4923 3363 4997 ipsum
3395 4924 3566 4997 etiam
3595 4923 3690 4994 ju-

2029 4994 2169 5052 bent
2199 4997 2482 5067 synodus
2498 4995 2878 5067 Aureliamv,
2913 5010 3041 5048 can.
3069 4994 3325 5067 19,sicut
3353 4999 3410 5048 et
3439 5012 3456 5067 ι
3489 4996 3691 5049 Matis-

2030 5086 2160 5123 con.
2189 5065 2315 5122 can.
2340 5067 2425 5120 18.
2451 5065 2878 5137 Quibusadjici
2902 5066 3430 5137 potestGregorius
3444 5066 3492 5137 ll
3517 5083 3685 5137 papa,

2028 5140 2199 5210 epist.
2235 5138 2287 5206 9,
2321 5138 2390 5191 ad
2424 5137 2615 5210 Bonif.
2651 5136 2892 5210 Mogun.
2931 5137 3111 5210 relata
3133 5137 3190 5189 in
3215 5135 3384 5190 Decr.
3420 5135 3686 5210 20,7qf'1.

2029 5207 2082 5265 οῖ
2112 5210 2477 5265 Addidistis.
2511 5207 2869 5262 Confirmant
2900 5208 3164 5261 eamdem
3195 5223 3318 5262 rem
3335 5207 3690 5278 praeterito-

2029 5283 2201 5353 gulas
2233 5281 2423 5353 sancti
2457 5279 2776 5353 Benedicti,
2814 5279 3079 5353 Magistri
3105 5281 3161 5332 et
3181 5279 3349 5347 alias,
3383 5280 3560 5353 etiam
3578 5280 3692 5332 t'or-

2028 5349 2203 5407 mulae
2237 5352 2453 5422 quibus
2486 5352 2543 5404 in
2577 5349 2894 5404 olierendis
2938 5350 3083 5422 ﬁliis
3133 5354 3407 5422 parentes
3447 5350 3690 5403 uteban-

2028 5428 2142 5493 tur,
2173 5420 2323 5494 quas
2355 5421 2989 5494 Menardusgnoster‘in
3023 5420 3312 5494 Concord.
3353 5421 3517 5494 _Reg.
3558 5435 3685 5494 cap.

2027 5491 2216 5564 suae
2249 5497 2464 5564 praeter
2488 5492 2886 5564 Acheriumﬁin
2920 5492 3090 5564 Notis
3121 5493 3193 5545 ad
3218 5491 3689 5564 Lanfrtretalibi,

2031 5561 2267 5620 Mabillf
2301 5569 2506 5619 noster
2551 5567 2688 5617 tom.
2743 5563 2814 5616 lll
2845 5563 3142 5631 Ana/eet,
3185 5577 3320 5632 pag.
3371 5561 3494 5632 4769,
3529 5561 3690 5632 exhi-

2028 5637 2187 5692 bent.
2238 5637 2384 5708 Vide
2434 5634 3048 5708 quoqueudoctissimi
3097 5630 3493 5708 Thbﬂniassiqi.
3545 5630 3691 5708 Dis:-

2031 5708 2165 5793 ςέριο
2190 5707 2357 5763 Eeel-
2391 5699 2532 5780 P-‘e,
2552 5699 2621 5793 ea.
2653 5705 2877 5793 ’ξδ’-Ψ
2913 5699 3692 5793 e.eee}ee:e§éeeeftlee.eﬂ

2031 5771 2282 5860 Hiepan.
2307 5771 2474 5851 coite.
2508 5771 2886 5857 namque
2933 5775 3084 5846 forte
3129 5771 3343 5838 melius
3370 5771 3694 5848 referretur

2365 4730 2422 4783 q.
2459 4712 2510 4780 1,
2546 4728 2596 4764 c.
2635 4710 2969 4783 Quicunque
2995 4710 3251 4783 relatus,
3301 4710 3416 4783 sed
3451 4711 3626 4764 etiam
3655 4727 3691 4766 ο.
