4060 6158
403 384 527 450 367

1847 372 1914 441 S.
1961 372 2405 442 AMBROSII.

3731 371 3845 441 368

406 580 729 640 Galaaditis
760 579 882 637 ﬁlia
909 595 1023 638 vos
1068 579 1245 636 debet
1272 577 1509 649 docere,
1544 593 1677 650 quae
1706 592 1781 633 ne
1814 576 2072 633 frustra-
2100 557 2158 621 Α
2182 575 2329 641 292
2364 574 2546 647 cujus
2575 575 2696 631 vita
2743 574 3039 631 institutio
3084 574 3417 647 disciplina
3460 576 3574 645 est,
3606 577 3663 630 et
3689 590 3847 646 quae—

406 673 571 728 retur
619 669 977 726 oblationem
1010 673 1336 741 paternam,
1383 669 1559 724 etiam
1604 670 1854 723 mortem
1903 681 2072 721 suam

406 758 639 816 obtulit.
673 758 826 815 Nam
857 774 993 815 cum
1022 758 1123 814 ille
1167 757 1466 814 sollicitus
1505 756 1577 811 de
1617 756 1757 811 belli
1784 755 2070 826 periculo,

406 847 683 904 vovisset
708 851 774 904 ut
804 849 857 904 si
890 847 1238 920 prosperior
1266 862 1483 919 pugnm
1531 849 1781 902 eventus
1811 844 1982 913 foret,
2014 844 2073 898 id

409 936 571 1009 quod
602 937 967 1009 regredienti
1016 937 1255 993 domum
1293 951 1462 991 suam
1493 935 1681 1006 primo
1712 933 1830 988 sibi
1859 949 2073 989 occur-

401 1028 585 1097 reret,
619 1026 742 1082 Deo
774 1026 1134 1096 immolaret;
1167 1025 1268 1081 ubi
1301 1024 1549 1080 victoria
1580 1024 1801 1095 potitus
1831 1025 1943 1093 est,
1976 1038 2073 1077 oc-

409 1115 594 1171 currit
624 1115 764 1186 filia,
812 1115 945 1171 laeta
988 1132 1113 1186 prie
1163 1115 1398 1170 caeteris
1445 1113 1663 1187 gaudio
1708 1111 1975 1168 victoriis
2018 1113 2076 1166 et

406 1204 645 1276 pietatis
676 1204 895 1261 ofﬁcio.
920 1204 1216 1277 Ingemuit
1228 1206 1398 1275 pater
1424 1218 1544 1259 non
1573 1200 1819 1257 affectus
1848 1215 2075 1257 memor

398 1291 547 1365 (48),
578 1293 689 1349 sed
716 1293 946 1348 memor
967 1294 1107 1349 voti.
1140 1292 1428 1358 Quaesivit
1467 1307 1708 1348 causam
1747 1290 1865 1346 filia
1898 1306 1911 1346 :
1944 1306 2072 1346 res-

404 1381 612 1453 pondit
641 1382 740 1437 ille
762 1381 905 1454 quid
934 1382 1185 1438 Domino
1206 1381 1605 1454 promisisset.
1637 1380 1786 1436 Tum
1815 1379 1913 1434 illa
1943 1378 2076 1435 hor-

399 1474 519 1527 tata
549 1473 645 1527 est
674 1474 736 1526 ut
762 1472 1129 1543 promissum
1159 1472 1283 1527 Deo
1305 1486 1522 1527 munus
1551 1470 1840 1543 impleret.
1873 1469 2072 1541 Itaque

406 1561 705 1616 incautam
770 1561 959 1631 patris
1004 1559 1363 1617 oblationem
1409 1559 1703 1634 sanguine
1753 1574 1866 1616 suo
1897 1557 2077 1615 solvit

408 1649 624 1720 (Judic.
657 1665 741 1720 xx,
772 1646 985 1720 30-39).
1162 1662 1163 1665 ‘

476 1756 566 1811 52.
600 1755 747 1812 Haec
777 1755 953 1812 vobis
1001 1757 1335 1813 communia
1383 1757 1517 1827 (44).
1577 1756 1666 1811 Tu
1694 1758 1908 1825 autem,
1967 1752 2069 1823 illi,

407 1860 586 1917 quem
602 1845 747 1900 mihi
778 1860 961 1901 verus
995 1846 1215 1901 Elcana
1269 1846 1327 1915 (Ι
1367 1845 1516 1918 Reg.
1567 1862 1606 1915 ι,
1661 1843 1689 1900 1
1722 1851 1782 1899 et
1810 1844 1982 1916 seq),
2014 1843 2075 1897 id

404 1937 518 2005 est,
555 1934 662 1990 Dei
694 1934 855 1989 debit
882 1935 1218 2007 possessio,
1252 1934 1589 2006 postulatus
1632 1948 1823 2003 meus,
1854 1932 2073 2004 petitus
2111 1938 2159 2001 Β
2256 1928 2355 1982 nis

402 2039 575 2080 meus
621 2024 783 2095 (inde
842 2024 1003 2079 enim
1033 2025 1210 2081 etiam
1254 2023 1490 2080 Samuel
1535 2038 1655 2079 non
1684 2022 1955 2093 accepit),
1987 2024 2071 2091 tu,

403 2114 681 2186 inquam,
731 2113 1078 2185 impetratus
1123 2128 1322 2183 meus,
1356 2115 1413 2168 et
1455 2112 1692 2168 votivus
1732 2126 1922 2180 meus,
1972 2112 2074 2183 qui

404 2202 701 2275 quomodo
730 2202 792 2257 in
840 2206 1072 2258 uterum
1121 2219 1317 2258 meum
1345 2201 1584 2257 veneris
1609 2243 1624 2272 ,
1685 2200 1890 2256 nescio
1929 2199 2072 2272 (jam

406 2292 567 2348 enim
596 2292 1057 2363 desperaveram
1097 2292 1367 2348 sobolem
1397 2306 1583 2347 sexus
1610 2290 1847 2361 virilis),
1900 2304 2075 2361 quem

406 2379 556 2436 mihi
583 2382 719 2436 vota
748 2395 900 2452 mea,
935 2396 1055 2437 non
1084 2381 1281 2453 aliqua
1310 2379 1598 2436 solemnis
1631 2382 1822 2434 coetus
1845 2380 2077 2434 secreta

407 2469 739 2527 formarunt
769 2485 782 2524 :
807 2472 890 2540 tu,
914 2469 1177 2542 inquam,
1211 2470 1296 2525 fili
1327 2483 1591 2543 agnosce
1622 2484 1655 2522 a
1684 2483 1802 2539 quo
1823 2466 2077 2523 donatus

410 2559 501 2614 sis
531 2558 697 2614 mihi.
731 2558 834 2613 Ille
871 2561 971 2613 tua
1000 2574 1105 2614 ora
1147 2557 1481 2629 plasmavit,
1530 2557 1629 2613 ille
1659 2559 1760 2612 tua
1814 2554 2078 2611 membra

411 2646 722 2717 distinxit;
765 2646 865 2702 ille
911 2662 1041 2703 mea
1090 2650 1253 2703 orata
1292 2646 1579 2717 suscepit,
1613 2643 1790 2716 cujus
1834 2644 2075 2714 templo,

412 2734 590 2807 cujus
622 2734 911 2807 obsequio
969 2738 1027 2790 te
1073 2739 1386 2807 antequam
1428 2733 1787 2803 nascereris,
1821 2731 2075 2787 sacravi.

405 2823 548 2884 Non
568 2824 934 2896 parentibus,
968 2839 1087 2880 non
1113 2823 1242 2894 tibi,
1276 2824 1382 2878 sed
1411 2822 1534 2878 Deo
1574 2824 1748 2876 natus
1779 2836 1867 2890 es,
1901 2819 2077 2891 cujus

411 2917 728 2986 antequam
755 2913 828 2968 de
858 2912 1036 2968 vulva
1057 2912 1262 2967 matris
1291 2911 1512 2981 exires,
1560 2925 1700 2965 esse
1731 2909 1983 2980 cmpisti.
2008 2908 2080 2963 Et

414 3018 624 3060 omnes
656 3001 894 3075 quidem
924 3001 1087 3056 illius
1117 3015 1348 3071 sumus,
1380 2999 1489 3055 sed
1525 3001 1722 3054 tamen
1751 3001 1814 3053 tu
1841 2997 2078 3069 specia-

411 3093 550 3149 liter
578 3092 955 3164 promissus,
1004 3091 1252 3146 Domino
1300 3090 1410 3160 (45)
1454 3091 1556 3144 tuo
1600 3088 1911 3159 reddaris;
1943 3088 2081 3161 quia

417 3182 706 3253 scriptum
736 3182 829 3236 est
865 3195 877 3235 :
924 3179 1144 3235 Vovete
1176 3184 1234 3234 et
1262 3178 1505 3233 reddite
1532 3178 1779 3233 Domino
1810 3177 1934 3233 Deo
1960 3193 2085 3232 ves-

419 3277 514 3328 tro
535 3269 723 3341 (Psal.
756 3286 934 3340 Lxxv,
978 3268 1088 3340 12).
1123 3267 1251 3340 Ego
1284 3267 1523 3337 misera,
1557 3282 1670 3338 ego
1699 3266 1963 3339 indigna,
2026 3269 2083 3321 et

410 3362 613 3419 tamen
643 3359 817 3431 quasi
860 3359 1030 3413 Anna
1077 3357 1324 3429 promisi
1369 3359 1433 3411 ut
1482 3356 1761 3411 omnibus
1800 3356 1935 3411 vitm
1965 3358 2082 3410 tum

417 3447 631 3503 diebus
662 3463 731 3502 ac
766 3445 1041 3502 noctibus
1081 3461 1115 3500 a
1153 3447 1481 3515 conspectu
1518 3444 1752 3499 Domini
1772 3459 1891 3500 non
1920 3460 2084 3501 rece-

417 3535 528 3591 das
572 3550 734 3608 :ego
777 3534 1046 3606 promisi,
1097 3537 1159 3589 tu
1206 3548 1538 3606 exsequere
1580 3547 1593 3588 :
1627 3532 1913 3590 Dominus
1963 3534 2079 3589 sibi

417 3623 632 3681 hostiae
662 3639 790 3680 sum
812 3639 1030 3679 munus
1070 3622 1357 3695 implebit.

489 3750 579 3807 58.
611 3750 757 3806 Haec
786 3751 844 3805 et
871 3749 983 3804 alia
1015 3748 1112 3821 pia
1160 3750 1347 3803 mater
1384 3762 1396 3804 :
1432 3762 1565 3820 quae
1594 3750 1907 3820 postquam
1939 3763 2085 3804 con-

420 3842 733 3912 gruentem
764 3838 1020 3895 filiorum
1036 3838 1183 3893 vidit
1210 3836 1502 3904 allectum,
1528 3836 1880 3894 ablactatum
1910 3853 2085 3893 suum

418 3926 709 3984 uberibus
732 3928 938 4001 gratiae
969 3927 1328 3999 spiritalisin
1349 3926 1628 3997 templum
1649 3926 1882 3982 Domini
1910 3926 2088 3983 dedu-

425 4032 593 4087 cens,
627 4032 921 4073 conversa
954 4020 1045 4072 est
1074 4017 1148 4071 ad
1180 4032 1413 4088 preces,
1433 4019 1491 4071 et
1534 4015 1681 4071 dixit
1714 4032 1726 4072 :
1763 4015 2087 4072 Conﬁrma-

422 4113 543 4161 tum
565 4112 657 4162 est
679 4122 782 4162 cor
801 4122 991 4161 meum
1029 4105 1091 4160 in
1116 4106 1365 4162 Domino
1397 4124 1415 4159 :
1442 4104 1762 4160 exaltatum
1790 4111 1882 4161 est
1903 4121 2087 4162 cornu

409 4195 612 4251 meum
636 4196 697 4250 in
716 4194 840 4251 Deo
855 4210 1001 4250 meo.
1027 4193 1347 4251 Dilatatum
1366 4200 1457 4249 est
1479 4209 1545 4249 os
1563 4209 1752 4249 meum
1770 4210 1951 4266 super
1970 4195 2086 4249 ini-

415 4285 603 4340 micos
623 4299 806 4355 meos,
824 4282 1064 4339 laetetur
1079 4284 1141 4339 in
1158 4282 1412 4338 salutari
1424 4288 1520 4337 tuo
1538 4301 1555 4337 :
1575 4283 1839 4356 quoniam
1861 4298 1975 4337 non
1995 4289 2089 4337 est

420 4379 665 4431 sanctus
693 4373 848 4428 alius
869 4372 1147 4445 quomodo
1179 4372 1494 4437 Dominus,
1530 4377 1589 4426 et
1613 4386 1725 4425 non
1758 4371 2076 4443 estjustus,

419 4463 700 4538 quomodo
715 4462 879 4520 Deus
899 4467 1124 4532 noster,
1151 4467 1209 4516 et
1232 4476 1344 4516 non
1375 4465 1468 4516 est
1496 4466 1739 4516 sanctus
1762 4467 1992 4532 praeter
2023 4466 2083 4516 te

420 4551 483 4625 (Ι
496 4552 646 4626 Reg.
671 4570 732 4624 ιι,
757 4552 810 4623 1,
832 4550 908 4623 2).

2182 664 2318 719 dam
2339 663 2592 720 formula
2642 664 2932 719 castitatis
2976 664 3136 720 bono
3164 664 3492 736 proposito,
3526 667 3586 721 et
3610 664 3844 721 meliore

2176 754 2548 827 magisterio.
2567 752 2918 825 Exemplum
2932 754 3085 809 enim
3101 754 3405 810 viduitatis
3418 756 3479 811 et
3494 753 3844 825 virginitatis

2177 842 2591 916 magisterium
2612 845 2725 899 est.

2248 950 2337 1005 55.
2375 950 2650 1006 Procedit
2673 951 2733 1005 in
2746 949 3088 1006 Ecclesiam
3111 949 3677 1022 filiarumvirginum
3694 955 3851 1023 septa

2180 1038 2477 1108 comitatu,
2513 1038 2908 1095 domesticum
2937 1038 3122 1094 decus
3158 1038 3452 1095 invehens
3472 1039 3590 1108 (46)
3625 1055 3640 1096 :
3670 1045 3728 1096 et
3754 1040 3846 1096 in-

2180 1127 2342 1182 venit
2361 1128 2422 1182 in
2445 1127 2713 1183 Ecclesia
2737 1128 2895 1199 quod
2926 1143 3102 1182 suum
3132 1127 3306 1199 dicat,
3338 1128 3528 1185 lilium
3549 1145 3847 1187 sacrarum

2178 1214 2501 1272 lectionum
2528 1216 2766 1272 oracula
2799 1220 3220 1287 personantem
3254 1232 3270 1287 ;
3316 1220 3379 1272 ut
3405 1217 3720 1274 videantur
3738 1218 3849 1274 sibi

2180 1320 2429 1360 sorores
2455 1305 2614 1361 domi
2674 1305 2929 1375 discere,
2983 1321 3118 1362 cum
3161 1304 3347 1363 frater
3384 1306 3644 1363 auditur.
3676 1307 3853 1363 Mater

2181 1408 2418 1465 quoque
2445 1394 2522 1449 ad
2543 1393 2927 1451 imitationem
2954 1394 3502 1466 cmlestisexempli
3531 1394 3748 1469 gaudet
3775 1410 3840 1452 se

2179 1483 2471 1554 proficere
2502 1483 2575 1538 de
2596 1482 2740 1554 tilio,
2764 1486 2823 1538 et
2850 1484 3048 1539 omnia
3079 1483 3340 1556 legentis
3358 1483 3552 1541 verba
3578 1484 3675 1556 pio
3704 1499 3853 1541 man-

2182 1571 2281 1627 dat
2300 1570 2554 1643 atl‘ectui,
2582 1574 2641 1628 et
2661 1571 2873 1628 sedulo
2890 1572 3069 1629 corde
3089 1576 3428 1630 conservat.

2822 1678 3076 1735 CAPUT
3115 1679 3214 1735 1X.

2182 1785 2520 1841 Maternum
2535 1784 3083 1859 exhortationemut
3104 1801 3208 1859 sua
3223 1801 3448 1859 quoque
3459 1786 3713 1859 cumulet
3731 1801 3852 1842 san-

2256 1857 2646 1982 ctusgraesul,
2675 1856 2949 1938 virgines
2968 1856 3106 1911 illas
3126 1857 3204 1938 ad
3224 1856 3609 1929 [luam-endam
3630 1860 3692 1914 in
3713 1858 3775 1914 di
3782 1859 3855 1913 vi-

2256 1944 2355 1982 nis
2426 1934 2717 1982 crmtuns
2743 1927 3049 1982 Christum
3068 1934 3312 1982 exertat.
3333 1928 3464 1982 Sed
3481 1946 3609 1982 sum
3632 1929 3852 1982 auando

2426 1928 2717 2002 eripturis
2743 1927 3049 1982 Christum
3068 1927 3312 1983 excitat.
3333 1928 3464 1987 Sed
3481 1946 3609 1985 sum
3632 1929 3852 2002 quando

2259 1998 2569 2071 quaeritur,
2594 1998 2721 2071 jam
2760 2003 2878 2071 tum
2909 2004 3271 2071 praesentem
3297 2015 3436 2055 esse
3474 1998 3853 2069 asseverans,

2258 2069 2427 2125 docet
2448 2069 2941 2141 interrogandum
2961 2069 3059 2124 ubi
3078 2077 3311 2124 maneat
3332 2071 3398 2124 in
3422 2072 3771 2141 meridiano,
3794 2071 3852 2125 id

2263 2148 2375 2209 est,
2395 2141 2459 2195 in
2481 2141 2693 2195 Patris
2710 2141 2931 2195 lumine
2956 2157 2968 2195 :
2991 2141 3419 2212 requirendum
3434 2143 3614 2197 etiam
3627 2144 3687 2197 in
3702 2142 3854 2197 lumi-

2260 2227 2335 2292 ne
2351 2212 2634 2292 bonorum
2662 2227 2922 2292 operum,
2948 2218 3127 2292 atque
3141 2213 3215 2292 Ain
3247 2214 3564 2292 nocturnis
3583 2214 3853 2292 orationi-

2257 2283 2371 2339 bus
2388 2303 2405 2338 :
2431 2282 2532 2338 ubi
2555 2282 2701 2355 vero
2717 2282 2821 2336 ille
2834 2282 3172 2355 transierit,
3196 2285 3562 2355 sequendum
3582 2304 3600 2350 ,-
3622 2301 3746 2340 cum
3764 2284 3852 2339 de-

2257 2354 2516 2410 lectetur
2540 2352 2758 2426 saepius
2789 2353 3015 2426 qumri,
3038 2358 3097 2408 ut
3135 2352 3398 2426 gratiam
3432 2356 3702 2425 suscitet,
3726 2355 3847 2426 aui-

2257 2440 2524 2500 mpamque
2551 2424 2824 2479 vulneret
2839 2424 3183 2500 gnaritate:
3206 2440 3379 2498 cauus
3412 2428 3646 2500 quidem
3668 2424 3847 2500 qualia

2260 2497 2387 2551 sint
2415 2495 2682 2565 vulnera,
2715 2495 2907 2550 variis
2925 2495 3585 2571 sanctorum'exeinplis
3596 2495 3821 2571 probat.

2259 2604 2351 2674 56,
2369 2602 2488 2658 Sed
2518 2600 2791 2674 quamvis
2821 2600 2968 2657 nihil
2999 2601 3283 2658 maternis
3305 2602 3565 2660 defuerit
3592 2603 3847 2660 hortatio-

2188 2693 2388 2760 nibus,
2448 2705 2563 2762 ego
2614 2706 2851 2762 quoque
2896 2705 3030 2761 vos,
3075 2690 3199 2759 lilii,
3229 2690 3323 2746 vel
3365 2693 3544 2763 pauci
3574 2692 3843 2764 alloquar.

2186 2780 2445 2848 Qumrite
2475 2778 2790 2833 Dominum
2820 2778 3048 2849 Jesum,
3081 2779 3183 2851 qui
3214 2795 3326 2834 nos
3359 2784 3561 2836 monet
3590 2784 3653 2836 ut
3691 2796 3847 2853 quaa-

2188 2884 2391 2925 ramus
2419 2882 2671 2938 regnum
2702 2866 2810 2921 Dei
2842 2884 2854 2921 :
2890 2867 2971 2921 Et
3002 2883 3140 2922 ecce
3159 2868 3375 2937 omnia,
3410 2869 3617 2942 inquit,
3648 2884 3847 2942 suppe-

2193 2964 2320 3014 tent
2356 2955 2526 3011 vobis
2552 2955 2791 3026 (Matth.
2825 2972 2907 3026 vi,
2958 2955 3070 3025 33).
3110 2955 3226 3011 Sed
3256 2957 3414 3013 malo
3446 2975 3561 3032 ego
3589 2974 3698 3014 vos
3726 2961 3849 3013 ante

2192 3046 2466 3102 meritum
2515 3044 2770 3114 deferre,
2815 3047 2874 3100 et
2918 3044 3009 3100 sic
3032 3044 3276 3118 exigere
3306 3048 3674 3104 mercedem.
3704 3048 3855 3102 Bona

2190 3149 2446 3205 merces,
2480 3133 2589 3188 sed
2606 3132 2865 3188 divinior
2894 3133 3278 3205 dispensator
3292 3137 3621 3208 mei-cedis,
3654 3139 3709 3192 et
3735 3151 3857 3191 auc-

2191 3228 2286 3280 tor
2306 3222 2590 3278 muneris.
2625 3221 2690 3275 In
2717 3236 2907 3293 regno
2936 3237 3191 3293 merces,
3234 3222 3295 3278 in
3324 3223 3578 3281 Christo
3601 3238 3854 3281 remune-

2114 3301 2165 3364 C
2192 3313 2359 3369 randi
2389 3314 2677 3383 potestas.
2701 3309 2958 3375 Qumrite
2988 3310 3147 3366 illam
3173 3312 3234 3366 in
3263 3312 3602 3385 Scripturis
3627 3313 3850 3383 divinis,

2192 3402 2298 3458 ubi
2326 3400 2603 3456 Christus
2636 3399 2953 3469 invenitur,
2979 3402 3036 3455 et
3066 3400 3244 3455 dicite
3275 3401 3444 3458 sicut
3476 3403 3574 3459 illa
3603 3402 3848 3458 dicebat:

2191 3489 2502 3547 Annuntia
2517 3487 2668 3543 mibi
2686 3503 2855 3560 quem
2891 3487 3109 3543 dilexit
3136 3489 3329 3543 anima
3358 3506 3499 3547 mea
3518 3490 3707 3562 (Cant.
3730 3488 3845 3561 1,6).

2192 3579 2311 3636 Sed
2357 3582 2414 3634 et
2459 3577 2779 3649 Synagoga
2827 3576 3131 3649 quaerebat
3184 3593 3362 3649 quem
3427 3581 3719 3649 amiserat,
3750 3592 3848 3633 vos

2194 3667 2440 3740 quaerite
2472 3681 2648 3737 quem
2675 3681 2795 3720 non
2840 3664 3140 3721 amittatis.
3180 3665 3298 3722 Sed
3337 3683 3481 3739 cur,
3511 3668 3846 3741 Synagoga,

2194 3756 2344 3811 dicis
2376 3770 2542 3828 quem
2575 3754 2785 3823 dilexi,
2819 3757 2877 3808 et
2905 3769 3026 3809 non
3064 3754 3216 3810 dicis
3248 3772 3433 3827 quem
3463 3758 3645 3832 diligo
3664 3760 3693 3813 ?
3720 3756 3841 3811 Ideo

2196 3860 2317 3901 non
2344 3847 2535 3914 tenes,
2566 3843 2703 3914 quia
2739 3842 3031 3898 dilexisse
3059 3845 3117 3898 te
3155 3843 3310 3900 dicis
3342 3860 3357 3901 :
3383 3860 3499 3903 cur
3524 3861 3641 3904 non
3668 3845 3847 3918 potius

2194 3933 2387 3989 adhuc
2417 3932 2644 4005 diligis,
2678 3934 2743 3986 ut
2773 3932 2977 4002 possis
3000 3934 3201 3988 tenere
3230 3934 3260 3988 ?

2264 4040 2355 4095 3'7.
2388 4038 2609 4094 Verum
2638 4037 2799 4093 illam
2828 4038 3186 4094 omittamus.
3219 4039 3327 4111 Tu,
3358 4042 3559 4115 virgo,
3591 4056 3719 4097 cum
3745 4051 3848 4094 cm-

2194 4129 2356 4201 peris
2385 4142 2675 4200 quaerere,
2710 4127 2918 4198 adest;
2977 4142 3170 4200 neque
3214 4129 3371 4184 enim
3411 4130 3542 4186 fieri
3579 4131 3765 4202 potest
3789 4126 3845 4181 ut

2195 4218 2352 4273 desit
2379 4216 2786 4288 quaerentibus
2837 4232 2925 4287 se,
2970 4216 3071 4288 qui
3126 4217 3318 4288 palam
3374 4217 3569 4275 factus
3605 4220 3696 4274 est
3737 4228 3843 4271 non

2196 4306 2624 4379 quaerentibus,
2660 4307 2718 4360 et
2752 4306 3029 4360 inventus
3077 4308 3171 4360 est
3198 4322 3318 4362 non
3351 4304 3842 4380 intorrogantihus

2197 4394 2334 4462 (lsa.
2377 4411 2511 4460 va,
2557 4392 2635 4463 l).
2669 4393 2821 4449 Dum
2861 4397 3080 4448 tractas
3128 4398 3186 4450 et
3214 4395 3448 4468 cogitas
3478 4397 3610 4468 (47),
3640 4393 3842 4466 presio

2197 4487 2308 4539 est.
2344 4483 2521 4538 Disce
2551 4482 2919 4555 interrogare
2952 4498 3088 4538 cum
3116 4484 3366 4553 venerit,
3390 4485 3495 4540 ubi
3516 4484 3730 4556 pascat,
3752 4476 3843 4534 ubi

2196 4574 2468 4642 maneat;
2501 4572 2657 4627 sicut
2713 4571 2812 4625 illa
2839 4571 3109 4627 dicebat:
3141 4571 3258 4628 Ubi
3266 4574 3490 4644 pascis,
3526 4571 3627 4628 ubi
3656 4580 3842 4624 manes

487 4660 578 4715 54.
618 4659 737 4715 Ista
764 4659 951 4732 igitur
996 4657 1069 4713 ad
1112 4657 1269 4713 filios
1317 4671 1467 4712 suos
1511 4659 1697 4711 mater
1725 4655 1893 4727 dixit,
1952 4672 2086 4728 qum
2109 4665 2164 4729 ι)
2198 4661 2345 4726 293
2387 4661 2452 4715 in
2474 4659 2807 4715 meridiano
2835 4658 3032 4729 (Cant.
3058 4676 3098 4730 ι,
3130 4658 3233 4730 6)?
3265 4660 3381 4715 Ubi
3411 4661 3566 4716 enim
3588 4658 3839 4714 Christus

420 4747 605 4803 simul
636 4752 694 4804 et
720 4747 1022 4803 viduitatis
1054 4747 1114 4802 in
1144 4762 1231 4818 se,
1279 4748 1336 4801 et
1388 4744 1743 4817 integritatis
1783 4745 1844 4799 in
1879 4744 2087 4801 liberis

417 4836 629 4892 titulos
661 4836 722 4891 in
750 4836 989 4892 domum
1022 4851 1191 4891 suam
1214 4834 1426 4905 intulit,
1465 4834 1638 4907 quasi
1667 4834 1956 4906 quosdam
2005 4833 2089 4889 fe-

412 4926 655 5000 mineos
674 4925 1061 4997 principatus.
1085 4924 1347 4997 Egregia
1375 4939 1520 4979 sane
1551 4922 1788 4994 femina,
1820 4938 1953 4995 qua:
1970 4922 2088 4977 sibi

424 5012 574 5070 nihil
605 5012 845 5086 reliquit
885 5030 897 5071 :
946 5017 1130 5069 totum
1175 5012 1334 5085 quod
1383 5011 1606 5083 habuit,
1664 5012 1786 5068 Deo
1845 5011 2088 5083 obtulit;

416 5156 493 5213 ad
553 5156 707 5212 hanc
753 5155 1060 5213 Ambrosii
1118 5155 1687 5223 commentationem,
1746 5157 1846 5210 aut
1883 5154 2091 5211 saltem

413 5229 491 5284 ad
522 5228 814 5302 Regulam
857 5229 926 5302 D.
983 5228 1286 5302 Benedicti
1347 5228 1577 5297 synodo
1626 5225 1812 5302 'l‘_o_let.
1861 5242 2093 5302 iv,‘uno

412 5298 644 5358 smculé
699 5300 1114 5372 antiquiorem.
1158 5299 1340 5372 Idem
1409 5302 1604 5372 autem
1658 5298 2091 5372 Thomassinus

413 5371 779 5428 contrarium
810 5368 986 5427 usum
1019 5371 1171 5441 apud
1202 5369 1561 5441 Orientales,
1591 5368 1710 5425 imo
1743 5370 1918 5441 etiam
1936 5369 2093 5441 apud

410 5442 824 5499 Occidentales
854 5459 962 5513 per
1018 5440 1208 5512 prima
1249 5446 1504 5513 quatuor
1536 5440 1826 5496 Ecclesia:
1870 5440 2093 5496 saecula

412 5513 749 5572 obtinuisse
782 5514 1103 5571 contendit.

485 5586 600 5657 (43)
652 5585 821 5657 Edit.
861 5601 1103 5657 omnes,
1148 5600 1220 5640 ac
1250 5583 1422 5656 pauci
1471 5599 1644 5657 mss.,
1689 5598 1803 5638 non
1843 5580 2095 5657 allectus

410 5652 738 5723 immemor,
773 5656 873 5713 alii
904 5652 1097 5713 multo
1117 5652 1320 5728 plures
1358 5671 1428 5728 ac
1450 5655 1736 5728 potiores,
1760 5669 1874 5728 non
1906 5652 2091 5709 adee-

415 5733 511 5801 tus
540 5743 785 5785 memor.
820 5728 893 5801 Et
921 5728 1051 5801 hinc
1080 5725 1275 5801 potior
1292 5725 1468 5784 lectio
1496 5725 1847 5801 videtur,_ut
1868 5739 2089 5801 sensus

411 5799 493 5883 Iit
524 5813 658 5869 cum
687 5800 963 5885 erupisse
990 5799 1053 5860 in
1080 5794 1363 5884 gemitus,
1387 5812 1507 5875 non
1535 5798 1655 5863 tam
1682 5796 1910 5885 paterni
1941 5794 2087 5861 ισθει

2197 4753 2413 4821 manet,
2449 4749 2567 4804 nisi
2587 4748 2688 4803 ubi
2714 4748 2965 4821 justitiaa
2983 4749 3262 4805 meridies
3283 4749 3519 4823 fulget?
3548 4750 3719 4821 quue
3748 4759 3839 4800 sa-

2199 4843 2376 4895 cratae
2406 4837 2726 4909 Scriptura
2756 4840 3002 4893 docetur
3036 4838 3394 4909 testimonio,
3428 4855 3561 4911 qum
3592 4836 3727 4893 dicit
3747 4849 3759 4889 :
3779 4830 3838 4887 In

2198 4927 2323 4983 sole
2336 4928 2534 5000 posuit
2555 4926 2998 4982 tabernaculum
3015 4942 3180 4982 suum
3196 4928 3383 4999 (Psal.
3409 4945 3570 4997 xvm,
3594 4926 3667 4996 6).
3687 4921 3839 4978 Unde

2198 5020 2256 5073 et
2283 5016 2425 5072 alibi
2443 5016 2601 5071 idem
2622 5014 2763 5071 dicit
2778 5014 3072 5087 Propheta
3106 5030 3119 5071 :
3163 5014 3231 5070 In
3246 5015 3466 5072 lumine
3501 5023 3597 5071 tuo
3628 5006 3840 5069 videbi-

2202 5164 2356 5228 ctus,
2380 5173 2555 5230 quam
2577 5157 2807 5230 cruenti
2823 5157 2947 5230 voti
2966 5158 3395 5215 recordatione.

2271 5228 2498 5300 (“fita
2522 5245 2667 5284 mss.
2692 5244 2707 5299 ;
2734 5228 2879 5302 edit.
2912 5244 3077 5299 vero,
3130 5230 3318 5302 vobis,
3352 5229 3837 5302 lilia‘sunttoogi-

2198 5292 2419 5372 munia,
2447 5302 2639 5372 Rom.,
2686 5292 2808 5354 sint
2839 5292 3262 5356 commendata.
3305 5292 3382 5356 Et
3409 5299 3558 5355 infra
3586 5292 3685 5353 ubi
3710 5292 3833 5349 edit.

2201 5371 2648 5443 coitus,legunt
2676 5386 2801 5443 mss
2832 5376 3042 5440 coetus,
3060 5371 3277 5443 eodem
3295 5387 3499 5427 sensu.

2251 5432 2627 5525 .(45)'Om‘iies
2663 5442 2824 5525 editi,
2850 5432 3206 5524 praemissus
3230 5443 3496 5500 Domino.
3537 5432 3834 5496 lureddeo

2200 5516 2554 5581 ris;omnes
2574 5528 2722 5568 mss.
2754 5516 2816 5567 ut
2846 5516 2906 5567 in
2938 5528 3207 5584 corpore.

2273 5575 2387 5655 (46)
2417 5584 2565 5660 Mss.
2618 5599 2738 5640 non
2769 5584 2962 5658 pauci,
3006 5575 3175 5660 septa
3212 5587 3487 5643 comitatu
3515 5575 3827 5642 domestica,

2202 5655 2386 5728 decus
2404 5656 2639 5728 ingens.

2273 5725 2390 5805 (47)
2417 5722 2567 5788 Msa.
2598 5725 2888 5809 plerique,
2921 5726 3057 5789 dum
3075 5733 3370 5792 tractus.
3388 5722 3618 5809 cogitat.
