4060 6158
292 303 396 372 369

1381 293 1941 364 EXHORTATIO
1985 301 2592 367 VlRGINITATIS.

3603 300 3726 371 370

281 525 390 564 mus
418 507 607 562 lumen
639 505 825 577 (Psal.
852 524 1034 576 xxxv,
1062 504 1170 575 10).
1207 507 1432 561 Lumen
1462 505 1649 560 Filius
1681 507 1793 573 est,
1838 504 1934 559 lu-
1965 487 2022 554 Α
2046 521 2203 575 xux,
2236 503 2312 574 2).
2348 505 2418 560 Et
2448 505 2585 578 quia
2616 506 2744 577 ipse
2775 510 2868 562 est
2899 507 3175 579 charitas,
3210 511 3348 564 sunt
3393 508 3594 582 utique
3629 508 3723 583 je-

281 615 396 654 mea
427 599 480 651 et
511 597 682 651 Pater
711 597 809 668 qui
843 597 1076 651 videtur
1104 597 1161 650 in
1193 595 1341 650 Filio
1367 613 1380 665 ;
1429 596 1707 667 quoniam
1748 594 1935 650 Filius

279 687 541 757 splendor
569 686 775 757 gloriae
804 685 1033 754 Patris,
1070 692 1128 740 et
1159 687 1352 757 imago
1403 684 1758 739 substantiae
1806 682 1938 754 ejus

279 783 358 832 est
384 775 591 843 (Hebr.
627 793 662 843 ι,
695 775 771 844 3).

332 874 413 928 58.
453 873 569 928 Sed
617 875 790 929 etiam
838 874 894 928 in
944 876 1043 928 tuo
1091 873 1333 941 lumine,
1385 873 1578 942 virgo,
1627 869 1932 924 Christum

273 963 508 1033 require,
544 963 602 1016 in
624 963 796 1017 bonis
820 963 1300 1034 cogitationibus,
1338 961 1398 1016 in
1420 961 1598 1015 bonis
1624 959 1930 1030 operibus,

272 1068 390 1122 quae
437 1051 666 1106 luceant
709 1067 908 1105 coram
958 1051 1126 1105 Patre
1170 1054 1269 1105 tuo
1320 1050 1421 1121 qui
1469 1050 1528 1103 in
1576 1048 1745 1103 caelis
1815 1052 1929 1102 est.

270 1139 462 1204 Quazre
493 1141 554 1194 in
586 1140 882 1209 noctibus,
915 1155 1115 1211 quaere
1139 1141 1196 1193 in
1216 1139 1489 1193 cubiculo
1511 1141 1610 1192 tuo
1635 1138 1767 1208 (48);
1788 1153 1932 1208 quo-

271 1229 409 1282 niam
456 1231 512 1283 et
562 1234 733 1283 nocte
784 1228 962 1298 venit,
1011 1233 1068 1282 et
1118 1229 1313 1299 pulsat
1359 1228 1431 1282 ad
1470 1227 1715 1299 januam
1745 1229 1929 1280 tuam.

271 1317 390 1371 V'ult
436 1318 593 1372 enim
637 1320 692 1372 te
739 1318 1014 1372 omnibus
1065 1318 1376 1389 invigilare
1422 1315 1759 1383 momentis,
1807 1313 1934 1369 vult

264 1405 486 1478 januam
519 1411 637 1461 tuae
667 1407 880 1461 mentis
911 1410 1204 1476 patentem
1245 1404 1676 1460 invenire..Est
1725 1407 1782 1458 et
1833 1403 1932 1458 illa

262 1494 426 1566 janua
453 1511 630 1566 quam
663 1496 787 1550 vult
818 1500 1037 1566 patere,
1073 1498 1134 1550 ut
1164 1495 1462 1566 aperiatur
1489 1497 1547 1548 et
1575 1495 1817 1548 resonet
1860 1507 1930 1547 os

266 1587 412 1637 tuum
441 1583 678 1638 laudem
710 1584 960 1652 Domini,
995 1584 1244 1656 gratiam
1272 1583 1512 1654 Sponsi,
1548 1582 1748 1637 erucis
1780 1597 1928 1636 con-

269 1672 585 1727 fessionem
628 1689 640 1726 :
686 1688 818 1726 cum
851 1673 1186 1743 symbolum
1216 1687 1522 1739 recenses,
1573 1671 1839 1741 psalmos
1871 1669 1931 1723 in

264 1761 522 1815 cubiculo
555 1764 656 1816 tuo
687 1762 976 1816 concinis.
1013 1762 1170 1832 Ergo
1201 1776 1334 1816 cum
1381 1759 1629 1828 venerit,
1679 1759 1933 1831 vigilan-

2051 594 2182 649 cula
2225 595 2549 665 charitatis,
2601 596 2820 667 quibus
2866 597 3135 653 vulnerat
3176 614 3314 654 sese
3353 602 3715 670 quaerentes.

2045 684 2300 738 vinculis
2323 685 2518 756 ipsum
2541 688 2899 756 sequuntur;
2931 689 3068 758 quia
3090 703 3240 759 quos
3263 688 3531 744 vulnerat
3551 688 3717 760 ligat.

2047 773 2207 846 Ergo
2257 778 2395 828 sunt
2437 775 2609 830 etiam
2655 775 2889 829 vincula
2939 777 3260 846 charitatis,
3307 778 3526 849 quibus
3566 776 3718 841 394

2046 863 2265 935 ligatus
2307 866 2399 919 est
2442 865 2682 933 Paulus,
2734 865 2838 936 qui
2884 865 3005 920 ait:
3040 865 3264 921 Paulus
3309 867 3542 925 vinctus
3579 867 3724 922 Jesu

2053 953 2287 1008 Christi
2316 954 2598 1023 (Philem.
2633 955 2706 1024 1).

2115 1042 2206 1097 61.
2249 1043 2505 1098 Vulnera
2534 1047 2727 1099 autem
2760 1044 3060 1099 cbaritatis
3092 1059 3230 1099 esse
3251 1044 3422 1099 docet
3439 1044 3572 1114 Job,
3603 1059 3722 1117 quo

2046 1146 2217 1186 nemo
2249 1133 2501 1202 amplius
2532 1132 2834 1188 Christum
2862 1133 3085 1203 dilexit,
3119 1133 3530 1205 qui'diligebat
3545 1135 3722 1189 etiam

2047 1220 2107 1274 in
2138 1221 2328 1291 ipsius
2361 1222 2456 1276 sui
2506 1223 2775 1293 corporis
2823 1224 3205 1278 cruciatibus.
3241 1223 3410 1278 Unde
3455 1222 3718 1279 dicebat:

2047 1309 2300 1382 Sagitta)
2330 1317 2521 1365 autem
2556 1313 2790 1366 Domini
2819 1313 2880 1366 in
2919 1328 3046 1368 meo
3077 1328 3324 1384 corpore
3373 1318 3530 1383 sunt,
3579 1328 3722 1385 qua-

2047 1415 2176 1453 rum
2222 1399 2394 1455 furor
2443 1401 2634 1456 ebibit
2673 1403 3019 1474 sanguinem
3052 1419 3272 1467 meum;
3324 1419 3450 1456 cum
3495 1417 3725 1475 caepero

2044 1487 2222 1560 loqui,
2258 1498 2646 1562 compungunt
2674 1506 2768 1546 me
2797 1491 2931 1561 (Job
2963 1509 3040 1561 VI,
3073 1492 3148 1561 4).
3181 1491 3329 1546 Sunt
3359 1507 3504 1564 ergo
3537 1490 3727 1546 chari-

2043 1578 2178 1632 tatis
2226 1580 2490 1648 vulnera,
2541 1583 2598 1636 et
2643 1580 2798 1636 bona
2845 1581 3090 1636 vulnera
3125 1597 3138 1636 :
3173 1581 3426 1652 denique
3472 1579 3723 1635 meliora

2051 1665 2294 1722 vulnera
2353 1671 2560 1737 amici,
2616 1687 2782 1743 quam
2852 1670 3179 1726 voluntaria
3235 1669 3429 1725 oscula
3493 1669 3726 1724 inimici

2046 1756 2254 1823 (Prov.
2306 1775 2490 1826 XXV",
2537 1757 2612 1826 6).
2678 1759 2967 1814 Jeremias
3018 1775 3252 1832 quoque
3301 1757 3610 1826 aestuabat,
3667 1760 3725 1813 et

261 1853 365 1904 tem
392 1854 447 1904 te
479 1851 760 1918 inveniat,
812 1855 875 1904 ut
916 1854 1115 1920 parata
1164 1851 1272 1904 sis.
1326 1849 1585 1904 Dormiat
1626 1864 1762 1903 caro
1805 1851 1925 1916 tua,
1966 1868 2015 1927 Β
2046 1844 2245 1917 ignem
2291 1847 2594 1903 charitatis
2649 1865 2765 1920 quo
2823 1849 3296 1904 inﬂammabatur
3337 1848 3410 1902 ad
3459 1847 3725 1902 ofﬁcium

261 1939 454 2010 vigilet
497 1939 688 1994 fides:
725 1940 1017 1994 dormiant
1058 1939 1354 1994 illecebrae
1402 1937 1692 2009 corporis,
1726 1937 1933 2010 vigilet

262 2029 446 2083 cordis
497 2029 808 2099 prudentia
849 2045 860 2082 :
905 2028 1166 2082 membra
1212 2031 1310 2082 tua
1358 2028 1662 2082 redoleant
1691 2041 1931 2081 crucem

259 2116 484 2184 Christi,
516 2120 576 2171 et
607 2117 926 2186 sepulturae
957 2117 1228 2186 odorem;
1260 2120 1323 2172 ut
1354 2116 1499 2170 nihil
1547 2116 1624 2171 iis
1678 2131 1928 2170 somnus

263 2206 464 2260 caloris
513 2205 806 2275 infundat,
856 2206 1052 2261 nullos
1103 2206 1317 2260 excitet
1368 2207 1564 2259 motus
1614 2203 1748 2273 (49).
1793 2205 1928 2274 Ipsa

261 2298 343 2347 est
371 2294 562 2348 anima
597 2311 730 2366 quae
762 2311 829 2349 se
859 2294 1096 2349 Christo
1126 2296 1332 2366 aperit,
1367 2310 1542 2366 quam
1572 2293 1716 2348 nulli
1747 2307 1930 2363 vapo-

259 2398 348 2437 res
378 2383 576 2438 carnis
611 2384 929 2456 exagitant.

321 2489 403 2544 59.
443 2489 594 2544 Cum
625 2489 753 2544 haec
784 2490 1076 2545 invenerit
1104 2489 1397 2560 Sponsus,
1429 2489 1706 2544 transibit
1739 2505 1750 2544 :
1798 2489 1928 2543 ani-

259 2593 339 2631 ma
369 2581 463 2632 tua
495 2578 601 2632 illo
633 2583 935 2650 sequatur,
971 2580 1235 2634 discedat
1266 2596 1298 2632 a
1342 2579 1520 2633 cubili
1572 2594 1702 2644 suo,
1759 2581 1932 2633 exeat

254 2667 307 2720 in
334 2667 514 2721 verbo
548 2665 706 2737 ejus,
760 2669 913 2721 sicut
961 2669 1248 2738 scriptum
1279 2670 1371 2722 est
1417 2683 1430 2722 :
1481 2667 1698 2721 Exivit
1730 2668 1924 2722 anima

255 2771 371 2809 mea
403 2755 462 2809 in
503 2755 690 2810 verbo
720 2763 815 2823 tuo
843 2757 1038 2826 (Cant.
1073 2774 1129 2824 v,
1162 2757 1239 2825 6),
1273 2757 1330 2810 id
1373 2759 1465 2811 est
1511 2756 1932 2828 peregrinetur

255 2859 281 2896 a
310 2860 579 2915 corpore,
614 2848 676 2899 ut
704 2845 824 2900 Deo
855 2845 1042 2900 adsit:
1069 2846 1348 2917 quoniam
1380 2860 1514 2899 cum
1547 2848 1641 2900 est
1689 2845 1749 2898 in
1789 2860 1926 2898 cor-

255 2948 403 3002 pore,
455 2934 875 3006 peregrinatur
912 2951 946 2988 a
991 2934 1250 2990 Christo.
1287 2934 1454 2989 Unde
1505 2937 1562 2988 et
1605 2933 1928 3004 Apostolus

255 3021 416 3076 dicit:
440 3023 752 3078 Audemus
781 3039 928 3094 ergo
956 3030 1014 3078 et
1045 3023 1448 3078 consentimus
1477 3023 1669 3094 magis
1699 3023 1810 3092 (50)
1834 3038 1933 3094 pe-

253 3112 555 3182 regrinari
585 3112 661 3166 de
689 3128 954 3183 corpore,
991 3119 1048 3166 et
1098 3112 1312 3166 adesse
1361 3111 1436 3166 ad
1479 3111 1807 3166 Dominum.
1847 3112 1931 3166 Et

256 3200 376 3254 ideo
403 3217 703 3265 conamur,
739 3203 874 3255 sive
903 3201 1206 3270 absentes,
1240 3201 1375 3255 sive
1399 3206 1769 3272 praesentes,
1805 3200 1931 3272 pla-

256 3303 382 3344 cere
410 3290 521 3344 illi.
567 3289 782 3344 Omnes
812 3290 967 3345 enim
999 3289 1382 3344 manifestari
1409 3295 1643 3361 Oportet
1661 3295 1799 3344 ante
1825 3289 1931 3344 tri-

255 3377 423 3433 bunal
463 3379 724 3448 Christi,
776 3387 835 3434 ut
899 3386 1168 3450 reportet
1233 3379 1629 3452 unusquisque
1681 3379 1928 3450 propria

258 3469 534 3539 corporis,
571 3470 724 3523 sicut
753 3470 967 3540 gessit,
1003 3470 1137 3522 sive
1168 3468 1398 3537 bonum,
1433 3469 1567 3523 sive
1600 3467 1811 3522 malum
1844 3467 1932 3536 (II

258 3553 442 3626 Cor.v,
473 3557 654 3628 8-10).
685 3558 872 3625 Quam
903 3558 1018 3613 cito
1052 3574 1294 3612 causam
1324 3557 1617 3628 probavit,
1650 3573 1764 3629 qua
1798 3573 1931 3611 cor-

252 3659 352 3714 pus
397 3645 709 3718 resurgetl
773 3647 1012 3717 Oportet
1068 3648 1225 3702 enim
1278 3662 1516 3702 carnem
1577 3661 1929 3733 resurgere,

255 3748 376 3803 qua:
403 3735 946 3790 remunerationem
975 3753 1222 3792 suorum
1254 3739 1347 3791 est
1389 3737 1672 3806 adeptura
1715 3738 1927 3807 gesto-

255 3838 402 3892 rum;
432 3829 493 3880 ut
528 3841 664 3896 qum
695 3825 755 3879 in
785 3841 1035 3895 corpore
1068 3826 1394 3897 gessimus,
1432 3825 1492 3880 in
1543 3841 1792 3896 corpore
1838 3839 1930 3879 re-

260 3910 557 3981 cipiamus.

316 4019 398 4074 60.
440 4021 580 4075 Vult
608 4021 790 4093 igitur
821 4038 888 4076 se
921 4021 1206 4076 Dominus
1238 4022 1466 4093 saepius
1500 4021 1672 4095 queri
1698 4037 1710 4077 :
1734 4021 1929 4076 disce-

256 4106 345 4177 dit,
376 4110 564 4164 currit
591 4109 725 4181 (51),
762 4114 824 4165 ut
853 4112 1170 4166 resuscitet
1200 4111 1471 4184 gratiam,
1525 4127 1700 4183 quam
1742 4111 1865 4166 vult
1894 4126 1927 4164 a

252 4197 300 4249 te
328 4199 493 4252 etiam
528 4199 586 4253 in
619 4201 672 4253 te
705 4201 1070 4260 resuscitari.
1105 4201 1262 4255 sicut
1298 4200 1588 4255 habemus
1621 4200 1692 4254 ad
1725 4199 1926 4254 Timo-

253 4285 438 4342 theum
468 4288 758 4358 scriptum
792 4305 803 4344 :
840 4289 1102 4361 PrOptcr
1147 4307 1314 4362 quam
1361 4306 1594 4345 causam
1645 4289 1927 4344 admoneo

260 4379 328 4444 te,
373 4383 428 4430 ut
474 4379 807 4432 resuscilcs
853 4379 1110 4450 gratiam
1161 4379 1291 4442 Dei,
1347 4396 1472 4452 quae
1515 4385 1607 4434 est
1637 4379 1698 4433 in
1731 4383 1788 4432 te
1815 4393 1926 4449 per

261 4463 675 4535 impositionem
706 4484 974 4522 manuum
1004 4484 1266 4522 mearum
1298 4467 1386 4538 (II
1421 4467 1565 4522 Tim.
1600 4485 1640 4538 ι,
1673 4467 1751 4537 6).
1785 4467 1926 4533 Quae

2046 1935 2453 2006 prophetandi,
2487 1937 2641 1992 ferre
2674 1955 2788 1992 non
2821 1941 3048 2009 poterat
3078 1939 3322 2007 (Jerem.
3357 1955 3457 2007 xx,
3495 1938 3572 2007 9).
3606 1937 3726 1992 De-

2045 2024 2222 2095 nique
2253 2025 2707 2098 demergebatur
2735 2028 2794 2080 in
2827 2027 3020 2082 lacum
3069 2028 3316 2097 (Jerem.
3350 2044 3600 2096 xxxvm,
3634 2027 3724 2097 6);

2045 2115 2182 2184 quia
2210 2113 2437 2168 Judaeis
2469 2115 2663 2170 futura
2693 2117 2922 2170 excidia
2967 2117 3368 2184 annuntiabat,
3423 2121 3479 2171 et
3521 2123 3721 2172 tacere

2044 2218 2160 2256 non
2189 2206 2434 2272 poterat.
2470 2205 2864 2274 Lapidabatur
2893 2204 3229 2275 Stephanus
3269 2206 3428 2275 (Act.
3462 2222 3568 2274 vn,
3602 2206 3724 2275 58),

2044 2294 2100 2345 et
2132 2291 2227 2344 illa
2258 2309 2362 2362 pro
2393 2293 2630 2348 Christo
2661 2295 2904 2348 vulnera
2933 2295 3106 2365 quasi
3137 2295 3382 2348 vulnera
3415 2295 3725 2349 charitatis

2042 2380 2140 2450 pio
2171 2381 2500 2452 excipiebat
2531 2382 2762 2437 affectu.
2797 2382 3163 2452 Vapulabant
3191 2383 3463 2454 apostoli,
3499 2386 3552 2437 et
3586 2399 3728 2438 con-

2043 2470 2490 2541 gratulabantur
2520 2472 2676 2539 (Act.
2712 2489 2768 2540 v,
2803 2471 3003 2540 40-41).
3039 2471 3225 2536 Quam
3252 2472 3447 2527 bonus
3481 2474 3573 2526 est
3611 2473 3728 2526 Do-

2044 2559 2260 2629 minus,
2294 2576 2400 2630 pro
2430 2577 2546 2631 quo
2568 2561 2774 2616 dulces
2797 2564 2853 2616 et
2883 2560 3118 2633 injuriae
3142 2564 3300 2630 sunt,
3335 2563 3501 2633 grata
3525 2560 3720 2617 morsl

2046 2648 2116 2702 Et
2143 2648 2293 2704 bene
2325 2653 2490 2722 grata
2520 2666 2653 2722 quae
2684 2651 2934 2722 acquirit
2964 2649 3478 2705 immortalitatem.

2702 2740 2954 2795 CAPUT
2993 2741 3065 2796 X.

2057 2826 2405 2901 Virginitati
2435 2835 2768 2901 competere
2798 2830 3194 2901 Ecclesiastis
3239 2829 3425 2901 locum
3475 2829 3550 2884 de
3595 2845 3728 2884 vas-

2118 2899 2278 2972 tibus
2311 2901 2460 2972 quod
2490 2899 2682 2956 autem
2713 2901 2880 2957 addit
2909 2902 2984 2957 de
3005 2902 3133 2957 oleo
3151 2900 3407 2956 ferendo
3425 2901 3486 2955 in
3509 2902 3724 2972 capite,

2115 2971 2223 3026 hoc
2255 2971 2418 3027 et’de
2449 2974 2667 3028 mentis
2693 2973 3030 3028 humilitate
3064 2980 3122 3028 et
3169 2973 3244 3028 de
3291 2972 3557 3028 modesta
3577 2971 3728 3028 cor-

2109 3044 2279 3114 poris
2311 3045 2726 3115 compositione
2759 3043 3054 3115 intelligi;
3089 3061 3214 3098 cum
3245 3049 3591 3098 ornamenta
3623 3045 3724 3098 in-

2119 3116 2344 3170 teriora
2374 3116 2628 3169 maxime
2661 3115 2722 3169 in
2756 3115 2928 3170 nobis
2959 3116 3366 3186 requirantur,
3415 3119 3474 3186 et
3501 3131 3725 3186 paupe-

2119 3202 2246 3239 rum
2267 3186 2329 3240 di
2340 3187 2499 3239 vitiae
2517 3187 2638 3239 sint
2663 3186 3018 3240 innocentiae
3040 3185 3411 3255 simplicitas.
3436 3185 3727 3249 Quomodo

2115 3257 2408 3312 Ecclesia:
2429 3257 2597 3329 dicat
2619 3257 2936 3329 Synagoga
2969 3277 2984 3310 :
3019 3257 3132 3311 Ubi
3151 3256 3570 3329 pascis,‘etc..?
3596 3257 3724 3329 haec

2123 3343 2262 3410 vero
2284 3344 2386 3410 eas
2409 3327 2641 3410 Christi
2668 3326 2838 3410 voces
2857 3326 3104 3410 accipiat
3121 3327 3282 3408 {Nisi
3301 3326 3462 3408 scias
3478 3329 3553 3410 t_e,
3579 3327 3726 3408 etc_.‘?

2114 3399 2268 3453 Hinc
2297 3399 2632 3471 significari
2661 3399 2924 3454 divinam
2966 3398 3282 3471 imaginem
3332 3398 3612 3471 residere
3657 3399 3723 3452 in

2116 3472 2308 3524 anima
2351 3469 2571 3533 nostra,
2609 3476 2668 3525 et
2696 3471 2948 3540 proinde
2979 3470 3291 3524 maximam
3343 3469 3472 3540 ejus
3523 3485 3722 3524 curam

2116 3488 2308 3524 anima
2351 3488 2571 3533 nosrra,
2609 3488 2668 3525 et
2737 3488 2948 3526 romae
2979 3488 3291 3524 mammam
3343 3488 3472 3540 eJus
3523 3488 3722 3524 curam

2113 3543 2438 3622 gerendam
2472 3559 2634 3622 esse.
2667 3488 3037 3622 dira/{reptet
3067 3547 3263 3622 monet
3307 3540 3618 3622 juvenem,
3663 3546 3724 3594 ut

2111 3614 2668 3669 cordisinnocentia
2720 3613 3058 3668 delectetur
3099 3633 3116 3668 :
3165 3613 3441 3682 virgines
3491 3618 3707 3680 autem,

2117 3689 2175 3739 ut
2226 3685 2408 3740 oculis
2468 3686 2762 3741 hominum
2812 3684 3098 3755 exemplo.
3132 3684 3346 3739 Mariae
3377 3683 3715 3755 defugiant,

2114 3762 2288 3828 atque
2335 3773 2559 3811 omnem
2604 3756 2906 3811 declinent
2955 3755 3288 3810 fabularum
3327 3755 3716 3810 occasionem.

2113 3843 2200 3899 62.
2244 3846 2306 3899 In
2337 3846 2510 3915 omni,
2542 3845 2750 3917 inquit,
2787 3851 3048 3917 tempore
3079 3844 3202 3900 sint
3240 3843 3592 3900 vestimenta
3623 3849 3720 3898 tua

2043 3934 2295 3989 candida
2325 3933 2550 4003 (Eccle.
2585 3953 2665 4004 ix,
2698 3935 2772 4004 8).
2823 3934 2972 4000 Quid
3005 3934 3293 3989 candidus
3339 3933 3716 4006 virginitate:

2041 4023 2182 4096 quid
2229 4023 2536 4078 candidius
2586 4024 2802 4079 intacto
2851 4022 3204 4078 vestimento
3248 4023 3360 4092 (5‘2)
3429 4023 3716 4094 pudoris?

2041 4114 2204 4169 Bona
2234 4113 2471 4185 quidem
2503 4114 2743 4168 castitas
2778 4111 3116 4185 conjugalis
3148 4115 3205 4168 et
3237 4113 3479 4168 castitas
3524 4112 3715 4168 vidui-

2038 4203 2205 4271 tatis;
2238 4203 2454 4258 munda
2486 4203 2678 4258 omnis
2711 4203 2973 4272 castitas,
3008 4203 3116 4258 sed
3166 4202 3316 4258 forte
3357 4218 3476 4258 non
3522 4203 3716 4258 omnis

2039 4294 2304 4362 candida,
2351 4297 2448 4348 aut
2493 4309 2610 4349 non
2662 4293 2907 4348 candida
2955 4293 3016 4348 in
3065 4292 3223 4348 omni
3265 4295 3550 4362 tempore.
3581 4291 3716 4345 Non

2039 4384 2306 4453 candida,
2339 4383 2572 4456 quando
2602 4399 2719 4438 non
2749 4383 2926 4438 habet
2955 4382 3090 4454 quis
3140 4381 3234 4436 sui
3285 4380 3554 4452 corporis
3604 4395 3716 4450 po-

2036 4476 2327 4544 testatem,
2380 4473 2613 4546 quando
2655 4473 2728 4527 ad
2773 4476 3006 4543 tempus
3052 4472 3462 4543 sequestratur
3501 4468 3713 4524 oratio.

260 4556 437 4650 autem
465 4557 912 4611 resuscitaverit
942 4557 1213 4628 gratiam,
1250 4558 1312 4611 ﬁt
1343 4557 1647 4613 vulnerata
1673 4557 1925 4612 charita-
1947 4596 2001 4658 υ
2037 4565 2092 4632 (1
2119 4565 2253 4620 Cor,
2289 4581 2387 4634 vn,
2420 4565 2472 4635 4,
2505 4565 2580 4633 5).
2614 4563 2696 4618 De
2727 4562 3063 4636 virginitate
3094 4575 3238 4632 ergo
3266 4557 3513 4629 pulchre
3561 4556 3713 4612 dici-

260 4640 347 4710 tis,
376 4644 528 4698 sicut
556 4645 656 4698 illa
688 4644 836 4699 dixit
868 4661 880 4700 :
921 4645 1066 4710 Quia
1107 4645 1413 4700 vulnerata
1448 4646 1768 4700 eharitatis
1815 4661 1926 4718 ego

264 4743 376 4782 sum
401 4753 416 4785 :
437 4734 492 4786 si
519 4733 972 4788 suscitaveritis
1005 4741 1063 4788 ct
1098 4736 1295 4789 excita
1308 4736 1522 4789 veritis
1570 4735 1926 4789 charitatem

267 4817 444 4882 (Cant.
478 4839 533 4890 v,
567 4822 643 4891 8).
676 4821 826 4888 Quid
857 4823 1013 4877 istud
1047 4823 1144 4892 sit,
1188 4823 1514 4894 poterimus
1567 4823 1923 4896 intelligere,

263 4907 308 4958 si
335 4913 662 4979 repetamus
693 4913 830 4982 quia
863 4914 1077 4984 sagitta
1108 4916 1200 4967 est
1243 4913 1532 4967 Dominus
1581 4913 1785 4983 Jesus,
1831 4914 1925 4967 cui

261 4993 387 5050 dicit
417 4998 586 5054 Pater
620 5017 632 5055 :
673 5000 859 5055 Posui
892 5008 948 5055 te
978 5003 1133 5056 sicut
1167 5003 1445 5074 sagittam
1487 5001 1734 5057 electam
1784 5001 1922 5072 (Isa.

326 5140 428 5214 (t8)
466 5141 642 5214 Edit.,
679 5160 874 5214 quaere
902 5145 964 5198 in
997 5144 1181 5200 cubili
1211 5151 1326 5200 tuo.

320 5211 425 5280 (49)
464 5211 735 5285 Plerique
767 5231 938 5284 mss.,
975 5216 1170 5270 nullus
1201 5217 1424 5271 excitet
1456 5221 1738 5271 metus....
1777 5214 1919 5270 Cum

261 5277 378 5361 1W9
408 5277 669 5361 'Venerit'.
723 5277 1348 5361 Sponsusulransibit,
1401 5294 1460 5342 ut
1511 5287 1724 5353 anima,
1779 5289 1917 5356 ete.;

264 5351 454 5426 melius
484 5359 676 5410 tamen
707 5351 826 5426 alii,
863 5362 918 5412 et
941 5359 1078 5414 edit.
1114 5363 1175 5413 ut
1205 5359 1263 5412 in
1297 5351 1479 5414 textu.

325 5423 428 5492 (50)
465 5427 562 5481 Sic
592 5443 740 5482 mss.
776 5423 935 5484 nullo
967 5433 1214 5499 excepto
1239 5451 1255 5484 :
1289 5445 1498 5484 omnes
1527 5433 1721 5484 autem
1752 5429 1916 5499 edit.,

268 5498 726 5584 etcentendimus
738 5503 928 5571 magis
943 5523 958 5554 :
973 5498 1199 5568 Graece,
1226 5507 1500 5584 θαρροὖμεν
1520 5505 1593 5569 δὲ,
1621 5509 1674 5562 εὖ
1692 5498 1920 5582 excipite.

268 5577 651 5653 contendimus
681 5587 739 5633 et
766 5580 1086 5653 probamus
1120 5601 1136 5634 :
1168 5577 1366 5653 Vulg},
1403 5577 1684 5636 audemus
1725 5587 1782 5653 ct
1810 5577 1923 5634 bo-

271 5659 406 5724 num“
422 5650 778 5724 voluntatem
800 5652 1114 5714 habemus;
1147 5650 1623 5709 altae'versiones
1645 5652 1921 5724 denique,

272 5717 595 5778 conﬁdimus
626 5730 685 5779 et
716 5731 1081 5797 exoptamus.

2036 4656 2159 4709 tur:
2183 4654 2249 4708 In
2274 4655 2430 4708 omni
2451 4660 2713 4724 tempore
2744 4652 2866 4706 sint
2911 4649 3261 4704 vestimenta
3304 4653 3398 4701 tua
3437 4647 3710 4716 candida,

2037 4742 2302 4799 ctolcum
2321 4743 2741 4813 incapitetuo;
2784 4743 2846 4794 ut
2886 4739 3048 4794 faces
3089 4740 3202 4793 tuae
3221 4750 3458 4807 semper
3478 4737 3713 4807 possint

2033 4831 2253 4901 lucere,
2280 4848 2386 4888 nec
2410 4831 2882 4902 exstinguuntur,
2909 4844 3042 4882 eum
3061 4826 3589 4899 cmperitSponsus
3613 4826 3710 4880 ille

2035 4921 2296 4978 caelestis
2328 4921 2530 4974 venire
2561 4917 2800 4990 (Matth.
2833 4933 2975 4986 xxv,
3010 4916 3088 4988 6).

2103 5010 2192 5065 63.
2233 5009 2356 5074 Qua
2385 5012 2579 5063 autem
2610 5007 2831 5063 ratione
2863 5007 2924 5060 in
2957 5007 3148 5079 capite
3182 5011 3278 5061 tuo
3311 5005 3709 5061 Ecclesiastes

2104 5153 2216 5219 (51)
2257 5153 2404 5207 Mss.
2436 5169 2554 5206 non
2583 5151 2775 5222 pauci,
2812 5150 3088 5208 discedit.
3128 5149 3288 5205 Cur?
3334 5149 3409 5204 Ut
3439 5150 3710 5208 resusci-

2037 5231 2142 5292 tet,
2177 5228 2301 5296 ete.
2326 5225 2457 5296 Non
2488 5225 2836 5296 incongrue.
2919 5289 2922 5296 ι

2105 5296 2219 5368 (52)
2259 5295 2434 5368 Edit.,
2469 5295 2609 5368 quid
2638 5294 2888 5350 nitidius
2917 5294 3138 5348 intacta
3175 5294 3547 5368 vestimento.

2106 5363 2218 5438 (53)
2261 5367 2340 5422 Ita
2372 5363 2520 5422 mss.
2556 5367 2762 5422 omnes
2790 5381 2804 5436 ;
2853 5369 2910 5438 at
2952 5379 2983 5420 e
3017 5366 3552 5438 contrariouomnes
3585 5363 3702 5431 ed.,

2041 5435 2218 5504 Quam
2250 5446 2439 5494 autem
2473 5438 2802 5493 unctionem
2850 5437 2912 5490 in
2944 5438 3136 5508 capite
3177 5441 3276 5508 tuo
3293 5435 3712 5508 (Ecclesiastes

2038 5503 2265 5585 dixerit
2301 5510 2421 5585 :‘dc
2449 5509 2846 5585 Proverbiis;
2885 5503 3185 5585 Rom.,_de
3219 5506 3357 5585 aliis
3387 5506 3550 5568 10018,
3577 5503 3710 5585 col-

2036 5582 2296 5652 ligimus.
2328 5581 2480 5637 Sane
2514 5581 2683 5636 citata
2714 5581 2786 5634 ab
2822 5579 3137 5652 Ambrosio
3169 5578 3349 5652 verba
3395 5578 3710 5652 reperiunf

2040 5647 2132 5708 tur
2159 5653 2289 5708 loco
2323 5654 2576 5708 indicato
2608 5652 2682 5708 ad
2712 5651 3070 5724 marginem;
3105 5649 3232 5724 fieri
3273 5651 3468 5724 tamen
3513 5647 3712 5724 potest

2040 5729 2096 5783 et
2125 5724 2221 5781 ille
2254 5726 2589 5804 respexerit
2610 5723 2686 5781 ad
2715 5721 2892 5780 Prov.
2926 5739 3071 5795 xvu,
3102 5721 3192 5793 24,
3217 5721 3470 5804 ηρὸσωτον
3508 5723 3715 5782 συνετὸν
