  <div class='ocr_page' id='page_1' title='image "/cluster/home/n/w/nwhite01/storage/ocr_20150623/16/hvd.32044096580444/191.png"; bbox 0 0 3936 6168; ppageno 0'>
   <div class='ocr_carea' id='block_1_1' title="bbox 290 200 539 336">
    <p class='ocr_par' dir='ltr' id='par_1_1' title="bbox 290 200 539 336">
     <span class='ocr_line' id='line_1_1' title="bbox 290 200 539 336; baseline 0.016 -15"><span class='ocrx_word' id='word_1_1' title='bbox 290 250 423 336; x_wconf 67' lang='lat' dir='ltr'><strong>an</strong></span> <span class='ocrx_word' id='word_1_2' title='bbox 531 200 539 207; x_wconf 55' lang='grc'><strong>’</strong></span> 
     </span>
    </p>
   </div>
   <div class='ocr_carea' id='block_1_2' title="bbox 1616 255 2157 321">
    <p class='ocr_par' dir='ltr' id='par_1_2' title="bbox 1616 255 2157 321">
     <span class='ocr_line' id='line_1_2' title="bbox 1616 255 2157 321; baseline 0 -1"><span class='ocrx_word' id='word_1_3' title='bbox 1616 256 1682 320; x_wconf 82' lang='grc'>8.</span> <span class='ocrx_word' id='word_1_4' title='bbox 1715 255 2157 321; x_wconf 83' lang='lat' dir='ltr'><strong>AMBROSII.</strong></span> 
     </span>
    </p>
   </div>
   <div class='ocr_carea' id='block_1_3' title="bbox 3587 267 3682 331">
    <p class='ocr_par' dir='ltr' id='par_1_3' title="bbox 3587 267 3682 331">
     <span class='ocr_line' id='line_1_3' title="bbox 3587 267 3682 331; baseline 0.011 -1"><span class='ocrx_word' id='word_1_5' title='bbox 3587 267 3682 331; x_wconf 80' lang='lat'><strong>372</strong></span> 
     </span>
    </p>
   </div>
   <div class='ocr_carea' id='block_1_4' title="bbox 291 443 3684 535">
    <p class='ocr_par' dir='ltr' id='par_1_4' title="bbox 291 443 3684 535">
     <span class='ocr_line' id='line_1_4' title="bbox 291 443 3684 535; baseline 0.003 -22"><span class='ocrx_word' id='word_1_6' title='bbox 291 457 508 516; x_wconf 76' lang='lat' dir='ltr'><strong>dixerit</strong></span> <span class='ocrx_word' id='word_1_7' title='bbox 534 457 667 528; x_wconf 84' lang='lat'><strong>(58),</strong></span> <span class='ocrx_word' id='word_1_8' title='bbox 701 456 773 512; x_wconf 92' lang='lat' dir='ltr'><strong>de</strong></span> <span class='ocrx_word' id='word_1_9' title='bbox 804 455 1147 512; x_wconf 82' lang='lat' dir='ltr'><strong>Proverbiis</strong></span> <span class='ocrx_word' id='word_1_10' title='bbox 1178 455 1561 531; x_wconf 76' lang='lat' dir='ltr'><strong>colligemus;</strong></span> <span class='ocrx_word' id='word_1_11' title='bbox 1611 457 1749 529; x_wconf 84' lang='lat' dir='ltr'><strong>quia</strong></span> <span class='ocrx_word' id='word_1_12' title='bbox 1796 455 1964 511; x_wconf 85' lang='lat' dir='ltr'><strong>Oculi</strong></span> <span class='ocrx_word' id='word_1_13' title='bbox 1988 443 2062 507; x_wconf 64' lang='grc' dir='ltr'><strong>Ᾱ’</strong></span> <span class='ocrx_word' id='word_1_14' title='bbox 2143 456 2231 514; x_wconf 82' lang='grc'>67.</span> <span class='ocrx_word' id='word_1_15' title='bbox 2274 458 2390 515; x_wconf 86' lang='lat' dir='ltr'><strong>Sed</strong></span> <span class='ocrx_word' id='word_1_16' title='bbox 2419 460 2555 531; x_wconf 90' lang='lat' dir='ltr'><strong>quia</strong></span> <span class='ocrx_word' id='word_1_17' title='bbox 2585 458 2908 528; x_wconf 80' lang='lat' dir='ltr'><strong>incredula,</strong></span> <span class='ocrx_word' id='word_1_18' title='bbox 2940 458 3203 531; x_wconf 77' lang='lat' dir='ltr'><strong>immitis,</strong></span> <span class='ocrx_word' id='word_1_19' title='bbox 3248 461 3534 535; x_wconf 89' lang='lat' dir='ltr'><strong>sacrilega,</strong></span> <span class='ocrx_word' id='word_1_20' title='bbox 3576 465 3684 523; x_wconf 87' lang='lat' dir='ltr'><strong>ideo</strong></span> 
     </span>
    </p>
   </div>
   <div class='ocr_carea' id='block_1_5' title="bbox 290 545 1963 617">
    <p class='ocr_par' dir='ltr' id='par_1_5' title="bbox 290 545 1963 617">
     <span class='ocr_line' id='line_1_5' title="bbox 290 545 1963 617; baseline -0.001 -15"><span class='ocrx_word' id='word_1_21' title='bbox 290 547 550 604; x_wconf 84' lang='lat' dir='ltr'><strong>bominis</strong></span> <span class='ocrx_word' id='word_1_22' title='bbox 594 562 657 600; x_wconf 89' lang='lat' dir='ltr'>1n</span> <span class='ocrx_word' id='word_1_23' title='bbox 708 545 902 616; x_wconf 78' lang='lat' dir='ltr'><strong>capite</strong></span> <span class='ocrx_word' id='word_1_24' title='bbox 949 545 1080 617; x_wconf 81' lang='lat' dir='ltr'><strong>ejus</strong></span> <span class='ocrx_word' id='word_1_25' title='bbox 1125 546 1350 615; x_wconf 83' lang='lat' dir='ltr'><strong>(Eccle.</strong></span> <span class='ocrx_word' id='word_1_26' title='bbox 1386 565 1448 616; x_wconf 88' lang='grc' dir='ltr'><strong>ιι,</strong></span> <span class='ocrx_word' id='word_1_27' title='bbox 1483 545 1593 617; x_wconf 78' lang='lat'><strong>14),</strong></span> <span class='ocrx_word' id='word_1_28' title='bbox 1625 547 1684 601; x_wconf 88' lang='lat' dir='ltr'><strong>id</strong></span> <span class='ocrx_word' id='word_1_29' title='bbox 1715 549 1826 616; x_wconf 91' lang='lat' dir='ltr'><strong>est,</strong></span> <span class='ocrx_word' id='word_1_30' title='bbox 1861 562 1963 601; x_wconf 87' lang='lat' dir='ltr'><strong>sa-</strong></span> 
     </span>
    </p>
   </div>
   <div class='ocr_carea' id='block_1_6' title="bbox 288 635 1966 707">
    <p class='ocr_par' dir='ltr' id='par_1_6' title="bbox 288 635 1966 707">
     <span class='ocr_line' id='line_1_6' title="bbox 288 635 1966 707; baseline -0.001 -17"><span class='ocrx_word' id='word_1_31' title='bbox 288 635 525 707; x_wconf 75' lang='lat' dir='ltr'><strong>pientiaa</strong></span> <span class='ocrx_word' id='word_1_32' title='bbox 553 637 669 689; x_wconf 85' lang='lat' dir='ltr'><strong>tuae</strong></span> <span class='ocrx_word' id='word_1_33' title='bbox 700 649 942 690; x_wconf 84' lang='lat' dir='ltr'><strong>sensus.</strong></span> <span class='ocrx_word' id='word_1_34' title='bbox 975 635 1112 690; x_wconf 90' lang='lat' dir='ltr'><strong>Ideo</strong></span> <span class='ocrx_word' id='word_1_35' title='bbox 1156 635 1305 691; x_wconf 86' lang='lat' dir='ltr'><strong>forte</strong></span> <span class='ocrx_word' id='word_1_36' title='bbox 1350 639 1407 691; x_wconf 90' lang='lat' dir='ltr'><strong>et</strong></span> <span class='ocrx_word' id='word_1_37' title='bbox 1458 635 1802 707; x_wconf 87' lang='lat' dir='ltr'><strong>evangelica</strong></span> <span class='ocrx_word' id='word_1_38' title='bbox 1833 652 1966 690; x_wconf 91' lang='lat' dir='ltr'><strong>mu-</strong></span> 
     </span>
    </p>
   </div>
   <div class='ocr_carea' id='block_1_7' title="bbox 287 723 1967 795">
    <p class='ocr_par' dir='ltr' id='par_1_7' title="bbox 287 723 1967 795">
     <span class='ocr_line' id='line_1_7' title="bbox 287 723 1967 795; baseline -0.001 -15"><span class='ocrx_word' id='word_1_39' title='bbox 287 724 401 781; x_wconf 89' lang='lat' dir='ltr'><strong>lier</strong></span> <span class='ocrx_word' id='word_1_40' title='bbox 427 723 526 780; x_wconf 89' lang='lat' dir='ltr'><strong>illa</strong></span> <span class='ocrx_word' id='word_1_41' title='bbox 555 723 845 793; x_wconf 78' lang='lat' dir='ltr'><strong>laudatur,</strong></span> <span class='ocrx_word' id='word_1_42' title='bbox 891 740 1025 795; x_wconf 71' lang='lat' dir='ltr'><strong>qum</strong></span> <span class='ocrx_word' id='word_1_43' title='bbox 1074 724 1258 795; x_wconf 85' lang='lat' dir='ltr'><strong>pedes</strong></span> <span class='ocrx_word' id='word_1_44' title='bbox 1313 724 1546 779; x_wconf 88' lang='lat' dir='ltr'><strong>Domini</strong></span> <span class='ocrx_word' id='word_1_45' title='bbox 1576 724 1804 795; x_wconf 83' lang='lat' dir='ltr'><strong>capillis</strong></span> <span class='ocrx_word' id='word_1_46' title='bbox 1837 725 1967 779; x_wconf 88' lang='lat' dir='ltr'><strong>suis</strong></span> 
     </span>
    </p>
   </div>
   <div class='ocr_carea' id='block_1_8' title="bbox 288 812 1961 885">
    <p class='ocr_par' dir='ltr' id='par_1_8' title="bbox 288 812 1961 885">
     <span class='ocr_line' id='line_1_8' title="bbox 288 812 1961 885; baseline -0.001 -16"><span class='ocrx_word' id='word_1_47' title='bbox 288 812 538 870; x_wconf 77' lang='lat' dir='ltr'><strong>extersit</strong></span> <span class='ocrx_word' id='word_1_48' title='bbox 567 813 730 883; x_wconf 89' lang='lat' dir='ltr'><strong>(Luc.</strong></span> <span class='ocrx_word' id='word_1_49' title='bbox 755 829 858 883; x_wconf 92' lang='lat' dir='ltr'>v11,</span> <span class='ocrx_word' id='word_1_50' title='bbox 881 812 1091 883; x_wconf 68' lang='lat'>38-48),</span> <span class='ocrx_word' id='word_1_51' title='bbox 1125 813 1284 885; x_wconf 88' lang='lat' dir='ltr'><strong>quod</strong></span> <span class='ocrx_word' id='word_1_52' title='bbox 1304 814 1419 868; x_wconf 81' lang='lat' dir='ltr'><strong>ﬁde</strong></span> <span class='ocrx_word' id='word_1_53' title='bbox 1437 829 1505 869; x_wconf 90' lang='lat' dir='ltr'><strong>se</strong></span> <span class='ocrx_word' id='word_1_54' title='bbox 1534 813 1961 882; x_wconf 89' lang='lat' dir='ltr'><strong>humiliaverit;</strong></span> 
     </span>
    </p>
   </div>
   <div class='ocr_carea' id='block_1_9' title="bbox 292 901 1967 975">
    <p class='ocr_par' dir='ltr' id='par_1_9' title="bbox 292 901 1967 975">
     <span class='ocr_line' id='line_1_9' title="bbox 292 901 1967 975; baseline 0 -18"><span class='ocrx_word' id='word_1_55' title='bbox 292 917 367 958; x_wconf 91' lang='lat' dir='ltr'><strong>ne</strong></span> <span class='ocrx_word' id='word_1_56' title='bbox 397 918 505 972; x_wconf 92' lang='lat' dir='ltr'><strong>per</strong></span> <span class='ocrx_word' id='word_1_57' title='bbox 537 901 735 957; x_wconf 90' lang='lat' dir='ltr'><strong>carnis</strong></span> <span class='ocrx_word' id='word_1_58' title='bbox 756 901 905 958; x_wconf 91' lang='lat' dir='ltr'><strong>elata</strong></span> <span class='ocrx_word' id='word_1_59' title='bbox 928 903 1277 973; x_wconf 84' lang='lat' dir='ltr'><strong>sapientiam</strong></span> <span class='ocrx_word' id='word_1_60' title='bbox 1297 902 1616 972; x_wconf 75' lang='lat' dir='ltr'><strong>videretur,</strong></span> <span class='ocrx_word' id='word_1_61' title='bbox 1650 918 1825 974; x_wconf 89' lang='lat' dir='ltr'><strong>quam</strong></span> <span class='ocrx_word' id='word_1_62' title='bbox 1847 903 1967 975; x_wconf 83' lang='lat' dir='ltr'><strong>legi</strong></span> 
     </span>
    </p>
   </div>
   <div class='ocr_carea' id='block_1_10' title="bbox 292 991 1966 1062">
    <p class='ocr_par' dir='ltr' id='par_1_10' title="bbox 292 991 1966 1062">
     <span class='ocr_line' id='line_1_10' title="bbox 292 991 1966 1062; baseline 0.001 -16"><span class='ocrx_word' id='word_1_63' title='bbox 292 991 594 1047; x_wconf 82' lang='lat' dir='ltr'><strong>subditam</strong></span> <span class='ocrx_word' id='word_1_64' title='bbox 640 1006 820 1046; x_wconf 89' lang='lat' dir='ltr'><strong>verus</strong></span> <span class='ocrx_word' id='word_1_65' title='bbox 870 992 1237 1047; x_wconf 88' lang='lat' dir='ltr'><strong>occultorum</strong></span> <span class='ocrx_word' id='word_1_66' title='bbox 1283 991 1578 1062; x_wconf 86' lang='lat' dir='ltr'><strong>interpres</strong></span> <span class='ocrx_word' id='word_1_67' title='bbox 1609 991 1830 1046; x_wconf 86' lang='lat' dir='ltr'><strong>Paulus</strong></span> <span class='ocrx_word' id='word_1_68' title='bbox 1863 1008 1966 1048; x_wconf 87' lang='lat' dir='ltr'><strong>ne-</strong></span> 
     </span>
    </p>
   </div>
   <div class='ocr_carea' id='block_1_11' title="bbox 290 1079 1966 1153">
    <p class='ocr_par' dir='ltr' id='par_1_11' title="bbox 290 1079 1966 1153">
     <span class='ocr_line' id='line_1_11' title="bbox 290 1079 1966 1153; baseline 0.001 -19"><span class='ocrx_word' id='word_1_69' title='bbox 290 1080 456 1153; x_wconf 91' lang='lat' dir='ltr'><strong>gavit</strong></span> <span class='ocrx_word' id='word_1_70' title='bbox 484 1081 598 1152; x_wconf 79' lang='grc'>(54)</span> <span class='ocrx_word' id='word_1_71' title='bbox 629 1081 818 1152; x_wconf 85' lang='lat' dir='ltr'><strong>(Rom.</strong></span> <span class='ocrx_word' id='word_1_72' title='bbox 848 1098 972 1152; x_wconf 82' lang='lat' dir='ltr'><strong>vni,</strong></span> <span class='ocrx_word' id='word_1_73' title='bbox 1004 1081 1081 1151; x_wconf 82' lang='lat'><strong>‘7),</strong></span> <span class='ocrx_word' id='word_1_74' title='bbox 1114 1096 1184 1137; x_wconf 92' lang='lat' dir='ltr'><strong>eo</strong></span> <span class='ocrx_word' id='word_1_75' title='bbox 1214 1081 1373 1152; x_wconf 90' lang='lat' dir='ltr'><strong>quod</strong></span> <span class='ocrx_word' id='word_1_76' title='bbox 1420 1080 1656 1136; x_wconf 91' lang='lat' dir='ltr'><strong>Christo</strong></span> <span class='ocrx_word' id='word_1_77' title='bbox 1697 1079 1966 1152; x_wconf 81' lang='lat' dir='ltr'><strong>subjice-</strong></span> 
     </span>
    </p>
   </div>
   <div class='ocr_carea' id='block_1_12' title="bbox 289 1172 475 1226">
    <p class='ocr_par' dir='ltr' id='par_1_12' title="bbox 289 1172 475 1226">
     <span class='ocr_line' id='line_1_12' title="bbox 289 1172 475 1226; baseline 0.011 -2"><span class='ocrx_word' id='word_1_78' title='bbox 289 1172 475 1226; x_wconf 87' lang='lat' dir='ltr'><strong>retur.</strong></span> 
     </span>
    </p>
   </div>
   <div class='ocr_carea' id='block_1_13' title="bbox 372 1258 1970 1332">
    <p class='ocr_par' dir='ltr' id='par_1_13' title="bbox 372 1258 1970 1332">
     <span class='ocr_line' id='line_1_13' title="bbox 372 1258 1970 1332; baseline -0.007 -7"><span class='ocrx_word' id='word_1_79' title='bbox 372 1259 521 1324; x_wconf 83' lang='grc'><strong>295</strong></span> <span class='ocrx_word' id='word_1_80' title='bbox 559 1258 650 1315; x_wconf 73' lang='grc'>64.</span> <span class='ocrx_word' id='word_1_81' title='bbox 692 1258 764 1315; x_wconf 91' lang='lat' dir='ltr'><strong>Et</strong></span> <span class='ocrx_word' id='word_1_82' title='bbox 804 1259 1049 1330; x_wconf 90' lang='lat' dir='ltr'><strong>pulchre</strong></span> <span class='ocrx_word' id='word_1_83' title='bbox 1092 1259 1206 1315; x_wconf 89' lang='lat' dir='ltr'><strong>hoc</strong></span> <span class='ocrx_word' id='word_1_84' title='bbox 1254 1275 1579 1331; x_wconf 90' lang='lat' dir='ltr'><strong>possumus</strong></span> <span class='ocrx_word' id='word_1_85' title='bbox 1637 1259 1970 1332; x_wconf 85' lang='lat' dir='ltr'><strong>intelligere</strong></span> 
     </span>
    </p>
   </div>
   <div class='ocr_carea' id='block_1_14' title="bbox 290 1348 1969 1421">
    <p class='ocr_par' dir='ltr' id='par_1_14' title="bbox 290 1348 1969 1421">
     <span class='ocr_line' id='line_1_14' title="bbox 290 1348 1969 1421; baseline -0.001 -18"><span class='ocrx_word' id='word_1_86' title='bbox 290 1348 467 1403; x_wconf 88' lang='lat' dir='ltr'><strong>etiam</strong></span> <span class='ocrx_word' id='word_1_87' title='bbox 498 1348 899 1419; x_wconf 82' lang='lat' dir='ltr'><strong>corporaliter,</strong></span> <span class='ocrx_word' id='word_1_88' title='bbox 932 1348 1211 1421; x_wconf 87' lang='lat' dir='ltr'><strong>quoniam</strong></span> <span class='ocrx_word' id='word_1_89' title='bbox 1242 1350 1296 1403; x_wconf 92' lang='lat' dir='ltr'><strong>si</strong></span> <span class='ocrx_word' id='word_1_90' title='bbox 1325 1349 1387 1404; x_wconf 93' lang='lat' dir='ltr'><strong>in</strong></span> <span class='ocrx_word' id='word_1_91' title='bbox 1416 1348 1780 1420; x_wconf 86' lang='lat' dir='ltr'><strong>propheticis</strong></span> <span class='ocrx_word' id='word_1_92' title='bbox 1811 1348 1969 1402; x_wconf 89' lang='lat' dir='ltr'><strong>scri-</strong></span> 
     </span>
    </p>
   </div>
   <div class='ocr_carea' id='block_1_15' title="bbox 291 1436 1970 1510">
    <p class='ocr_par' dir='ltr' id='par_1_15' title="bbox 291 1436 1970 1510">
     <span class='ocr_line' id='line_1_15' title="bbox 291 1436 1970 1510; baseline 0 -18"><span class='ocrx_word' id='word_1_93' title='bbox 291 1437 411 1509; x_wconf 89' lang='lat' dir='ltr'><strong>ptis</strong></span> <span class='ocrx_word' id='word_1_94' title='bbox 442 1436 956 1508; x_wconf 88' lang='lat' dir='ltr'><strong>reprehenduntur</strong></span> <span class='ocrx_word' id='word_1_95' title='bbox 984 1437 1121 1493; x_wconf 67' lang='lat' dir='ltr'><strong>tiliae</strong></span> <span class='ocrx_word' id='word_1_96' title='bbox 1156 1437 1319 1507; x_wconf 90' lang='lat' dir='ltr'><strong>Sion,</strong></span> <span class='ocrx_word' id='word_1_97' title='bbox 1370 1438 1529 1510; x_wconf 89' lang='lat' dir='ltr'><strong>quod</strong></span> <span class='ocrx_word' id='word_1_98' title='bbox 1574 1438 1688 1491; x_wconf 88' lang='lat' dir='ltr'><strong>alta</strong></span> <span class='ocrx_word' id='word_1_99' title='bbox 1738 1438 1970 1492; x_wconf 84' lang='lat' dir='ltr'><strong>cci-vice</strong></span> 
     </span>
    </p>
   </div>
   <div class='ocr_carea' id='block_1_16' title="bbox 292 1527 1967 1598">
    <p class='ocr_par' dir='ltr' id='par_1_16' title="bbox 292 1527 1967 1598">
     <span class='ocr_line' id='line_1_16' title="bbox 292 1527 1967 1598; baseline -0.001 -16"><span class='ocrx_word' id='word_1_100' title='bbox 292 1527 702 1598; x_wconf 89' lang='lat' dir='ltr'><strong>procederent,</strong></span> <span class='ocrx_word' id='word_1_101' title='bbox 755 1527 997 1583; x_wconf 87' lang='lat' dir='ltr'><strong>nutibus</strong></span> <span class='ocrx_word' id='word_1_102' title='bbox 1047 1527 1374 1597; x_wconf 91' lang='lat' dir='ltr'><strong>oculorum,</strong></span> <span class='ocrx_word' id='word_1_103' title='bbox 1422 1530 1478 1581; x_wconf 90' lang='lat' dir='ltr'><strong>et</strong></span> <span class='ocrx_word' id='word_1_104' title='bbox 1516 1527 1723 1581; x_wconf 87' lang='lat' dir='ltr'><strong>itinere</strong></span> <span class='ocrx_word' id='word_1_105' title='bbox 1753 1527 1967 1597; x_wconf 89' lang='lat' dir='ltr'><strong>pedum</strong></span> 
     </span>
    </p>
   </div>
   <div class='ocr_carea' id='block_1_17' title="bbox 293 1615 1968 1687">
    <p class='ocr_par' dir='ltr' id='par_1_17' title="bbox 293 1615 1968 1687">
     <span class='ocr_line' id='line_1_17' title="bbox 293 1615 1968 1687; baseline -0.001 -16"><span class='ocrx_word' id='word_1_106' title='bbox 293 1616 596 1672; x_wconf 87' lang='lat' dir='ltr'><strong>trahentes</strong></span> <span class='ocrx_word' id='word_1_107' title='bbox 626 1615 802 1671; x_wconf 91' lang='lat' dir='ltr'><strong>simul</strong></span> <span class='ocrx_word' id='word_1_108' title='bbox 832 1617 1083 1686; x_wconf 88' lang='lat' dir='ltr'><strong>tunicas,</strong></span> <span class='ocrx_word' id='word_1_109' title='bbox 1118 1620 1174 1672; x_wconf 91' lang='lat' dir='ltr'><strong>et</strong></span> <span class='ocrx_word' id='word_1_110' title='bbox 1205 1617 1476 1673; x_wconf 88' lang='lat' dir='ltr'><strong>ludentes</strong></span> <span class='ocrx_word' id='word_1_111' title='bbox 1530 1616 1781 1687; x_wconf 82' lang='lat' dir='ltr'><strong>pedibus</strong></span> <span class='ocrx_word' id='word_1_112' title='bbox 1829 1616 1968 1685; x_wconf 84' lang='lat' dir='ltr'><strong>(lsa.</strong></span> 
     </span>
    </p>
   </div>
   <div class='ocr_carea' id='block_1_18' title="bbox 294 1704 1975 1778">
    <p class='ocr_par' dir='ltr' id='par_1_18' title="bbox 294 1704 1975 1778">
     <span class='ocr_line' id='line_1_18' title="bbox 294 1704 1975 1778; baseline 0 -19"><span class='ocrx_word' id='word_1_113' title='bbox 294 1722 378 1775; x_wconf 89' lang='lat'>111,</span> <span class='ocrx_word' id='word_1_114' title='bbox 428 1705 497 1760; x_wconf 80' lang='lat' dir='ltr'><strong>l6</strong></span> <span class='ocrx_word' id='word_1_115' title='bbox 540 1712 599 1760; x_wconf 90' lang='lat' dir='ltr'><strong>et</strong></span> <span class='ocrx_word' id='word_1_116' title='bbox 644 1704 818 1778; x_wconf 89' lang='lat' dir='ltr'><strong>seq.);</strong></span> <span class='ocrx_word' id='word_1_117' title='bbox 866 1708 923 1760; x_wconf 93' lang='lat' dir='ltr'><strong>et</strong></span> <span class='ocrx_word' id='word_1_118' title='bbox 968 1706 1101 1761; x_wconf 90' lang='lat' dir='ltr'><strong>ideo</strong></span> <span class='ocrx_word' id='word_1_119' title='bbox 1148 1706 1401 1778; x_wconf 81' lang='lat' dir='ltr'><strong>gloriam</strong></span> <span class='ocrx_word' id='word_1_120' title='bbox 1439 1706 1628 1760; x_wconf 83' lang='lat' dir='ltr'><strong>vestis</strong></span> <span class='ocrx_word' id='word_1_121' title='bbox 1660 1721 1881 1773; x_wconf 88' lang='lat' dir='ltr'><strong>earum,</strong></span> <span class='ocrx_word' id='word_1_122' title='bbox 1917 1708 1975 1759; x_wconf 88' lang='lat' dir='ltr'><strong>ct</strong></span> 
     </span>
    </p>
   </div>
   <div class='ocr_carea' id='block_1_19' title="bbox 2070 548 3687 621">
    <p class='ocr_par' dir='ltr' id='par_1_19' title="bbox 2070 548 3687 621">
     <span class='ocr_line' id='line_1_19' title="bbox 2070 548 3687 621; baseline 0.005 -19"><span class='ocrx_word' id='word_1_123' title='bbox 2070 562 2197 602; x_wconf 88' lang='lat' dir='ltr'><strong>eam</strong></span> <span class='ocrx_word' id='word_1_124' title='bbox 2219 564 2250 601; x_wconf 93' lang='lat' dir='ltr'><strong>a</strong></span> <span class='ocrx_word' id='word_1_125' title='bbox 2285 550 2573 621; x_wconf 78' lang='lat' dir='ltr'><strong>gregibus</strong></span> <span class='ocrx_word' id='word_1_126' title='bbox 2606 549 2896 604; x_wconf 84' lang='lat' dir='ltr'><strong>Ecclesiae</strong></span> <span class='ocrx_word' id='word_1_127' title='bbox 2926 565 3056 604; x_wconf 65' lang='lat' dir='ltr'><strong>suae</strong></span> <span class='ocrx_word' id='word_1_128' title='bbox 3086 552 3319 620; x_wconf 86' lang='lat' dir='ltr'><strong>separat</strong></span> <span class='ocrx_word' id='word_1_129' title='bbox 3344 548 3590 608; x_wconf 86' lang='lat' dir='ltr'><strong>Christus</strong></span> <span class='ocrx_word' id='word_1_130' title='bbox 3614 556 3687 610; x_wconf 87' lang='lat' dir='ltr'><strong>di-</strong></span> 
     </span>
    </p>
   </div>
   <div class='ocr_carea' id='block_1_20' title="bbox 2068 637 3688 713">
    <p class='ocr_par' dir='ltr' id='par_1_20' title="bbox 2068 637 3688 713">
     <span class='ocr_line' id='line_1_20' title="bbox 2068 637 3688 713; baseline 0.004 -23"><span class='ocrx_word' id='word_1_131' title='bbox 2068 652 2245 692; x_wconf 91' lang='lat' dir='ltr'><strong>cens:</strong></span> <span class='ocrx_word' id='word_1_132' title='bbox 2272 637 2414 691; x_wconf 82' lang='lat' dir='ltr'><strong>Nisi</strong></span> <span class='ocrx_word' id='word_1_133' title='bbox 2443 640 2604 692; x_wconf 88' lang='lat' dir='ltr'><strong>scias</strong></span> <span class='ocrx_word' id='word_1_134' title='bbox 2623 643 2700 708; x_wconf 88' lang='lat' dir='ltr'><strong>te,</strong></span> <span class='ocrx_word' id='word_1_135' title='bbox 2729 637 2992 693; x_wconf 86' lang='lat' dir='ltr'><strong>odecora</strong></span> <span class='ocrx_word' id='word_1_136' title='bbox 3012 638 3075 691; x_wconf 88' lang='lat' dir='ltr'><strong>in</strong></span> <span class='ocrx_word' id='word_1_137' title='bbox 3102 637 3440 693; x_wconf 82' lang='lat' dir='ltr'><strong>mulieribus</strong></span> <span class='ocrx_word' id='word_1_138' title='bbox 3458 640 3612 711; x_wconf 86' lang='lat' dir='ltr'><strong>(Ibid.</strong></span> <span class='ocrx_word' id='word_1_139' title='bbox 3627 644 3688 713; x_wconf 79' lang='grc' dir='ltr'><strong>Ἴ),</strong></span> 
     </span>
    </p>
   </div>
   <div class='ocr_carea' id='block_1_21' title="bbox 2070 725 3694 799">
    <p class='ocr_par' dir='ltr' id='par_1_21' title="bbox 2070 725 3694 799">
     <span class='ocr_line' id='line_1_21' title="bbox 2070 725 3694 799; baseline 0.005 -20"><span class='ocrx_word' id='word_1_140' title='bbox 2070 725 2182 779; x_wconf 90' lang='lat' dir='ltr'><strong>hoc</strong></span> <span class='ocrx_word' id='word_1_141' title='bbox 2214 728 2324 795; x_wconf 85' lang='lat' dir='ltr'><strong>est,</strong></span> <span class='ocrx_word' id='word_1_142' title='bbox 2360 728 2414 780; x_wconf 91' lang='lat' dir='ltr'><strong>te</strong></span> <span class='ocrx_word' id='word_1_143' title='bbox 2447 726 2611 796; x_wconf 91' lang='lat' dir='ltr'><strong>prius</strong></span> <span class='ocrx_word' id='word_1_144' title='bbox 2645 742 2777 798; x_wconf 64' lang='lat' dir='ltr'><strong>quae</strong></span> <span class='ocrx_word' id='word_1_145' title='bbox 2829 727 2919 782; x_wconf 90' lang='lat' dir='ltr'><strong>sis</strong></span> <span class='ocrx_word' id='word_1_146' title='bbox 2963 727 3091 797; x_wconf 90' lang='lat' dir='ltr'><strong>ipsa</strong></span> <span class='ocrx_word' id='word_1_147' title='bbox 3139 743 3446 799; x_wconf 88' lang='lat' dir='ltr'><strong>cognosce,</strong></span> <span class='ocrx_word' id='word_1_148' title='bbox 3495 733 3547 784; x_wconf 91' lang='lat' dir='ltr'><strong>et</strong></span> <span class='ocrx_word' id='word_1_149' title='bbox 3574 733 3694 787; x_wconf 88' lang='lat' dir='ltr'><strong>tunc</strong></span> 
     </span>
    </p>
   </div>
   <div class='ocr_carea' id='block_1_22' title="bbox 2071 815 3694 887">
    <p class='ocr_par' dir='ltr' id='par_1_22' title="bbox 2071 815 3694 887">
     <span class='ocr_line' id='line_1_22' title="bbox 2071 815 3694 887; baseline 0.003 -17"><span class='ocrx_word' id='word_1_150' title='bbox 2071 817 2202 885; x_wconf 86' lang='lat' dir='ltr'><strong>pete</strong></span> <span class='ocrx_word' id='word_1_151' title='bbox 2249 819 2311 869; x_wconf 90' lang='lat' dir='ltr'><strong>ut</strong></span> <span class='ocrx_word' id='word_1_152' title='bbox 2356 815 2504 870; x_wconf 88' lang='lat' dir='ltr'><strong>meis</strong></span> <span class='ocrx_word' id='word_1_153' title='bbox 2553 816 2848 887; x_wconf 87' lang='lat' dir='ltr'><strong>gregibus</strong></span> <span class='ocrx_word' id='word_1_154' title='bbox 2898 816 3354 887; x_wconf 89' lang='lat' dir='ltr'><strong>appropinques.</strong></span> <span class='ocrx_word' id='word_1_155' title='bbox 3395 817 3460 871; x_wconf 90' lang='lat' dir='ltr'><strong>Et</strong></span> <span class='ocrx_word' id='word_1_156' title='bbox 3487 818 3620 874; x_wconf 89' lang='lat' dir='ltr'><strong>bene</strong></span> <span class='ocrx_word' id='word_1_157' title='bbox 3645 821 3694 875; x_wconf 90' lang='lat' dir='ltr'><strong>in</strong></span> 
     </span>
    </p>
   </div>
   <div class='ocr_carea' id='block_1_23' title="bbox 2072 903 3698 981">
    <p class='ocr_par' dir='ltr' id='par_1_23' title="bbox 2072 903 3698 981">
     <span class='ocr_line' id='line_1_23' title="bbox 2072 903 3698 981; baseline 0.004 -25"><span class='ocrx_word' id='word_1_158' title='bbox 2072 903 2423 958; x_wconf 88' lang='lat' dir='ltr'><strong>mulieribus</strong></span> <span class='ocrx_word' id='word_1_159' title='bbox 2454 904 2671 959; x_wconf 89' lang='lat' dir='ltr'><strong>decora</strong></span> <span class='ocrx_word' id='word_1_160' title='bbox 2700 904 2915 960; x_wconf 90' lang='lat' dir='ltr'><strong>dicitur</strong></span> <span class='ocrx_word' id='word_1_161' title='bbox 2942 904 3281 977; x_wconf 76' lang='lat' dir='ltr'><strong>Synagoga,</strong></span> <span class='ocrx_word' id='word_1_162' title='bbox 3314 921 3425 960; x_wconf 92' lang='lat' dir='ltr'><strong>non</strong></span> <span class='ocrx_word' id='word_1_163' title='bbox 3453 906 3508 960; x_wconf 92' lang='lat' dir='ltr'><strong>in</strong></span> <span class='ocrx_word' id='word_1_164' title='bbox 3533 908 3698 981; x_wconf 87' lang='lat' dir='ltr'><strong>virgi-</strong></span> 
     </span>
    </p>
   </div>
   <div class='ocr_carea' id='block_1_24' title="bbox 2072 992 3699 1068">
    <p class='ocr_par' dir='ltr' id='par_1_24' title="bbox 2072 992 3699 1068">
     <span class='ocr_line' id='line_1_24' title="bbox 2072 992 3699 1068; baseline 0.003 -22"><span class='ocrx_word' id='word_1_165' title='bbox 2072 992 2281 1061; x_wconf 84' lang='lat' dir='ltr'><strong>nibus;</strong></span> <span class='ocrx_word' id='word_1_166' title='bbox 2314 993 2452 1063; x_wconf 89' lang='lat' dir='ltr'><strong>quia</strong></span> <span class='ocrx_word' id='word_1_167' title='bbox 2484 992 2668 1047; x_wconf 89' lang='lat' dir='ltr'><strong>Evam</strong></span> <span class='ocrx_word' id='word_1_168' title='bbox 2700 993 3004 1048; x_wconf 87' lang='lat' dir='ltr'><strong>mulierem</strong></span> <span class='ocrx_word' id='word_1_169' title='bbox 3036 994 3410 1066; x_wconf 88' lang='lat' dir='ltr'><strong>sequebatur,</strong></span> <span class='ocrx_word' id='word_1_170' title='bbox 3440 1011 3699 1068; x_wconf 87' lang='lat' dir='ltr'><strong>perquam</strong></span> 
     </span>
    </p>
   </div>
   <div class='ocr_carea' id='block_1_25' title="bbox 2070 1080 3705 1158">
    <p class='ocr_par' dir='ltr' id='par_1_25' title="bbox 2070 1080 3705 1158">
     <span class='ocr_line' id='line_1_25' title="bbox 2070 1080 3705 1158; baseline 0.004 -24"><span class='ocrx_word' id='word_1_171' title='bbox 2070 1080 2275 1151; x_wconf 89' lang='lat' dir='ltr'><strong>lapsus</strong></span> <span class='ocrx_word' id='word_1_172' title='bbox 2306 1081 2542 1136; x_wconf 87' lang='lat' dir='ltr'><strong>advenit</strong></span> <span class='ocrx_word' id='word_1_173' title='bbox 2576 1097 2589 1137; x_wconf 91' lang='lat'><strong>:</strong></span> <span class='ocrx_word' id='word_1_174' title='bbox 2624 1082 2896 1138; x_wconf 90' lang='lat' dir='ltr'><strong>Ecclesia</strong></span> <span class='ocrx_word' id='word_1_175' title='bbox 2924 1084 3119 1137; x_wconf 82' lang='lat' dir='ltr'><strong>autem</strong></span> <span class='ocrx_word' id='word_1_176' title='bbox 3150 1082 3364 1139; x_wconf 90' lang='lat' dir='ltr'><strong>decora</strong></span> <span class='ocrx_word' id='word_1_177' title='bbox 3392 1083 3450 1139; x_wconf 93' lang='lat' dir='ltr'><strong>in</strong></span> <span class='ocrx_word' id='word_1_178' title='bbox 3476 1084 3705 1158; x_wconf 87' lang='lat' dir='ltr'><strong>virgini-</strong></span> 
     </span>
    </p>
   </div>
   <div class='ocr_carea' id='block_1_26' title="bbox 2069 1170 3322 1244">
    <p class='ocr_par' dir='ltr' id='par_1_26' title="bbox 2069 1170 3322 1244">
     <span class='ocr_line' id='line_1_26' title="bbox 2069 1170 3322 1244; baseline 0.002 -20"><span class='ocrx_word' id='word_1_179' title='bbox 2069 1170 2186 1225; x_wconf 90' lang='lat' dir='ltr'><strong>bus</strong></span> <span class='ocrx_word' id='word_1_180' title='bbox 2218 1172 2310 1224; x_wconf 90' lang='lat' dir='ltr'><strong>est</strong></span> <span class='ocrx_word' id='word_1_181' title='bbox 2340 1170 2474 1241; x_wconf 93' lang='lat'><strong>(56),</strong></span> <span class='ocrx_word' id='word_1_182' title='bbox 2510 1171 2646 1242; x_wconf 88' lang='lat' dir='ltr'><strong>quia</strong></span> <span class='ocrx_word' id='word_1_183' title='bbox 2674 1172 2846 1244; x_wconf 90' lang='lat' dir='ltr'><strong>virgo</strong></span> <span class='ocrx_word' id='word_1_184' title='bbox 2876 1171 3005 1227; x_wconf 90' lang='lat' dir='ltr'><strong>sine</strong></span> <span class='ocrx_word' id='word_1_185' title='bbox 3029 1187 3178 1244; x_wconf 88' lang='lat' dir='ltr'><strong>ruga</strong></span> <span class='ocrx_word' id='word_1_186' title='bbox 3209 1175 3322 1226; x_wconf 89' lang='lat' dir='ltr'><strong>est.</strong></span> 
     </span>
    </p>
   </div>
   <div class='ocr_carea' id='block_1_27' title="bbox 2142 1276 3710 1351">
    <p class='ocr_par' dir='ltr' id='par_1_27' title="bbox 2142 1276 3710 1351">
     <span class='ocr_line' id='line_1_27' title="bbox 2142 1276 3710 1351; baseline 0.001 -18"><span class='ocrx_word' id='word_1_187' title='bbox 2142 1276 2231 1333; x_wconf 85' lang='lat'><strong>68.</strong></span> <span class='ocrx_word' id='word_1_188' title='bbox 2274 1277 2440 1332; x_wconf 90' lang='lat' dir='ltr'><strong>Scire</strong></span> <span class='ocrx_word' id='word_1_189' title='bbox 2489 1292 2635 1349; x_wconf 87' lang='lat' dir='ltr'><strong>ergo</strong></span> <span class='ocrx_word' id='word_1_190' title='bbox 2679 1294 2747 1333; x_wconf 91' lang='lat' dir='ltr'><strong>se</strong></span> <span class='ocrx_word' id='word_1_191' title='bbox 2794 1278 2969 1334; x_wconf 90' lang='lat' dir='ltr'><strong>debet</strong></span> <span class='ocrx_word' id='word_1_192' title='bbox 3017 1279 3145 1334; x_wconf 91' lang='lat' dir='ltr'><strong>sive</strong></span> <span class='ocrx_word' id='word_1_193' title='bbox 3192 1278 3303 1348; x_wconf 89' lang='lat' dir='ltr'><strong>vir,</strong></span> <span class='ocrx_word' id='word_1_194' title='bbox 3354 1280 3476 1334; x_wconf 88' lang='lat' dir='ltr'><strong>sive</strong></span> <span class='ocrx_word' id='word_1_195' title='bbox 3508 1280 3710 1351; x_wconf 87' lang='lat' dir='ltr'><strong>mulier,</strong></span> 
     </span>
    </p>
   </div>
   <div class='ocr_carea' id='block_1_28' title="bbox 2072 1365 3712 1439">
    <p class='ocr_par' dir='ltr' id='par_1_28' title="bbox 2072 1365 3712 1439">
     <span class='ocr_line' id='line_1_28' title="bbox 2072 1365 3712 1439; baseline 0.002 -19"><span class='ocrx_word' id='word_1_196' title='bbox 2072 1365 2209 1438; x_wconf 88' lang='lat' dir='ltr'><strong>quia</strong></span> <span class='ocrx_word' id='word_1_197' title='bbox 2239 1367 2312 1421; x_wconf 88' lang='lat' dir='ltr'><strong>ad</strong></span> <span class='ocrx_word' id='word_1_198' title='bbox 2342 1366 2659 1439; x_wconf 88' lang='lat' dir='ltr'><strong>imaginem</strong></span> <span class='ocrx_word' id='word_1_199' title='bbox 2691 1367 2797 1422; x_wconf 89' lang='lat' dir='ltr'><strong>Dei</strong></span> <span class='ocrx_word' id='word_1_200' title='bbox 2826 1370 3004 1422; x_wconf 83' lang='lat' dir='ltr'><strong>estet</strong></span> <span class='ocrx_word' id='word_1_201' title='bbox 3036 1368 3503 1438; x_wconf 82' lang='lat' dir='ltr'><strong>similitudinem;</strong></span> <span class='ocrx_word' id='word_1_202' title='bbox 3533 1370 3712 1423; x_wconf 89' lang='lat' dir='ltr'><strong>utani-</strong></span> 
     </span>
    </p>
   </div>
   <div class='ocr_carea' id='block_1_29' title="bbox 2073 1456 3717 1527">
    <p class='ocr_par' dir='ltr' id='par_1_29' title="bbox 2073 1456 3717 1527">
     <span class='ocr_line' id='line_1_29' title="bbox 2073 1456 3717 1527; baseline 0.002 -18"><span class='ocrx_word' id='word_1_203' title='bbox 2073 1471 2185 1509; x_wconf 71' lang='lat' dir='ltr'><strong>mae</strong></span> <span class='ocrx_word' id='word_1_204' title='bbox 2235 1458 2538 1526; x_wconf 88' lang='lat' dir='ltr'><strong>sequatur,</strong></span> <span class='ocrx_word' id='word_1_205' title='bbox 2589 1471 2709 1511; x_wconf 91' lang='lat' dir='ltr'><strong>non</strong></span> <span class='ocrx_word' id='word_1_206' title='bbox 2757 1456 3052 1527; x_wconf 90' lang='lat' dir='ltr'><strong>corporis,</strong></span> <span class='ocrx_word' id='word_1_207' title='bbox 3102 1456 3604 1526; x_wconf 79' lang='lat' dir='ltr'><strong>pulchritudinem;</strong></span> <span class='ocrx_word' id='word_1_208' title='bbox 3662 1458 3717 1512; x_wconf 89' lang='lat' dir='ltr'><strong>1n</strong></span> 
     </span>
    </p>
   </div>
   <div class='ocr_carea' id='block_1_30' title="bbox 2074 1544 3717 1616">
    <p class='ocr_par' dir='ltr' id='par_1_30' title="bbox 2074 1544 3717 1616">
     <span class='ocr_line' id='line_1_30' title="bbox 2074 1544 3717 1616; baseline 0.002 -19"><span class='ocrx_word' id='word_1_209' title='bbox 2074 1559 2190 1616; x_wconf 92' lang='lat' dir='ltr'><strong>quo</strong></span> <span class='ocrx_word' id='word_1_210' title='bbox 2222 1544 2378 1597; x_wconf 89' lang='lat' dir='ltr'><strong>enim</strong></span> <span class='ocrx_word' id='word_1_211' title='bbox 2408 1546 2658 1599; x_wconf 85' lang='lat' dir='ltr'><strong>sumus?</strong></span> <span class='ocrx_word' id='word_1_212' title='bbox 2701 1545 2768 1600; x_wconf 86' lang='lat' dir='ltr'><strong>In</strong></span> <span class='ocrx_word' id='word_1_213' title='bbox 2815 1545 3027 1599; x_wconf 70' lang='lat' dir='ltr'><strong>animm</strong></span> <span class='ocrx_word' id='word_1_214' title='bbox 3075 1545 3406 1600; x_wconf 85' lang='lat' dir='ltr'><strong>substantia</strong></span> <span class='ocrx_word' id='word_1_215' title='bbox 3449 1549 3503 1600; x_wconf 90' lang='lat' dir='ltr'><strong>et</strong></span> <span class='ocrx_word' id='word_1_216' title='bbox 3531 1547 3717 1601; x_wconf 87' lang='lat' dir='ltr'><strong>mentis</strong></span> 
     </span>
    </p>
   </div>
   <div class='ocr_carea' id='block_1_31' title="bbox 2074 1633 3720 1705">
    <p class='ocr_par' dir='ltr' id='par_1_31' title="bbox 2074 1633 3720 1705">
     <span class='ocr_line' id='line_1_31' title="bbox 2074 1633 3720 1705; baseline 0.001 -18"><span class='ocrx_word' id='word_1_217' title='bbox 2074 1633 2302 1705; x_wconf 90' lang='lat' dir='ltr'><strong>vigore.</strong></span> <span class='ocrx_word' id='word_1_218' title='bbox 2362 1633 2506 1689; x_wconf 80' lang='lat' dir='ltr'><strong>Haec</strong></span> <span class='ocrx_word' id='word_1_219' title='bbox 2555 1636 2758 1688; x_wconf 87' lang='lat' dir='ltr'><strong>nostra</strong></span> <span class='ocrx_word' id='word_1_220' title='bbox 2800 1633 2993 1688; x_wconf 90' lang='lat' dir='ltr'><strong>omnis</strong></span> <span class='ocrx_word' id='word_1_221' title='bbox 3026 1634 3239 1704; x_wconf 89' lang='lat' dir='ltr'><strong>portio.</strong></span> <span class='ocrx_word' id='word_1_222' title='bbox 3275 1634 3531 1705; x_wconf 90' lang='lat' dir='ltr'><strong>Denique</strong></span> <span class='ocrx_word' id='word_1_223' title='bbox 3560 1634 3720 1688; x_wconf 88' lang='lat' dir='ltr'><strong>David</strong></span> 
     </span>
    </p>
   </div>
   <div class='ocr_carea' id='block_1_32' title="bbox 2073 1721 3722 1796">
    <p class='ocr_par' dir='ltr' id='par_1_32' title="bbox 2073 1721 3722 1796">
     <span class='ocr_line' id='line_1_32' title="bbox 2073 1721 3722 1796; baseline 0 -20"><span class='ocrx_word' id='word_1_224' title='bbox 2073 1722 2262 1793; x_wconf 88' lang='lat' dir='ltr'><strong>inquit</strong></span> <span class='ocrx_word' id='word_1_225' title='bbox 2293 1736 2306 1777; x_wconf 91' lang='lat'><strong>:</strong></span> <span class='ocrx_word' id='word_1_226' title='bbox 2340 1721 2408 1776; x_wconf 89' lang='lat' dir='ltr'><strong>In</strong></span> <span class='ocrx_word' id='word_1_227' title='bbox 2436 1722 2562 1777; x_wconf 91' lang='lat' dir='ltr'><strong>Deo</strong></span> <span class='ocrx_word' id='word_1_228' title='bbox 2591 1722 2866 1793; x_wconf 82' lang='lat' dir='ltr'><strong>sperabo,</strong></span> <span class='ocrx_word' id='word_1_229' title='bbox 2914 1738 3027 1777; x_wconf 85' lang='lat' dir='ltr'><strong>non</strong></span> <span class='ocrx_word' id='word_1_230' title='bbox 3062 1722 3283 1778; x_wconf 89' lang='lat' dir='ltr'><strong>timebo</strong></span> <span class='ocrx_word' id='word_1_231' title='bbox 3313 1723 3456 1788; x_wconf 82' lang='lat'><strong>296</strong></span> <span class='ocrx_word' id='word_1_232' title='bbox 3489 1724 3616 1796; x_wconf 87' lang='lat' dir='ltr'><strong>quid</strong></span> <span class='ocrx_word' id='word_1_233' title='bbox 3648 1722 3722 1777; x_wconf 82' lang='lat' dir='ltr'><strong>fa-</strong></span> 
     </span>
    </p>
   </div>
   <div class='ocr_carea' id='block_1_33' title="bbox 295 1795 3714 1887">
    <p class='ocr_par' dir='ltr' id='par_1_33' title="bbox 295 1795 3714 1887">
     <span class='ocr_line' id='line_1_33' title="bbox 295 1795 3714 1887; baseline -0 -20"><span class='ocrx_word' id='word_1_234' title='bbox 295 1798 540 1851; x_wconf 64' lang='grc' dir='ltr'><strong>ονηθίυε</strong></span> <span class='ocrx_word' id='word_1_235' title='bbox 570 1795 1022 1887; x_wconf 51' lang='grc' dir='ltr'><strong>θδναωνξνξηθε</strong></span> <span class='ocrx_word' id='word_1_236' title='bbox 1071 1798 1129 1851; x_wconf 58' lang='lat' dir='ltr'><strong>et</strong></span> <span class='ocrx_word' id='word_1_237' title='bbox 1158 1795 1972 1887; x_wconf 19' lang='lat' dir='ltr'><strong>cincinnosDominuS‘abla-</strong></span> <span class='ocrx_word' id='word_1_238' title='bbox 2006 1811 2193 1887; x_wconf 84' lang='lat' dir='ltr'><strong>Bciat</strong></span> <span class='ocrx_word' id='word_1_239' title='bbox 2220 1811 2371 1865; x_wconf 82' lang='lat' dir='ltr'><strong>mihi</strong></span> <span class='ocrx_word' id='word_1_240' title='bbox 2401 1827 2541 1866; x_wconf 86' lang='lat' dir='ltr'><strong>caro</strong></span> <span class='ocrx_word' id='word_1_241' title='bbox 2567 1811 2758 1880; x_wconf 90' lang='lat' dir='ltr'><strong>(Psal.</strong></span> <span class='ocrx_word' id='word_1_242' title='bbox 2791 1828 2886 1881; x_wconf 80' lang='lat' dir='ltr'><strong>Lv,</strong></span> <span class='ocrx_word' id='word_1_243' title='bbox 2918 1809 2994 1881; x_wconf 86' lang='lat'><strong>5).</strong></span> <span class='ocrx_word' id='word_1_244' title='bbox 3028 1811 3161 1866; x_wconf 89' lang='lat' dir='ltr'><strong>Non</strong></span> <span class='ocrx_word' id='word_1_245' title='bbox 3185 1827 3330 1882; x_wconf 88' lang='lat' dir='ltr'><strong>ergo</strong></span> <span class='ocrx_word' id='word_1_246' title='bbox 3354 1827 3488 1866; x_wconf 89' lang='lat' dir='ltr'><strong>caro</strong></span> <span class='ocrx_word' id='word_1_247' title='bbox 3502 1795 3714 1881; x_wconf 88' lang='lat' dir='ltr'><strong>sumus,</strong></span> 
     </span>
    </p>
   </div>
   <div class='ocr_carea' id='block_1_34' title="bbox 294 1884 1973 1955">
    <p class='ocr_par' dir='ltr' id='par_1_34' title="bbox 294 1884 1973 1955">
     <span class='ocr_line' id='line_1_34' title="bbox 294 1884 1973 1955; baseline -0.001 -16"><span class='ocrx_word' id='word_1_248' title='bbox 294 1887 493 1941; x_wconf 90' lang='lat' dir='ltr'><strong>turum</strong></span> <span class='ocrx_word' id='word_1_249' title='bbox 521 1899 661 1940; x_wconf 89' lang='lat' dir='ltr'><strong>esse</strong></span> <span class='ocrx_word' id='word_1_250' title='bbox 692 1899 759 1940; x_wconf 89' lang='lat' dir='ltr'><strong>se</strong></span> <span class='ocrx_word' id='word_1_251' title='bbox 791 1884 966 1940; x_wconf 90' lang='lat' dir='ltr'><strong>dicit:</strong></span> <span class='ocrx_word' id='word_1_252' title='bbox 989 1890 1149 1941; x_wconf 90' lang='lat' dir='ltr'><strong>recte</strong></span> <span class='ocrx_word' id='word_1_253' title='bbox 1195 1885 1310 1940; x_wconf 91' lang='lat' dir='ltr'><strong>ista</strong></span> <span class='ocrx_word' id='word_1_254' title='bbox 1354 1884 1566 1939; x_wconf 91' lang='lat' dir='ltr'><strong>mulier</strong></span> <span class='ocrx_word' id='word_1_255' title='bbox 1605 1884 1827 1955; x_wconf 84' lang='lat' dir='ltr'><strong>sparsit</strong></span> <span class='ocrx_word' id='word_1_256' title='bbox 1870 1900 1973 1938; x_wconf 91' lang='lat' dir='ltr'><strong>ca-</strong></span> 
     </span>
    </p>
   </div>
   <div class='ocr_carea' id='block_1_35' title="bbox 295 1972 1974 2045">
    <p class='ocr_par' dir='ltr' id='par_1_35' title="bbox 295 1972 1974 2045">
     <span class='ocr_line' id='line_1_35' title="bbox 295 1972 1974 2045; baseline 0 -18"><span class='ocrx_word' id='word_1_257' title='bbox 295 1972 474 2045; x_wconf 89' lang='lat' dir='ltr'><strong>pillos</strong></span> <span class='ocrx_word' id='word_1_258' title='bbox 505 1988 651 2029; x_wconf 90' lang='lat' dir='ltr'><strong>suos</strong></span> <span class='ocrx_word' id='word_1_259' title='bbox 682 1973 845 2043; x_wconf 88' lang='lat' dir='ltr'><strong>(Luc.</strong></span> <span class='ocrx_word' id='word_1_260' title='bbox 880 1990 979 2045; x_wconf 85' lang='lat' dir='ltr'>v11,</span> <span class='ocrx_word' id='word_1_261' title='bbox 1011 1973 1123 2044; x_wconf 86' lang='lat'>88),</span> <span class='ocrx_word' id='word_1_262' title='bbox 1154 1976 1217 2029; x_wconf 92' lang='lat' dir='ltr'><strong>ut</strong></span> <span class='ocrx_word' id='word_1_263' title='bbox 1257 1974 1448 2028; x_wconf 91' lang='lat' dir='ltr'><strong>nodos</strong></span> <span class='ocrx_word' id='word_1_264' title='bbox 1496 1972 1749 2028; x_wconf 89' lang='lat' dir='ltr'><strong>crinium</strong></span> <span class='ocrx_word' id='word_1_265' title='bbox 1788 1988 1974 2027; x_wconf 87' lang='lat' dir='ltr'><strong>evan-</strong></span> 
     </span>
    </p>
   </div>
   <div class='ocr_carea' id='block_1_36' title="bbox 297 2062 1975 2134">
    <p class='ocr_par' dir='ltr' id='par_1_36' title="bbox 297 2062 1975 2134">
     <span class='ocr_line' id='line_1_36' title="bbox 297 2062 1975 2134; baseline 0.001 -18"><span class='ocrx_word' id='word_1_266' title='bbox 297 2062 490 2134; x_wconf 88' lang='lat' dir='ltr'><strong>gelica</strong></span> <span class='ocrx_word' id='word_1_267' title='bbox 519 2063 776 2119; x_wconf 89' lang='lat' dir='ltr'><strong>solveret</strong></span> <span class='ocrx_word' id='word_1_268' title='bbox 805 2062 1137 2134; x_wconf 88' lang='lat' dir='ltr'><strong>disciplina.</strong></span> <span class='ocrx_word' id='word_1_269' title='bbox 1191 2062 1358 2118; x_wconf 89' lang='lat' dir='ltr'><strong>Unde</strong></span> <span class='ocrx_word' id='word_1_270' title='bbox 1399 2065 1457 2117; x_wconf 92' lang='lat' dir='ltr'><strong>et</strong></span> <span class='ocrx_word' id='word_1_271' title='bbox 1502 2062 1753 2134; x_wconf 88' lang='lat' dir='ltr'><strong>apostoli</strong></span> <span class='ocrx_word' id='word_1_272' title='bbox 1803 2062 1975 2117; x_wconf 86' lang='lat' dir='ltr'><strong>dixe-</strong></span> 
     </span>
    </p>
   </div>
   <div class='ocr_carea' id='block_1_37' title="bbox 296 2151 1977 2226">
    <p class='ocr_par' dir='ltr' id='par_1_37' title="bbox 296 2151 1977 2226">
     <span class='ocr_line' id='line_1_37' title="bbox 296 2151 1977 2226; baseline -0.001 -18"><span class='ocrx_word' id='word_1_273' title='bbox 296 2155 466 2208; x_wconf 89' lang='lat' dir='ltr'><strong>runt:</strong></span> <span class='ocrx_word' id='word_1_274' title='bbox 492 2151 626 2207; x_wconf 90' lang='lat' dir='ltr'><strong>Non</strong></span> <span class='ocrx_word' id='word_1_275' title='bbox 643 2151 945 2224; x_wconf 82' lang='lat' dir='ltr'><strong>implicata</strong></span> <span class='ocrx_word' id='word_1_276' title='bbox 961 2151 1323 2226; x_wconf 84' lang='lat' dir='ltr'><strong>capillorum,</strong></span> <span class='ocrx_word' id='word_1_277' title='bbox 1344 2152 1500 2208; x_wconf 92' lang='lat' dir='ltr'><strong>sicut</strong></span> <span class='ocrx_word' id='word_1_278' title='bbox 1533 2151 1743 2207; x_wconf 88' lang='lat' dir='ltr'><strong>Petrus</strong></span> <span class='ocrx_word' id='word_1_279' title='bbox 1775 2151 1977 2206; x_wconf 90' lang='lat' dir='ltr'><strong>docuit</strong></span> 
     </span>
    </p>
   </div>
   <div class='ocr_carea' id='block_1_38' title="bbox 298 2240 1975 2315">
    <p class='ocr_par' dir='ltr' id='par_1_38' title="bbox 298 2240 1975 2315">
     <span class='ocr_line' id='line_1_38' title="bbox 298 2240 1975 2315; baseline -0.002 -17"><span class='ocrx_word' id='word_1_280' title='bbox 298 2241 543 2311; x_wconf 85' lang='lat' dir='ltr'><strong>(IPetr.</strong></span> <span class='ocrx_word' id='word_1_281' title='bbox 565 2240 743 2312; x_wconf 88' lang='lat'>111,8),</span> <span class='ocrx_word' id='word_1_282' title='bbox 777 2257 966 2315; x_wconf 86' lang='lat' dir='ltr'><strong>neque</strong></span> <span class='ocrx_word' id='word_1_283' title='bbox 985 2243 1049 2296; x_wconf 89' lang='lat' dir='ltr'><strong>in</strong></span> <span class='ocrx_word' id='word_1_284' title='bbox 1086 2242 1265 2297; x_wconf 90' lang='lat' dir='ltr'><strong>tortis</strong></span> <span class='ocrx_word' id='word_1_285' title='bbox 1287 2241 1579 2310; x_wconf 85' lang='lat' dir='ltr'><strong>crinibus,</strong></span> <span class='ocrx_word' id='word_1_286' title='bbox 1615 2245 1713 2296; x_wconf 89' lang='lat' dir='ltr'><strong>aut</strong></span> <span class='ocrx_word' id='word_1_287' title='bbox 1745 2257 1889 2295; x_wconf 89' lang='lat' dir='ltr'><strong>auro</strong></span> <span class='ocrx_word' id='word_1_288' title='bbox 1916 2246 1975 2295; x_wconf 89' lang='lat' dir='ltr'><strong>et</strong></span> 
     </span>
    </p>
   </div>
   <div class='ocr_carea' id='block_1_39' title="bbox 296 2329 1976 2404">
    <p class='ocr_par' dir='ltr' id='par_1_39' title="bbox 296 2329 1976 2404">
     <span class='ocr_line' id='line_1_39' title="bbox 296 2329 1976 2404; baseline -0.002 -17"><span class='ocrx_word' id='word_1_289' title='bbox 296 2331 671 2403; x_wconf 82' lang='lat' dir='ltr'><strong>margaritis,</strong></span> <span class='ocrx_word' id='word_1_290' title='bbox 729 2331 826 2387; x_wconf 97' lang='lat' dir='ltr'><strong>vel</strong></span> <span class='ocrx_word' id='word_1_291' title='bbox 857 2338 1024 2387; x_wconf 85' lang='lat' dir='ltr'><strong>veste</strong></span> <span class='ocrx_word' id='word_1_292' title='bbox 1044 2332 1334 2404; x_wconf 84' lang='lat' dir='ltr'><strong>pretiosa,</strong></span> <span class='ocrx_word' id='word_1_293' title='bbox 1375 2333 1438 2385; x_wconf 90' lang='lat' dir='ltr'><strong>ut</strong></span> <span class='ocrx_word' id='word_1_294' title='bbox 1467 2329 1686 2386; x_wconf 86' lang='lat' dir='ltr'><strong>Paulus</strong></span> <span class='ocrx_word' id='word_1_295' title='bbox 1716 2330 1976 2385; x_wconf 89' lang='lat' dir='ltr'><strong>asseruit</strong></span> 
     </span>
    </p>
   </div>
   <div class='ocr_carea' id='block_1_40' title="bbox 300 2418 1972 2493">
    <p class='ocr_par' dir='ltr' id='par_1_40' title="bbox 300 2418 1972 2493">
     <span class='ocr_line' id='line_1_40' title="bbox 300 2418 1972 2493; baseline -0.002 -17"><span class='ocrx_word' id='word_1_296' title='bbox 300 2420 357 2490; x_wconf 91' lang='grc' dir='ltr'>(Ι</span> <span class='ocrx_word' id='word_1_297' title='bbox 389 2420 532 2475; x_wconf 86' lang='lat' dir='ltr'><strong>Tim.</strong></span> <span class='ocrx_word' id='word_1_298' title='bbox 580 2438 642 2490; x_wconf 89' lang='lat'><strong>11,</strong></span> <span class='ocrx_word' id='word_1_299' title='bbox 673 2420 729 2491; x_wconf 90' lang='lat'>9)</span> <span class='ocrx_word' id='word_1_300' title='bbox 764 2435 777 2476; x_wconf 90' lang='lat'><strong>:</strong></span> <span class='ocrx_word' id='word_1_301' title='bbox 813 2420 921 2476; x_wconf 83' lang='lat' dir='ltr'><strong>sed</strong></span> <span class='ocrx_word' id='word_1_302' title='bbox 950 2421 1143 2493; x_wconf 87' lang='lat' dir='ltr'><strong>magis</strong></span> <span class='ocrx_word' id='word_1_303' title='bbox 1173 2419 1474 2475; x_wconf 88' lang='lat' dir='ltr'><strong>interioris</strong></span> <span class='ocrx_word' id='word_1_304' title='bbox 1505 2418 1762 2474; x_wconf 90' lang='lat' dir='ltr'><strong>hominis</strong></span> <span class='ocrx_word' id='word_1_305' title='bbox 1795 2434 1972 2474; x_wconf 86' lang='lat' dir='ltr'><strong>orna-</strong></span> 
     </span>
    </p>
   </div>
   <div class='ocr_carea' id='block_1_41' title="bbox 297 2508 1974 2582">
    <p class='ocr_par' dir='ltr' id='par_1_41' title="bbox 297 2508 1974 2582">
     <span class='ocr_line' id='line_1_41' title="bbox 297 2508 1974 2582; baseline -0.001 -18"><span class='ocrx_word' id='word_1_306' title='bbox 297 2512 492 2565; x_wconf 89' lang='lat' dir='ltr'><strong>menta</strong></span> <span class='ocrx_word' id='word_1_307' title='bbox 523 2508 762 2565; x_wconf 84' lang='lat' dir='ltr'><strong>feminis</strong></span> <span class='ocrx_word' id='word_1_308' title='bbox 791 2511 1175 2581; x_wconf 89' lang='lat' dir='ltr'><strong>requirenda;</strong></span> <span class='ocrx_word' id='word_1_309' title='bbox 1225 2510 1502 2582; x_wconf 87' lang='lat' dir='ltr'><strong>quoniam</strong></span> <span class='ocrx_word' id='word_1_310' title='bbox 1532 2509 1629 2564; x_wconf 90' lang='lat' dir='ltr'><strong>ille</strong></span> <span class='ocrx_word' id='word_1_311' title='bbox 1657 2508 1974 2564; x_wconf 89' lang='lat' dir='ltr'><strong>abscondi-</strong></span> 
     </span>
    </p>
   </div>
   <div class='ocr_carea' id='block_1_42' title="bbox 296 2597 1974 2671">
    <p class='ocr_par' dir='ltr' id='par_1_42' title="bbox 296 2597 1974 2671">
     <span class='ocr_line' id='line_1_42' title="bbox 296 2597 1974 2671; baseline 0 -18"><span class='ocrx_word' id='word_1_312' title='bbox 296 2601 396 2653; x_wconf 88' lang='lat' dir='ltr'><strong>tus</strong></span> <span class='ocrx_word' id='word_1_313' title='bbox 427 2599 626 2654; x_wconf 85' lang='lat' dir='ltr'><strong>cordis</strong></span> <span class='ocrx_word' id='word_1_314' title='bbox 657 2599 855 2670; x_wconf 90' lang='lat' dir='ltr'><strong>homo,</strong></span> <span class='ocrx_word' id='word_1_315' title='bbox 907 2599 1007 2671; x_wconf 89' lang='lat' dir='ltr'><strong>qui</strong></span> <span class='ocrx_word' id='word_1_316' title='bbox 1037 2601 1130 2654; x_wconf 93' lang='lat' dir='ltr'><strong>est</strong></span> <span class='ocrx_word' id='word_1_317' title='bbox 1159 2615 1383 2670; x_wconf 91' lang='lat' dir='ltr'><strong>pauper</strong></span> <span class='ocrx_word' id='word_1_318' title='bbox 1430 2598 1674 2667; x_wconf 72' lang='lat' dir='ltr'><strong>saaculo,</strong></span> <span class='ocrx_word' id='word_1_319' title='bbox 1713 2597 1843 2668; x_wconf 90' lang='lat' dir='ltr'><strong>ipse</strong></span> <span class='ocrx_word' id='word_1_320' title='bbox 1882 2601 1974 2653; x_wconf 91' lang='lat' dir='ltr'><strong>est</strong></span> 
     </span>
    </p>
   </div>
   <div class='ocr_carea' id='block_1_43' title="bbox 298 2686 746 2758">
    <p class='ocr_par' dir='ltr' id='par_1_43' title="bbox 298 2686 746 2758">
     <span class='ocr_line' id='line_1_43' title="bbox 298 2686 746 2758; baseline 0 -16"><span class='ocrx_word' id='word_1_321' title='bbox 298 2686 570 2758; x_wconf 91' lang='lat' dir='ltr'><strong>locuples</strong></span> <span class='ocrx_word' id='word_1_322' title='bbox 602 2688 746 2743; x_wconf 92' lang='lat' dir='ltr'><strong>Deo.</strong></span> 
     </span>
    </p>
   </div>
   <div class='ocr_carea' id='block_1_44' title="bbox 372 2775 1973 2849">
    <p class='ocr_par' dir='ltr' id='par_1_44' title="bbox 372 2775 1973 2849">
     <span class='ocr_line' id='line_1_44' title="bbox 372 2775 1973 2849; baseline 0 -18"><span class='ocrx_word' id='word_1_323' title='bbox 372 2776 462 2831; x_wconf 89' lang='lat'><strong>65.</strong></span> <span class='ocrx_word' id='word_1_324' title='bbox 503 2775 773 2832; x_wconf 81' lang='lat' dir='ltr'><strong>Audistis</strong></span> <span class='ocrx_word' id='word_1_325' title='bbox 805 2777 907 2848; x_wconf 85' lang='lat' dir='ltr'><strong>ﬁli,</strong></span> <span class='ocrx_word' id='word_1_326' title='bbox 940 2777 1043 2849; x_wconf 90' lang='lat' dir='ltr'><strong>qui</strong></span> <span class='ocrx_word' id='word_1_327' title='bbox 1071 2792 1363 2848; x_wconf 87' lang='lat' dir='ltr'><strong>pauperes</strong></span> <span class='ocrx_word' id='word_1_328' title='bbox 1410 2792 1521 2831; x_wconf 94' lang='lat' dir='ltr'><strong>vos</strong></span> <span class='ocrx_word' id='word_1_329' title='bbox 1570 2790 1709 2830; x_wconf 90' lang='lat' dir='ltr'><strong>esse</strong></span> <span class='ocrx_word' id='word_1_330' title='bbox 1757 2775 1973 2847; x_wconf 89' lang='lat' dir='ltr'><strong>putatis</strong></span> 
     </span>
    </p>
   </div>
   <div class='ocr_carea' id='block_1_45' title="bbox 299 2864 1972 2937">
    <p class='ocr_par' dir='ltr' id='par_1_45' title="bbox 299 2864 1972 2937">
     <span class='ocr_line' id='line_1_45' title="bbox 299 2864 1972 2937; baseline -0.001 -17"><span class='ocrx_word' id='word_1_331' title='bbox 299 2864 436 2936; x_wconf 87' lang='lat'><strong>(55).</strong></span> <span class='ocrx_word' id='word_1_332' title='bbox 469 2864 614 2930; x_wconf 91' lang='lat' dir='ltr'><strong>Quis</strong></span> <span class='ocrx_word' id='word_1_333' title='bbox 643 2868 838 2922; x_wconf 89' lang='lat' dir='ltr'><strong>autem</strong></span> <span class='ocrx_word' id='word_1_334' title='bbox 867 2871 959 2922; x_wconf 89' lang='lat' dir='ltr'><strong>est</strong></span> <span class='ocrx_word' id='word_1_335' title='bbox 986 2867 1162 2922; x_wconf 90' lang='lat' dir='ltr'><strong>homo</strong></span> <span class='ocrx_word' id='word_1_336' title='bbox 1180 2866 1371 2937; x_wconf 90' lang='lat' dir='ltr'><strong>dives,</strong></span> <span class='ocrx_word' id='word_1_337' title='bbox 1405 2881 1538 2920; x_wconf 91' lang='lat' dir='ltr'><strong>cum</strong></span> <span class='ocrx_word' id='word_1_338' title='bbox 1558 2865 1757 2920; x_wconf 90' lang='lat' dir='ltr'><strong>multis</strong></span> <span class='ocrx_word' id='word_1_339' title='bbox 1780 2869 1972 2937; x_wconf 89' lang='lat' dir='ltr'><strong>egeat,</strong></span> 
     </span>
    </p>
   </div>
   <div class='ocr_carea' id='block_1_46' title="bbox 300 2954 1975 3030">
    <p class='ocr_par' dir='ltr' id='par_1_46' title="bbox 300 2954 1975 3030">
     <span class='ocr_line' id='line_1_46' title="bbox 300 2954 1975 3030; baseline -0.001 -20"><span class='ocrx_word' id='word_1_340' title='bbox 300 2954 417 3010; x_wconf 79' lang='lat' dir='ltr'><strong>ni31</strong></span> <span class='ocrx_word' id='word_1_341' title='bbox 451 2954 547 3010; x_wconf 92' lang='lat' dir='ltr'><strong>ille</strong></span> <span class='ocrx_word' id='word_1_342' title='bbox 579 2954 674 3010; x_wconf 91' lang='lat' dir='ltr'><strong>cui</strong></span> <span class='ocrx_word' id='word_1_343' title='bbox 704 2971 823 3030; x_wconf 87' lang='lat' dir='ltr'><strong>non</strong></span> <span class='ocrx_word' id='word_1_344' title='bbox 851 2958 945 3011; x_wconf 89' lang='lat' dir='ltr'><strong>est</strong></span> <span class='ocrx_word' id='word_1_345' title='bbox 974 2971 1158 3029; x_wconf 88' lang='lat' dir='ltr'><strong>grave</strong></span> <span class='ocrx_word' id='word_1_346' title='bbox 1174 2958 1484 3027; x_wconf 89' lang='lat' dir='ltr'><strong>peccatum</strong></span> <span class='ocrx_word' id='word_1_347' title='bbox 1505 2955 1565 3008; x_wconf 92' lang='lat' dir='ltr'><strong>in</strong></span> <span class='ocrx_word' id='word_1_348' title='bbox 1583 2954 1975 3009; x_wconf 81' lang='lat' dir='ltr'><strong>ccnscientia?</strong></span> 
     </span>
    </p>
   </div>
   <div class='ocr_carea' id='block_1_47' title="bbox 294 3040 1975 3117">
    <p class='ocr_par' dir='ltr' id='par_1_47' title="bbox 294 3040 1975 3117">
     <span class='ocr_line' id='line_1_47' title="bbox 294 3040 1975 3117; baseline -0.002 -17"><span class='ocrx_word' id='word_1_349' title='bbox 294 3040 462 3101; x_wconf 88' lang='lat' dir='ltr'><strong>Bona</strong></span> <span class='ocrx_word' id='word_1_350' title='bbox 495 3050 587 3100; x_wconf 88' lang='lat' dir='ltr'><strong>est</strong></span> <span class='ocrx_word' id='word_1_351' title='bbox 618 3045 795 3116; x_wconf 90' lang='lat' dir='ltr'><strong>enim,</strong></span> <span class='ocrx_word' id='word_1_352' title='bbox 827 3045 1034 3117; x_wconf 87' lang='lat' dir='ltr'><strong>inquit,</strong></span> <span class='ocrx_word' id='word_1_353' title='bbox 1070 3046 1424 3113; x_wconf 82' lang='lat' dir='ltr'><strong>substantia,</strong></span> <span class='ocrx_word' id='word_1_354' title='bbox 1450 3044 1678 3099; x_wconf 88' lang='lat' dir='ltr'><strong>cuinon</strong></span> <span class='ocrx_word' id='word_1_355' title='bbox 1714 3049 1807 3097; x_wconf 88' lang='lat' dir='ltr'><strong>est</strong></span> <span class='ocrx_word' id='word_1_356' title='bbox 1829 3059 1975 3115; x_wconf 88' lang='lat' dir='ltr'><strong>pec-</strong></span> 
     </span>
    </p>
   </div>
   <div class='ocr_carea' id='block_1_48' title="bbox 297 3132 1971 3206">
    <p class='ocr_par' dir='ltr' id='par_1_48' title="bbox 297 3132 1971 3206">
     <span class='ocr_line' id='line_1_48' title="bbox 297 3132 1971 3206; baseline -0.002 -16"><span class='ocrx_word' id='word_1_357' title='bbox 297 3140 490 3190; x_wconf 87' lang='lat' dir='ltr'><strong>catum</strong></span> <span class='ocrx_word' id='word_1_358' title='bbox 510 3134 574 3189; x_wconf 91' lang='lat' dir='ltr'><strong>in</strong></span> <span class='ocrx_word' id='word_1_359' title='bbox 605 3135 969 3190; x_wconf 86' lang='lat' dir='ltr'><strong>conscientia</strong></span> <span class='ocrx_word' id='word_1_360' title='bbox 998 3134 1212 3206; x_wconf 85' lang='lat' dir='ltr'><strong>(Eccli.</strong></span> <span class='ocrx_word' id='word_1_361' title='bbox 1246 3151 1374 3204; x_wconf 69' lang='grc' dir='ltr'>χιιι,</span> <span class='ocrx_word' id='word_1_362' title='bbox 1406 3134 1517 3203; x_wconf 85' lang='lat'><strong>30).</strong></span> <span class='ocrx_word' id='word_1_363' title='bbox 1552 3132 1846 3202; x_wconf 87' lang='lat' dir='ltr'><strong>Audistis,</strong></span> <span class='ocrx_word' id='word_1_364' title='bbox 1880 3132 1971 3187; x_wconf 91' lang='lat' dir='ltr'><strong>in-</strong></span> 
     </span>
    </p>
   </div>
   <div class='ocr_carea' id='block_1_49' title="bbox 298 3214 1971 3305">
    <p class='ocr_par' dir='ltr' id='par_1_49' title="bbox 298 3214 1971 3305">
     <span class='ocr_line' id='line_1_49' title="bbox 298 3214 1971 3305; baseline -0.002 -27"><span class='ocrx_word' id='word_1_365' title='bbox 298 3240 495 3298; x_wconf 87' lang='lat' dir='ltr'><strong>quam,</strong></span> <span class='ocrx_word' id='word_1_366' title='bbox 527 3223 589 3279; x_wconf 92' lang='lat' dir='ltr'><strong>in</strong></span> <span class='ocrx_word' id='word_1_367' title='bbox 618 3240 736 3296; x_wconf 90' lang='lat' dir='ltr'><strong>quo</strong></span> <span class='ocrx_word' id='word_1_368' title='bbox 756 3224 1040 3305; x_wconf 78' lang='lat' dir='ltr'><strong>possistis</strong></span> <span class='ocrx_word' id='word_1_369' title='bbox 1061 3214 1217 3295; x_wconf 88' lang='lat' dir='ltr'><strong>apud</strong></span> <span class='ocrx_word' id='word_1_370' title='bbox 1242 3224 1427 3279; x_wconf 93' lang='lat' dir='ltr'><strong>Deum</strong></span> <span class='ocrx_word' id='word_1_371' title='bbox 1449 3238 1587 3278; x_wconf 89' lang='lat' dir='ltr'><strong>esse</strong></span> <span class='ocrx_word' id='word_1_372' title='bbox 1612 3221 1971 3292; x_wconf 87' lang='lat' dir='ltr'><strong>locupletes;</strong></span> 
     </span>
    </p>
   </div>
   <div class='ocr_carea' id='block_1_50' title="bbox 296 3311 1972 3386">
    <p class='ocr_par' dir='ltr' id='par_1_50' title="bbox 296 3311 1972 3386">
     <span class='ocr_line' id='line_1_50' title="bbox 296 3311 1972 3386; baseline -0.002 -18"><span class='ocrx_word' id='word_1_373' title='bbox 296 3315 363 3368; x_wconf 87' lang='lat' dir='ltr'><strong>ut</strong></span> <span class='ocrx_word' id='word_1_374' title='bbox 393 3314 447 3368; x_wconf 91' lang='lat' dir='ltr'><strong>si</strong></span> <span class='ocrx_word' id='word_1_375' title='bbox 478 3314 539 3368; x_wconf 92' lang='lat' dir='ltr'><strong>in</strong></span> <span class='ocrx_word' id='word_1_376' title='bbox 567 3313 762 3383; x_wconf 90' lang='lat' dir='ltr'><strong>vobis,</strong></span> <span class='ocrx_word' id='word_1_377' title='bbox 797 3313 1004 3386; x_wconf 87' lang='lat' dir='ltr'><strong>inquit,</strong></span> <span class='ocrx_word' id='word_1_378' title='bbox 1049 3311 1515 3384; x_wconf 90' lang='lat' dir='ltr'><strong>incorruptibilis</strong></span> <span class='ocrx_word' id='word_1_379' title='bbox 1567 3314 1623 3366; x_wconf 94' lang='lat' dir='ltr'><strong>et</strong></span> <span class='ocrx_word' id='word_1_380' title='bbox 1664 3311 1972 3366; x_wconf 86' lang='lat' dir='ltr'><strong>modestus</strong></span> 
     </span>
    </p>
   </div>
   <div class='ocr_carea' id='block_1_51' title="bbox 299 3400 1976 3474">
    <p class='ocr_par' dir='ltr' id='par_1_51' title="bbox 299 3400 1976 3474">
     <span class='ocr_line' id='line_1_51' title="bbox 299 3400 1976 3474; baseline -0.002 -14"><span class='ocrx_word' id='word_1_381' title='bbox 299 3402 545 3474; x_wconf 78' lang='lat' dir='ltr'><strong>Spiritus</strong></span> <span class='ocrx_word' id='word_1_382' title='bbox 592 3403 651 3473; x_wconf 86' lang='grc' dir='ltr'>(Ι</span> <span class='ocrx_word' id='word_1_383' title='bbox 670 3402 843 3459; x_wconf 86' lang='lat' dir='ltr'><strong>Petr.</strong></span> <span class='ocrx_word' id='word_1_384' title='bbox 876 3421 958 3473; x_wconf 88' lang='lat'>111,</span> <span class='ocrx_word' id='word_1_385' title='bbox 1009 3403 1085 3473; x_wconf 75' lang='grc'>4).</span> <span class='ocrx_word' id='word_1_386' title='bbox 1137 3403 1319 3457; x_wconf 79' lang='lat' dir='ltr'><strong>Bome</strong></span> <span class='ocrx_word' id='word_1_387' title='bbox 1372 3401 1528 3456; x_wconf 88' lang='lat' dir='ltr'><strong>enim</strong></span> <span class='ocrx_word' id='word_1_388' title='bbox 1571 3400 1789 3456; x_wconf 68' lang='lat' dir='ltr'><strong>divitia:</strong></span> <span class='ocrx_word' id='word_1_389' title='bbox 1837 3404 1976 3456; x_wconf 91' lang='lat' dir='ltr'><strong>sunt</strong></span> 
     </span>
    </p>
   </div>
   <div class='ocr_carea' id='block_1_52' title="bbox 296 3491 1973 3564">
    <p class='ocr_par' dir='ltr' id='par_1_52' title="bbox 296 3491 1973 3564">
     <span class='ocr_line' id='line_1_52' title="bbox 296 3491 1973 3564; baseline -0.001 -16"><span class='ocrx_word' id='word_1_390' title='bbox 296 3491 653 3555; x_wconf 62' lang='lat' dir='ltr'><strong>innocentia</strong></span> <span class='ocrx_word' id='word_1_391' title='bbox 674 3495 848 3564; x_wconf 90' lang='lat' dir='ltr'><strong>atque</strong></span> <span class='ocrx_word' id='word_1_392' title='bbox 866 3492 1280 3564; x_wconf 88' lang='lat' dir='ltr'><strong>simplicitatis,</strong></span> <span class='ocrx_word' id='word_1_393' title='bbox 1298 3491 1514 3563; x_wconf 90' lang='lat' dir='ltr'><strong>quibus</strong></span> <span class='ocrx_word' id='word_1_394' title='bbox 1529 3494 1834 3560; x_wconf 91' lang='lat' dir='ltr'><strong>peccatum</strong></span> <span class='ocrx_word' id='word_1_395' title='bbox 1855 3507 1973 3546; x_wconf 91' lang='lat' dir='ltr'><strong>non</strong></span> 
     </span>
    </p>
   </div>
   <div class='ocr_carea' id='block_1_53' title="bbox 299 3580 1974 3654">
    <p class='ocr_par' dir='ltr' id='par_1_53' title="bbox 299 3580 1974 3654">
     <span class='ocr_line' id='line_1_53' title="bbox 299 3580 1974 3654; baseline -0.001 -18"><span class='ocrx_word' id='word_1_396' title='bbox 299 3580 637 3654; x_wconf 88' lang='lat' dir='ltr'><strong>imputatur,</strong></span> <span class='ocrx_word' id='word_1_397' title='bbox 670 3581 808 3654; x_wconf 90' lang='lat' dir='ltr'><strong>quia</strong></span> <span class='ocrx_word' id='word_1_398' title='bbox 839 3581 998 3637; x_wconf 91' lang='lat' dir='ltr'><strong>nulla</strong></span> <span class='ocrx_word' id='word_1_399' title='bbox 1027 3582 1086 3636; x_wconf 91' lang='lat' dir='ltr'><strong>in</strong></span> <span class='ocrx_word' id='word_1_400' title='bbox 1104 3580 1178 3636; x_wconf 83' lang='lat' dir='ltr'><strong>iis</strong></span> <span class='ocrx_word' id='word_1_401' title='bbox 1199 3580 1316 3637; x_wconf 88' lang='lat' dir='ltr'><strong>doli</strong></span> <span class='ocrx_word' id='word_1_402' title='bbox 1340 3580 1686 3651; x_wconf 79' lang='lat' dir='ltr'><strong>fraudisque</strong></span> <span class='ocrx_word' id='word_1_403' title='bbox 1711 3580 1974 3634; x_wconf 89' lang='lat' dir='ltr'><strong>versutia</strong></span> 
     </span>
    </p>
   </div>
   <div class='ocr_carea' id='block_1_54' title="bbox 301 3662 1969 3742">
    <p class='ocr_par' dir='ltr' id='par_1_54' title="bbox 301 3662 1969 3742">
     <span class='ocr_line' id='line_1_54' title="bbox 301 3662 1969 3742; baseline -0.002 -15"><span class='ocrx_word' id='word_1_404' title='bbox 301 3674 423 3742; x_wconf 90' lang='lat' dir='ltr'><strong>est;</strong></span> <span class='ocrx_word' id='word_1_405' title='bbox 475 3672 670 3727; x_wconf 82' lang='lat' dir='ltr'><strong>omnis</strong></span> <span class='ocrx_word' id='word_1_406' title='bbox 715 3662 1169 3742; x_wconf 54' lang='lat' dir='ltr'><strong>enim°simplex</strong></span> <span class='ocrx_word' id='word_1_407' title='bbox 1217 3670 1546 3725; x_wconf 89' lang='lat' dir='ltr'><strong>obtrectare</strong></span> <span class='ocrx_word' id='word_1_408' title='bbox 1603 3685 1722 3723; x_wconf 90' lang='lat' dir='ltr'><strong>non</strong></span> <span class='ocrx_word' id='word_1_409' title='bbox 1785 3670 1969 3739; x_wconf 91' lang='lat' dir='ltr'><strong>novit,</strong></span> 
     </span>
    </p>
   </div>
   <div class='ocr_carea' id='block_1_55' title="bbox 298 3759 1974 3827">
    <p class='ocr_par' dir='ltr' id='par_1_55' title="bbox 298 3759 1974 3827">
     <span class='ocr_line' id='line_1_55' title="bbox 298 3759 1974 3827; baseline -0.003 -8"><span class='ocrx_word' id='word_1_410' title='bbox 298 3762 493 3820; x_wconf 85' lang='lat' dir='ltr'><strong>nescit</strong></span> <span class='ocrx_word' id='word_1_411' title='bbox 536 3761 852 3817; x_wconf 90' lang='lat' dir='ltr'><strong>invidere:</strong></span> <span class='ocrx_word' id='word_1_412' title='bbox 889 3777 999 3817; x_wconf 90' lang='lat' dir='ltr'><strong>suo</strong></span> <span class='ocrx_word' id='word_1_413' title='bbox 1060 3760 1374 3816; x_wconf 90' lang='lat' dir='ltr'><strong>contentus</strong></span> <span class='ocrx_word' id='word_1_414' title='bbox 1424 3761 1534 3827; x_wconf 90' lang='lat' dir='ltr'><strong>est,</strong></span> <span class='ocrx_word' id='word_1_415' title='bbox 1602 3759 1792 3813; x_wconf 89' lang='lat' dir='ltr'><strong>aliena</strong></span> <span class='ocrx_word' id='word_1_416' title='bbox 1856 3774 1974 3814; x_wconf 92' lang='lat' dir='ltr'><strong>non</strong></span> 
     </span>
    </p>
   </div>
   <div class='ocr_carea' id='block_1_56' title="bbox 300 3848 1974 3924">
    <p class='ocr_par' dir='ltr' id='par_1_56' title="bbox 300 3848 1974 3924">
     <span class='ocr_line' id='line_1_56' title="bbox 300 3848 1974 3924; baseline -0.002 -17"><span class='ocrx_word' id='word_1_417' title='bbox 300 3851 546 3924; x_wconf 68' lang='lat' dir='ltr'><strong>quaerit;</strong></span> <span class='ocrx_word' id='word_1_418' title='bbox 578 3851 693 3907; x_wconf 89' lang='lat' dir='ltr'><strong>etsi</strong></span> <span class='ocrx_word' id='word_1_419' title='bbox 723 3853 915 3924; x_wconf 89' lang='lat' dir='ltr'><strong>egeat,</strong></span> <span class='ocrx_word' id='word_1_420' title='bbox 945 3850 1061 3905; x_wconf 89' lang='lat' dir='ltr'><strong>sibi</strong></span> <span class='ocrx_word' id='word_1_421' title='bbox 1094 3850 1262 3904; x_wconf 88' lang='lat' dir='ltr'><strong>dives</strong></span> <span class='ocrx_word' id='word_1_422' title='bbox 1290 3848 1546 3918; x_wconf 89' lang='lat' dir='ltr'><strong>videtur,</strong></span> <span class='ocrx_word' id='word_1_423' title='bbox 1599 3848 1653 3902; x_wconf 90' lang='lat' dir='ltr'><strong>si</strong></span> <span class='ocrx_word' id='word_1_424' title='bbox 1700 3851 1974 3918; x_wconf 86' lang='lat' dir='ltr'><strong>suppetat</strong></span> 
     </span>
    </p>
   </div>
   <div class='ocr_carea' id='block_1_57' title="bbox 301 3937 1974 4013">
    <p class='ocr_par' dir='ltr' id='par_1_57' title="bbox 301 3937 1974 4013">
     <span class='ocr_line' id='line_1_57' title="bbox 301 3937 1974 4013; baseline -0.002 -18"><span class='ocrx_word' id='word_1_425' title='bbox 301 3939 463 4013; x_wconf 87' lang='lat' dir='ltr'><strong>quod</strong></span> <span class='ocrx_word' id='word_1_426' title='bbox 492 3939 768 3996; x_wconf 84' lang='lat' dir='ltr'><strong>alimento</strong></span> <span class='ocrx_word' id='word_1_427' title='bbox 799 3943 891 3995; x_wconf 92' lang='lat' dir='ltr'><strong>est</strong></span> <span class='ocrx_word' id='word_1_428' title='bbox 913 3940 1081 3995; x_wconf 89' lang='lat' dir='ltr'><strong>satis.</strong></span> <span class='ocrx_word' id='word_1_429' title='bbox 1116 3938 1381 4010; x_wconf 90' lang='lat' dir='ltr'><strong>Denique</strong></span> <span class='ocrx_word' id='word_1_430' title='bbox 1400 3937 1644 4009; x_wconf 90' lang='lat' dir='ltr'><strong>pulchre</strong></span> <span class='ocrx_word' id='word_1_431' title='bbox 1666 3937 1974 4007; x_wconf 91' lang='lat' dir='ltr'><strong>apostolus</strong></span> 
     </span>
    </p>
   </div>
   <div class='ocr_carea' id='block_1_58' title="bbox 300 4027 1976 4101">
    <p class='ocr_par' dir='ltr' id='par_1_58' title="bbox 300 4027 1976 4101">
     <span class='ocr_line' id='line_1_58' title="bbox 300 4027 1976 4101; baseline -0.004 -15"><span class='ocrx_word' id='word_1_432' title='bbox 300 4029 525 4086; x_wconf 84' lang='lat' dir='ltr'><strong>Paulus</strong></span> <span class='ocrx_word' id='word_1_433' title='bbox 578 4044 592 4085; x_wconf 91' lang='lat'><strong>:</strong></span> <span class='ocrx_word' id='word_1_434' title='bbox 636 4029 720 4084; x_wconf 87' lang='lat' dir='ltr'><strong>Et</strong></span> <span class='ocrx_word' id='word_1_435' title='bbox 766 4027 1076 4101; x_wconf 77' lang='lat' dir='ltr'><strong>profunda,</strong></span> <span class='ocrx_word' id='word_1_436' title='bbox 1122 4028 1330 4100; x_wconf 88' lang='lat' dir='ltr'><strong>inquit,</strong></span> <span class='ocrx_word' id='word_1_437' title='bbox 1395 4031 1718 4099; x_wconf 81' lang='lat' dir='ltr'><strong>paupertas</strong></span> <span class='ocrx_word' id='word_1_438' title='bbox 1778 4042 1976 4081; x_wconf 86' lang='lat' dir='ltr'><strong>eorum</strong></span> 
     </span>
    </p>
   </div>
   <div class='ocr_carea' id='block_1_59' title="bbox 303 4115 1974 4190">
    <p class='ocr_par' dir='ltr' id='par_1_59' title="bbox 303 4115 1974 4190">
     <span class='ocr_line' id='line_1_59' title="bbox 303 4115 1974 4190; baseline -0.004 -15"><span class='ocrx_word' id='word_1_439' title='bbox 303 4118 631 4175; x_wconf 84' lang='lat' dir='ltr'><strong>abundavit</strong></span> <span class='ocrx_word' id='word_1_440' title='bbox 658 4118 723 4174; x_wconf 89' lang='lat' dir='ltr'><strong>in</strong></span> <span class='ocrx_word' id='word_1_441' title='bbox 751 4118 990 4175; x_wconf 85' lang='lat' dir='ltr'><strong>divitiis</strong></span> <span class='ocrx_word' id='word_1_442' title='bbox 1017 4116 1422 4190; x_wconf 86' lang='lat' dir='ltr'><strong>simplicitatis</strong></span> <span class='ocrx_word' id='word_1_443' title='bbox 1471 4132 1669 4171; x_wconf 85' lang='lat' dir='ltr'><strong>eorum</strong></span> <span class='ocrx_word' id='word_1_444' title='bbox 1717 4115 1803 4186; x_wconf 90' lang='lat' dir='ltr'><strong>(Il</strong></span> <span class='ocrx_word' id='word_1_445' title='bbox 1840 4115 1974 4169; x_wconf 90' lang='lat' dir='ltr'><strong>Cor.</strong></span> 
     </span>
    </p>
   </div>
   <div class='ocr_carea' id='block_1_60' title="bbox 300 4204 538 4281">
    <p class='ocr_par' dir='ltr' id='par_1_60' title="bbox 300 4204 538 4281">
     <span class='ocr_line' id='line_1_60' title="bbox 300 4204 538 4281; baseline 0 -17"><span class='ocrx_word' id='word_1_446' title='bbox 300 4204 442 4280; x_wconf 56' lang='lat' dir='ltr'>V111,</span> <span class='ocrx_word' id='word_1_447' title='bbox 461 4210 538 4281; x_wconf 76' lang='lat'><strong>2).</strong></span> 
     </span>
    </p>
   </div>
   <div class='ocr_carea' id='block_1_61' title="bbox 374 4294 1979 4373">
    <p class='ocr_par' dir='ltr' id='par_1_61' title="bbox 374 4294 1979 4373">
     <span class='ocr_line' id='line_1_61' title="bbox 374 4294 1979 4373; baseline -0.004 -18"><span class='ocrx_word' id='word_1_448' title='bbox 374 4299 464 4355; x_wconf 92' lang='lat'><strong>66.</strong></span> <span class='ocrx_word' id='word_1_449' title='bbox 508 4298 579 4355; x_wconf 86' lang='lat' dir='ltr'><strong>Et</strong></span> <span class='ocrx_word' id='word_1_450' title='bbox 621 4298 758 4373; x_wconf 90' lang='lat' dir='ltr'><strong>quia</strong></span> <span class='ocrx_word' id='word_1_451' title='bbox 803 4297 1073 4354; x_wconf 89' lang='lat' dir='ltr'><strong>Ecclesia</strong></span> <span class='ocrx_word' id='word_1_452' title='bbox 1121 4295 1420 4370; x_wconf 74' lang='lat' dir='ltr'><strong>&#39;congruis</strong></span> <span class='ocrx_word' id='word_1_453' title='bbox 1488 4298 1612 4351; x_wconf 88' lang='lat' dir='ltr'><strong>erat</strong></span> <span class='ocrx_word' id='word_1_454' title='bbox 1675 4294 1979 4349; x_wconf 88' lang='lat' dir='ltr'><strong>ornatibus</strong></span> 
     </span>
    </p>
   </div>
   <div class='ocr_carea' id='block_1_62' title="bbox 304 4383 1977 4463">
    <p class='ocr_par' dir='ltr' id='par_1_62' title="bbox 304 4383 1977 4463">
     <span class='ocr_line' id='line_1_62' title="bbox 304 4383 1977 4463; baseline -0.004 -18"><span class='ocrx_word' id='word_1_455' title='bbox 304 4392 557 4463; x_wconf 89' lang='lat' dir='ltr'><strong>compta,</strong></span> <span class='ocrx_word' id='word_1_456' title='bbox 591 4391 648 4445; x_wconf 92' lang='lat' dir='ltr'><strong>et</strong></span> <span class='ocrx_word' id='word_1_457' title='bbox 676 4389 748 4445; x_wconf 90' lang='lat' dir='ltr'><strong>de</strong></span> <span class='ocrx_word' id='word_1_458' title='bbox 779 4387 1015 4444; x_wconf 90' lang='lat' dir='ltr'><strong>Christo</strong></span> <span class='ocrx_word' id='word_1_459' title='bbox 1044 4387 1242 4443; x_wconf 91' lang='lat' dir='ltr'><strong>lumen</strong></span> <span class='ocrx_word' id='word_1_460' title='bbox 1270 4386 1571 4456; x_wconf 90' lang='lat' dir='ltr'><strong>accipiens</strong></span> <span class='ocrx_word' id='word_1_461' title='bbox 1621 4383 1977 4456; x_wconf 82' lang='lat' dir='ltr'><strong>refulgebat,</strong></span> 
     </span>
    </p>
   </div>
   <div class='ocr_carea' id='block_1_63' title="bbox 2076 1899 3723 1975">
    <p class='ocr_par' dir='ltr' id='par_1_63' title="bbox 2076 1899 3723 1975">
     <span class='ocr_line' id='line_1_63' title="bbox 2076 1899 3723 1975; baseline -0.001 -20"><span class='ocrx_word' id='word_1_462' title='bbox 2076 1900 2185 1955; x_wconf 90' lang='lat' dir='ltr'><strong>sed</strong></span> <span class='ocrx_word' id='word_1_463' title='bbox 2229 1899 2499 1970; x_wconf 88' lang='lat' dir='ltr'><strong>spiritus.</strong></span> <span class='ocrx_word' id='word_1_464' title='bbox 2551 1900 2634 1955; x_wconf 91' lang='lat' dir='ltr'><strong>De</strong></span> <span class='ocrx_word' id='word_1_465' title='bbox 2678 1899 2907 1955; x_wconf 71' lang='lat' dir='ltr'><strong>Judaais</strong></span> <span class='ocrx_word' id='word_1_466' title='bbox 2954 1902 3150 1955; x_wconf 90' lang='lat' dir='ltr'><strong>autem</strong></span> <span class='ocrx_word' id='word_1_467' title='bbox 3198 1900 3419 1955; x_wconf 89' lang='lat' dir='ltr'><strong>dictum</strong></span> <span class='ocrx_word' id='word_1_468' title='bbox 3449 1904 3537 1956; x_wconf 88' lang='lat' dir='ltr'><strong>est</strong></span> <span class='ocrx_word' id='word_1_469' title='bbox 3569 1900 3723 1975; x_wconf 49' lang='lat' dir='ltr'><strong>{Non</strong></span> 
     </span>
    </p>
   </div>
   <div class='ocr_carea' id='block_1_64' title="bbox 2072 1988 3720 2062">
    <p class='ocr_par' dir='ltr' id='par_1_64' title="bbox 2072 1988 3720 2062">
     <span class='ocr_line' id='line_1_64' title="bbox 2072 1988 3720 2062; baseline -0.001 -18"><span class='ocrx_word' id='word_1_470' title='bbox 2072 1988 2450 2062; x_wconf 87' lang='lat' dir='ltr'><strong>permanebit</strong></span> <span class='ocrx_word' id='word_1_471' title='bbox 2498 1989 2562 2043; x_wconf 88' lang='lat' dir='ltr'><strong>in</strong></span> <span class='ocrx_word' id='word_1_472' title='bbox 2606 1989 2687 2043; x_wconf 90' lang='lat' dir='ltr'><strong>iis</strong></span> <span class='ocrx_word' id='word_1_473' title='bbox 2730 1988 2984 2061; x_wconf 87' lang='lat' dir='ltr'><strong>spiritus</strong></span> <span class='ocrx_word' id='word_1_474' title='bbox 3029 2005 3214 2060; x_wconf 88' lang='lat' dir='ltr'><strong>meus,</strong></span> <span class='ocrx_word' id='word_1_475' title='bbox 3259 1990 3393 2062; x_wconf 88' lang='lat' dir='ltr'><strong>quia</strong></span> <span class='ocrx_word' id='word_1_476' title='bbox 3423 2005 3558 2045; x_wconf 85' lang='lat' dir='ltr'><strong>caro</strong></span> <span class='ocrx_word' id='word_1_477' title='bbox 3585 1995 3720 2044; x_wconf 88' lang='lat' dir='ltr'><strong>sunt.</strong></span> 
     </span>
    </p>
   </div>
   <div class='ocr_carea' id='block_1_65' title="bbox 2075 2075 3728 2150">
    <p class='ocr_par' dir='ltr' id='par_1_65' title="bbox 2075 2075 3728 2150">
     <span class='ocr_line' id='line_1_65' title="bbox 2075 2075 3728 2150; baseline -0.001 -15"><span class='ocrx_word' id='word_1_478' title='bbox 2075 2078 2251 2150; x_wconf 87' lang='lat' dir='ltr'><strong>(Gen.</strong></span> <span class='ocrx_word' id='word_1_479' title='bbox 2279 2095 2360 2148; x_wconf 89' lang='lat' dir='ltr'><strong>v1,</strong></span> <span class='ocrx_word' id='word_1_480' title='bbox 2395 2075 2471 2146; x_wconf 93' lang='lat'><strong>3).</strong></span> <span class='ocrx_word' id='word_1_481' title='bbox 2506 2077 2640 2132; x_wconf 89' lang='lat' dir='ltr'><strong>Non</strong></span> <span class='ocrx_word' id='word_1_482' title='bbox 2668 2093 2876 2132; x_wconf 88' lang='lat' dir='ltr'><strong>aurum</strong></span> <span class='ocrx_word' id='word_1_483' title='bbox 2906 2093 3137 2147; x_wconf 91' lang='lat' dir='ltr'><strong>sumus,</strong></span> <span class='ocrx_word' id='word_1_484' title='bbox 3172 2093 3292 2134; x_wconf 90' lang='lat' dir='ltr'><strong>non</strong></span> <span class='ocrx_word' id='word_1_485' title='bbox 3322 2077 3583 2148; x_wconf 86' lang='lat' dir='ltr'><strong>pecunia,</strong></span> <span class='ocrx_word' id='word_1_486' title='bbox 3627 2093 3728 2133; x_wconf 90' lang='lat' dir='ltr'><strong>non</strong></span> 
     </span>
    </p>
   </div>
   <div class='ocr_carea' id='block_1_66' title="bbox 2075 2166 3731 2236">
    <p class='ocr_par' dir='ltr' id='par_1_66' title="bbox 2075 2166 3731 2236">
     <span class='ocr_line' id='line_1_66' title="bbox 2075 2166 3731 2236; baseline -0.002 -14"><span class='ocrx_word' id='word_1_487' title='bbox 2075 2167 2410 2222; x_wconf 90' lang='lat' dir='ltr'><strong>divitiarum</strong></span> <span class='ocrx_word' id='word_1_488' title='bbox 2439 2167 2628 2236; x_wconf 87' lang='lat' dir='ltr'><strong>copia,</strong></span> <span class='ocrx_word' id='word_1_489' title='bbox 2663 2166 2762 2220; x_wconf 89' lang='lat' dir='ltr'><strong>illa</strong></span> <span class='ocrx_word' id='word_1_490' title='bbox 2793 2166 2951 2221; x_wconf 91' lang='lat' dir='ltr'><strong>enim</strong></span> <span class='ocrx_word' id='word_1_491' title='bbox 2980 2169 3204 2222; x_wconf 90' lang='lat' dir='ltr'><strong>nostra.</strong></span> <span class='ocrx_word' id='word_1_492' title='bbox 3238 2167 3313 2221; x_wconf 91' lang='lat' dir='ltr'><strong>Et</strong></span> <span class='ocrx_word' id='word_1_493' title='bbox 3340 2167 3472 2222; x_wconf 90' lang='lat' dir='ltr'><strong>ideo</strong></span> <span class='ocrx_word' id='word_1_494' title='bbox 3489 2166 3586 2222; x_wconf 90' lang='lat' dir='ltr'><strong>tibi</strong></span> <span class='ocrx_word' id='word_1_495' title='bbox 3608 2166 3731 2235; x_wconf 57' lang='lat' dir='ltr'><strong>dicit</strong></span> 
     </span>
    </p>
   </div>
   <div class='ocr_carea' id='block_1_67' title="bbox 2074 2255 3730 2328">
    <p class='ocr_par' dir='ltr' id='par_1_67' title="bbox 2074 2255 3730 2328">
     <span class='ocr_line' id='line_1_67' title="bbox 2074 2255 3730 2328; baseline 0 -17"><span class='ocrx_word' id='word_1_496' title='bbox 2074 2258 2314 2328; x_wconf 77' lang='lat' dir='ltr'><strong>Moyses</strong></span> <span class='ocrx_word' id='word_1_497' title='bbox 2339 2255 2638 2311; x_wconf 88' lang='lat' dir='ltr'><strong>:Attende</strong></span> <span class='ocrx_word' id='word_1_498' title='bbox 2671 2255 2787 2310; x_wconf 92' lang='lat' dir='ltr'><strong>tibi</strong></span> <span class='ocrx_word' id='word_1_499' title='bbox 2815 2255 3017 2325; x_wconf 86' lang='lat' dir='ltr'><strong>(Deut.</strong></span> <span class='ocrx_word' id='word_1_500' title='bbox 3051 2272 3151 2325; x_wconf 86' lang='lat' dir='ltr'><strong>xv,</strong></span> <span class='ocrx_word' id='word_1_501' title='bbox 3183 2255 3263 2326; x_wconf 89' lang='lat'><strong>9),</strong></span> <span class='ocrx_word' id='word_1_502' title='bbox 3299 2256 3414 2311; x_wconf 90' lang='lat' dir='ltr'><strong>hoc</strong></span> <span class='ocrx_word' id='word_1_503' title='bbox 3429 2258 3520 2310; x_wconf 90' lang='lat' dir='ltr'><strong>est</strong></span> <span class='ocrx_word' id='word_1_504' title='bbox 3544 2256 3730 2311; x_wconf 67' lang='lat' dir='ltr'><strong>anima:</strong></span> 
     </span>
    </p>
   </div>
   <div class='ocr_carea' id='block_1_68' title="bbox 2073 2344 3735 2415">
    <p class='ocr_par' dir='ltr' id='par_1_68' title="bbox 2073 2344 3735 2415">
     <span class='ocr_line' id='line_1_68' title="bbox 2073 2344 3735 2415; baseline -0.001 -16"><span class='ocrx_word' id='word_1_505' title='bbox 2073 2347 2224 2415; x_wconf 70' lang='lat' dir='ltr'><strong>tum;</strong></span> <span class='ocrx_word' id='word_1_506' title='bbox 2259 2360 2333 2399; x_wconf 93' lang='lat' dir='ltr'><strong>ne</strong></span> <span class='ocrx_word' id='word_1_507' title='bbox 2364 2359 2598 2415; x_wconf 86' lang='lat' dir='ltr'><strong>pereas,</strong></span> <span class='ocrx_word' id='word_1_508' title='bbox 2632 2360 2705 2399; x_wconf 89' lang='lat' dir='ltr'><strong>ne</strong></span> <span class='ocrx_word' id='word_1_509' title='bbox 2738 2344 2993 2400; x_wconf 90' lang='lat' dir='ltr'><strong>carnalis</strong></span> <span class='ocrx_word' id='word_1_510' title='bbox 3025 2344 3154 2401; x_wconf 81' lang='lat' dir='ltr'><strong>ﬁas.</strong></span> <span class='ocrx_word' id='word_1_511' title='bbox 3189 2345 3454 2400; x_wconf 84' lang='lat' dir='ltr'><strong>Attende</strong></span> <span class='ocrx_word' id='word_1_512' title='bbox 3483 2345 3606 2410; x_wconf 85' lang='lat' dir='ltr'><strong>tibi,</strong></span> <span class='ocrx_word' id='word_1_513' title='bbox 3638 2345 3735 2400; x_wconf 90' lang='lat' dir='ltr'><strong>hoc</strong></span> 
     </span>
    </p>
   </div>
   <div class='ocr_carea' id='block_1_69' title="bbox 2075 2432 3731 2507">
    <p class='ocr_par' dir='ltr' id='par_1_69' title="bbox 2075 2432 3731 2507">
     <span class='ocr_line' id='line_1_69' title="bbox 2075 2432 3731 2507; baseline -0.002 -17"><span class='ocrx_word' id='word_1_514' title='bbox 2075 2437 2185 2504; x_wconf 88' lang='lat' dir='ltr'><strong>est,</strong></span> <span class='ocrx_word' id='word_1_515' title='bbox 2218 2434 2460 2507; x_wconf 88' lang='lat' dir='ltr'><strong>imagini</strong></span> <span class='ocrx_word' id='word_1_516' title='bbox 2488 2449 2663 2505; x_wconf 90' lang='lat' dir='ltr'><strong>quam</strong></span> <span class='ocrx_word' id='word_1_517' title='bbox 2694 2449 2727 2488; x_wconf 92' lang='lat' dir='ltr'><strong>a</strong></span> <span class='ocrx_word' id='word_1_518' title='bbox 2755 2432 2992 2489; x_wconf 87' lang='lat' dir='ltr'><strong>Christo</strong></span> <span class='ocrx_word' id='word_1_519' title='bbox 3024 2435 3333 2505; x_wconf 89' lang='lat' dir='ltr'><strong>accepisti,</strong></span> <span class='ocrx_word' id='word_1_520' title='bbox 3387 2433 3731 2489; x_wconf 88' lang='lat' dir='ltr'><strong>similitudini</strong></span> 
     </span>
    </p>
   </div>
   <div class='ocr_carea' id='block_1_70' title="bbox 2081 2522 3735 2597">
    <p class='ocr_par' dir='ltr' id='par_1_70' title="bbox 2081 2522 3735 2597">
     <span class='ocr_line' id='line_1_70' title="bbox 2081 2522 3735 2597; baseline -0.001 -19"><span class='ocrx_word' id='word_1_521' title='bbox 2081 2523 2154 2578; x_wconf 91' lang='lat' dir='ltr'><strong>ad</strong></span> <span class='ocrx_word' id='word_1_522' title='bbox 2180 2539 2354 2594; x_wconf 90' lang='lat' dir='ltr'><strong>quam</strong></span> <span class='ocrx_word' id='word_1_523' title='bbox 2382 2522 2574 2578; x_wconf 83' lang='lat' dir='ltr'><strong>factus</strong></span> <span class='ocrx_word' id='word_1_524' title='bbox 2605 2526 2714 2577; x_wconf 91' lang='lat' dir='ltr'><strong>est.</strong></span> <span class='ocrx_word' id='word_1_525' title='bbox 2749 2522 2944 2593; x_wconf 89' lang='lat' dir='ltr'><strong>Ipsam</strong></span> <span class='ocrx_word' id='word_1_526' title='bbox 2975 2539 3151 2578; x_wconf 89' lang='lat' dir='ltr'><strong>serva</strong></span> <span class='ocrx_word' id='word_1_527' title='bbox 3190 2524 3531 2597; x_wconf 90' lang='lat' dir='ltr'><strong>imaginem,</strong></span> <span class='ocrx_word' id='word_1_528' title='bbox 3580 2538 3735 2596; x_wconf 89' lang='lat' dir='ltr'><strong>quam</strong></span> 
     </span>
    </p>
   </div>
   <div class='ocr_carea' id='block_1_71' title="bbox 2079 2611 3738 2684">
    <p class='ocr_par' dir='ltr' id='par_1_71' title="bbox 2079 2611 3738 2684">
     <span class='ocr_line' id='line_1_71' title="bbox 2079 2611 3738 2684; baseline -0.001 -18"><span class='ocrx_word' id='word_1_529' title='bbox 2079 2611 2354 2667; x_wconf 89' lang='lat' dir='ltr'><strong>Christus</strong></span> <span class='ocrx_word' id='word_1_530' title='bbox 2383 2613 2444 2666; x_wconf 91' lang='lat' dir='ltr'><strong>in</strong></span> <span class='ocrx_word' id='word_1_531' title='bbox 2471 2614 2526 2666; x_wconf 90' lang='lat' dir='ltr'><strong>te</strong></span> <span class='ocrx_word' id='word_1_532' title='bbox 2559 2611 2839 2683; x_wconf 90' lang='lat' dir='ltr'><strong>operibus</strong></span> <span class='ocrx_word' id='word_1_533' title='bbox 2871 2611 3000 2667; x_wconf 90' lang='lat' dir='ltr'><strong>suis</strong></span> <span class='ocrx_word' id='word_1_534' title='bbox 3052 2612 3259 2684; x_wconf 84' lang='lat' dir='ltr'><strong>pinxit,</strong></span> <span class='ocrx_word' id='word_1_535' title='bbox 3312 2613 3471 2668; x_wconf 88' lang='lat' dir='ltr'><strong>sicut</strong></span> <span class='ocrx_word' id='word_1_536' title='bbox 3506 2612 3631 2684; x_wconf 89' lang='lat' dir='ltr'><strong>ipse</strong></span> <span class='ocrx_word' id='word_1_537' title='bbox 3666 2612 3738 2665; x_wconf 89' lang='lat' dir='ltr'><strong>ait</strong></span> 
     </span>
    </p>
   </div>
   <div class='ocr_carea' id='block_1_72' title="bbox 2080 2700 3738 2772">
    <p class='ocr_par' dir='ltr' id='par_1_72' title="bbox 2080 2700 3738 2772">
     <span class='ocr_line' id='line_1_72' title="bbox 2080 2700 3738 2772; baseline -0.002 -15"><span class='ocrx_word' id='word_1_538' title='bbox 2080 2702 2154 2756; x_wconf 87' lang='lat' dir='ltr'><strong>ad</strong></span> <span class='ocrx_word' id='word_1_539' title='bbox 2184 2701 2535 2771; x_wconf 79' lang='lat' dir='ltr'><strong>Jerusalem,</strong></span> <span class='ocrx_word' id='word_1_540' title='bbox 2566 2700 2626 2755; x_wconf 91' lang='lat' dir='ltr'><strong>id</strong></span> <span class='ocrx_word' id='word_1_541' title='bbox 2653 2704 2745 2755; x_wconf 91' lang='lat' dir='ltr'><strong>est</strong></span> <span class='ocrx_word' id='word_1_542' title='bbox 2788 2700 2862 2754; x_wconf 92' lang='lat' dir='ltr'><strong>ad</strong></span> <span class='ocrx_word' id='word_1_543' title='bbox 2913 2700 3168 2755; x_wconf 89' lang='lat' dir='ltr'><strong>animam</strong></span> <span class='ocrx_word' id='word_1_544' title='bbox 3206 2702 3517 2772; x_wconf 78' lang='lat' dir='ltr'><strong>pacificum</strong></span> <span class='ocrx_word' id='word_1_545' title='bbox 3549 2717 3560 2756; x_wconf 94' lang='lat'>:</span> <span class='ocrx_word' id='word_1_546' title='bbox 3591 2701 3738 2756; x_wconf 86' lang='lat' dir='ltr'><strong>Ecce</strong></span> 
     </span>
    </p>
   </div>
   <div class='ocr_carea' id='block_1_73' title="bbox 2081 2787 3738 2864">
    <p class='ocr_par' dir='ltr' id='par_1_73' title="bbox 2081 2787 3738 2864">
     <span class='ocr_line' id='line_1_73' title="bbox 2081 2787 3738 2864; baseline 0 -18"><span class='ocrx_word' id='word_1_547' title='bbox 2081 2807 2209 2864; x_wconf 88' lang='lat' dir='ltr'><strong>ego,</strong></span> <span class='ocrx_word' id='word_1_548' title='bbox 2243 2789 2599 2859; x_wconf 79' lang='lat' dir='ltr'><strong>Jerusalem,</strong></span> <span class='ocrx_word' id='word_1_549' title='bbox 2642 2789 2821 2862; x_wconf 81' lang='lat' dir='ltr'><strong>pinxi</strong></span> <span class='ocrx_word' id='word_1_550' title='bbox 2854 2806 3055 2845; x_wconf 88' lang='lat' dir='ltr'><strong>muros</strong></span> <span class='ocrx_word' id='word_1_551' title='bbox 3086 2796 3216 2845; x_wconf 90' lang='lat' dir='ltr'><strong>tuos</strong></span> <span class='ocrx_word' id='word_1_552' title='bbox 3262 2790 3410 2861; x_wconf 87' lang='lat' dir='ltr'><strong>(Isa.</strong></span> <span class='ocrx_word' id='word_1_553' title='bbox 3445 2807 3598 2861; x_wconf 65' lang='grc' dir='ltr'>χιιι,</span> <span class='ocrx_word' id='word_1_554' title='bbox 3638 2787 3738 2860; x_wconf 80' lang='grc'>16).</span> 
     </span>
    </p>
   </div>
   <div class='ocr_carea' id='block_1_74' title="bbox 2148 2905 3743 2979">
    <p class='ocr_par' dir='ltr' id='par_1_74' title="bbox 2148 2905 3743 2979">
     <span class='ocr_line' id='line_1_74' title="bbox 2148 2905 3743 2979; baseline -0.001 -17"><span class='ocrx_word' id='word_1_555' title='bbox 2148 2907 2239 2962; x_wconf 88' lang='grc'><strong>69.</strong></span> <span class='ocrx_word' id='word_1_556' title='bbox 2296 2906 2546 2961; x_wconf 86' lang='lat' dir='ltr'><strong>Attende</strong></span> <span class='ocrx_word' id='word_1_557' title='bbox 2593 2921 2739 2979; x_wconf 89' lang='lat' dir='ltr'><strong>ergo</strong></span> <span class='ocrx_word' id='word_1_558' title='bbox 2782 2909 2841 2960; x_wconf 89' lang='lat' dir='ltr'><strong>et</strong></span> <span class='ocrx_word' id='word_1_559' title='bbox 2886 2909 2950 2962; x_wconf 90' lang='lat' dir='ltr'><strong>tu</strong></span> <span class='ocrx_word' id='word_1_560' title='bbox 2997 2906 3320 2978; x_wconf 64' lang='lat' dir='ltr'><strong>praecipue,</strong></span> <span class='ocrx_word' id='word_1_561' title='bbox 3369 2907 3476 2977; x_wconf 82' lang='lat' dir='ltr'><strong>illi,</strong></span> <span class='ocrx_word' id='word_1_562' title='bbox 3523 2905 3743 2962; x_wconf 86' lang='lat' dir='ltr'><strong>attende</strong></span> 
     </span>
    </p>
   </div>
   <div class='ocr_carea' id='block_1_75' title="bbox 2081 2994 3744 3067">
    <p class='ocr_par' dir='ltr' id='par_1_75' title="bbox 2081 2994 3744 3067">
     <span class='ocr_line' id='line_1_75' title="bbox 2081 2994 3744 3067; baseline -0.001 -17"><span class='ocrx_word' id='word_1_563' title='bbox 2081 2996 2214 3067; x_wconf 90' lang='lat' dir='ltr'><strong>tibi,</strong></span> <span class='ocrx_word' id='word_1_564' title='bbox 2246 2998 2310 3051; x_wconf 89' lang='lat' dir='ltr'><strong>ut</strong></span> <span class='ocrx_word' id='word_1_565' title='bbox 2338 2995 2562 3051; x_wconf 86' lang='lat' dir='ltr'><strong>laeteris</strong></span> <span class='ocrx_word' id='word_1_566' title='bbox 2609 2995 2671 3049; x_wconf 89' lang='lat' dir='ltr'><strong>in</strong></span> <span class='ocrx_word' id='word_1_567' title='bbox 2705 2994 3019 3067; x_wconf 78' lang='lat' dir='ltr'><strong>juventute</strong></span> <span class='ocrx_word' id='word_1_568' title='bbox 3058 2998 3159 3050; x_wconf 87' lang='lat' dir='ltr'><strong>tua</strong></span> <span class='ocrx_word' id='word_1_569' title='bbox 3183 3011 3205 3065; x_wconf 82' lang='lat'><strong>;</strong></span> <span class='ocrx_word' id='word_1_570' title='bbox 3229 2997 3328 3051; x_wconf 90' lang='lat' dir='ltr'><strong>cui</strong></span> <span class='ocrx_word' id='word_1_571' title='bbox 3378 2996 3520 3051; x_wconf 91' lang='lat' dir='ltr'><strong>dicit</strong></span> <span class='ocrx_word' id='word_1_572' title='bbox 3558 2995 3744 3066; x_wconf 85' lang='lat' dir='ltr'><strong>Scrip-</strong></span> 
     </span>
    </p>
   </div>
   <div class='ocr_carea' id='block_1_76' title="bbox 2078 3084 3744 3157">
    <p class='ocr_par' dir='ltr' id='par_1_76' title="bbox 2078 3084 3744 3157">
     <span class='ocr_line' id='line_1_76' title="bbox 2078 3084 3744 3157; baseline -0.001 -18"><span class='ocrx_word' id='word_1_573' title='bbox 2078 3089 2208 3140; x_wconf 88' lang='lat' dir='ltr'><strong>tura</strong></span> <span class='ocrx_word' id='word_1_574' title='bbox 2241 3101 2253 3140; x_wconf 93' lang='lat'>:</span> <span class='ocrx_word' id='word_1_575' title='bbox 2288 3086 2544 3154; x_wconf 65' lang='lat' dir='ltr'><strong>Laetare,</strong></span> <span class='ocrx_word' id='word_1_576' title='bbox 2577 3084 2945 3155; x_wconf 86' lang='lat' dir='ltr'><strong>adolescens,</strong></span> <span class='ocrx_word' id='word_1_577' title='bbox 2980 3085 3042 3139; x_wconf 90' lang='lat' dir='ltr'><strong>in</strong></span> <span class='ocrx_word' id='word_1_578' title='bbox 3059 3084 3388 3157; x_wconf 82' lang='lat' dir='ltr'><strong>juventute</strong></span> <span class='ocrx_word' id='word_1_579' title='bbox 3413 3092 3509 3140; x_wconf 89' lang='lat' dir='ltr'><strong>tua</strong></span> <span class='ocrx_word' id='word_1_580' title='bbox 3539 3084 3744 3154; x_wconf 84' lang='lat' dir='ltr'><strong>(Eccle.</strong></span> 
     </span>
    </p>
   </div>
   <div class='ocr_carea' id='block_1_77' title="bbox 2015 3170 3746 3248">
    <p class='ocr_par' dir='ltr' id='par_1_77' title="bbox 2015 3170 3746 3248">
     <span class='ocr_line' id='line_1_77' title="bbox 2015 3170 3746 3248; baseline -0.002 -20"><span class='ocrx_word' id='word_1_581' title='bbox 2015 3177 2160 3248; x_wconf 73' lang='lat' dir='ltr'><strong>ciu,</strong></span> <span class='ocrx_word' id='word_1_582' title='bbox 2192 3173 2269 3244; x_wconf 86' lang='lat'><strong>9).</strong></span> <span class='ocrx_word' id='word_1_583' title='bbox 2303 3174 2437 3228; x_wconf 90' lang='lat' dir='ltr'><strong>Non</strong></span> <span class='ocrx_word' id='word_1_584' title='bbox 2464 3174 2643 3229; x_wconf 90' lang='lat' dir='ltr'><strong>unius</strong></span> <span class='ocrx_word' id='word_1_585' title='bbox 2662 3173 2770 3228; x_wconf 90' lang='lat' dir='ltr'><strong>tibi</strong></span> <span class='ocrx_word' id='word_1_586' title='bbox 2792 3174 2934 3228; x_wconf 82' lang='lat' dir='ltr'><strong>dicit</strong></span> <span class='ocrx_word' id='word_1_587' title='bbox 2960 3177 3195 3245; x_wconf 91' lang='lat' dir='ltr'><strong>tempus</strong></span> <span class='ocrx_word' id='word_1_588' title='bbox 3215 3174 3432 3230; x_wconf 68' lang='lat' dir='ltr'><strong>aetatis.</strong></span> <span class='ocrx_word' id='word_1_589' title='bbox 3467 3174 3574 3229; x_wconf 91' lang='lat' dir='ltr'><strong>Est</strong></span> <span class='ocrx_word' id='word_1_590' title='bbox 3591 3170 3746 3246; x_wconf 85' lang='lat' dir='ltr'><strong>quasi</strong></span> 
     </span>
    </p>
   </div>
   <div class='ocr_carea' id='block_1_78' title="bbox 2081 3263 3744 3335">
    <p class='ocr_par' dir='ltr' id='par_1_78' title="bbox 2081 3263 3744 3335">
     <span class='ocr_line' id='line_1_78' title="bbox 2081 3263 3744 3335; baseline -0.001 -18"><span class='ocrx_word' id='word_1_591' title='bbox 2081 3263 2193 3334; x_wconf 82' lang='lat'><strong>(57)</strong></span> <span class='ocrx_word' id='word_1_592' title='bbox 2242 3263 2480 3335; x_wconf 91' lang='lat' dir='ltr'><strong>quidam</strong></span> <span class='ocrx_word' id='word_1_593' title='bbox 2522 3263 2634 3318; x_wconf 84' lang='lat' dir='ltr'><strong>t‘los</strong></span> <span class='ocrx_word' id='word_1_594' title='bbox 2682 3263 2820 3318; x_wconf 70' lang='lat' dir='ltr'><strong>vitm</strong></span> <span class='ocrx_word' id='word_1_595' title='bbox 2866 3263 3279 3335; x_wconf 88' lang='lat' dir='ltr'><strong>bonorumque</strong></span> <span class='ocrx_word' id='word_1_596' title='bbox 3311 3267 3462 3319; x_wconf 73' lang='lat' dir='ltr'><strong>tetas</strong></span> <span class='ocrx_word' id='word_1_597' title='bbox 3494 3278 3744 3335; x_wconf 88' lang='lat' dir='ltr'><strong>operum,</strong></span> 
     </span>
    </p>
   </div>
   <div class='ocr_carea' id='block_1_79' title="bbox 2081 3350 3744 3425">
    <p class='ocr_par' dir='ltr' id='par_1_79' title="bbox 2081 3350 3744 3425">
     <span class='ocr_line' id='line_1_79' title="bbox 2081 3350 3744 3425; baseline -0.001 -19"><span class='ocrx_word' id='word_1_598' title='bbox 2081 3352 2154 3406; x_wconf 90' lang='lat' dir='ltr'><strong>de</strong></span> <span class='ocrx_word' id='word_1_599' title='bbox 2200 3368 2313 3424; x_wconf 90' lang='lat' dir='ltr'><strong>qua</strong></span> <span class='ocrx_word' id='word_1_600' title='bbox 2361 3353 2648 3423; x_wconf 89' lang='lat' dir='ltr'><strong>scriptum</strong></span> <span class='ocrx_word' id='word_1_601' title='bbox 2696 3355 2789 3407; x_wconf 91' lang='lat' dir='ltr'><strong>est</strong></span> <span class='ocrx_word' id='word_1_602' title='bbox 2828 3367 2840 3407; x_wconf 93' lang='lat'>:</span> <span class='ocrx_word' id='word_1_603' title='bbox 2876 3352 3291 3407; x_wconf 81' lang='lat' dir='ltr'><strong>Renovabitur</strong></span> <span class='ocrx_word' id='word_1_604' title='bbox 3340 3353 3499 3409; x_wconf 86' lang='lat' dir='ltr'><strong>sicut</strong></span> <span class='ocrx_word' id='word_1_605' title='bbox 3548 3350 3744 3425; x_wconf 73' lang='lat' dir='ltr'><strong>aquilae</strong></span> 
     </span>
    </p>
   </div>
   <div class='ocr_carea' id='block_1_80' title="bbox 2065 3440 3752 3513">
    <p class='ocr_par' dir='ltr' id='par_1_80' title="bbox 2065 3440 3752 3513">
     <span class='ocr_line' id='line_1_80' title="bbox 2065 3440 3752 3513; baseline -0.001 -18"><span class='ocrx_word' id='word_1_606' title='bbox 2065 3441 2359 3513; x_wconf 77' lang='lat' dir='ltr'><strong>juventus</strong></span> <span class='ocrx_word' id='word_1_607' title='bbox 2390 3447 2485 3496; x_wconf 88' lang='lat' dir='ltr'><strong>tua</strong></span> <span class='ocrx_word' id='word_1_608' title='bbox 2531 3440 2721 3512; x_wconf 88' lang='lat' dir='ltr'><strong>(Psal.</strong></span> <span class='ocrx_word' id='word_1_609' title='bbox 2755 3458 2851 3511; x_wconf 84' lang='lat' dir='ltr'><strong>cu,</strong></span> <span class='ocrx_word' id='word_1_610' title='bbox 2886 3442 2962 3512; x_wconf 87' lang='grc'>5).</span> <span class='ocrx_word' id='word_1_611' title='bbox 3016 3441 3087 3495; x_wconf 84' lang='lat' dir='ltr'><strong>Et</strong></span> <span class='ocrx_word' id='word_1_612' title='bbox 3114 3440 3398 3512; x_wconf 85' lang='lat' dir='ltr'><strong>oblectet,</strong></span> <span class='ocrx_word' id='word_1_613' title='bbox 3450 3441 3657 3513; x_wconf 90' lang='lat' dir='ltr'><strong>inquit,</strong></span> <span class='ocrx_word' id='word_1_614' title='bbox 3701 3445 3752 3493; x_wconf 89' lang='lat' dir='ltr'><strong>te</strong></span> 
     </span>
    </p>
   </div>
   <div class='ocr_carea' id='block_1_81' title="bbox 2081 3527 3753 3594">
    <p class='ocr_par' dir='ltr' id='par_1_81' title="bbox 2081 3527 3753 3594">
     <span class='ocr_line' id='line_1_81' title="bbox 2081 3527 3753 3594; baseline -0.002 -9"><span class='ocrx_word' id='word_1_615' title='bbox 2081 3548 2185 3586; x_wconf 89' lang='lat' dir='ltr'><strong>cor</strong></span> <span class='ocrx_word' id='word_1_616' title='bbox 2216 3537 2372 3586; x_wconf 90' lang='lat' dir='ltr'><strong>tuum</strong></span> <span class='ocrx_word' id='word_1_617' title='bbox 2405 3532 2466 3585; x_wconf 90' lang='lat' dir='ltr'><strong>in</strong></span> <span class='ocrx_word' id='word_1_618' title='bbox 2517 3530 2731 3585; x_wconf 88' lang='lat' dir='ltr'><strong>diebus</strong></span> <span class='ocrx_word' id='word_1_619' title='bbox 2777 3530 3196 3586; x_wconf 70' lang='lat' dir='ltr'><strong>adolescentiae</strong></span> <span class='ocrx_word' id='word_1_620' title='bbox 3241 3537 3376 3594; x_wconf 70' lang='lat' dir='ltr'><strong>tuae,</strong></span> <span class='ocrx_word' id='word_1_621' title='bbox 3432 3536 3493 3585; x_wconf 86' lang='lat' dir='ltr'><strong>et</strong></span> <span class='ocrx_word' id='word_1_622' title='bbox 3539 3527 3753 3585; x_wconf 87' lang='lat' dir='ltr'><strong>ambula</strong></span> 
     </span>
    </p>
   </div>
   <div class='ocr_carea' id='block_1_82' title="bbox 2081 3616 3759 3692">
    <p class='ocr_par' dir='ltr' id='par_1_82' title="bbox 2081 3616 3759 3692">
     <span class='ocr_line' id='line_1_82' title="bbox 2081 3616 3759 3692; baseline -0.002 -17"><span class='ocrx_word' id='word_1_623' title='bbox 2081 3621 2144 3677; x_wconf 88' lang='lat' dir='ltr'><strong>in</strong></span> <span class='ocrx_word' id='word_1_624' title='bbox 2178 3621 2295 3675; x_wconf 90' lang='lat' dir='ltr'><strong>viis</strong></span> <span class='ocrx_word' id='word_1_625' title='bbox 2325 3620 2529 3675; x_wconf 87' lang='lat' dir='ltr'><strong>cordis</strong></span> <span class='ocrx_word' id='word_1_626' title='bbox 2561 3620 2647 3674; x_wconf 89' lang='lat' dir='ltr'><strong>tui</strong></span> <span class='ocrx_word' id='word_1_627' title='bbox 2675 3620 2809 3674; x_wconf 88' lang='lat' dir='ltr'><strong>sine</strong></span> <span class='ocrx_word' id='word_1_628' title='bbox 2838 3618 3083 3685; x_wconf 89' lang='lat' dir='ltr'><strong>macula,</strong></span> <span class='ocrx_word' id='word_1_629' title='bbox 3118 3625 3177 3674; x_wconf 89' lang='lat' dir='ltr'><strong>et</strong></span> <span class='ocrx_word' id='word_1_630' title='bbox 3207 3619 3270 3673; x_wconf 89' lang='lat' dir='ltr'><strong>in</strong></span> <span class='ocrx_word' id='word_1_631' title='bbox 3302 3625 3551 3692; x_wconf 86' lang='lat' dir='ltr'><strong>aspectu</strong></span> <span class='ocrx_word' id='word_1_632' title='bbox 3582 3616 3759 3674; x_wconf 89' lang='lat' dir='ltr'><strong>oculo-</strong></span> 
     </span>
    </p>
   </div>
   <div class='ocr_carea' id='block_1_83' title="bbox 2081 3708 3748 3776">
    <p class='ocr_par' dir='ltr' id='par_1_83' title="bbox 2081 3708 3748 3776">
     <span class='ocr_line' id='line_1_83' title="bbox 2081 3708 3748 3776; baseline -0.003 -12"><span class='ocrx_word' id='word_1_633' title='bbox 2081 3727 2213 3765; x_wconf 89' lang='lat' dir='ltr'><strong>rum</strong></span> <span class='ocrx_word' id='word_1_634' title='bbox 2246 3716 2493 3776; x_wconf 88' lang='lat' dir='ltr'><strong>tuorum,</strong></span> <span class='ocrx_word' id='word_1_635' title='bbox 2530 3716 2589 3763; x_wconf 90' lang='lat' dir='ltr'><strong>et</strong></span> <span class='ocrx_word' id='word_1_636' title='bbox 2619 3724 2732 3763; x_wconf 88' lang='lat' dir='ltr'><strong>non</strong></span> <span class='ocrx_word' id='word_1_637' title='bbox 2780 3709 2842 3763; x_wconf 89' lang='lat' dir='ltr'><strong>in</strong></span> <span class='ocrx_word' id='word_1_638' title='bbox 2891 3708 3136 3763; x_wconf 82' lang='lat' dir='ltr'><strong>audacia</strong></span> <span class='ocrx_word' id='word_1_639' title='bbox 3181 3708 3486 3764; x_wconf 87' lang='lat' dir='ltr'><strong>oculorum</strong></span> <span class='ocrx_word' id='word_1_640' title='bbox 3536 3715 3748 3762; x_wconf 88' lang='lat' dir='ltr'><strong>tuorum</strong></span> 
     </span>
    </p>
   </div>
   <div class='ocr_carea' id='block_1_84' title="bbox 2083 3795 3758 3870">
    <p class='ocr_par' dir='ltr' id='par_1_84' title="bbox 2083 3795 3758 3870">
     <span class='ocr_line' id='line_1_84' title="bbox 2083 3795 3758 3870; baseline -0.002 -17"><span class='ocrx_word' id='word_1_641' title='bbox 2083 3799 2306 3870; x_wconf 86' lang='lat' dir='ltr'><strong>(Eccle.</strong></span> <span class='ocrx_word' id='word_1_642' title='bbox 2342 3816 2424 3870; x_wconf 80' lang='grc' dir='ltr'>χι,</span> <span class='ocrx_word' id='word_1_643' title='bbox 2454 3799 2529 3868; x_wconf 88' lang='grc'><strong>9);</strong></span> <span class='ocrx_word' id='word_1_644' title='bbox 2581 3799 2643 3854; x_wconf 92' lang='lat' dir='ltr'><strong>in</strong></span> <span class='ocrx_word' id='word_1_645' title='bbox 2683 3801 2929 3869; x_wconf 87' lang='lat' dir='ltr'><strong>aspectu</strong></span> <span class='ocrx_word' id='word_1_646' title='bbox 2976 3798 3176 3870; x_wconf 88' lang='lat' dir='ltr'><strong>utique</strong></span> <span class='ocrx_word' id='word_1_647' title='bbox 3218 3798 3497 3869; x_wconf 91' lang='lat' dir='ltr'><strong>spiritali,</strong></span> <span class='ocrx_word' id='word_1_648' title='bbox 3550 3812 3667 3852; x_wconf 91' lang='lat' dir='ltr'><strong>non</strong></span> <span class='ocrx_word' id='word_1_649' title='bbox 3702 3795 3758 3849; x_wconf 91' lang='lat' dir='ltr'><strong>in</strong></span> 
     </span>
    </p>
   </div>
   <div class='ocr_carea' id='block_1_85' title="bbox 2083 3885 3758 3959">
    <p class='ocr_par' dir='ltr' id='par_1_85' title="bbox 2083 3885 3758 3959">
     <span class='ocr_line' id='line_1_85' title="bbox 2083 3885 3758 3959; baseline -0.004 -16"><span class='ocrx_word' id='word_1_650' title='bbox 2083 3888 2324 3943; x_wconf 87' lang='lat' dir='ltr'><strong>audacia</strong></span> <span class='ocrx_word' id='word_1_651' title='bbox 2358 3887 2652 3943; x_wconf 78' lang='lat' dir='ltr'><strong>saeculari.</strong></span> <span class='ocrx_word' id='word_1_652' title='bbox 2686 3888 2767 3942; x_wconf 86' lang='lat' dir='ltr'><strong>Et</strong></span> <span class='ocrx_word' id='word_1_653' title='bbox 2799 3888 2951 3941; x_wconf 89' lang='lat' dir='ltr'><strong>scito</strong></span> <span class='ocrx_word' id='word_1_654' title='bbox 2982 3887 3131 3959; x_wconf 87' lang='lat' dir='ltr'><strong>quod</strong></span> <span class='ocrx_word' id='word_1_655' title='bbox 3177 3903 3362 3959; x_wconf 89' lang='lat' dir='ltr'><strong>super</strong></span> <span class='ocrx_word' id='word_1_656' title='bbox 3411 3887 3541 3941; x_wconf 72' lang='lat' dir='ltr'><strong>haec</strong></span> <span class='ocrx_word' id='word_1_657' title='bbox 3580 3885 3758 3941; x_wconf 87' lang='lat' dir='ltr'><strong>omnia</strong></span> 
     </span>
    </p>
   </div>
   <div class='ocr_carea' id='block_1_86' title="bbox 2086 3975 3755 4049">
    <p class='ocr_par' dir='ltr' id='par_1_86' title="bbox 2086 3975 3755 4049">
     <span class='ocr_line' id='line_1_86' title="bbox 2086 3975 3755 4049; baseline -0.004 -16"><span class='ocrx_word' id='word_1_658' title='bbox 2086 3978 2294 4034; x_wconf 83' lang='lat' dir='ltr'><strong>educet</strong></span> <span class='ocrx_word' id='word_1_659' title='bbox 2342 3983 2400 4033; x_wconf 88' lang='lat' dir='ltr'><strong>te</strong></span> <span class='ocrx_word' id='word_1_660' title='bbox 2447 3977 2611 4032; x_wconf 87' lang='lat' dir='ltr'><strong>Deus</strong></span> <span class='ocrx_word' id='word_1_661' title='bbox 2657 3977 2719 4031; x_wconf 90' lang='lat' dir='ltr'><strong>in</strong></span> <span class='ocrx_word' id='word_1_662' title='bbox 2750 3976 3066 4049; x_wconf 84' lang='lat' dir='ltr'><strong>judicium.</strong></span> <span class='ocrx_word' id='word_1_663' title='bbox 3121 3975 3203 4030; x_wconf 87' lang='lat' dir='ltr'><strong>Et</strong></span> <span class='ocrx_word' id='word_1_664' title='bbox 3245 3975 3483 4048; x_wconf 85' lang='lat' dir='ltr'><strong>repelle</strong></span> <span class='ocrx_word' id='word_1_665' title='bbox 3534 3977 3680 4030; x_wconf 90' lang='lat' dir='ltr'><strong>iram</strong></span> <span class='ocrx_word' id='word_1_666' title='bbox 3726 3988 3755 4027; x_wconf 88' lang='lat' dir='ltr'><strong>a</strong></span> 
     </span>
    </p>
   </div>
   <div class='ocr_carea' id='block_1_87' title="bbox 2086 4061 3756 4138">
    <p class='ocr_par' dir='ltr' id='par_1_87' title="bbox 2086 4061 3756 4138">
     <span class='ocr_line' id='line_1_87' title="bbox 2086 4061 3756 4138; baseline -0.004 -17"><span class='ocrx_word' id='word_1_667' title='bbox 2086 4067 2264 4123; x_wconf 89' lang='lat' dir='ltr'><strong>corde</strong></span> <span class='ocrx_word' id='word_1_668' title='bbox 2297 4073 2414 4136; x_wconf 91' lang='lat' dir='ltr'><strong>tuo,</strong></span> <span class='ocrx_word' id='word_1_669' title='bbox 2444 4073 2504 4122; x_wconf 90' lang='lat' dir='ltr'><strong>et</strong></span> <span class='ocrx_word' id='word_1_670' title='bbox 2535 4082 2739 4122; x_wconf 86' lang='lat' dir='ltr'><strong>amove</strong></span> <span class='ocrx_word' id='word_1_671' title='bbox 2770 4066 3092 4138; x_wconf 89' lang='lat' dir='ltr'><strong>nequitiam</strong></span> <span class='ocrx_word' id='word_1_672' title='bbox 3138 4082 3169 4119; x_wconf 90' lang='lat' dir='ltr'><strong>a</strong></span> <span class='ocrx_word' id='word_1_673' title='bbox 3220 4081 3411 4122; x_wconf 87' lang='lat' dir='ltr'><strong>carne</strong></span> <span class='ocrx_word' id='word_1_674' title='bbox 3465 4070 3562 4120; x_wconf 87' lang='lat' dir='ltr'><strong>tua</strong></span> <span class='ocrx_word' id='word_1_675' title='bbox 3591 4061 3756 4135; x_wconf 87' lang='lat' dir='ltr'><strong>(Ibid.</strong></span> 
     </span>
    </p>
   </div>
   <div class='ocr_carea' id='block_1_88' title="bbox 2084 4156 2284 4228">
    <p class='ocr_par' dir='ltr' id='par_1_88' title="bbox 2084 4156 2284 4228">
     <span class='ocr_line' id='line_1_88' title="bbox 2084 4156 2284 4228; baseline -0.015 -16"><span class='ocrx_word' id='word_1_676' title='bbox 2084 4156 2138 4228; x_wconf 89' lang='lat'><strong>9,</strong></span> <span class='ocrx_word' id='word_1_677' title='bbox 2176 4157 2284 4228; x_wconf 77' lang='grc' dir='ltr'>ιο).</span> 
     </span>
    </p>
   </div>
   <div class='ocr_carea' id='block_1_89' title="bbox 2155 4279 3765 4352">
    <p class='ocr_par' dir='ltr' id='par_1_89' title="bbox 2155 4279 3765 4352">
     <span class='ocr_line' id='line_1_89' title="bbox 2155 4279 3765 4352; baseline -0.004 -15"><span class='ocrx_word' id='word_1_678' title='bbox 2155 4283 2244 4339; x_wconf 84' lang='grc' dir='ltr'><strong>ἻΟ.</strong></span> <span class='ocrx_word' id='word_1_679' title='bbox 2285 4281 2549 4337; x_wconf 83' lang='lat' dir='ltr'><strong>Attende</strong></span> <span class='ocrx_word' id='word_1_680' title='bbox 2578 4280 2692 4337; x_wconf 89' lang='lat' dir='ltr'><strong>tibi</strong></span> <span class='ocrx_word' id='word_1_681' title='bbox 2736 4280 2933 4351; x_wconf 92' lang='lat' dir='ltr'><strong>(Deut.</strong></span> <span class='ocrx_word' id='word_1_682' title='bbox 2968 4296 3068 4350; x_wconf 88' lang='lat' dir='ltr'><strong>xv,</strong></span> <span class='ocrx_word' id='word_1_683' title='bbox 3116 4279 3196 4347; x_wconf 16' lang='lat'><strong>‘9),</strong></span> <span class='ocrx_word' id='word_1_684' title='bbox 3242 4279 3446 4352; x_wconf 86' lang='lat' dir='ltr'><strong>virgo,</strong></span> <span class='ocrx_word' id='word_1_685' title='bbox 3502 4282 3561 4334; x_wconf 91' lang='lat' dir='ltr'><strong>et</strong></span> <span class='ocrx_word' id='word_1_686' title='bbox 3590 4281 3668 4349; x_wconf 92' lang='lat' dir='ltr'><strong>tu,</strong></span> <span class='ocrx_word' id='word_1_687' title='bbox 3708 4279 3765 4331; x_wconf 92' lang='lat' dir='ltr'><strong>ut</strong></span> 
     </span>
    </p>
   </div>
   <div class='ocr_carea' id='block_1_90' title="bbox 2087 4368 3766 4442">
    <p class='ocr_par' dir='ltr' id='par_1_90' title="bbox 2087 4368 3766 4442">
     <span class='ocr_line' id='line_1_90' title="bbox 2087 4368 3766 4442; baseline -0.007 -12"><span class='ocrx_word' id='word_1_688' title='bbox 2087 4374 2333 4430; x_wconf 89' lang='lat' dir='ltr'><strong>insistas</strong></span> <span class='ocrx_word' id='word_1_689' title='bbox 2367 4371 2636 4442; x_wconf 91' lang='lat' dir='ltr'><strong>orationi,</strong></span> <span class='ocrx_word' id='word_1_690' title='bbox 2675 4374 2731 4425; x_wconf 88' lang='lat' dir='ltr'><strong>et</strong></span> <span class='ocrx_word' id='word_1_691' title='bbox 2760 4370 2960 4424; x_wconf 85' lang='lat' dir='ltr'><strong>vultus</strong></span> <span class='ocrx_word' id='word_1_692' title='bbox 3008 4375 3145 4424; x_wconf 87' lang='lat' dir='ltr'><strong>tuus</strong></span> <span class='ocrx_word' id='word_1_693' title='bbox 3189 4368 3440 4423; x_wconf 83' lang='lat' dir='ltr'><strong>assidua</strong></span> <span class='ocrx_word' id='word_1_694' title='bbox 3490 4369 3766 4423; x_wconf 83' lang='lat' dir='ltr'><strong>obsecra-</strong></span> 
     </span>
    </p>
   </div>
   <div class='ocr_carea' id='block_1_91' title="bbox 304 4455 3768 4551">
    <p class='ocr_par' dir='ltr' id='par_1_91' title="bbox 304 4455 3768 4551">
     <span class='ocr_line' id='line_1_91' title="bbox 304 4455 3768 4551; baseline -0.007 -16"><span class='ocrx_word' id='word_1_695' title='bbox 304 4455 500 4551; x_wconf 78' lang='lat' dir='ltr'><strong>potest</strong></span> <span class='ocrx_word' id='word_1_696' title='bbox 528 4455 702 4536; x_wconf 84' lang='lat' dir='ltr'><strong>etiam</strong></span> <span class='ocrx_word' id='word_1_697' title='bbox 730 4479 1006 4535; x_wconf 85' lang='lat' dir='ltr'><strong>siclocus</strong></span> <span class='ocrx_word' id='word_1_698' title='bbox 1027 4477 1123 4532; x_wconf 91' lang='lat' dir='ltr'><strong>ille</strong></span> <span class='ocrx_word' id='word_1_699' title='bbox 1146 4475 1353 4546; x_wconf 88' lang='lat' dir='ltr'><strong>accipi,</strong></span> <span class='ocrx_word' id='word_1_700' title='bbox 1381 4455 1452 4530; x_wconf 80' lang='lat' dir='ltr'><strong>eo</strong></span> <span class='ocrx_word' id='word_1_701' title='bbox 1477 4473 1635 4546; x_wconf 86' lang='lat' dir='ltr'><strong>quod</strong></span> <span class='ocrx_word' id='word_1_702' title='bbox 1663 4455 1982 4545; x_wconf 80' lang='lat' dir='ltr'><strong>Synagoga</strong></span> <span class='ocrx_word' id='word_1_703' title='bbox 2023 4547 2060 4551; x_wconf 43' lang='grc' dir='ltr'><strong>ᾼ</strong></span> <span class='ocrx_word' id='word_1_704' title='bbox 2088 4464 2245 4518; x_wconf 75' lang='lat' dir='ltr'><strong>tione</strong></span> <span class='ocrx_word' id='word_1_705' title='bbox 2276 4461 2593 4533; x_wconf 71' lang='lat' dir='ltr'><strong>pallescet.</strong></span> <span class='ocrx_word' id='word_1_706' title='bbox 2620 4460 2751 4551; x_wconf 13' lang='lat' dir='ltr'><strong>gSed</strong></span> <span class='ocrx_word' id='word_1_707' title='bbox 2795 4458 3319 4551; x_wconf 22' lang='lat' dir='ltr'><strong>anteuorationem‘</strong></span> <span class='ocrx_word' id='word_1_708' title='bbox 3344 4473 3624 4551; x_wconf 56' lang='lat' dir='ltr'><strong>praepara</strong></span> <span class='ocrx_word' id='word_1_709' title='bbox 3652 4455 3768 4551; x_wconf 83' lang='lat' dir='ltr'><strong>ani-</strong></span> 
     </span>
    </p>
   </div>
   <div class='ocr_carea' id='block_1_92' title="bbox 304 4546 3767 4639">
    <p class='ocr_par' dir='ltr' id='par_1_92' title="bbox 304 4546 3767 4639">
     <span class='ocr_line' id='line_1_92' title="bbox 304 4546 3767 4639; baseline -0.001 -17"><span class='ocrx_word' id='word_1_710' title='bbox 304 4546 379 4623; x_wconf 75' lang='lat' dir='ltr'><strong>ad</strong></span> <span class='ocrx_word' id='word_1_711' title='bbox 409 4558 740 4626; x_wconf 85' lang='lat' dir='ltr'><strong>Ecctesiam</strong></span> <span class='ocrx_word' id='word_1_712' title='bbox 773 4568 928 4623; x_wconf 83' lang='lat' dir='ltr'><strong>dicat</strong></span> <span class='ocrx_word' id='word_1_713' title='bbox 960 4585 971 4623; x_wconf 89' lang='lat'><strong>:</strong></span> <span class='ocrx_word' id='word_1_714' title='bbox 1010 4567 1127 4623; x_wconf 89' lang='lat' dir='ltr'><strong>Ubi</strong></span> <span class='ocrx_word' id='word_1_715' title='bbox 1150 4566 1372 4639; x_wconf 79' lang='lat' dir='ltr'><strong>pascis,</strong></span> <span class='ocrx_word' id='word_1_716' title='bbox 1411 4565 1509 4619; x_wconf 88' lang='lat' dir='ltr'><strong>ubi</strong></span> <span class='ocrx_word' id='word_1_717' title='bbox 1541 4579 1744 4618; x_wconf 85' lang='lat' dir='ltr'><strong>manes</strong></span> <span class='ocrx_word' id='word_1_718' title='bbox 1776 4563 1835 4616; x_wconf 91' lang='lat' dir='ltr'><strong>in</strong></span> <span class='ocrx_word' id='word_1_719' title='bbox 1855 4579 1980 4617; x_wconf 89' lang='lat' dir='ltr'><strong>me-</strong></span> <span class='ocrx_word' id='word_1_720' title='bbox 2022 4547 2243 4611; x_wconf 84' lang='lat' dir='ltr'><strong>Dmam</strong></span> <span class='ocrx_word' id='word_1_721' title='bbox 2272 4554 2431 4605; x_wconf 91' lang='lat' dir='ltr'><strong>tuam</strong></span> <span class='ocrx_word' id='word_1_722' title='bbox 2457 4549 2667 4619; x_wconf 69' lang='grc' dir='ltr'><strong>(Εοοίίο</strong></span> <span class='ocrx_word' id='word_1_723' title='bbox 2704 4566 2865 4639; x_wconf 63' lang='lat' dir='ltr'><strong>X‘mb</strong></span> <span class='ocrx_word' id='word_1_724' title='bbox 2899 4548 3010 4617; x_wconf 57' lang='lat'><strong>23),</strong></span> <span class='ocrx_word' id='word_1_725' title='bbox 3044 4551 3108 4639; x_wconf 43' lang='lat' dir='ltr'><strong>lli</strong></span> <span class='ocrx_word' id='word_1_726' title='bbox 3127 4562 3244 4601; x_wconf 72' lang='lat' dir='ltr'><strong>non</strong></span> <span class='ocrx_word' id='word_1_727' title='bbox 3264 4546 3534 4639; x_wconf 41' lang='lat' dir='ltr'><strong>videaris</strong></span> <span class='ocrx_word' id='word_1_728' title='bbox 3552 4548 3767 4601; x_wconf 66' lang='grc' dir='ltr'><strong>ῑθῐηδνθ</strong></span> 
     </span>
    </p>
   </div>
   <div class='ocr_carea' id='block_1_93' title="bbox 305 4654 1985 4724">
    <p class='ocr_par' dir='ltr' id='par_1_93' title="bbox 305 4654 1985 4724">
     <span class='ocr_line' id='line_1_93' title="bbox 305 4654 1985 4724; baseline -0.004 -12"><span class='ocrx_word' id='word_1_729' title='bbox 305 4657 584 4714; x_wconf 83' lang='lat' dir='ltr'><strong>ridiano?</strong></span> <span class='ocrx_word' id='word_1_730' title='bbox 608 4658 705 4715; x_wconf 92' lang='lat' dir='ltr'><strong>Ne</strong></span> <span class='ocrx_word' id='word_1_731' title='bbox 732 4657 892 4714; x_wconf 77' lang='lat' dir='ltr'><strong>forte</strong></span> <span class='ocrx_word' id='word_1_732' title='bbox 922 4656 1055 4713; x_wconf 75' lang='lat' dir='ltr'><strong>[iam</strong></span> <span class='ocrx_word' id='word_1_733' title='bbox 1078 4654 1514 4712; x_wconf 82' lang='lat' dir='ltr'><strong>circumamictu</strong></span> <span class='ocrx_word' id='word_1_734' title='bbox 1554 4668 1734 4724; x_wconf 87' lang='lat' dir='ltr'><strong>super</strong></span> <span class='ocrx_word' id='word_1_735' title='bbox 1761 4666 1985 4723; x_wconf 81' lang='lat' dir='ltr'><strong>greges</strong></span> 
     </span>
    </p>
   </div>
   <div class='ocr_carea' id='block_1_94' title="bbox 309 4739 1984 4818">
    <p class='ocr_par' dir='ltr' id='par_1_94' title="bbox 309 4739 1984 4818">
     <span class='ocr_line' id='line_1_94' title="bbox 309 4739 1984 4818; baseline -0.004 -17"><span class='ocrx_word' id='word_1_736' title='bbox 309 4745 594 4801; x_wconf 85' lang='lat' dir='ltr'><strong>sodalium</strong></span> <span class='ocrx_word' id='word_1_737' title='bbox 619 4753 845 4803; x_wconf 88' lang='lat' dir='ltr'><strong>tuorum</strong></span> <span class='ocrx_word' id='word_1_738' title='bbox 873 4747 1068 4817; x_wconf 89' lang='lat' dir='ltr'><strong>(Cant.</strong></span> <span class='ocrx_word' id='word_1_739' title='bbox 1101 4764 1139 4818; x_wconf 86' lang='lat'>1,</span> <span class='ocrx_word' id='word_1_740' title='bbox 1171 4746 1246 4817; x_wconf 91' lang='grc'>6).</span> <span class='ocrx_word' id='word_1_741' title='bbox 1279 4743 1644 4799; x_wconf 78' lang='lat' dir='ltr'><strong>Mercennria</strong></span> <span class='ocrx_word' id='word_1_742' title='bbox 1696 4756 1834 4796; x_wconf 90' lang='lat' dir='ltr'><strong>esse</strong></span> <span class='ocrx_word' id='word_1_743' title='bbox 1877 4739 1984 4795; x_wconf 81' lang='lat' dir='ltr'><strong>de-</strong></span> 
     </span>
    </p>
   </div>
   <div class='ocr_carea' id='block_1_95' title="bbox 311 4828 1987 4908">
    <p class='ocr_par' dir='ltr' id='par_1_95' title="bbox 311 4828 1987 4908">
     <span class='ocr_line' id='line_1_95' title="bbox 311 4828 1987 4908; baseline -0.004 -17"><span class='ocrx_word' id='word_1_744' title='bbox 311 4835 551 4906; x_wconf 86' lang='lat' dir='ltr'><strong>siderat,</strong></span> <span class='ocrx_word' id='word_1_745' title='bbox 585 4851 717 4908; x_wconf 85' lang='lat' dir='ltr'><strong>quae</strong></span> <span class='ocrx_word' id='word_1_746' title='bbox 736 4836 851 4891; x_wconf 91' lang='lat' dir='ltr'><strong>sibi</strong></span> <span class='ocrx_word' id='word_1_747' title='bbox 871 4835 1207 4892; x_wconf 87' lang='lat' dir='ltr'><strong>vindicabat</strong></span> <span class='ocrx_word' id='word_1_748' title='bbox 1227 4837 1359 4891; x_wconf 89' lang='lat' dir='ltr'><strong>ante</strong></span> <span class='ocrx_word' id='word_1_749' title='bbox 1384 4832 1767 4888; x_wconf 76' lang='lat' dir='ltr'><strong>dominatum.</strong></span> <span class='ocrx_word' id='word_1_750' title='bbox 1800 4828 1987 4896; x_wconf 89' lang='lat' dir='ltr'><strong>Quam</strong></span> 
     </span>
    </p>
   </div>
   <div class='ocr_carea' id='block_1_96' title="bbox 311 4923 1020 4997">
    <p class='ocr_par' dir='ltr' id='par_1_96' title="bbox 311 4923 1020 4997">
     <span class='ocr_line' id='line_1_96' title="bbox 311 4923 1020 4997; baseline -0.003 -15"><span class='ocrx_word' id='word_1_751' title='bbox 311 4925 597 4982; x_wconf 87' lang='lat' dir='ltr'><strong>damnosa</strong></span> <span class='ocrx_word' id='word_1_752' title='bbox 625 4923 869 4997; x_wconf 77' lang='lat' dir='ltr'><strong>perﬁdia</strong></span> <span class='ocrx_word' id='word_1_753' title='bbox 901 4924 1020 4981; x_wconf 82' lang='lat' dir='ltr'><strong>est!</strong></span> 
     </span>
    </p>
   </div>
   <div class='ocr_carea' id='block_1_97' title="bbox 310 5061 1983 5152">
    <p class='ocr_par' dir='ltr' id='par_1_97' title="bbox 310 5061 1983 5152">
     <span class='ocr_line' id='line_1_97' title="bbox 310 5061 1983 5152; baseline -0.009 -21"><span class='ocrx_word' id='word_1_754' title='bbox 310 5072 486 5152; x_wconf 80' lang='grc' dir='ltr'><strong>ανδρὸς</strong></span> <span class='ocrx_word' id='word_1_755' title='bbox 507 5079 686 5152; x_wconf 57' lang='grc' dir='ltr'><strong>συφοῖρ,</strong></span> <span class='ocrx_word' id='word_1_756' title='bbox 725 5084 900 5152; x_wconf 89' lang='lat' dir='ltr'><strong>quam</strong></span> <span class='ocrx_word' id='word_1_757' title='bbox 946 5068 1316 5152; x_wconf 80' lang='lat' dir='ltr'><strong>sententiam,</strong></span> <span class='ocrx_word' id='word_1_758' title='bbox 1361 5068 1425 5121; x_wconf 91' lang='lat' dir='ltr'><strong>ut</strong></span> <span class='ocrx_word' id='word_1_759' title='bbox 1466 5064 1758 5120; x_wconf 88' lang='lat' dir='ltr'><strong>interdum</strong></span> <span class='ocrx_word' id='word_1_760' title='bbox 1810 5061 1983 5130; x_wconf 89' lang='lat' dir='ltr'><strong>solet,</strong></span> 
     </span>
    </p>
   </div>
   <div class='ocr_carea' id='block_1_98' title="bbox 312 5148 1866 5223">
    <p class='ocr_par' dir='ltr' id='par_1_98' title="bbox 312 5148 1866 5223">
     <span class='ocr_line' id='line_1_98' title="bbox 312 5148 1866 5223; baseline -0.005 -17"><span class='ocrx_word' id='word_1_761' title='bbox 312 5148 700 5223; x_wconf 63' lang='lat' dir='ltr'><strong>ex&#39;memoria</strong></span> <span class='ocrx_word' id='word_1_762' title='bbox 730 5151 955 5223; x_wconf 76' lang='lat' dir='ltr'><strong>tantum</strong></span> <span class='ocrx_word' id='word_1_763' title='bbox 983 5148 1310 5223; x_wconf 71' lang='lat' dir='ltr'><strong>protulerit.</strong></span> 
     </span>
    </p>
   </div>
   <div class='ocr_carea' id='block_1_99' title="bbox 382 5212 1988 5293">
    <p class='ocr_par' dir='ltr' id='par_1_99' title="bbox 382 5212 1988 5293">
     <span class='ocr_line' id='line_1_99' title="bbox 382 5212 1988 5293; baseline -0.007 -16"><span class='ocrx_word' id='word_1_764' title='bbox 382 5222 499 5293; x_wconf 78' lang='lat'><strong>(54)</strong></span> <span class='ocrx_word' id='word_1_765' title='bbox 535 5220 755 5277; x_wconf 90' lang='lat' dir='ltr'><strong>Omnes</strong></span> <span class='ocrx_word' id='word_1_766' title='bbox 798 5220 940 5293; x_wconf 80' lang='lat' dir='ltr'><strong>edit.</strong></span> <span class='ocrx_word' id='word_1_767' title='bbox 984 5212 1162 5293; x_wconf 54' lang='lat' dir='ltr'><strong>&quot;utin</strong></span> <span class='ocrx_word' id='word_1_768' title='bbox 1191 5221 1393 5273; x_wconf 83' lang='lat' dir='ltr'><strong>textu:</strong></span> <span class='ocrx_word' id='word_1_769' title='bbox 1419 5232 1567 5271; x_wconf 90' lang='lat' dir='ltr'><strong>mss.</strong></span> <span class='ocrx_word' id='word_1_770' title='bbox 1601 5212 1892 5293; x_wconf 80' lang='lat' dir='ltr'><strong>nonnulli,</strong></span> <span class='ocrx_word' id='word_1_771' title='bbox 1928 5217 1988 5266; x_wconf 88' lang='lat' dir='ltr'><strong>ut</strong></span> 
     </span>
    </p>
   </div>
   <div class='ocr_carea' id='block_1_100' title="bbox 310 5285 1986 5365">
    <p class='ocr_par' dir='ltr' id='par_1_100' title="bbox 310 5285 1986 5365">
     <span class='ocr_line' id='line_1_100' title="bbox 310 5285 1986 5365; baseline -0.007 -15"><span class='ocrx_word' id='word_1_772' title='bbox 310 5285 552 5359; x_wconf 77' lang='lat' dir='ltr'><strong>homini,</strong></span> <span class='ocrx_word' id='word_1_773' title='bbox 589 5308 754 5365; x_wconf 82' lang='lat' dir='ltr'><strong>quam</strong></span> <span class='ocrx_word' id='word_1_774' title='bbox 786 5290 908 5363; x_wconf 84' lang='lat' dir='ltr'><strong>legi</strong></span> <span class='ocrx_word' id='word_1_775' title='bbox 936 5290 1233 5346; x_wconf 87' lang='lat' dir='ltr'><strong>subditam</strong></span> <span class='ocrx_word' id='word_1_776' title='bbox 1267 5304 1526 5365; x_wconf 79' lang='lat' dir='ltr'><strong>verus..._</strong></span> <span class='ocrx_word' id='word_1_777' title='bbox 1547 5285 1884 5365; x_wconf 75' lang='lat' dir='ltr'><strong>negaverit,</strong></span> <span class='ocrx_word' id='word_1_778' title='bbox 1918 5300 1986 5340; x_wconf 89' lang='lat' dir='ltr'><strong>ea</strong></span> 
     </span>
    </p>
   </div>
   <div class='ocr_carea' id='block_1_101' title="bbox 314 5356 1985 5437">
    <p class='ocr_par' dir='ltr' id='par_1_101' title="bbox 314 5356 1985 5437">
     <span class='ocr_line' id='line_1_101' title="bbox 314 5356 1985 5437; baseline -0.007 -16"><span class='ocrx_word' id='word_1_779' title='bbox 314 5356 558 5421; x_wconf 76' lang='lat' dir='ltr'><strong>Christo</strong></span> <span class='ocrx_word' id='word_1_780' title='bbox 586 5356 993 5437; x_wconf 71' lang='lat' dir='ltr'><strong>subjiceretur</strong></span> <span class='ocrx_word' id='word_1_781' title='bbox 1023 5382 1040 5416; x_wconf 88' lang='lat'><strong><em>:</em></strong></span> <span class='ocrx_word' id='word_1_782' title='bbox 1071 5377 1246 5437; x_wconf 85' lang='lat' dir='ltr'><strong>unus,</strong></span> <span class='ocrx_word' id='word_1_783' title='bbox 1281 5366 1339 5437; x_wconf 83' lang='lat' dir='ltr'><strong>ut</strong></span> <span class='ocrx_word' id='word_1_784' title='bbox 1369 5356 1822 5437; x_wconf 51' lang='lat' dir='ltr'><strong>hominiL&#39;guam</strong></span> <span class='ocrx_word' id='word_1_785' title='bbox 1854 5356 1985 5437; x_wconf 78' lang='lat' dir='ltr'><strong>lege</strong></span> 
     </span>
    </p>
   </div>
   <div class='ocr_carea' id='block_1_102' title="bbox 310 5430 1987 5510">
    <p class='ocr_par' dir='ltr' id='par_1_102' title="bbox 310 5430 1987 5510">
     <span class='ocr_line' id='line_1_102' title="bbox 310 5430 1987 5510; baseline -0.007 -18"><span class='ocrx_word' id='word_1_786' title='bbox 310 5430 822 5510; x_wconf 66' lang='lat' dir='ltr'><strong>subditamviro...</strong></span> <span class='ocrx_word' id='word_1_787' title='bbox 843 5434 1148 5510; x_wconf 77' lang='lat' dir='ltr'><strong>allegavit,</strong></span> <span class='ocrx_word' id='word_1_788' title='bbox 1170 5449 1270 5497; x_wconf 86' lang='lat' dir='ltr'><strong>ea;</strong></span> <span class='ocrx_word' id='word_1_789' title='bbox 1288 5435 1424 5501; x_wconf 90' lang='lat' dir='ltr'><strong>etc.;</strong></span> <span class='ocrx_word' id='word_1_790' title='bbox 1448 5431 1509 5510; x_wconf 79' lang='lat' dir='ltr'><strong>in</strong></span> <span class='ocrx_word' id='word_1_791' title='bbox 1529 5430 1774 5510; x_wconf 78' lang='lat' dir='ltr'><strong>reliquis</strong></span> <span class='ocrx_word' id='word_1_792' title='bbox 1793 5431 1987 5510; x_wconf 65' lang='lat' dir='ltr'><strong>autem</strong></span> 
     </span>
    </p>
   </div>
   <div class='ocr_carea' id='block_1_103' title="bbox 310 5500 1984 5582">
    <p class='ocr_par' dir='ltr' id='par_1_103' title="bbox 310 5500 1984 5582">
     <span class='ocr_line' id='line_1_103' title="bbox 310 5500 1984 5582; baseline -0.008 -16"><span class='ocrx_word' id='word_1_793' title='bbox 310 5510 458 5566; x_wconf 88' lang='lat' dir='ltr'><strong>nihil</strong></span> <span class='ocrx_word' id='word_1_794' title='bbox 488 5507 640 5565; x_wconf 90' lang='lat' dir='ltr'><strong>sani.</strong></span> <span class='ocrx_word' id='word_1_795' title='bbox 660 5508 749 5582; x_wconf 75' lang='lat' dir='ltr'><strong>At</strong></span> <span class='ocrx_word' id='word_1_796' title='bbox 779 5500 1100 5582; x_wconf 76' lang='lat' dir='ltr'><strong>infraedit.</strong></span> <span class='ocrx_word' id='word_1_797' title='bbox 1134 5500 1363 5582; x_wconf 86' lang='lat' dir='ltr'><strong>omnes,</strong></span> <span class='ocrx_word' id='word_1_798' title='bbox 1384 5500 1608 5582; x_wconf 79' lang='lat' dir='ltr'><strong>omissa</strong></span> <span class='ocrx_word' id='word_1_799' title='bbox 1625 5500 1761 5582; x_wconf 72' lang='lat' dir='ltr'><strong>post</strong></span> <span class='ocrx_word' id='word_1_800' title='bbox 1781 5500 1984 5553; x_wconf 88' lang='lat' dir='ltr'><strong>dictio-</strong></span> 
     </span>
    </p>
   </div>
   <div class='ocr_carea' id='block_1_104' title="bbox 310 5574 1979 5654">
    <p class='ocr_par' dir='ltr' id='par_1_104' title="bbox 310 5574 1979 5654">
     <span class='ocr_line' id='line_1_104' title="bbox 310 5574 1979 5654; baseline -0.008 -17"><span class='ocrx_word' id='word_1_801' title='bbox 310 5597 446 5638; x_wconf 89' lang='lat' dir='ltr'><strong>nem</strong></span> <span class='ocrx_word' id='word_1_802' title='bbox 490 5579 762 5654; x_wconf 77' lang='lat' dir='ltr'><strong>_quoniam</strong></span> <span class='ocrx_word' id='word_1_803' title='bbox 808 5577 1094 5650; x_wconf 88' lang='lat' dir='ltr'><strong>particula</strong></span> <span class='ocrx_word' id='word_1_804' title='bbox 1142 5577 1216 5646; x_wconf 90' lang='lat' dir='ltr'><strong>si,</strong></span> <span class='ocrx_word' id='word_1_805' title='bbox 1262 5590 1437 5654; x_wconf 85' lang='lat' dir='ltr'><strong>quam</strong></span> <span class='ocrx_word' id='word_1_806' title='bbox 1474 5574 1536 5628; x_wconf 91' lang='lat' dir='ltr'><strong>in</strong></span> <span class='ocrx_word' id='word_1_807' title='bbox 1568 5574 1979 5654; x_wconf 38' lang='lat' dir='ltr'><strong>cunctis-mss.</strong></span> 
     </span>
    </p>
   </div>
   <div class='ocr_carea' id='block_1_105' title="bbox 310 5645 1981 5723">
    <p class='ocr_par' dir='ltr' id='par_1_105' title="bbox 310 5645 1981 5723">
     <span class='ocr_line' id='line_1_105' title="bbox 310 5645 1981 5723; baseline -0.008 -14"><span class='ocrx_word' id='word_1_808' title='bbox 310 5645 571 5723; x_wconf 70' lang='lat' dir='ltr'><strong>reperire</strong></span> <span class='ocrx_word' id='word_1_809' title='bbox 600 5652 711 5722; x_wconf 87' lang='lat' dir='ltr'><strong>est,</strong></span> <span class='ocrx_word' id='word_1_810' title='bbox 747 5645 857 5706; x_wconf 75' lang='lat' dir='ltr'><strong>nec</strong></span> <span class='ocrx_word' id='word_1_811' title='bbox 885 5665 1003 5723; x_wconf 91' lang='lat' dir='ltr'><strong>non</strong></span> <span class='ocrx_word' id='word_1_812' title='bbox 1032 5645 1213 5723; x_wconf 75' lang='lat' dir='ltr'><strong>prava</strong></span> <span class='ocrx_word' id='word_1_813' title='bbox 1241 5645 1594 5723; x_wconf 76' lang='lat' dir='ltr'><strong>punctorum</strong></span> <span class='ocrx_word' id='word_1_814' title='bbox 1611 5645 1981 5716; x_wconf 87' lang='lat' dir='ltr'><strong>appositione</strong></span> 
     </span>
    </p>
   </div>
   <div class='ocr_carea' id='block_1_106' title="bbox 313 5721 1459 5797">
    <p class='ocr_par' dir='ltr' id='par_1_106' title="bbox 313 5721 1459 5797">
     <span class='ocr_line' id='line_1_106' title="bbox 313 5721 1459 5797; baseline -0.003 -18"><span class='ocrx_word' id='word_1_815' title='bbox 313 5721 501 5783; x_wconf 82' lang='lat' dir='ltr'><strong>totam</strong></span> <span class='ocrx_word' id='word_1_816' title='bbox 522 5721 752 5797; x_wconf 81' lang='lat' dir='ltr'><strong>periodi</strong></span> <span class='ocrx_word' id='word_1_817' title='bbox 779 5722 999 5782; x_wconf 86' lang='lat' dir='ltr'><strong>seriem</strong></span> <span class='ocrx_word' id='word_1_818' title='bbox 1028 5721 1459 5794; x_wconf 78' lang='lat' dir='ltr'><strong>dissolverant.</strong></span> 
     </span>
    </p>
   </div>
   <div class='ocr_carea' id='block_1_107' title="bbox 2092 4635 3767 4710">
    <p class='ocr_par' dir='ltr' id='par_1_107' title="bbox 2092 4635 3767 4710">
     <span class='ocr_line' id='line_1_107' title="bbox 2092 4635 3767 4710; baseline -0.006 -13"><span class='ocrx_word' id='word_1_819' title='bbox 2092 4642 2298 4710; x_wconf 91' lang='lat' dir='ltr'><strong>Deum,</strong></span> <span class='ocrx_word' id='word_1_820' title='bbox 2351 4656 2483 4694; x_wconf 91' lang='lat' dir='ltr'><strong>cum</strong></span> <span class='ocrx_word' id='word_1_821' title='bbox 2528 4638 2898 4709; x_wconf 77' lang='lat' dir='ltr'><strong>depreceris;</strong></span> <span class='ocrx_word' id='word_1_822' title='bbox 2950 4643 3010 4691; x_wconf 90' lang='lat' dir='ltr'><strong>ut</strong></span> <span class='ocrx_word' id='word_1_823' title='bbox 3056 4635 3115 4690; x_wconf 84' lang='lat' dir='ltr'><strong>id</strong></span> <span class='ocrx_word' id='word_1_824' title='bbox 3165 4636 3322 4707; x_wconf 87' lang='lat' dir='ltr'><strong>quod</strong></span> <span class='ocrx_word' id='word_1_825' title='bbox 3375 4651 3541 4705; x_wconf 88' lang='lat' dir='ltr'><strong>oras,</strong></span> <span class='ocrx_word' id='word_1_826' title='bbox 3575 4650 3767 4689; x_wconf 87' lang='lat' dir='ltr'><strong>mores</strong></span> 
     </span>
    </p>
   </div>
   <div class='ocr_carea' id='block_1_108' title="bbox 2088 4723 3761 4802">
    <p class='ocr_par' dir='ltr' id='par_1_108' title="bbox 2088 4723 3761 4802">
     <span class='ocr_line' id='line_1_108' title="bbox 2088 4723 3761 4802; baseline -0.005 -17"><span class='ocrx_word' id='word_1_827' title='bbox 2088 4731 2171 4786; x_wconf 91' lang='lat' dir='ltr'><strong>tui</strong></span> <span class='ocrx_word' id='word_1_828' title='bbox 2222 4731 2560 4802; x_wconf 88' lang='lat' dir='ltr'><strong>loquantur,</strong></span> <span class='ocrx_word' id='word_1_829' title='bbox 2615 4727 2763 4782; x_wconf 83' lang='lat' dir='ltr'><strong>ﬁdes</strong></span> <span class='ocrx_word' id='word_1_830' title='bbox 2806 4726 3066 4797; x_wconf 78' lang='lat' dir='ltr'><strong>adjuvet,</strong></span> <span class='ocrx_word' id='word_1_831' title='bbox 3113 4740 3291 4795; x_wconf 87' lang='lat' dir='ltr'><strong>opera</strong></span> <span class='ocrx_word' id='word_1_832' title='bbox 3324 4723 3761 4779; x_wconf 86' lang='lat' dir='ltr'><strong>commendent.</strong></span> 
     </span>
    </p>
   </div>
   <div class='ocr_carea' id='block_1_109' title="bbox 2090 4811 3763 4887">
    <p class='ocr_par' dir='ltr' id='par_1_109' title="bbox 2090 4811 3763 4887">
     <span class='ocr_line' id='line_1_109' title="bbox 2090 4811 3763 4887; baseline -0.005 -13"><span class='ocrx_word' id='word_1_833' title='bbox 2090 4819 2356 4875; x_wconf 72' lang='lat' dir='ltr'><strong>Attende</strong></span> <span class='ocrx_word' id='word_1_834' title='bbox 2388 4816 2501 4872; x_wconf 90' lang='lat' dir='ltr'><strong>tibi</strong></span> <span class='ocrx_word' id='word_1_835' title='bbox 2528 4816 2684 4887; x_wconf 91' lang='lat' dir='ltr'><strong>quod</strong></span> <span class='ocrx_word' id='word_1_836' title='bbox 2717 4816 2849 4871; x_wconf 91' lang='lat' dir='ltr'><strong>dico</strong></span> <span class='ocrx_word' id='word_1_837' title='bbox 2878 4816 2984 4870; x_wconf 87' lang='lat' dir='ltr'><strong>tibi</strong></span> <span class='ocrx_word' id='word_1_838' title='bbox 3013 4815 3346 4885; x_wconf 90' lang='lat' dir='ltr'><strong>cuicunque</strong></span> <span class='ocrx_word' id='word_1_839' title='bbox 3374 4813 3606 4886; x_wconf 86' lang='lat' dir='ltr'><strong>virgini</strong></span> <span class='ocrx_word' id='word_1_840' title='bbox 3634 4811 3763 4881; x_wconf 82' lang='lat'><strong>(58).</strong></span> 
     </span>
    </p>
   </div>
   <div class='ocr_carea' id='block_1_110' title="bbox 2093 4902 3631 4979">
    <p class='ocr_par' dir='ltr' id='par_1_110' title="bbox 2093 4902 3631 4979">
     <span class='ocr_line' id='line_1_110' title="bbox 2093 4902 3631 4979; baseline -0.006 -15"><span class='ocrx_word' id='word_1_841' title='bbox 2093 4910 2240 4964; x_wconf 86' lang='lat' dir='ltr'><strong>Nam</strong></span> <span class='ocrx_word' id='word_1_842' title='bbox 2270 4908 2376 4963; x_wconf 88' lang='lat' dir='ltr'><strong>tibi</strong></span> <span class='ocrx_word' id='word_1_843' title='bbox 2406 4906 2519 4979; x_wconf 66' lang='lat' dir='ltr'><strong>pias</strong></span> <span class='ocrx_word' id='word_1_844' title='bbox 2550 4921 2669 4961; x_wconf 91' lang='lat' dir='ltr'><strong>non</strong></span> <span class='ocrx_word' id='word_1_845' title='bbox 2697 4905 2865 4961; x_wconf 89' lang='lat' dir='ltr'><strong>deest</strong></span> <span class='ocrx_word' id='word_1_846' title='bbox 2893 4902 3280 4959; x_wconf 89' lang='lat' dir='ltr'><strong>institutionis</strong></span> <span class='ocrx_word' id='word_1_847' title='bbox 3312 4902 3631 4974; x_wconf 89' lang='lat' dir='ltr'><strong>magistra.</strong></span> 
     </span>
    </p>
   </div>
   <div class='ocr_carea' id='block_1_111' title="bbox 2163 5046 3774 5124">
    <p class='ocr_par' dir='ltr' id='par_1_111' title="bbox 2163 5046 3774 5124">
     <span class='ocr_line' id='line_1_111' title="bbox 2163 5046 3774 5124; baseline -0.006 -18"><span class='ocrx_word' id='word_1_848' title='bbox 2163 5053 2276 5124; x_wconf 85' lang='lat'><strong>(55)</strong></span> <span class='ocrx_word' id='word_1_849' title='bbox 2313 5050 2531 5106; x_wconf 87' lang='lat' dir='ltr'><strong>Omnes</strong></span> <span class='ocrx_word' id='word_1_850' title='bbox 2561 5048 2721 5118; x_wconf 90' lang='lat' dir='ltr'><strong>edit.,</strong></span> <span class='ocrx_word' id='word_1_851' title='bbox 2768 5047 3066 5124; x_wconf 80' lang='lat' dir='ltr'><strong>Audistis,</strong></span> <span class='ocrx_word' id='word_1_852' title='bbox 3108 5046 3266 5124; x_wconf 61' lang='lat' dir='ltr'><strong>tiliae,</strong></span> <span class='ocrx_word' id='word_1_853' title='bbox 3312 5060 3623 5117; x_wconf 80' lang='lat' dir='ltr'><strong>pauperes</strong></span> <span class='ocrx_word' id='word_1_854' title='bbox 3675 5059 3774 5097; x_wconf 85' lang='lat' dir='ltr'><strong>vos</strong></span> 
     </span>
    </p>
   </div>
   <div class='ocr_carea' id='block_1_112' title="bbox 2100 5119 3280 5183">
    <p class='ocr_par' dir='ltr' id='par_1_112' title="bbox 2100 5119 3280 5183">
     <span class='ocr_line' id='line_1_112' title="bbox 2100 5119 3280 5183; baseline -0.007 -3"><span class='ocrx_word' id='word_1_855' title='bbox 2100 5119 2352 5183; x_wconf 65' lang='grc' dir='ltr'><strong>ιὀὲειιίε;</strong></span> <span class='ocrx_word' id='word_1_856' title='bbox 2385 5136 2591 5177; x_wconf 89' lang='lat' dir='ltr'><strong>omnes</strong></span> <span class='ocrx_word' id='word_1_857' title='bbox 2622 5136 2771 5175; x_wconf 89' lang='lat' dir='ltr'><strong>mss.</strong></span> <span class='ocrx_word' id='word_1_858' title='bbox 2804 5123 2868 5174; x_wconf 90' lang='lat' dir='ltr'><strong>ut</strong></span> <span class='ocrx_word' id='word_1_859' title='bbox 2896 5119 2955 5173; x_wconf 90' lang='lat' dir='ltr'><strong>in</strong></span> <span class='ocrx_word' id='word_1_860' title='bbox 2986 5121 3280 5173; x_wconf 83' lang='lat' dir='ltr'><strong>contextu.</strong></span> 
     </span>
    </p>
   </div>
   <div class='ocr_carea' id='block_1_113' title="bbox 2165 5185 3779 5266">
    <p class='ocr_par' dir='ltr' id='par_1_113' title="bbox 2165 5185 3779 5266">
     <span class='ocr_line' id='line_1_113' title="bbox 2165 5185 3779 5266; baseline -0.007 -16"><span class='ocrx_word' id='word_1_861' title='bbox 2165 5195 2276 5265; x_wconf 88' lang='lat'><strong>(56)</strong></span> <span class='ocrx_word' id='word_1_862' title='bbox 2318 5193 2468 5249; x_wconf 91' lang='lat' dir='ltr'><strong>Edit.</strong></span> <span class='ocrx_word' id='word_1_863' title='bbox 2502 5192 2802 5266; x_wconf 59' lang='lat' dir='ltr'><strong>nonnulla</strong></span> <span class='ocrx_word' id='word_1_864' title='bbox 2834 5190 3297 5266; x_wconf 62' lang='lat' dir='ltr'><strong>Paris.,__decora</strong></span> <span class='ocrx_word' id='word_1_865' title='bbox 3328 5188 3390 5241; x_wconf 89' lang='lat' dir='ltr'><strong>in</strong></span> <span class='ocrx_word' id='word_1_866' title='bbox 3434 5185 3779 5266; x_wconf 75' lang='lat' dir='ltr'><strong>hominibus</strong></span> 
     </span>
    </p>
   </div>
   <div class='ocr_carea' id='block_1_114' title="bbox 2094 5261 3773 5326">
    <p class='ocr_par' dir='ltr' id='par_1_114' title="bbox 2094 5261 3773 5326">
     <span class='ocr_line' id='line_1_114' title="bbox 2094 5261 3773 5326; baseline -0.008 -2"><span class='ocrx_word' id='word_1_867' title='bbox 2094 5261 2205 5324; x_wconf 83' lang='lat' dir='ltr'><strong>est.</strong></span> <span class='ocrx_word' id='word_1_868' title='bbox 2238 5261 2394 5320; x_wconf 80' lang='lat' dir='ltr'><strong>Infra</strong></span> <span class='ocrx_word' id='word_1_869' title='bbox 2424 5280 2566 5319; x_wconf 91' lang='lat' dir='ltr'><strong>vero</strong></span> <span class='ocrx_word' id='word_1_870' title='bbox 2598 5263 2699 5319; x_wconf 90' lang='lat' dir='ltr'><strong>ubi</strong></span> <span class='ocrx_word' id='word_1_871' title='bbox 2724 5277 2934 5318; x_wconf 89' lang='lat' dir='ltr'><strong>omnes</strong></span> <span class='ocrx_word' id='word_1_872' title='bbox 2964 5261 3101 5316; x_wconf 87' lang='lat' dir='ltr'><strong>edit.</strong></span> <span class='ocrx_word' id='word_1_873' title='bbox 3133 5277 3203 5315; x_wconf 91' lang='lat' dir='ltr'><strong>ac</strong></span> <span class='ocrx_word' id='word_1_874' title='bbox 3233 5261 3348 5314; x_wconf 88' lang='lat' dir='ltr'><strong>duo</strong></span> <span class='ocrx_word' id='word_1_875' title='bbox 3381 5274 3563 5326; x_wconf 88' lang='lat' dir='ltr'><strong>mss.,</strong></span> <span class='ocrx_word' id='word_1_876' title='bbox 3599 5264 3659 5312; x_wconf 88' lang='lat' dir='ltr'><strong>et</strong></span> <span class='ocrx_word' id='word_1_877' title='bbox 3687 5261 3773 5310; x_wconf 87' lang='lat' dir='ltr'><strong>si-</strong></span> 
     </span>
    </p>
   </div>
   <div class='ocr_carea' id='block_1_115' title="bbox 2090 5329 3771 5406">
    <p class='ocr_par' dir='ltr' id='par_1_115' title="bbox 2090 5329 3771 5406">
     <span class='ocr_line' id='line_1_115' title="bbox 2090 5329 3771 5406; baseline -0.008 -11"><span class='ocrx_word' id='word_1_878' title='bbox 2090 5337 2506 5395; x_wconf 87' lang='lat' dir='ltr'><strong>militudinem.</strong></span> <span class='ocrx_word' id='word_1_879' title='bbox 2542 5335 2609 5389; x_wconf 90' lang='lat' dir='ltr'><strong>lu</strong></span> <span class='ocrx_word' id='word_1_880' title='bbox 2640 5351 2749 5406; x_wconf 89' lang='lat' dir='ltr'><strong>quo</strong></span> <span class='ocrx_word' id='word_1_881' title='bbox 2777 5350 2933 5406; x_wconf 78' lang='lat' dir='ltr'><strong>enim</strong></span> <span class='ocrx_word' id='word_1_882' title='bbox 2965 5333 3040 5406; x_wconf 83' lang='lat' dir='ltr'><strong>ad</strong></span> <span class='ocrx_word' id='word_1_883' title='bbox 3068 5333 3383 5406; x_wconf 83' lang='lat' dir='ltr'><strong>imaginem</strong></span> <span class='ocrx_word' id='word_1_884' title='bbox 3409 5329 3531 5384; x_wconf 87' lang='lat' dir='ltr'><strong>Dei</strong></span> <span class='ocrx_word' id='word_1_885' title='bbox 3550 5343 3771 5406; x_wconf 77' lang='lat' dir='ltr'><strong>sumus.</strong></span> 
     </span>
    </p>
   </div>
   <div class='ocr_carea' id='block_1_116' title="bbox 2093 5399 3775 5477">
    <p class='ocr_par' dir='ltr' id='par_1_116' title="bbox 2093 5399 3775 5477">
     <span class='ocr_line' id='line_1_116' title="bbox 2093 5399 3775 5477; baseline -0.007 -11"><span class='ocrx_word' id='word_1_886' title='bbox 2093 5412 2211 5466; x_wconf 71' lang='lat' dir='ltr'><strong>nis:</strong></span> <span class='ocrx_word' id='word_1_887' title='bbox 2260 5426 2323 5463; x_wconf 87' lang='grc' dir='ltr'><strong>ιιι</strong></span> <span class='ocrx_word' id='word_1_888' title='bbox 2372 5408 2601 5477; x_wconf 67' lang='lat' dir='ltr'><strong>animae,</strong></span> <span class='ocrx_word' id='word_1_889' title='bbox 2649 5399 2792 5476; x_wconf 72' lang='lat' dir='ltr'><strong>etc.;</strong></span> <span class='ocrx_word' id='word_1_890' title='bbox 2831 5404 3047 5476; x_wconf 91' lang='lat' dir='ltr'><strong>reliqui</strong></span> <span class='ocrx_word' id='word_1_891' title='bbox 3078 5399 3222 5459; x_wconf 75' lang='lat' dir='ltr'><strong>mss.</strong></span> <span class='ocrx_word' id='word_1_892' title='bbox 3256 5403 3528 5459; x_wconf 84' lang='lat' dir='ltr'><strong>nostram</strong></span> <span class='ocrx_word' id='word_1_893' title='bbox 3558 5399 3775 5472; x_wconf 72' lang='lat' dir='ltr'><strong>praefe-</strong></span> 
     </span>
    </p>
   </div>
   <div class='ocr_carea' id='block_1_117' title="bbox 2091 5479 2590 5539">
    <p class='ocr_par' dir='ltr' id='par_1_117' title="bbox 2091 5479 2590 5539">
     <span class='ocr_line' id='line_1_117' title="bbox 2091 5479 2590 5539; baseline -0.014 0"><span class='ocrx_word' id='word_1_894' title='bbox 2091 5486 2228 5539; x_wconf 89' lang='lat' dir='ltr'><strong>runt</strong></span> <span class='ocrx_word' id='word_1_895' title='bbox 2259 5479 2590 5535; x_wconf 92' lang='lat' dir='ltr'><strong>lectionem.</strong></span> 
     </span>
    </p>
   </div>
   <div class='ocr_carea' id='block_1_118' title="bbox 2162 5542 3781 5625">
    <p class='ocr_par' dir='ltr' id='par_1_118' title="bbox 2162 5542 3781 5625">
     <span class='ocr_line' id='line_1_118' title="bbox 2162 5542 3781 5625; baseline -0.008 -17"><span class='ocrx_word' id='word_1_896' title='bbox 2162 5553 2274 5625; x_wconf 75' lang='grc'>(57)</span> <span class='ocrx_word' id='word_1_897' title='bbox 2313 5552 2461 5606; x_wconf 87' lang='lat' dir='ltr'><strong>Mss.</strong></span> <span class='ocrx_word' id='word_1_898' title='bbox 2495 5551 2765 5625; x_wconf 82' lang='lat' dir='ltr'><strong>quatuor,</strong></span> <span class='ocrx_word' id='word_1_899' title='bbox 2798 5547 2930 5605; x_wconf 84' lang='lat' dir='ltr'><strong>Non</strong></span> <span class='ocrx_word' id='word_1_900' title='bbox 2965 5564 3111 5601; x_wconf 88' lang='lat' dir='ltr'><strong>unus</strong></span> <span class='ocrx_word' id='word_1_901' title='bbox 3142 5547 3256 5601; x_wconf 91' lang='lat' dir='ltr'><strong>tibi</strong></span> <span class='ocrx_word' id='word_1_902' title='bbox 3284 5545 3433 5600; x_wconf 87' lang='lat' dir='ltr'><strong>dicit</strong></span> <span class='ocrx_word' id='word_1_903' title='bbox 3469 5564 3487 5599; x_wconf 91' lang='lat'><strong><em>:</em></strong></span> <span class='ocrx_word' id='word_1_904' title='bbox 3528 5542 3781 5614; x_wconf 87' lang='lat' dir='ltr'><strong>Tempus</strong></span> 
     </span>
    </p>
   </div>
   <div class='ocr_carea' id='block_1_119' title="bbox 2089 5622 3746 5693">
    <p class='ocr_par' dir='ltr' id='par_1_119' title="bbox 2089 5622 3746 5693">
     <span class='ocr_line' id='line_1_119' title="bbox 2089 5622 3746 5693; baseline 0.001 -11"><span class='ocrx_word' id='word_1_905' title='bbox 2089 5622 2291 5683; x_wconf 65' lang='lat' dir='ltr'><strong>aetatis</strong></span> <span class='ocrx_word' id='word_1_906' title='bbox 2322 5627 2414 5678; x_wconf 90' lang='lat' dir='ltr'><strong>est</strong></span> <span class='ocrx_word' id='word_1_907' title='bbox 2445 5622 2643 5693; x_wconf 82' lang='lat' dir='ltr'><strong>quasi,</strong></span> <span class='ocrx_word' id='word_1_908' title='bbox 2664 5625 2779 5693; x_wconf 85' lang='lat' dir='ltr'><strong>ctc.</strong></span> <span class='ocrx_word' id='word_1_909' title='bbox 2919 5691 2930 5693; x_wconf 75' lang='lat'><strong><em>_</em></strong></span> <span class='ocrx_word' id='word_1_910' title='bbox 2986 5691 3023 5693; x_wconf 34' lang='grc' dir='ltr'>μ</span> <span class='ocrx_word' id='word_1_911' title='bbox 3171 5690 3206 5693; x_wconf 90' lang='lat'>__</span> <span class='ocrx_word' id='word_1_912' title='bbox 3240 5690 3247 5693; x_wconf 21' lang='grc' dir='ltr'><strong>Α</strong></span> <span class='ocrx_word' id='word_1_913' title='bbox 3391 5688 3401 5693; x_wconf 88' lang='lat'>_</span> <span class='ocrx_word' id='word_1_914' title='bbox 3737 5683 3746 5693; x_wconf 81' lang='grc'><strong>,</strong></span> 
     </span>
    </p>
   </div>
   <div class='ocr_carea' id='block_1_120' title="bbox 2164 5688 3782 5770">
    <p class='ocr_par' dir='ltr' id='par_1_120' title="bbox 2164 5688 3782 5770">
     <span class='ocr_line' id='line_1_120' title="bbox 2164 5688 3782 5770; baseline -0.008 -18"><span class='ocrx_word' id='word_1_915' title='bbox 2164 5696 2281 5770; x_wconf 87' lang='grc'>(58)</span> <span class='ocrx_word' id='word_1_916' title='bbox 2321 5688 2546 5750; x_wconf 80' lang='lat' dir='ltr'><strong>Omnes</strong></span> <span class='ocrx_word' id='word_1_917' title='bbox 2579 5688 2743 5765; x_wconf 88' lang='lat' dir='ltr'><strong>edit.,</strong></span> <span class='ocrx_word' id='word_1_918' title='bbox 2779 5691 2932 5767; x_wconf 88' lang='lat' dir='ltr'><strong>quod</strong></span> <span class='ocrx_word' id='word_1_919' title='bbox 2960 5691 3100 5749; x_wconf 88' lang='lat' dir='ltr'><strong>dico</strong></span> <span class='ocrx_word' id='word_1_920' title='bbox 3131 5690 3268 5764; x_wconf 87' lang='lat' dir='ltr'><strong>tibi,</strong></span> <span class='ocrx_word' id='word_1_921' title='bbox 3309 5688 3643 5764; x_wconf 79' lang='lat' dir='ltr'><strong>cuicunque</strong></span> <span class='ocrx_word' id='word_1_922' title='bbox 3689 5688 3782 5740; x_wconf 84' lang='lat' dir='ltr'><strong>vir</strong></span> 
     </span>
    </p>
   </div>
  </div>
