4024 6176
1403 295 1973 362 EXHORTATIO
2008 296 2605 365 VIRGINITATIS.

3599 299 3723 375 374

347 500 430 556 71.
454 499 997 573 Attende,inquam,
1022 499 1193 572 virgo
1223 514 1416 554 sacrae
1432 496 1768 573 praesertim
1798 512 1936 569 pro-
1958 484 2243 557 momnis
2290 501 2467 558 homo
2517 503 2770 559 mendax
2813 503 3002 575 (Psal.
3054 522 3188 574 cxv,
3236 506 3345 576 11).
3395 505 3527 565 Noli
3560 523 3708 583 ergo

283 590 574 659 fessionis,
608 593 664 646 et
695 589 769 645 ab
800 589 958 644 omni
979 588 1357 644 irreverenti
1377 588 1566 643 oculis
1586 602 1752 642 cave.
1778 587 1861 641 Et
1877 587 1935 642 si
2042 589 2270 663 jurare,
2306 607 2379 647 ne
2409 591 2662 663 incipias
2693 593 2984 666 pejerare.

286 681 353 735 ad
372 686 590 753 tempus
604 679 980 751 praeterierit
1000 679 1167 750 quasi
1196 678 1407 747 viator,
1434 684 1628 731 tamen
1670 691 1736 731 os
1769 693 1936 731 suum

283 768 482 841 aperit,
527 774 583 823 et
613 767 689 822 ad
735 768 891 822 omni
920 783 1065 839 aqua
1096 767 1369 838 proxima
1410 764 1583 820 bibet
1617 765 1755 835 (59),
1786 768 1849 819 ut
1881 768 1934 819 te

285 857 520 912 inebriet
547 855 758 925 (Eccli.
794 872 956 925 xxvx,
1010 855 1075 909 14
1107 860 1164 909 et
1215 854 1386 928 seq.)‘.
1434 854 1649 909 Nullus
1693 853 1771 907 sit
1801 856 1938 908 tuus

285 948 403 1001 sine
418 948 597 999 matre
610 960 959 1016 processus,
977 960 1108 1015 quae
1128 944 1206 997 sit
1233 944 1408 998 anxia
1431 946 1637 998 custos
1661 941 1929 1013 pudoris.

285 1035 409 1106 lpsn
455 1050 688 1105 quoque
736 1034 810 1087 ad
859 1033 1190 1087 Ecclesium
1243 1032 1594 1106 progressio
1625 1033 1816 1087 rarior
1863 1031 1940 1085 sit

282 1122 756 1179 adolescentulis.
797 1120 1125 1177 Considera
1174 1124 1389 1193 quanta
1420 1121 1598 1176 fuerit
1626 1120 1829 1189 Maria,
1885 1122 1943 1174 et

286 1215 463 1267 tamen
504 1227 799 1284 nusquam
846 1210 1008 1281 alibi,
1044 1211 1159 1265 nisi
1213 1211 1274 1265 in
1306 1210 1580 1265 cubiculo
1625 1210 1937 1280 reperitur,

283 1317 404 1357 cum
458 1302 744 1372 qumritur
799 1300 960 1369 (Luc.
1021 1318 1059 1369 ι,
1121 1298 1233 1369 28).
1266 1300 1369 1353 Illa
1421 1302 1478 1354 te
1538 1299 1746 1354 doceat
1798 1297 1943 1370 quid

282 1390 563 1461 sequaris.
601 1388 893 1460 Angelum
923 1389 982 1442 in
1013 1388 1215 1459 specie
1249 1388 1359 1443 viri
1391 1387 1560 1458 vidit,
1593 1389 1650 1442 et
1689 1387 1942 1458 pavebat

280 1478 465 1546 cci-de,
499 1477 993 1549 peregrinabatur
1024 1480 1289 1547 aspectu.
1331 1477 1502 1532 Unde
1538 1476 1682 1531 dicit
1709 1476 1782 1530 ad
1814 1491 1944 1531 eam

278 1567 557 1639 angelus:
591 1566 685 1621 Nc
712 1567 942 1635 timeas,
989 1566 1187 1620 Maria
1210 1565 1389 1637 (lbid.
1432 1565 1544 1636 30).
1581 1565 1765 1620 Docet
1794 1564 1943 1619 soli-

280 1659 334 1710 tu
364 1656 474 1725 (60)
506 1655 964 1711 verecundiam:
999 1658 1055 1710 et
1085 1654 1463 1727 gymnasium
1482 1654 1729 1725 pudoris
1746 1668 1945 1709 secre-

280 1747 392 1798 tum
422 1747 533 1799 est.

336 1831 421 1887 Η.
479 1831 633 1898 Quid
661 1833 819 1887 enim
875 1832 982 1887 tibi
1013 1848 1164 1903 opus
1223 1835 1316 1887 est
1346 1831 1442 1887 vel
1503 1831 1578 1886 ad
1600 1826 1932 1902 proximam

276 1920 441 1976 facile
490 1922 777 1978 accedere
798 1923 827 1977 ξ)
857 1921 983 1978 Pes
1011 1922 1169 1977 enim
1198 1920 1353 1976 fatui
1383 1921 1446 1975 in
1475 1919 1678 1976 facilis
1708 1920 1938 1976 domum

273 2011 529 2083 proximi
540 2028 556 2063 :
586 2011 684 2084 qui
695 2016 888 2066 autem
900 2012 1142 2083 sapiens
1154 2016 1266 2080 est,
1283 2009 1941 2080 verecundatnr(Eccli.

277 2117 392 2168 χιιι,
415 2100 527 2171 25).
553 2101 695 2155 Inde
718 2103 1047 2155 nascuntur
1077 2099 1316 2171 fabula,
1348 2100 1421 2155 de
1450 2100 1669 2171 quibus
1698 2098 1945 2171 pulchre

274 2188 605 2244 admoneris
648 2193 711 2245 ut
742 2205 977 2259 caveas,
1027 2204 1162 2243 cum
1213 2189 1356 2243 dicit
1384 2188 1476 2243 vir
1505 2188 1613 2243 tibi
1662 2187 1940 2259 sapiens:

282 2277 416 2343 Quis
433 2277 605 2332 dabit
623 2277 957 2349 disciplinae
970 2293 1114 2333 mem
1127 2278 1473 2348 custodiam,
1508 2281 1759 2349 etsupra
1777 2275 1935 2331 labia

276 2392 392 2431 mea
418 2367 569 2432 297
601 2374 965 2446 signaculum
1006 2379 1270 2439 certum,-
1320 2390 1395 2430 ne
1433 2373 1636 2429 cadam
1694 2373 1768 2427 ab
1819 2370 1946 2427 illis

279 2466 404 2535 (61),
430 2470 489 2520 et
531 2464 736 2535 lingua
773 2479 901 2517 mea
934 2464 1151 2536 perdat
1180 2479 1274 2518 me
1303 2462 1523 2534 (Eccli.
1558 2480 1705 2529 χχιι,
1739 2461 1851 2532 83).
1882 2460 1945 2515 Si

278 2553 458 2608 virilis
488 2568 681 2609 sexus
704 2551 953 2624 jubetur
979 2554 1175 2607 tacere
1207 2567 1404 2606 coram
1434 2551 1777 2606 senioribus
1808 2549 1947 2620 (Ec-

280 2641 372 2697 cli.
413 2660 497 2712 x1,
520 2641 601 2712 8),
642 2657 817 2713 quam
852 2641 1197 2696 indecorum
1233 2644 1327 2696 est
1366 2640 1632 2713 virgines
1671 2640 1856 2711 loqui,
1890 2641 1947 2694 et

274 2732 465 2786 varios
496 2746 704 2786 serere
736 2746 1047 2786 sermones
1075 2728 1087 2785 l

342 2821 429 2875 '73.
454 2820 603 2875 Esto
644 2823 707 2874 ut
739 2821 998 2890 imperes
1022 2819 1125 2874 tibi
1161 2819 1496 2889 silentium;
1531 2818 1813 2889 numquid
1843 2832 1945 2888 po-

280 2914 368 2965 tes
422 2910 564 2964 aliis
595 2909 905 2980 imperare,
967 2924 1039 2963 ne
1087 2908 1340 2964 audias?
1396 2908 1600 2963 Potest
1642 2908 1778 2980 quis
1835 2905 1945 2960 ali-

280 2999 507 3070 quando
542 2998 749 3054 frenos
799 2999 889 3053 ori
920 3013 1031 3053 suo
1063 2997 1385 3070 imponere,
1435 3000 1493 3053 et
1530 2996 1733 3052 verbis
1763 2998 1946 3051 state-

279 3105 395 3143 ram
419 3105 435 3159 ;
459 3088 713 3143 auribus
743 3103 862 3142 non
890 3089 1104 3158 potest.
1131 3087 1322 3158 Loqui
1356 3086 1514 3142 enim
1543 3086 1604 3140 in
1625 3085 1800 3142 nobis
1831 3085 1942 3151 est,

276 3178 471 3232 audire
504 3192 587 3232 ex
615 3176 804 3231 aliena
834 3176 1049 3246 pendet
1079 3178 1369 3247 potestate
1394 3191 1409 3245 ;
1455 3190 1619 3247 saepe
1648 3173 1808 3230 enim
1836 3190 1947 3228 au-

280 3266 468 3323 dimus
498 3267 663 3339 quod
694 3266 993 3321 nolumus.

919 3390 1173 3446 CAPUT
1204 3391 1304 3445 XI.

277 3515 473 3589 Jungit
500 3532 656 3571 nova
686 3515 907 3589 monita
938 3514 1373 3589 superioribus,
1391 3529 1597 3586 nempe
1612 3518 1672 3568 ut
1690 3513 1948 3586 jurandi

343 3586 700 3643 facilitatem
738 3588 946 3656 vitent,
980 3586 1209 3641 laetitiae
1239 3586 1539 3658 lacrymas
1555 3590 1946 3658 anteponant:

347 3676 377 3714 a
405 3661 565 3727 risu,
593 3674 709 3731 per
740 3674 907 3730 quem
956 3658 1273 3731 Synagoga
1300 3657 1535 3731 pe’riit,_
1562 3657 1905 3731 abstineant
1930 3675 1947 3709 :

342 3733 491 3785 iram
530 3728 884 3801 temperent,
920 3728 1017 3782 sin
1047 3728 1247 3801 minus
1275 3728 1401 3782 eam
1439 3728 1671 3801 valeant
1695 3728 1944 3801 penitus

345 3799 740 3872 exstinguere
765 3820 782 3853 :
808 3804 1111 3872 postremo
1140 3800 1196 3853 si
1214 3800 1443 3869 justum
1490 3799 1634 3855 istic
1664 3799 1941 3854 modera-

346 3889 476 3928 men
514 3871 629 3926 nbn
662 3871 990 3926 tenuerint:
1020 3877 1504 3943 compungantur.

342 3997 429 4052 ⁵74.
461 3996 618 4062 Quid
667 3995 881 4050 deinde
912 3995 1070 4050 aliud
1118 4011 1229 4051 nos
1280 3995 1585 4066 Scriptura
1632 3996 1945 4051 admoneat

279 4086 747 4142 consideremus.
782 4084 915 4140 Non
938 4084 1259 4157 jurandum
1286 4084 1459 4140 facile
1489 4084 1703 4156 (Eccli.
1734 4102 1946 4154 xxxiii,

285 4174 357 4245 9),
389 4177 487 4248 qui
546 4175 891 4247 plerumque
943 4175 1110 4229 multi
1155 4190 1337 4229 casus
1385 4175 1678 4244 accidunt,
1726 4177 1787 4229 ut
1832 4190 1951 4229 non

283 4266 587 4333 possimus
636 4264 881 4335 implere
923 4264 1081 4336 quod
1122 4262 1549 4335 juraverimus.
1600 4262 1710 4329 Qui
1757 4266 1951 4319 autem

286 4367 397 4407 non
420 4353 606 4425 jurat,
653 4354 857 4424 utique
905 4369 1023 4408 non
1070 4357 1348 4426 pegerat:
1402 4353 1503 4425 qui
1532 4356 1725 4408 autem
1765 4352 1945 4425 jurat,

287 4441 595 4514 aliquando
627 4457 879 4497 necesse
927 4446 1019 4497 est
1047 4443 1266 4498 incidat
1308 4444 1370 4497 in
1413 4441 1780 4514 perjurium;
1814 4442 1950 4514 quia

2118 699 2205 753 75.
2250 699 2338 754 Ne
2394 700 2585 771 ipsam
2642 701 2878 772 quidem
2933 703 3273 760 liberiorem
3331 705 3593 761 laetitiam
3650 706 3713 762 in

2049 787 2385 860 virginibus
2432 789 2602 843 decet
2648 806 2809 846 esse.
2860 791 3004 856 Quae
3036 794 3088 847 si
3137 809 3254 848 non
3285 793 3503 850 habent
3552 795 3720 868 quod

2048 877 2243 947 fleant,
2260 877 2435 932 fleant
2448 878 2734 933 saeculum
2746 879 2881 951 (62),
2898 881 3072 936 ﬂeant
3084 882 3289 953 lapsus
3302 886 3673 953 peccantium
3698 900 3715 955 ;

2050 966 2263 1021 etenim
2294 983 2428 1038 quae
2457 967 2705 1022 aliorum
2752 969 2959 1039 lapsus
2990 970 3237 1039 fleverit,
3278 988 3424 1027 suos
3455 974 3709 1029 cavebit.

2050 1055 2253 1109 Fleant
2300 1060 2601 1126 postremo
2660 1057 2755 1112 vel
2806 1058 2904 1113 illa
2956 1060 3467 1131 contemplatione,
3503 1066 3566 1117 ut
3619 1063 3719 1118 hic

2051 1145 2282 1214 flentes,
2313 1145 2435 1200 illic
2465 1146 2754 1218 accipiant
2783 1149 3285 1220 consolationem;
3331 1167 3405 1206 ne
3435 1151 3591 1207 sicut
3622 1152 3717 1206 di-

2050 1249 2158 1288 ves
2186 1234 2283 1289 ille
2314 1234 2415 1306 qui
2445 1235 2541 1290 hic
2570 1236 2902 1292 luxuriatus
2944 1241 3055 1308 est,
3088 1238 3209 1293 illic
3251 1254 3460 1310 pmnas
3492 1256 3713 1312 graves

2052 1322 2255 1378 subire
2288 1323 2515 1379 Domini
2565 1326 2897 1382 declaratur
2935 1328 3196 1397 oraculo,
3249 1332 3307 1384 et
3352 1333 3417 1384 tu
3461 1329 3710 1385 audias:

2053 1411 2362 1484 Recepisti
2390 1414 2541 1469 bona
2571 1416 2634 1469 in
2672 1417 2791 1470 vita
2824 1423 2918 1471 tua
2950 1417 3113 1489 (Luc.
3166 1435 3289 1487 xvx,
3322 1418 3434 1489 35).
3488 1417 3717 1485 Quanto

2052 1500 2281 1556 beatior
2309 1504 2567 1559 Lazarus
2599 1506 2700 1576 qui
2731 1505 2827 1560 hic
2858 1507 3035 1576 flevit,
3060 1510 3117 1562 et
3138 1506 3257 1562 illic
3296 1508 3588 1579 exsultat;
3621 1508 3721 1564 hic

2055 1591 2322 1660 esurivit,
2356 1596 2414 1647 et
2436 1593 2556 1648 illic
2588 1594 2893 1665 epulatur!
2928 1596 2990 1651 Si
3019 1597 3113 1651 vis
3146 1612 3291 1669 ergo
3322 1600 3380 1652 et
3407 1600 3470 1652 tu
3499 1598 3721 1654 bonam

2054 1679 2313 1735 laetitiam
2344 1683 2536 1754 sequi,
2572 1684 2935 1739 demonstrat
2978 1686 3084 1740 tibi
3115 1685 3516 1742 Ecclesiastes
3566 1687 3720 1744 liber

2056 1784 2230 1840 quam
2271 1772 2441 1843 sequi
2489 1772 2731 1843 debeas,
2790 1774 2893 1846 qui
2946 1775 3061 1830 ait:
3121 1774 3285 1835 Veni,
3333 1776 3619 1831 manduca
3656 1778 3721 1833 in

1977 1868 2030 1933 Β
2057 1858 2264 1914 laetitia
2290 1877 2501 1932 panem
2534 1868 2731 1927 tuum;
2762 1864 3029 1935 quoniam
3055 1862 3185 1937 jam
3211 1863 3565 1937 placuerunt
3595 1865 3724 1921 Deo

2056 1947 2212 2002 facta
2245 1956 2341 2003 tua
2374 1951 2597 2019 (Eccle.
2630 1968 2710 2022 ix,
2743 1952 2820 2021 7).

2128 2054 2215 2110 76.
2242 2056 2391 2121 Quid
2411 2060 2606 2112 autem
2642 2058 2800 2114 idem
2841 2058 3245 2116 Ecclesiastes
3285 2062 3581 2117 monuerit
3608 2078 3723 2118 nos

2059 2160 2266 2200 omnes
2296 2146 2368 2200 de
2413 2146 2898 2203 immoderatione
2949 2149 3199 2219 ridendi,
3244 2151 3720 2222 consideremus,

2058 2232 2227 2289 Sicut
2252 2251 2378 2299 vox,
2401 2236 2606 2307 inquit,
2628 2237 2931 2308 spinarum
2952 2238 3062 2292 sub
3083 2238 3216 2306 olla,
3254 2240 3339 2293 ita
3370 2239 3535 2295 risus
3567 2241 3723 2295 stul-

2059 2329 2249 2378 torum
2292 2324 2516 2394 (Ecclc.
2550 2314 2669 2396 vu,
2702 2324 2782 2396 '7).
2815 2325 3040 2398 Nempe
3091 2328 3280 2398 spinte
3331 2344 3464 2383 cum
3491 2329 3720 2401 ardent,

2058 2417 2290 2484 sonant,
2333 2417 2390 2469 et
2438 2415 2551 2471 cito
2600 2420 2966 2485 exuruntur;
3015 2419 3077 2470 ut
3125 2417 3326 2473 nullus
3377 2417 3595 2473 caloris
3643 2419 3723 2475 sit

2057 2502 2323 2559 effectus.
2360 2504 2527 2559 Unde
2558 2505 2611 2560 ei
2650 2505 2877 2560 Judmis
2908 2505 3127 2560 dictum
3157 2509 3287 2561 est:
3337 2506 3725 2562 Exarserunt

2057 2594 2211 2648 sicut
2242 2594 2405 2666 ignis
2433 2595 2495 2647 in
2523 2594 2716 2665 spinis
2747 2593 2936 2663 (Psal.
2971 2611 3151 2665 cxvii,
3188 2593 3296 2665 12).
3332 2595 3543 2651 Exusti
3566 2598 3723 2652 enim

2059 2698 2169 2737 suo
2193 2683 2340 2750 risu,
2366 2684 2806 2755 conflagrarunt
2827 2683 2886 2737 in
2910 2682 3143 2738 Domini
3163 2684 3465 2755 passione,
3487 2687 3723 2757 quando

2058 2772 2118 2827 in
2173 2772 2383 2827 animae
2441 2788 2568 2828 suae
2602 2771 2958 2844 jocabantur
3001 2773 3362 2844 incendium,
3415 2775 3722 2832 dicentes:

2059 2861 2343 2933 Speravit
2374 2862 2437 2916 in
2481 2861 2747 2932 Domino,
2796 2863 3013 2934 eripiat
3060 2879 3221 2929 eum;
3267 2863 3494 2919 salvum
3540 2864 3728 2920 faciat

2061 2967 2208 3016 eum,
2229 2950 2494 3025 quoniam
2524 2950 2641 3005 vult
2664 2967 2792 3007 eum
2827 2951 3016 3021 (Psal.
3043 2970 3164 3024 xxx,
3179 2953 3256 3024 9).
3290 2952 3364 3008 Et
3387 2953 3726 3009 deridentes

2057 3040 2467 3112 percutiebant
2488 3040 2711 3095 calamo
2739 3044 2914 3112 caput
2944 3041 3099 3113 ejus,
3131 3046 3187 3099 et
3219 3043 3499 3118 quoniam
3529 3043 3727 3115 spinis

2061 3145 2197 3185 eum
2230 3129 2591 3186 coronabant
2619 3128 2751 3201 (63),
2784 3133 2958 3202 atque
3007 3134 3237 3187 acetum
3267 3132 3322 3187 ei
3357 3134 3420 3186 ut
3470 3132 3723 3199 biberet,

1986 3234 2038 3301 ο
2062 3217 2387 3276 offerebant
2415 3218 2627 3282 (Marc.
2663 3236 2761 3289 xv,
2801 3219 2867 3273 1⁵7
2900 3226 2957 3274 ct
2996 3221 3187 3294 seq);
3220 3221 3316 3276 ille
3346 3220 3511 3276 risus
3543 3221 3729 3292 Syna-

2060 3325 2279 3382 gogam
2301 3307 2559 3363 incendit
2579 3308 2637 3363 in
2656 3312 2962 3363 internum.
2986 3308 3084 3364 Sic
3107 3325 3252 3383 ergo
3275 3313 3366 3387 est
3387 3310 3550 3367 risus
3574 3310 3730 3365 stul-

2060 3400 2273 3468 torum,
2295 3398 2397 3469 qui
2432 3397 2561 3452 sine
2597 3399 2785 3470 gratia
2820 3402 3010 3468 sonat,
3037 3401 3093 3453 et
3114 3398 3287 3453 ollam
3326 3398 3417 3453 sui
3454 3399 3726 3470 corporis

2060 3489 2197 3544 urit.
2222 3487 2428 3543 Merito
2468 3487 2722 3559 negabat
2742 3487 2887 3542 Sara
2925 3486 3060 3559 quia
3101 3489 3315 3543 riserat
3335 3488 3511 3560 (Gen.
3558 3505 3727 3559 xvm,

2064 3578 2170 3647 15),
2209 3592 2281 3631 ne
2312 3577 2614 3631 videretur
2641 3577 2888 3632 ridendo
2928 3577 3000 3632 de
3048 3575 3261 3633 effectu
3294 3578 3732 3649 promissorum

2063 3666 2370 3721 dubitasse
2415 3665 2782 3720 caelestium:
2833 3669 2889 3721 et
2920 3668 3115 3722 tamen
3162 3667 3260 3722 ille
3306 3668 3469 3722 risus
3512 3667 3728 3738 plenus

2062 3764 2370 3839 gravitatis
2403 3764 2669 3819 fueratet
2697 3764 2962 3835 pudoris,
2998 3758 3147 3824 298
3176 3784 3314 3840 qum
3364 3784 3535 3828 nemo
3576 3769 3730 3827 alius

2061 3855 2254 3923 testis,
2287 3853 2403 3908 nisi
2436 3853 2595 3909 Deus
2626 3854 2794 3909 solus
2835 3861 3247 3930 cognosceret,
3288 3876 3463 3931 quem
3495 3861 3728 3922 occulta

2062 3960 2181 3999 non
2213 3943 2439 3997 fallunt.

2132 4031 2425 4097 TLQuam
2460 4030 2772 4102 pulchrum
2807 4035 2863 4088 et
2897 4032 3080 4090 illud!
3130 4036 3274 4092 Noli
3311 4037 3610 4096 festinare
3658 4041 3723 4097 in

2062 4123 2281 4196 spiritu
2332 4126 2427 4175 tuo
2471 4121 2656 4176 irasci
2678 4116 2711 4188 ,5
2730 4122 2862 4195 quia
2892 4122 2985 4197 ira
3016 4126 3078 4179 in
3107 4126 3243 4181 sinu
3273 4129 3588 4186 stultorum
3618 4147 3728 4185 re-

2063 4209 2554 4284 quiescit(Eccle.
2578 4228 2680 4281 vn,
2704 4209 2813 4283 10),
2837 4210 2951 4266 hoc
2969 4216 3096 4270 est:
3133 4217 3244 4271 etsi
3277 4233 3457 4273 causa
3488 4218 3566 4276 sit
3596 4235 3731 4291 quae

2061 4302 2295 4355 moveat
2315 4299 2798 4372 indignationem,
2819 4318 2937 4357 non
2969 4304 3046 4357 sit
3069 4303 3283 4360 festina
3321 4306 3580 4362 vindicta
3605 4323 3620 4377 ;
3650 4320 3749 4362 ne'

2061 4389 2504 4445 immoderatius
2552 4389 2714 4444 calor
2758 4389 3184 4464 indignationis
3238 4396 3548 4450 exaestuet.
3592 4395 3728 4452 Non

2132 4533 2247 4607 (59)
2270 4533 2404 4607 Non
2423 4533 2600 4607 pauci
2632 4548 2783 4589 mss.
2812 4550 2960 4606 aqua
2985 4537 3261 4607 proxima
3295 4537 3439 4592 bibe
3459 4555 3479 4601 ,ο
3511 4537 3727 4593 melius

284 4584 405 4677 git};
422 4584 1409 4677 Ifggqiijgfl[1188'-‘f'§f11u§ljilfg
1419 4585 1561 4677 p113
1572 4583 1952 4677 ξθιξξιιξ-ῥιξςς
1983 4606 2034 4667 ι)
2060 4583 3726 4677 alii;'I..‘biiieifxvéiié'alii'éﬁx"q1i§£iﬁni'"s'oiiiﬁiiihié

287 4659 408 4709 tura
438 4656 906 4727 praetermittunt.
950 4656 1166 4727 lterum
1199 4656 1303 4711 ubi
1344 4660 1457 4711 vet.
1494 4657 1631 4711 edit.
1665 4660 1720 4711 et
1752 4657 1949 4711 cuncti

289 4726 453 4796 mss.,
478 4729 823 4799 praesertim
838 4726 1260 4798 professionis,
1299 4730 1467 4783 Rom.
1502 4728 1640 4782 edit.
1673 4729 1943 4798 reposuit

283 4798 616 4871 praesertim
632 4798 1019 4871 professioni.
1055 4799 1187 4871 Non
1218 4799 1407 4868 belle;
1441 4814 1633 4871 neque
1663 4800 1819 4854 enim
1850 4814 1945 4871 re-

291 4867 467 4922 fertur
492 4870 565 4923 ad
597 4867 842 4923 verbum
875 4870 1136 4934 attende,
1173 4871 1280 4925 sed
1322 4867 1513 4925 sacrm
1537 4867 1812 4942 virgines
1846 4870 1943 4925 hic

292 4944 655 5014 opponuntur
683 4941 1020 5011 virginibus
1052 4942 1186 4997 aliis
1216 4942 1288 4997 de
1306 4943 1524 5014 quibus
1557 4941 1737 5014 Paulo
1768 4957 1944 5014 supe-

290 5010 427 5083 rius.
448 5012 713 5082 Denique
734 5010 840 5082 pro
863 5028 933 5067 eo
954 5013 1113 5083 quod
1135 5010 1385 5069 habetur
1406 5014 1466 5067 in
1492 5013 1769 5068 omnibus
1800 5010 1938 5067 edit.

291 5080 358 5134 ab
378 5080 635 5137 hominis
662 5080 1087 5153 irreverentis,
1123 5101 1270 5139 mss.
1306 5085 1443 5151 duo,
1490 5084 1565 5140 ab
1597 5085 1753 5140 omni
1780 5085 1942 5138 irre-

297 5154 581 5222 verentia,
611 5154 710 5208 alii
740 5155 999 5223 totidem,
1034 5156 1109 5209 ab
1139 5157 1329 5211 omnis
1349 5157 1787 5220 irreverentis;
1820 5155 1950 5209 relio

297 5223 735 5293 quitandem,ab
747 5226 904 5280 omni
914 5228 1044 5280 irre
1058 5227 1309 5282 verenti.
1325 5228 1535 5282 Totum
1546 5230 1738 5282 autem
1752 5227 1948 5281 locum

294 5300 351 5378 i_n
376 5302 583 5359 Graeco
638 5305 913 5359 idiomate
974 5306 1063 5360 sic
1116 5306 1426 5378 legimus:
1474 5306 1672 5363 Ὀπίσω
1715 5300 1947 5366 ἀναιδοῦς

295 5369 532 5459 ᾇφθαλμαῦ
571 5382 809 5459 φύλαξαι,
854 5387 942 5436 καί
974 5385 1042 5456 μὴ
1084 5369 1345 5457 Oenopion;
1386 5386 1472 5439 ἐὰν
1512 5386 1582 5447 εἰς
1623 5396 1681 5448 σὲ
1719 5384 1943 5459 «lamu-

293 5455 408 5539 lirvrfi
434 5477 447 5523 ;
511 5455 585 5523 di:
615 5458 775 5534 διψῶν
816 5455 1073 5537 iidem-ope;
1112 5455 1188 5516 τὸ-
1220 5462 1385 5538 στόμα
1428 5467 1655 5529 ἀνθίνην
1686 5468 1781 5519 καὶ,
1811 5455 1944 5517 rain-ii

504 5538 683 5603 ὕδατος
722 5546 813 5596 τοῦ
853 5545 1092 5616 σύνεγγυς
1132 5545 1328 5608 πίεται,
1377 5562 1486 5601 nec
1516 5547 1588 5601 ab
1619 5562 1690 5602 eo
1719 5546 1946 5601 recedit

298 5609 780 5688 V_ulgat_a_versio.
815 5616 884 5670 Et
914 5609 1051 5670 hinc
1083 5621 1277 5688 potest
1302 5618 1359 5671 id
1392 5619 1749 5685 confirmari,
1785 5618 1943 5688 quod

298 5680 499 5738 alicubi
522 5685 644 5757 jam
674 5688 1030 5757 monuimus,
1068 5680 1446 5744 Ambrosium
1476 5705 1649 5745 sacro
1682 5680 1885 5746 codice
1908 5705 1941 5743 a

302 5757 510 5812 nostris
540 5759 693 5814 haud
720 5759 960 5830 paulum
980 5760 1225 5815 diverso
1252 5776 1428 5818 usum
1457 5776 1618 5817 esse.

2060 4691 2320 4752 amorem
2353 4679 2596 4752 sanctus
2628 4675 2835 4752 doctor
2866 4675 3129 4752 exigatia
3158 4678 3515 4752 virginibus,
3549 4697 3730 4752 quan-

2060 4746 2585 4825 do-quidemipsis
2618 4746 2791 4825 etiam
2821 4746 3108 4802 crebriori
3140 4746 3414 4805 ecclesiae
3446 4746 3725 4825 frequen-

2058 4817 2277 4873 tatione
2306 4817 2431 4872 vult
2457 4817 2850 4872 interdictum.

2132 4889 2245 4958 (60)
2292 4889 2373 4943 Ita
2419 4903 2565 4964 mss.
2599 4903 2808 4964 clunes
2856 4889 3090 4964 duobus
3122 4894 3433 4964 exceptis:
3486 4894 3549 4950 hi
3580 4912 3724 4953 vero

2061 4959 2591 5037 cunctaeque_edi_t_.,
2616 4959 2800 5037 Decet
2822 4960 3094 5037 solitudo.
3118 4959 3310 5020 Minus
3336 4967 3644 5037 concinne,
3665 4972 3725 5023 ut

2060 5029 2479 5109 satisostendit
2588 5031 2745 5102 quod
2781 5031 3145 5109 sequitur,_et
3179 5039 3570 5109 gymnasium,
3607 5029 3722 5094 etc.

2130 5102 2245 5172 (6t)
2265 5103 2433 5156 Rom.
2459 5101 2619 5170 edit.,
2647 5117 2720 5156 ne
2737 5101 2940 5158 cadam
2963 5104 3037 5159 ab
3059 5101 3202 5170 illa:
3221 5101 3534 5180 disciplina
3555 5101 3723 5166 scili-

2059 5186 2150 5237 cet
2175 5198 2189 5251 ;
2223 5198 2340 5236 non
2370 5196 2552 5236 secus
2580 5196 2649 5237 ac
2679 5184 2834 5253 apud
2865 5185 3042 5255 LXX,
3069 5184 3150 5238 ἵνα
3171 5189 3241 5259 μὴ
3258 5188 3398 5241 πέσω
3421 5190 3510 5244 ἀπ’
3541 5190 3718 5254 «urbe,

2057 5261 2313 5341 refertur
2342 5261 2414 5315 ad
2445 5261 2814 5341 superiorem
2844 5280 3052 5341 vocem
3094 5264 3312 5339 φυλακήν
3339 5280 3351 5321 :
3399 5274 3457 5341 at
3478 5270 3724 5341 reliquae

2058 5332 2195 5413 edit.
2228 5348 2361 5413 opm
2393 5348 2538 5413 mss.
2574 5334 2872 5413 omnibus,
2904 5332 3122 5413 quibus
3154 5341 3336 5413 etiam
3350 5340 3558 5413 (Vulg,
3590 5332 3723 5394 ver-

2057 5404 2150 5480 _sio
2173 5402 2657 5480 suffragatur,__ne
2688 5402 2894 5480 cadam
2921 5402 3173 5480 abillis,
3223 5410 3397 5466 labiis
3420 5402 3717 5480 nimirum,

2057 5474 2173 5547 hoc
2200 5479 2311 5547 est,
2345 5474 2417 5529 ne
2447 5475 2520 5529 ab
2551 5475 2669 5530 illis
2690 5477 2970 5547 impellar
2999 5479 3059 5534 in
3091 5474 3340 5536 ruinam.

2127 5546 2240 5621 (βὲ)
2272 5546 2484 5601 Fleant
2514 5546 2808 5621 sreculum,
2856 5550 3057 5604 aberat
3104 5552 3177 5607 ab
3229 5552 3503 5606 omnibus
3553 5550 3716 5621 edit.,

2058 5618 2165 5671 sed
2200 5621 2422 5692 nostrae
2452 5634 2527 5672 ex
2557 5620 2834 5692 omnibus
2866 5622 3106 5692 scriptis
3140 5623 3293 5692 cod.,
3335 5623 3391 5675 si
3421 5622 3572 5677 duos
3597 5618 3721 5676 tan-'-

2057 5693 2179 5744 tum
2209 5690 2496 5760 excipias,
2532 5689 2793 5744 additum
2822 5694 2933 5747 est.

2128 5760 2253 5837 (63),
2272 5761 2418 5820 Mss.
2450 5760 2692 5838 aliquot,
2725 5766 2786 5819 et
2815 5762 2891 5819 de
2920 5763 3113 5837 spinis
3141 5763 3524 5826 coronabant.
