4024 6176
217 329 291 392 377
1308 331 1865 402 EXHORTATIO
1915 335 2511 406 VIRGINITATIS.

3473 345 3592 414 378

199 544 281 600 με
294 529 564 620 propria?
588 528 913 596 Quolocoin
934 548 1058 588 eam
1073 549 1199 588 rem
1222 532 1534 606 Susannee,
1554 535 1817 608 Josepbi,
1849 524 1903 586 Α
2003 539 2255 607 89.Quid
2286 542 2545 599 enimvis
2576 545 2736 617 loqui
2766 547 2794 602 ?
2827 547 3065 604 Vereris
3096 565 3189 620 ne,
3242 552 3296 606 te
3332 551 3582 606 tacente.

196 616 425 672 Danielis
437 625 496 672 et
522 619 654 674 Jobi
671 620 938 692 exempla
961 622 1335 678 referuntur.

247 724 322 778 84.
345 724 581 780 Servate
611 730 668 781 et
698 744 808 783 vos
839 728 993 783 hanc
1022 729 1363 801 imaginem,
1399 727 1558 799 filiae,
1584 731 1818 786 servate

190 813 467 883 scripturae
499 820 788 886 praecepta
819 817 1074 888 divinae;
1117 819 1191 874 Ut
1236 835 1405 874 omne
1426 821 1573 883 300
1608 836 1691 890 os,
1727 821 1820 875 in-

188 903 306 972 quit,
337 903 884 976 obstruaturlRom.
920 924 1001 977 ιιι,
1053 908 1142 978 19)
1166 908 1460 980 Scriptum
1491 912 1583 964 est
1613 910 1768 963 enim
1803 922 1817 964 :

186 991 380 1046 Beatus
399 993 564 1048 homo
589 1011 752 1067 quem
777 1001 836 1050 tu
872 997 1196 1067 erudieris,
1215 998 1482 1063 Domine,
1513 1005 1570 1052 et
1591 998 1668 1052 de
1687 997 1822 1069 lege

189 1088 267 1133 tua
288 1081 554 1137 docueris
569 1099 696 1138 eum
728 1085 914 1148 (Psal.
939 1103 1102 1156 xcux,
1143 1087 1252 1156 1'2).
1289 1087 1491 1142 Bonus
1536 1087 1821 1142 Dominus

186 1170 414 1224 eruditet
435 1171 624 1239 docet,
643 1177 698 1227 et
719 1173 1062 1246 plerumque
1084 1176 1309 1248 arguit,
1330 1176 1436 1231 sed
1451 1176 1625 1230 etiam
1643 1191 1818 1248 quem

183 1259 368 1330 arguit,
407 1259 643 1316 beatum
696 1262 882 1334 facit;
941 1264 1150 1318 beatus
1216 1264 1372 1319 enim
1421 1263 1596 1319 homo
1645 1279 1822 1335 quem

183 1349 351 1418 arguit
378 1349 664 1405 Dominus
701 1351 888 1421 (Psal.
940 1370 1166 1420 xxxvn,
1212 1351 1290 1413 2).
1336 1352 1407 1406 Et
1460 1352 1592 1407 ideo
1623 1353 1820 1406 incre-

181 1437 416 1505 pationes
449 1438 584 1510 ejus
616 1456 736 1494 non
771 1441 1056 1512 refugias,
1089 1442 1224 1513 quia
1256 1441 1559 1495 charitatis
1595 1443 1650 1495 et
1681 1456 1817 1512 gra-

184 1525 264 1579 tiae
290 1529 454 1592 sunt;
489 1528 619 1598 ipse
653 1530 810 1584 enim
839 1530 1107 1600 percutit,
1141 1533 1198 1584 et
1236 1520 1374 1601 quia
1412 1530 1606 1584 bonus
1638 1528 1822 1583 medi-

187 1630 296 1680 cus,
328 1617 598 1671 manibus
631 1617 760 1672 suis
793 1621 959 1672 sanat
991 1617 1184 1688 (Deut.
1220 1635 1406 1686 xxxu,
1444 1618 1556 1688 89).
1582 1617 1823 1689 Septies

193 1703 253 1757 de
269 1705 726 1760 necessitatibus
747 1706 854 1779 ('70)
878 1713 936 1760 te
956 1706 1199 1776 liberat,
1239 1707 1302 1761 in
1340 1707 1592 1778 septimo
1626 1711 1818 1761 autem

183 1808 272 1845 non
293 1799 346 1846 te
366 1795 669 1866 continget
692 1795 919 1849 malum.
939 1795 1003 1849 In
1026 1794 1180 1849 fame
1198 1795 1382 1866 eripit
1407 1801 1738 1864 teamorte,
1760 1795 1822 1848 in

178 1898 343 1952 pugna
361 1890 554 1937 autem
579 1883 653 1938 de
675 1900 846 1938 manu
867 1883 1026 1938 ferri
1059 1888 1114 1938 te
1136 1885 1321 1954 exuit,
1359 1901 1390 1938 a
1429 1882 1665 1956 ﬂagello
1701 1882 1821 1936 lin-

179 1986 285 2040 gum
300 1969 404 2040 (71)
438 1978 498 2026 te
516 1972 828 2027 abscondit
841 1973 974 2043 (Job
1003 1990 1060 2042 v,
1093 1972 1300 2042 19-21).
1335 1972 1397 2028 Si
1417 1974 1575 2027 inem
1604 1975 1666 2026 tu
1696 1972 1824 2026 nul-

179 2058 240 2112 lis
265 2061 559 2130 putaveris
600 2061 1036 2134 derogandum,
1087 2061 1294 2118 alienae
1325 2061 1547 2134 linguas
1590 2060 1826 2133 ﬂagella

181 2161 280 2203 non
301 2153 552 2206 metues.

237 2272 314 2327 85.
334 2274 476 2329 Mire
507 2277 703 2330 autem
738 2289 1046 2331 sermones
1078 2274 1500 2330 maledicorum
1523 2274 1827 2344 expressit

181 2359 400 2418 dicendo
433 2364 658 2437 linguae
689 2365 1007 2437 ﬂagellum,
1041 2363 1218 2436 cujus
1248 2379 1437 2419 sonus
1477 2363 1593 2418 late
1624 2363 1824 2418 resul-

178 2453 260 2504 tat.
290 2454 335 2506 Α
364 2468 478 2524 quo
511 2467 626 2508 nos
656 2469 934 2524 separare
967 2453 1214 2524 cupiens
1245 2453 1458 2507 Petrus
1491 2452 1822 2522 apostolus,

179 2545 352 2595 monet
378 2545 439 2596 ut
460 2558 584 2598 non
615 2543 929 2597 reddamus
962 2541 1179 2595 malum
1207 2557 1313 2613 pro
1345 2540 1518 2610 malo,
1553 2545 1610 2595 et
1640 2541 1824 2595 male-

181 2627 372 2684 dictum
400 2647 508 2701 pro
531 2630 1100 2701 maledicto(1Petr.
1126 2647 1209 2700 ιιι,
1232 2631 1286 2699 9)
1315 2645 1326 2684 :
1355 2630 1462 2683 sed
1481 2630 1673 2702 magis
1693 2645 1826 2684 cum

180 2718 526 2776 maledicitur
539 2721 736 2790 nobis,
752 2719 1187 2775 benedictionis
1204 2718 1536 2774 referamus
1552 2717 1822 2790 gratiam.

181 2806 238 2861 Et
261 2809 382 2864 ideo
401 2810 546 2865 dicit
579 2826 592 2865 :
632 2809 855 2864 Cohibe
895 2809 1156 2880 linguam
1182 2814 1335 2862 tuam
1373 2823 1404 2860 a
1444 2807 1595 2863 malo
1634 2805 1822 2878 (Psal.

179 2912 360 2968 xum,
386 2897 491 2970 14),
514 2901 792 2972 tanquam
810 2899 1030 2970 linguae
1053 2896 1288 2969 ﬂagello
1308 2911 1319 2950 :
1341 2911 1450 2950 nec
1467 2896 1676 2950 timeas
1699 2910 1827 2950 ver-

181 2984 360 3042 borum
391 3004 629 3057 sonum,
667 2989 720 3042 si
752 2988 967 3042 munda
1022 2990 1114 3041 est
1159 2985 1525 3040 conscientia
1582 2982 1679 3039 tua
1707 2984 1826 3039 Bo-

185 3090 301 3130 num
328 3080 414 3132 est
435 3078 678 3149 quidem
709 3077 952 3143 nullum,
985 3075 1039 3130 si
1074 3074 1208 3129 fieri
1247 3076 1470 3144 potest,
1498 3073 1693 3128 locum
1723 3073 1826 3128 ob-

185 3165 481 3221 trectationi
507 3167 689 3222 dare:
733 3167 839 3221 sed
875 3165 1011 3237 quia
1049 3163 1316 3234 plerique
1353 3178 1470 3217 non
1501 3162 1684 3231 vitiis,
1719 3161 1827 3216 sed

181 3252 464 3311 virtutibus
487 3256 814 3328 derogant;
848 3253 1286 3326 reprehendant
1317 3253 1476 3325 quod
1499 3251 1692 3306 laudis
1710 3255 1822 3322 est,
1859 3260 1912 3329 ο

181 3356 275 3396 non
303 3344 603 3400 inveniant
624 3345 781 3417 quod
812 3344 1034 3400 erroris
1071 3345 1184 3398 est.

238 3469 314 3524 86.
336 3469 448 3525 Sed
470 3470 633 3544 quod
663 3469 836 3542 pejus
860 3471 972 3538 est,
1000 3483 1121 3523 non
1159 3467 1355 3522 solum
1376 3466 1568 3520 aliena
1599 3464 1825 3536 lingua,

185 3559 270 3612 sed
296 3561 459 3614 etiam
473 3563 682 3614 nostra
704 3558 1091 3631 ﬂagellamur.
1127 3556 1199 3610 Et
1217 3556 1346 3610 haec
1369 3557 1508 3610 sunt
1538 3553 1826 3626 graviora

183 3647 418 3719 verbera,
453 3665 592 3704 cum
622 3665 696 3706 ex
718 3647 1083 3718 multiloquio
1099 3648 1412 3716 peccatum
1432 3642 1817 3698 incurrimus.

185 3733 240 3789 Et
265 3736 383 3792 ideo
413 3739 671 3808 custodi,
705 3739 898 3810 virgo,
933 3736 1140 3808 virgas
1158 3737 1332 3803 tuas;
1380 3735 1444 3788 ut
1494 3748 1612 3787 non
1635 3730 1825 3786 delin—

182 3837 304 3893 quas
348 3827 403 3881 in
433 3828 642 3899 lingua
670 3831 769 3882 tua
785 3825 973 3896 (Psal.
994 3840 1246 3879 xxxvm.
1269 3823 1346 3892 2).
1383 3821 1452 3875 Et
1472 3821 1626 3876 bona
1658 3819 1826 3893 loqui

182 3913 492 3988 plerumque
522 3916 743 3971 crimen
769 3919 863 3970 est
892 3914 1167 3986 virginis.
1207 3911 1324 3967 Sed
1385 3911 1525 3983 quid
1586 3909 1825 3964 miraris

185 4001 241 4056 de
267 4005 510 4077 virgine,
537 4022 670 4061 cum
702 4005 914 4060 mulier
956 4003 1016 4060 in
1045 4001 1283 4057 silentio
1314 3999 1597 4072 jubeatur
1627 3998 1828 4052 dicere

186 4089 230 4157 (l
249 4091 428 4164 Timu,
465 4094 553 4165 11)
576 4096 604 4150 ?
637 4094 838 4149 Bonus
870 4094 961 4148 est
989 4091 1182 4162 pudor
1211 4105 1388 4164 quem
1411 4086 1830 4144 commendant

187 4181 410 4238 silentia.

244 4287 320 4344 87.
350 4291 619 4346 Susanna
649 4289 1110 4362 periclitabatur,
1144 4289 1201 4341 et
1229 4285 1458 4340 tacebat
1497 4284 1672 4355 (Dan.
1692 4299 1820 4353 XIII,

1936 630 2166 701 objecta
2188 632 2520 689 credantur.
2545 633 2661 689 Sed
2684 636 2818 690 audi
2849 638 3070 693 bonum
3109 640 3465 712 magistrum
3498 640 3610 694 di-~

1934 719 2160 774 centem
2192 726 2461 777 sanctum
2492 718 2602 779 Job
2629 718 2816 780 :Ecce
2837 725 3007 781 rideo
3024 729 3358 799 opprobria,
3387 735 3445 784 et
3471 744 3583 783 non

1931 807 2134 880 loquor
2156 830 2172 864 :
2192 810 2470 882 clamabo,
2496 819 2554 867 et
2587 831 2864 886 nusquam
2885 815 3174 887 judicium
3207 812 3300 886 (ob
3335 824 3458 886 xxx,
3509 807 3586 888 7),

1932 898 1991 952 id
2031 902 2140 967 est,
2175 901 2514 957 criminator
2543 903 2757 975 aliquis
2793 905 3108 975 opprobria
3151 905 3342 976 jacit‘?
3387 907 3587 962 Habes

1932 988 2089 1058 quod
2119 988 2269 1043 intra
2289 993 2343 1044 te
2365 991 2580 1062 rideas,
2615 994 2665 1047 si
2700 994 2923 1048 crimen
2954 994 3316 1049 conscientia
3344 1012 3461 1050 non
3499 1011 3588 1051 re-

1934 1079 2263 1150 cognoscit.
2297 1078 2446 1144 Quid
2486 1082 2640 1136 enim
2666 1082 2893 1138 referas
2925 1083 3107 1138 verba
3138 1084 3340 1140 verbis
3363 1086 3390 1140 ?
3431 1085 3593 1140 Non-

1933 1166 2070 1246 dum
2103 1167 2501 1246 estjudicium
2532 1187 2543 1226 :
2569 1175 2624 1226 et
2655 1173 2708 1226 si
2740 1173 3123 1246 clames,ﬁnon
3145 1174 3590 1246 appropinquat.

1933 1237 2232 1294 Debentur
2259 1241 2363 1294 tibi
2394 1242 2453 1296 in
2489 1243 2601 1298 hoc
2631 1244 2852 1299 saeculo
2886 1237 3063 1300 multa
3095 1237 3432 1300 certamina.

2001 1345 2089 1400 90.
2125 1346 2358 1402 Vicerat
2377 1351 2620 1404 sanctus
2643 1350 2755 1405 Job
2778 1351 2971 1405 damni
2995 1351 3258 1406 dolorem
3294 1367 3305 1406 :
3340 1352 3592 1422 vicerat,

1929 1434 2049 1488 imo
2094 1434 2430 1491 excluserat
2471 1438 2666 1494 luctus
2725 1439 3106 1495 acerbitatem
3153 1441 3212 1494 in
3243 1440 3590 1495 amissioni-

1929 1522 2044 1577 bus
2076 1523 2349 1594 filiorum,
2384 1526 2607 1582 vicerat
2650 1527 2961 1583 vulnerum
2993 1529 3347 1600 asperitates
3384 1545 3396 1583 :
3437 1527 3595 1583 vibi-

1933 1612 2103 1667 cibus
2137 1614 2404 1684 corporis
2436 1617 2790 1673 adhibentur
2831 1616 2946 1689 (72)
2975 1618 3241 1673 mulieris
3283 1619 3430 1682 310
3462 1620 3596 1673 ten-

1931 1703 2202 1773 tamenta,
2237 1706 2292 1758 et
2332 1705 2460 1775 ipsa
2500 1722 2616 1761 non
2666 1709 2874 1762 sensit.
2923 1707 3132 1763 Adhuc
3163 1703 3597 1763 amicorumin-

1933 1793 2304 1862 crepationes
2352 1795 2425 1849 ad
2475 1801 2767 1852 certamen
2800 1799 2852 1853 ei
2892 1798 3157 1852 ultimum
3187 1800 3593 1853 reservantur.

1856 1905 1907 1969 Β
1933 1879 2212 1936 Luctatus
2251 1882 2442 1938 fuerat
2483 1901 2616 1940 cum
2645 1885 2855 1942 affectu
2884 1888 3072 1959 patrio
3103 1887 3239 1957 (Job
3262 1905 3299 1957 ι,
3328 1885 3432 1957 18),
3465 1887 3596 1942 luc-

1931 1972 2087 2025 tatus
2119 1987 2249 2026 cum
2273 1971 2474 2028 dolore
2509 1975 2776 2045 corporis
2810 1979 2867 2031 et
2897 1975 3248 2049 aegritudine
3279 1975 3416 2046 (Job
3451 1975 3595 2046 11,7);

1934 2059 2234 2130 oportebat
2264 2077 2398 2117 eum
2426 2063 2628 2118 subire
2660 2064 2832 2120 etiam
2850 2080 3192 2121 sermonum
3211 2065 3593 2121 tentationes.

2547 2206 2798 2263 CAPUT
2835 2207 2989 2263 XIV.

1931 2328 2429 2406 Exincommodis
2445 2330 2649 2406 seculi
2667 2331 2747 2406 de
2778 2329 3109 2406 czy'usquam
3141 2333 3356 2406 merito
3376 2348 3486 2387 non
3495 2332 3596 2404 ju-

2005 2402 2337 2472 dicandum,
2370 2420 2496 2458 cum
2525 2403 2624 2458 hic
2654 2402 2815 2459 locus
2835 2402 2916 2458 sit
2953 2402 3323 2469 certaminis,
3352 2420 3465 2458 non
3489 2402 3596 2458 au-

2007 2480 2388 2529 temcoronac.
2422 2474 2588 2529 Hanc
2609 2475 2854 2530 Paulum
2875 2491 3266 2531 asseverasse
3303 2491 3429 2529 cum
3471 2474 3598 2530 sibi

2011 2550 2125 2598 tum
2153 2544 2385 2599 Christi
2401 2617 2412 2618 ί
2433 2546 2748 2600 adventum
2789 2547 3195 2618 diligentibus
3235 2545 3592 2618 reservari:

2007 2617 2506 2688 annumerandam
2543 2634 2682 2672 vero
2704 2617 2829 2672 illis
2864 2615 2990 2673 eam
3032 2619 3261 2673 viduam
3294 2633 3418 2688 qua)
3452 2615 3600 2671 {iliis

2008 2687 2296 2760 omnibus,
2323 2705 2464 2760 quos
2500 2688 2625 2760 ipsa
2661 2689 3028 2744 instituerat.
3053 2690 3177 2744 Deo
3205 2687 3596 2760 consecratis,

2006 2759 2302 2832 geminum
2330 2757 2640 2832 viduitatis
2675 2777 2797 2832 suae
2831 2777 2899 2815 ac
2929 2759 3306 2832 virginitatis
3343 2757 3598 2832 ﬁliorum

2009 2828 2219 2884 obtulit
2240 2831 2618 2885 sacri/icium.
2655 2831 2881 2896 Quibus
2917 2828 3254 2886 coronidem
3287 2828 3592 2885 admodum

2001 2901 2102 2974 pia
2117 2902 2465 2972 precatione
2481 2903 2646 2974 ponit
2665 2903 3041 2958 Ambrosius.

2007 3025 2096 3080 9t.
2129 3025 2288 3098 Ergo
2318 3027 2552 3098 quando
2582 3027 2751 3082 vides
2773 3027 3008 3082 viduam
3031 3026 3360 3098 dispendiis
3393 3027 3602 3099 aliqui-

1937 3113 2353 3184 buslaborare,
2370 3118 2468 3170 aut
2489 3116 2744 3171 filiorum
2765 3116 3238 3171 incommoditate
3263 3132 3275 3171 :
3300 3115 3394 3171 vel
3413 3119 3600 3172 morte

1933 3201 2183 3274 justum,
2208 3203 2302 3258 vel
2334 3204 2572 3276 injuriis
2612 3204 2772 3259 affici
2801 3205 2913 3275 ('73)
2939 3220 2954 3274 ς
3005 3204 3124 3258 noli
3156 3220 3230 3259 ex
3279 3204 3454 3258 istius
3486 3220 3602 3259 saa-

1939 3292 2055 3348 culi
2105 3293 2496 3348 incommodis
2543 3295 2749 3348 merita
2780 3293 2914 3365 ejus
2962 3308 3235 3363 pensare,
3271 3295 3368 3346 aut
3397 3292 3600 3346 mirari

1939 3381 2096 3453 quod
2127 3383 2446 3437 derelictus
2491 3399 2526 3437 a
2582 3382 2828 3438 Domino
2870 3382 2966 3437 sit.
3001 3381 3111 3436 Hic
3149 3379 3385 3453 quidem
3407 3379 3599 3435 lucta-

1937 3487 2088 3541 mur,
2124 3471 2230 3525 sed
2265 3471 2405 3526 alibi
2435 3488 2804 3528 coronamur.
2839 3471 2971 3526 Non
3002 3471 3074 3525 de
3098 3487 3189 3526 me
3219 3472 3463 3540 tantum,
3489 3470 3600 3524 sed

1908 3560 2010 3614 ‘de
2044 3560 2318 3615 omnibus
2359 3560 2698 3615 hominibus
2731 3561 3123 3615 communiter
3168 3575 3299 3615 sum
3340 3559 3600 3614 locutus.

1937 3648 2087 3702 Nam
2117 3649 2272 3704 unde
2302 3649 2444 3703 mihi
2495 3652 2685 3704 tamen
2716 3649 2928 3717 meriti,
2959 3649 3048 3703 cui
3081 3647 3446 3720 indulgentia
3487 3663 3597 3718 pro

1939 3753 2158 3793 corona
2191 3741 2325 3793 est?
2355 3739 2464 3793 Hic
2495 3739 2668 3806 lucta,
2703 3739 2820 3792 illic
2860 3737 3128 3792 brevium
3172 3752 3184 3792 :
3234 3737 3329 3791 hic
3374 3736 3599 3807 militia,

1938 3827 2058 3884 illic
2089 3827 2444 3898 stipendium
2474 3831 2585 3883 est.
2614 3828 2772 3900 Ergo
2804 3827 2942 3882 dum
2967 3827 3027 3881 in
3049 3826 3162 3881 hoc
3193 3825 3411 3880 mundo
3443 3840 3597 3896 sum,

1938 3916 2129 3972 adhuc
2159 3917 2370 3987 luctor,
2405 3917 2598 3972 adhuc
2637 3917 2891 3972 decerno
2924 3917 3059 3986 (74),
3113 3915 3305 3970 adhuc
3336 3914 3606 3985 impellor

1936 4007 1999 4060 ut
2028 4006 2330 4075 decidam;
2380 4007 2487 4061 sed
2524 4011 2732 4077 petens
2764 4010 2856 4062 est
2896 4006 3210 4073 Dominus,
3245 4005 3346 4076 qui
3380 4003 3600 4074 impul-

1938 4110 2072 4149 sum
2111 4095 2418 4166 suscipiat,
2461 4096 2752 4151 labentem
2785 4098 3027 4160 statuat,
3061 4096 3361 4149 nutantem
3393 4093 3601 4164 erigat.

1937 4183 2084 4248 Quid
2115 4201 2260 4256 ergo
2290 4185 2524 4239 miraris
2544 4186 2798 4257 aliquem
2825 4184 3139 4239 laborare?
3171 4183 3372 4237 Donec
3396 4182 3455 4235 in
3489 4181 3598 4234 hac

1935 4273 2054 4328 vita
2085 4277 2195 4344 est,
2221 4277 2517 4329 certamen
2538 4290 2657 4330 non
2687 4274 2892 4343 deerit,
2926 4288 3046 4328 non
3076 4271 3437 4327 eritcorona.
3463 4268 3604 4323 Nul-

189 4373 294 4447 35);
323 4383 379 4434 ut
406 4381 619 4436 melius
652 4358 846 4434 tacito
892 4379 1115 4450 pudore
1157 4376 1520 4450 loqueretur.
1559 4373 1825 4444 Denique
1933 4362 2030 4418 lus
2051 4363 2350 4434 probatur,
2367 4364 2483 4418 nisi
2505 4361 3300 4450 quiperseveraveritusque
3317 4360 3377 4412 in
3396 4358 3596 4450 ﬁnem;

189 4461 379 4523 invenit
395 4469 748 4525 verecundia
770 4467 1167 4533 defensorem,
1204 4464 1303 4536 qui
1327 4462 1669 4518 defenderet
1701 4477 1826 4516 cas-

191 4553 395 4612 titatem.
428 4560 512 4614 De
553 4575 668 4630 qua
696 4558 847 4613 bene
870 4555 1106 4624 dicitur,
1155 4553 1314 4626 quod
1335 4568 1465 4608 eam
1515 4567 1549 4606 a
1585 4550 1824 4624 ﬂagello

193 4640 378 4716 linguae
395 4649 680 4704 Dominus
703 4645 1038 4702 abscondit.

249 4752 324 4807 88.
353 4754 496 4820 Quid
545 4756 616 4810 de
645 4755 880 4819 feminis
913 4751 1210 4806 dicimus?
1257 4748 1485 4820 Joseph
1516 4747 1698 4804 tacuit
1727 4763 1824 4802 ac-

1858 4624 1912 4687 D

1935 4455 1998 4507 ut
2017 4455 2224 4524 postea
2243 4453 2436 4523 possit
2457 4453 2557 4525 qui
2581 4453 2846 4526 legitime
2870 4449 3205 4519 certaverit,
3233 4445 3533 4503 coronari.

2003 4577 2092 4632 92.
2126 4577 2270 4643 Quis
2291 4577 2500 4633 fortior
2534 4577 2736 4648 Paulo,
2783 4575 2918 4648 quis
2950 4573 3227 4628 beatior?
3267 4571 3369 4625 Ille
3414 4573 3607 4624 tamen

1935 4684 2040 4722 vas
2059 4667 2365 4722 electionis
2378 4667 2701 4722 Dominicae
2719 4681 2835 4720 non
2853 4666 2984 4718 ante
3019 4661 3134 4717 sibi
3167 4675 3452 4716 coronam
3480 4659 3606 4714 vin-

1934 4756 2168 4824 dicavit,
2204 4772 2380 4827 quam
2412 4758 2704 4809 certamen
2724 4767 2894 4808 omne
2925 4752 3386 4806 consummaret.
3433 4747 3602 4805 Ideo-

195 4846 810 4914 cusatuswemxxxx.
837 4843 946 4912 90),
980 4843 1042 4895 ιιι
1076 4839 1287 4894 melius
1321 4854 1457 4893 eum
1485 4835 1824 4892 innocentia
1933 4860 2046 4917 que
2077 4845 2192 4900 ait:
2218 4845 2532 4898 Certamen
2554 4842 2766 4896 bonum
2799 4846 2965 4894 certa
2981 4840 3054 4908 vi,
3080 4855 3320 4894 cursum
3345 4853 3611 4892 consum-

195 4942 341 4997 quam
379 4933 575 5006 lingua
624 4931 984 4987 defenderet.
1044 4928 1250 4983 'I‘acuit
1292 4926 1497 4981 Daniel
1543 4925 1823 4979 omnibus

1933 4933 2111 4988 mavi.
2147 4933 2319 4988 fidem
2352 4931 2635 4986 servavi:
2671 4929 2820 5002 quod
2857 4928 3175 5000 reliquum,
3201 4928 3462 4999 reposita
3508 4931 3602 4980 est

197 5020 497 5091 sapientior,
533 5027 589 5078 et
619 5037 720 5077 ora
758 5020 971 5075 clausit
999 5019 1241 5073 leonum
1271 5016 1444 5087 (Dan.
1482 5032 1602 5084 xw,
1641 5012 1710 5067 29
1767 5020 1822 5068 ct

1953 5023 2078 5077 nilii
2095 5019 2672 5091 coronajustitireUl
2700 5017 2841 5074 Tim.
2867 5035 2945 5083 ιν,
2969 5018 3092 5086 ’7,8)
3118 5032 3130 5071 :
3163 5033 3340 5088 quam
3372 5032 3488 5070 non
3513 5031 3604 5069 so-

199 5110 332 5180 887.).
377 5110 542 5167 Unde
591 5111 833 5182 pulchre
873 5111 1116 5164 sanctus
1167 5105 1352 5160 David
1413 5104 1558 5159 dicit
1591 5103 1818 5173 Posui,

1930 5112 2051 5166 lum
2069 5111 2216 5176 302
2249 5109 2385 5177 sibi,
2418 5109 2526 5162 sed
2557 5109 2731 5163 etiam
2761 5107 3036 5163 omnibus
3075 5105 3470 5178 diligentibus
3506 5105 3606 5160 ad-

202 5192 372 5268 inquit,
404 5203 492 5256 ori
511 5200 998 5267 meacustodiam,
1022 5197 1155 5253 dum
1176 5194 1452 5252 consistit
1501 5193 1822 5249 adversum
1931 5201 2169 5254 ventum
2227 5197 2456 5251 Domini
2523 5197 2664 5251 dicit
2731 5212 2869 5252 esse
2925 5194 3306 5250 reddendam.
3353 5193 3607 5250 l'ulchre

201 5298 273 5337 me
285 5298 544 5358 peccator
559 5290 746 5361 (Psal.
769 5305 1016 5357 xxxvm,
1041 5287 1096 5356 2)
1109 5327 1124 5340 .

257 5427 352 5502 ('10)
383 5433 544 5489 Rom.
577 5434 738 5502 edit.,
762 5433 1008 5487 Sextias
1042 5429 1116 5484 de
1149 5425 1638 5502 necessitatibus.

257 5499 356 5568 (Ἠ)
385 5505 445 5558 ln
472 5523 616 5561 mss.
639 5497 818 5559 multo
840 5503 1112 5573 pluribus
1144 5498 1452 5573 sequentia
1474 5497 1817 5573 desideran-

205 5569 302 5625 llll':
328 5580 378 5628 te
392 5577 726 5633 abscondet.
759 5577 830 5630 Si
842 5569 1003 5628 enim
1029 5582 1089 5627 tu
1112 5569 1291 5626 nullis
1304 5576 1444 5642 puta
1459 5570 1619 5626 veris
1637 5569 1815 5625 dero-

205 5645 910 5720 gaudnmmlienzelinguw.
949 5645 1092 5716 .Sed
1140 5641 1411 5700 lacunam
1451 5658 1590 5698 esse
1621 5641 1816 5714 quivis

209 5708 347 5769 facile
375 5721 749 5777 concesserit.

260 5784 354 5856 (7‘2)
397 5789 472 5846 Ita
501 5807 646 5849 mss.
678 5807 906 5864 omnes,
943 5805 1063 5848 uno
1084 5789 1297 5862 exopto
1335 5803 1346 5844 :
1386 5801 1519 5843 cum
1553 5789 1667 5846 hoc
1709 5803 1816 5844 au-

1932 5288 2097 5358 dixit,
2130 5286 2443 5341 adventum
2500 5285 2716 5340 Christi
2759 5283 3183 5358 diligentibus;
3216 5298 3388 5337 nemo
3442 5281 3602 5342 enim

1929 5433 2046 5484 tem
2076 5444 2281 5484 omnes
2311 5427 2471 5499 edit.,
2494 5427 2874 5500 aSperitates,
2897 5425 3126 5481 vibices
3147 5423 3418 5496 corporis
3435 5422 3598 5476 adlii:

1929 5502 2166 5562 bentur,
2203 5504 2314 5555 etc.

2003 5571 2114 5643 (73)
2149 5573 2367 5627 Omnes
2399 5571 2535 5626 edit.
2580 5587 2712 5626 cum
2756 5585 2886 5643 uno
2911 5563 3598 5643 mss.,__incommoditate

1939 5637 2469 5716 velmortejustum
2503 5643 2746 5714 injuriis
2785 5639 2981 5705 allici;
3022 5637 3233 5708 reliqui
3278 5639 3338 5690 ut
3378 5650 3489 5687 nos
3533 5637 3594 5700 in

1932 5719 2115 5771 textu.

1999 5786 2115 5860 (74)
2140 5785 2315 5858 Edit.,
2365 5785 2552 5851 adhuc
2580 5785 2859 5855 decerto;
2903 5794 3076 5862 mss.,
3112 5778 3302 5847 adhuc
3333 5775 3596 5847 decorae
