3936 6168
452 294 572 360 379
1886 278 1955 353 s.
1997 287 2439 352 AMBROSII.
3715 298 3817 364 380

450 494 692 551 festinat
720 492 792 547 ad
812 490 1121 564 judicium,
1162 492 1281 548 nisi
1313 491 1415 565 qui
1463 493 1535 548 de
1565 490 1900 548 innocentia
1931 506 2110 547 secu-
2147 470 2203 535 Α
2229 488 2446 544 sidium
2467 489 2817 560 reservavit,
2847 488 2957 544 sed
3002 490 3193 545 totum
3224 489 3462 546 Domino
3503 493 3698 551 sobolis
3721 500 3814 569 piae

447 598 554 639 rus
575 584 685 652 est,
716 585 814 636 aut
845 582 945 654 qui
994 581 1066 637 de
1097 582 1299 638 labore
1343 583 1671 653 praesumit,
1716 580 1811 636 cui
1852 583 1951 636 aut
1979 596 2116 653 gra-
2228 594 2445 633 munus
2463 579 2766 649 impendit.

447 670 530 725 tia
585 670 838 742 Domini,
888 673 987 726 aut
1014 671 1110 742 pia
1138 687 1244 743 pro
1275 670 1512 726 Christo
1544 671 1864 726 certamina
1895 668 2114 726 suﬂ‘ra-
2300 667 2390 723 94.
2427 668 2508 722 Te
2558 684 2735 738 nunc,
2772 666 3042 737 Domine,
3088 667 3377 738 deprecor
3403 671 3461 723 ut
3503 686 3661 742 supra
3698 673 3821 731 hanc

449 761 684 833 gantur.
2229 757 2468 812 domum
2495 759 2676 824 tuam,
2710 772 2891 827 supra
2915 757 3046 811 haec
3092 757 3319 826 altaria,
3362 774 3487 828 qum
3526 758 3676 816 hodie
3695 763 3819 821 dedi-

519 848 610 903 93.
640 847 826 913 Quam
871 848 1071 921 utique
1102 848 1342 903 habebit
1371 848 1822 921 praerogativam
1854 849 1910 902 et
1930 862 1998 901 ea
2025 846 2119 900 vi-
2230 849 2453 913 cantur,
2495 861 2675 916 supra
2705 845 2817 900 hos
2847 845 3075 915 lapides
3105 845 3422 916 spiritales,
3453 847 3647 918 quibus
3672 853 3822 906 sensi-

465 936 579 991 dua
598 952 731 1010 quae
745 936 897 992 bene
912 937 1065 993 ﬁlios
1088 938 1273 993 educa
1291 938 1458 1002 verit,
1484 941 1540 992 et
1563 937 1620 991 in
1642 937 1848 992 liberis
1871 936 2123 1008 gratula-
2227 934 2346 989 bile
2373 934 2481 989 tibi
2500 934 2559 988 in
2590 934 2846 1005 singulis
2876 934 3156 1004 templum
3174 937 3440 989 sacratur
3463 951 3474 990 :
3507 937 3821 1006 quotidianus

455 1024 637 1094 bitur,
661 1026 980 1081 etmaxime
1003 1043 1136 1098 quae
1169 1042 1375 1081 omnes
1391 1042 1542 1097 quos
1561 1025 1845 1096 suscepit,
1873 1025 2120 1079 Domino
2227 1022 2780 1093 praesulintendas,
2826 1023 3249 1094 orationesque
3281 1039 3577 1078 servorum
3617 1029 3822 1098 tuorum,

453 1113 630 1168 dedit.
663 1114 833 1169 Unde
854 1117 911 1168 et
940 1114 1039 1169 illa
1061 1114 1419 1187 Evangelica
1441 1114 1617 1169 vidua
1647 1114 1929 1168 divitibus
1960 1117 2121 1168 ante-
2229 1128 2362 1184 quae
2403 1112 2463 1166 in
2493 1112 2605 1167 hoc
2652 1111 2783 1166 loco
2816 1111 3178 1182 fundundur,
3222 1111 3417 1166 divina
3458 1115 3549 1167 tua
3579 1115 3823 1187 suscipias

451 1201 639 1256 fertur
665 1202 828 1273 (Luc.
861 1219 985 1271 xxx,
1017 1202 1071 1273 3,
1101 1202 1158 1274 4)
1184 1219 1199 1274 ;
1232 1219 1349 1258 non
1381 1204 1573 1259 solum
1592 1204 1749 1258 enim
1772 1202 1907 1274 quia
1934 1204 2121 1257 totum
2228 1201 2660 1255 misericordia.
2703 1200 2830 1254 Fiat
2874 1200 2982 1255 tibi
3028 1200 3089 1254 in
3121 1201 3363 1256 odorem
3410 1202 3829 1260 sanctiﬁcationis

450 1289 608 1362 quod
628 1290 861 1361 habuit,
881 1291 954 1346 ad
992 1292 1211 1347 victum
1233 1308 1556 1363 pauperum
1588 1292 1916 1360 misit;sed
1940 1291 2115 1345 etiam
2230 1290 2365 1360 ('75),
2410 1304 2582 1343 omne
2635 1288 2996 1344 sacriﬁcium
3035 1289 3196 1360 quod
3254 1289 3316 1343 in
3366 1289 3478 1345 hoc
3524 1292 3715 1362 templo
3746 1295 3833 1349 ﬁde

450 1380 609 1450 quod
639 1379 755 1434 duo
781 1396 899 1434 aera
930 1381 1162 1450 detulit,
1199 1382 1502 1436 Dominica
1546 1396 1695 1437 voce
1734 1379 2025 1448 laudatur,
2060 1380 2118 1434 id
2230 1378 2481 1451 integra,
2529 1378 2625 1449 pia
2671 1378 2982 1433 sedulitate
3018 1377 3301 1433 defertur.
3353 1379 3423 1433 Et
3470 1395 3596 1434 cum
3622 1381 3685 1435 ad
3710 1381 3831 1437 illam

450 1471 544 1522 est
572 1468 803 1538 plenam
834 1468 1028 1524 ﬁdem.
1082 1470 1348 1541 Denique
1389 1471 1463 1525 ad
1510 1469 1769 1524 hominis
1804 1469 2114 1524 sanitatem
2231 1467 2487 1538 respicis
2534 1467 2787 1522 hostiam
2819 1467 3162 1536 salutarem,
3212 1483 3319 1539 per
3366 1483 3535 1539 quam
3578 1474 3829 1539 peccatum

449 1558 507 1611 et
536 1556 633 1612 ille
671 1555 1072 1613 Samaritanus
1102 1559 1218 1614 duo
1248 1575 1366 1614 aera
1398 1559 1722 1614 stabulario
1772 1557 1951 1621 dedit,
1977 1558 2113 1630 qui-
2229 1556 2434 1610 mundi
2462 1555 2646 1626 hujus
2668 1555 2958 1623 aboletur,
3001 1555 3290 1626 respicias
3323 1557 3493 1611 etiam
3521 1557 3590 1611 ad
3617 1558 3712 1613 has
3743 1559 3826 1629 pias

450 1643 567 1698 bus
624 1645 826 1700 ulcera
873 1650 1104 1702 curaret
1142 1648 1302 1702 illius
1358 1663 1391 1701 a
1438 1647 1769 1702 latronibus
1829 1646 2123 1703 vulnerati
2231 1645 2460 1700 hostias
2492 1644 2800 1713 castitatis,
2842 1648 2900 1699 et
2928 1645 3205 1699 diuturno
3232 1660 3337 1699 eas
3367 1646 3582 1701 tuearis
3618 1647 3820 1717 auxilio;

452 1733 614 1789 (Luc.
639 1752 699 1803 x,
730 1734 848 1803 35).
903 1735 1066 1808 Ergo
1098 1737 1234 1808 quia
1261 1739 1318 1791 et
1354 1737 1681 1792 secundum
1696 1736 1879 1791 Vetus
1910 1736 2120 1790 Testa-
2150 1773 2204 1834 B
2231 1736 2294 1787 ut
2325 1734 2466 1787 ﬁant
2486 1733 2592 1787 tibi
2623 1733 2682 1787 in
2704 1732 2946 1787 odorem
2982 1734 3292 1788 suavitatis
3324 1733 3535 1789 hostiae
3564 1735 3832 1806 acceptabi-

450 1825 710 1878 mentum
746 1823 944 1878 Mariae
975 1826 1204 1880 sororis
1236 1826 1433 1880 Aaron
1466 1825 1861 1897 virginitatem
1895 1824 2111 1894 (Exod.
2150 1821 2203 1834 “’
2233 1822 2342 1892 les,
2378 1821 2615 1877 Christo
2649 1822 2896 1876 Domino
2926 1822 3248 1892 placentes,
3291 1826 3350 1877 et
3389 1823 3668 1895 integrum
3703 1825 3835 1894 spiri-

450 1927 552 1980 xv,
583 1910 694 1980 20),
727 1914 784 1965 et
815 1913 1141 1968 secundum
1172 1914 1405 1968 Novum
1436 1920 1659 1969 sancta)
1677 1913 1877 1968 Mariae
1910 1912 2116 1967 Matris
2230 1914 2352 1966 tum
2380 1926 2605 1980 eorum,
2628 1914 2686 1966 et
2702 1910 2954 1965 animam
2972 1914 3028 1965 et
3044 1926 3265 1981 corpus
3279 1911 3412 1966 sine
3435 1912 3661 1984 querela
3686 1928 3834 1983 usque

452 1998 685 2053 Domini
721 2001 1116 2072 integritatem
1154 2002 1390 2072 (Matth.
1429 2020 1466 2071 ι,
1514 2002 1625 2071 23).
1672 2002 1733 2056 in
1760 2002 1956 2056 studio
1989 2018 2117 2056 suae
2228 2000 2290 2054 in
2320 2000 2476 2055 diem
2506 1999 2739 2054 Domini
2760 2000 2948 2054 nostri
2971 1999 3117 2055 Jesu
3136 1999 3361 2055 Christi
3384 2000 3513 2056 Filii
3550 2002 3627 2055 tui
3646 2015 3843 2056 servare

446 2086 633 2158 prolis
662 2088 881 2143 imitata
910 2093 1019 2160 est,
1052 2092 1585 2145 remunerationem
1617 2090 1752 2144 ﬁdei
1789 2090 1990 2145 divino
2023 2089 2120 2161 ju-
2229 2088 2519 2161 digneris.

450 2174 604 2230 dicio
635 2180 1067 2249 consequetur;
1111 2195 1245 2250 quae
1288 2179 1434 2234 nihil
1484 2179 1601 2233 sibi
1631 2179 1704 2232 ad
1735 2178 1942 2234 saeculi
1974 2179 2123 2233 sub-

518 2317 631 2388 (Ἳ5)
660 2319 742 2373 Ita
766 2322 880 2375 vet.
905 2336 993 2374 ac.
1022 2322 1191 2392 pauci
1228 2337 1373 2392 ms.;
1414 2321 1510 2376 alii
1546 2336 1687 2376 vero
1705 2321 1882 2394 longe
1911 2321 2168 2394 plurimi,
2194 2323 2255 2378 in
2294 2321 2574 2377 honorem
2602 2319 3134 2385 sanctiﬁcationis;
3175 2323 3234 2375 at
3266 2321 3440 2377 Rom.
3473 2321 3604 2377 edit.
3650 2321 3776 2391 sola,
3806 2322 3852 2376 in

448 2405 685 2462 odorem
707 2424 811 2463 sua
822 2411 1047 2465 vitatis.

509 2569 1237 2578 Ἦ
2263 2569 3858 2579 ρ--ῄ-ᾑ--ν--τ

995 2716 1099 2795 ΙΝ
1159 2718 1533 2800 LIBRUM
1584 2720 1710 2798 DE
1780 2721 2093 2804 LAPSU
2168 2719 2607 2801 VIRGINIS
2678 2719 3358 2802 CONSECRATIE

1920 2900 2427 2964 ADMONITIO.

517 3242 988 3304 Contineturhoc
1019 3248 1080 3304 in
1102 3265 1279 3321 opere
1310 3249 1829 3311 vehementissima
1872 3250 2221 3322 increpatio,
2277 3268 2391 3324 qua
2420 3251 2675 3323 puellam
2706 3267 2838 3323 quae
2882 3254 3017 3324 post
3045 3251 3410 3323 promissam
3460 3251 3532 3306 ad
3560 3264 3687 3304 aras
3712 3242 3863 3318 virgi-

444 3333 682 3389 nitatem
703 3336 895 3391 vitiari
934 3353 1000 3393 se
1030 3338 1103 3393 ab
1135 3339 1432 3410 impudico
1461 3339 1839 3395 adolescente
1871 3340 2096 3410 saepius
2128 3354 2308 3410 passa
2339 3342 2490 3412 (cap.
2522 3341 2574 3407 4,
2606 3357 2766 3395 num.
2794 3340 2904 3411 11),
2930 3341 3104 3395 etiam
3136 3343 3493 3412 conceptum
3524 3356 3596 3395 ex
3616 3354 3680 3393 eo
3706 3334 3865 3391 infaa-
3920 3368 3921 3372 η

444 3423 561 3476 tem
592 3439 844 3480 necasse
865 3427 1015 3498 (cap.
1050 3428 1103 3496 8,
1124 3444 1282 3483 num.
1317 3429 1409 3498 53)
1437 3428 1762 3499 dicebatur,
1796 3445 2029 3483 summo
2061 3444 2193 3484 cum
2233 3430 2411 3484 animi
2456 3429 2658 3485 dolore
2692 3429 2971 3501 objurgat
3001 3428 3273 3500 ejusdem
3306 3430 3646 3501 episcopus.
3692 3426 3869 3496 Ingens
3920 3454 3921 3461 η

445 3514 787 3584 eratsuapte
816 3520 1021 3571 natura
1043 3518 1156 3573 hoc
1184 3519 1491 3591 flagitium,
1517 3519 1623 3574 sed
1657 3518 1799 3573 illud
1830 3518 2011 3573 multo
2029 3518 2275 3590 gravius
2307 3533 2439 3572 cum
2472 3519 2583 3572 alia
2601 3517 2802 3588 multa,
2832 3521 2956 3572 tum
2987 3521 3195 3573 secuta
3230 3518 3373 3573 inde
3407 3518 3701 3573 hominum
3725 3511 3871 3569 oﬂ'en-

445 3600 536 3655 sio
567 3603 900 3660 reddiderat
929 3606 1079 3678 (cap.
1111 3606 1161 3677 1,
1197 3625 1355 3665 num.
1389 3609 1464 3679 3).
1499 3608 1769 3664 Susanna
1799 3608 1890 3663 sic
1922 3608 2079 3662 enim
2107 3607 2205 3663 illa
2244 3607 2594 3677 vocabatur,
2630 3608 2780 3678 (cap.
2833 3608 2883 3677 1,
2936 3624 3095 3663 num.
3147 3608 3223 3678 3),
3262 3624 3296 3662 θ
3343 3607 3530 3662 nobili
3566 3603 3765 3660 familia
3788 3601 3872 3654 du-

446 3690 615 3745 cebat
662 3696 853 3748 ortum
883 3697 1034 3766 (cap.
1068 3698 1120 3767 2,
1156 3714 1314 3753 num.
1348 3696 1425 3768 4).
1462 3697 1608 3752 Cum
1639 3700 1834 3753 autem
1894 3698 2239 3768 perpetuam
2268 3711 2509 3752 servare
2544 3695 2884 3767 pudicitiam
2942 3697 3061 3751 sibi
3105 3698 3548 3767 proposuisset,
3595 3690 3870 3749 contrarias

443 3793 786 3853 expugnare
819 3785 1081 3855 nequivit
1100 3789 1407 3857 parentum
1438 3787 1791 3855 voluntates,
1826 3786 1942 3840 nisi
1982 3789 2297 3856 postquam
2323 3785 2601 3840 terriﬁcis
2634 3785 2988 3857 quibusdam
3012 3785 3162 3840 visis
3193 3785 3267 3840 ad
3299 3786 3361 3840 id
3388 3801 3457 3841 se
3478 3783 3691 3839 moveri
3711 3780 3874 3836 sancte

440 3868 756 3926 afﬁrmavit
820 3873 972 3944 (cap.
1039 3875 1093 3930 4.
1128 3891 1287 3930 num.
1325 3875 1434 3945 t6).
1469 3876 1607 3946 Ipso
1666 3874 1901 3931 Domini
1926 3872 2344 3929 reviviscentis
2390 3872 2544 3928 festo
2592 3873 2654 3928 in
2693 3874 2992 3945 praecipua
3024 3873 3293 3943 basilica,
3360 3888 3548 3945 prope
3591 3872 3755 3925 altare
3788 3879 3877 3937 quo

442 3972 571 4012 eam
599 3961 1029 4031 neophytorum
1058 3980 1280 4037 greges
1312 3981 1445 4020 cum
1495 3965 1686 4020 cereis
1718 3963 1993 4018 accensis
2023 3962 2389 4018 deduxerant
2415 3963 2568 4033 (cap.
2600 3963 2654 4032 5,
2696 3978 2857 4017 num.
2892 3961 3001 4032 18),
3052 3965 3189 4017 vota
3226 3979 3362 4033 sua,
3396 3963 3674 4017 universo
3701 3953 3875 4029 populo

442 4049 838 4116 respondente
871 4051 1081 4122 Amen,
1114 4053 1514 4124 pronuntiavit
1556 4053 1736 4121 (Ibid.
1770 4069 1931 4107 num.
1966 4051 2079 4122 19).
2120 4050 2260 4106 Mox
2286 4050 2403 4121 ipsi
2438 4051 2712 4120 imposito
2747 4053 2883 4122 post
2922 4054 3267 4106 consuetam
3300 4049 3756 4106 exhortationem
3772 4042 3876 4097 velo

440 4135 598 4203 illam
632 4137 766 4193 aliis
803 4143 1355 4197 sanctimonialibus
1385 4141 1652 4214 junctam
1675 4142 1829 4196 idem
1859 4140 2078 4211 praesul
2116 4140 2354 4195 admisit
2395 4140 2456 4194 in
2485 4141 2841 4196 asceterium
2884 4141 3037 4211 (cap.
3096 4139 3150 4208 ’7,
3185 4156 3348 4195 num.
3403 4141 3473 4194 2'7
3516 4146 3572 4194 et
3602 4137 3757 4209 seq),
3799 4128 3881 4186 ubi

442 4227 705 4283 eamdem
738 4229 968 4285 idoneis
1012 4232 1327 4303 praeceptis
1374 4232 1658 4302 frequens
1696 4230 1960 4285 imbuere
2005 4245 2124 4284 non
2155 4228 2741 4301 negligebat(lbid.).
2776 4230 2967 4286 Vitam
3014 4229 3134 4284 illic
3164 4229 3628 4301 haudquaquam
3655 4222 3799 4281 duxit
3821 4217 3877 4272 ab

442 4317 601 4370 omni
632 4317 897 4374 criminis
914 4321 1115 4390 specie
1148 4336 1218 4375 ac
1279 4320 1666 4375 similitudine
1711 4320 1789 4373 ita
1821 4322 2103 4375 remotam
2134 4319 2275 4390 quin
2303 4334 2419 4373 non
2449 4317 2630 4373 multo
2661 4333 2771 4389 pos
2808 4316 2943 4389 ejus
2985 4318 3226 4373 castitas
3266 4318 3549 4374 adversis
3585 4310 3875 4371 rumoribus

439 4405 850 4466 traduceretur
885 4418 1034 4481 (cap.
1075 4409 1130 4477 6,
1172 4425 1333 4463 num.
1374 4407 1487 4479 24).
1545 4409 1672 4464 Hoc
1725 4407 2236 4478 impatientissime
2294 4406 2421 4461 tulit
2457 4405 2731 4461 Susanna
2782 4423 2793 4461 :
2837 4406 3156 4477 episcopus
3196 4423 3365 4477 vero,
3410 4402 3734 4478 conjunctis
3768 4410 3875 4453 cum

440 4493 712 4567 ejusdem
742 4501 983 4569 parente
1025 4499 1221 4569 curis,
1264 4498 1484 4554 frustra
1524 4501 1585 4552 ut
1624 4500 1899 4554 auctores
1941 4496 2124 4568 hujus
2165 4495 2473 4552 calumnia:
2505 4495 2714 4550 detecti
2756 4496 3074 4550 canonicas
3114 4494 3349 4551 luerent
3389 4511 3617 4567 pmnas,
3657 4486 3875 4545 desuda—

438 4587 540 4640 vit.
574 4586 657 4641 Ea
697 4603 829 4642 cum
870 4588 996 4643 ﬁeri
1038 4587 1264 4643 cautior
1293 4587 1430 4641 hinc
1481 4587 1810 4656 debuisset,
1849 4586 2072 4656 elapsis
2115 4589 2305 4640 tamen
2332 4585 2523 4639 tribus
2551 4584 2724 4639 annis
2763 4592 2912 4655 (cap.
2946 4585 2978 4639 '7
3005 4627 3019 4653 ,
3061 4601 3223 4639 num.
3277 4585 3408 4653 29),
3464 4583 3683 4639 crimen
3734 4573 3879 4644 cujus

439 4673 587 4730 falsa
617 4676 855 4732 infamia
877 4678 1043 4749 prius
1075 4678 1465 4746 laboraverat,
1505 4692 1622 4731 non
1656 4676 1786 4730 sine
1820 4690 2036 4747 magno
2059 4674 2401 4730 Judteorum
2420 4689 2489 4727 ac
2513 4674 2819 4745 gentilium
2837 4673 3116 4728 seandalo
3137 4689 3276 4728 vere
3301 4672 3619 4729 commisit.
3650 4668 3874 4728 Omnem,

438 4766 501 4816 ut
537 4763 678 4819 illud
710 4766 944 4835 celaret,
986 4768 1239 4838 lapidem
1276 4766 1496 4822 movit:
1540 4781 1731 4837 neque
1763 4764 1880 4819 ulla
1912 4764 2138 4818 ratione
2160 4763 2233 4817 ad
2272 4761 2463 4832 ipsius
2504 4761 2948 4817 confessionem
2995 4762 3207 4817 adduci
3245 4761 3460 4832 potuit.
3501 4757 3765 4815 Convicta
3791 4751 3877 4805 de—

442 4865 602 4905 mum
632 4855 785 4924 apud
816 4857 1157 4924 antistitem,
1191 4856 1447 4928 publicai
1479 4855 1709 4910 addicta
1758 4857 1850 4908 est
1886 4851 2246 4924 poenitentiae
2287 4852 2438 4921 (cap.
2471 4850 2523 4918 6,
2573 4866 2733 4905 num.
2784 4850 2895 4923 25).
2939 4851 3123 4917 Quam
3162 4866 3296 4905 cum
3336 4850 3438 4904 illa
3491 4848 3614 4921 jam
3643 4840 3881 4914 coepisset

439 4955 617 5012 agere
647 4946 798 5012 (cap.
828 4942 882 5012 8,
910 4961 1067 5000 num.
1110 4944 1221 5015 3'1),
1254 4945 1444 5016 ipsam
1475 4944 1761 4999 acerrima
1786 4941 2047 4997 oratione
2069 4956 2144 4996 ex
2201 4956 2315 5012 qua
2352 4941 2583 4994 constat
2627 4940 2738 4995 ista
2768 4940 3035 5011 scriptio,
3059 4940 3212 4995 idem
3251 4938 3480 5010 praesul
3511 4933 3747 5010 aggredi
3774 4929 3877 4983 ins-

438 5028 611 5085 tituit.
646 5030 761 5085 Ubi
811 5032 1100 5089 diritatem
1141 5034 1393 5089 sceleris
1415 5038 1536 5088 tum
1566 5032 1983 5104 adjunctorum
2015 5029 2475 5097 enumeratione,
2508 5031 2630 5083 tum
2668 5028 3015 5100 depulsione
3046 5029 3504 5084 cxcusationum
3550 5024 3727 5081 oculis
3754 5018 3876 5074 sub-

430 5116 633 5189 jectis,
676 5119 998 5174 remedium
1029 5121 1266 5176 unicum
1297 5121 1350 5175 ei
1384 5136 1731 5191 superesse,
1774 5119 2063 5191 aequalem
2110 5121 2352 5188 peccato
2400 5117 2803 5189 paenitentiam
2845 5118 2997 5189 (cap.
3038 5118 3091 5187 8,
3134 5133 3292 5172 num.
3327 5117 3400 5172 33
3468 5119 3525 5169 et
3571 5114 3677 5175 35).
3726 5105 3882 5177 Cujus

437 5204 671 5276 quidem
704 5207 939 5263 labores
972 5212 1145 5280 atque
1169 5208 1428 5264 dedecus
1462 5210 1515 5264 si
1548 5224 1840 5281 generose
1865 5207 1937 5261 ad
1971 5209 2300 5262 extremum
2321 5221 2513 5277 usque
2545 5205 2817 5276 spiritum
2865 5205 3221 5274 toleraverit,
3253 5205 3543 5275 promittit
3581 5203 3700 5256 fore
3728 5200 3781 5252 ut
3807 5195 3881 5247 in-

436 5295 587 5350 ferni
619 5295 736 5350 sibi
766 5296 944 5351 debiti
971 5313 1088 5351 non
1120 5296 1379 5351 desitura
1402 5297 1611 5350 evadat
1642 5295 1929 5367 supplicia
1962 5296 2114 5366 (cap.
2148 5294 2200 5362 8,
2243 5310 2402 5350 num.
2436 5294 2548 5364 35).
2582 5294 2908 5365 Compellat
2951 5294 3123 5348 etiam
3174 5292 3449 5364 ejusdem
3499 5289 3880 5363 pseudonymm

432 5385 688 5457 virginis
720 5388 1122 5456 corruptorem
1148 5386 1299 5456 (cap.
1322 5384 1375 5455 9,
1400 5402 1560 5441 num.
1591 5384 1703 5455 58),
1739 5385 1911 5456 eique
1936 5383 2301 5438 Balthasaris
2331 5398 2563 5437 necnon
2593 5383 3029 5438 Sodomitarum
3060 5386 3113 5436 et
3139 5381 3623 5439 Gomrrhazorum
3649 5367 3880 5440 exemplo

433 5474 693 5530 declarat
710 5474 893 5544 (num.
917 5474 1029 5544 40),
1053 5491 1185 5547 quae
1207 5474 1402 5544 ipsum
1424 5490 1617 5545 pinnae
1650 5475 1944 5542 maneant,
2005 5472 2120 5527 nisi
2169 5471 2400 5526 similes
2427 5471 2862 5542 resipiscentize
2913 5488 3042 5526 sua:
3073 5470 3347 5527 ostendat
3377 5470 3628 5534 fructus,
3658 5462 3724 5517 ad
3751 5470 3878 5530 quos

432 5563 704 5619 eumdem
733 5562 1072 5618 exstimulat
1110 5563 1290 5632 (num.
1324 5562 1437 5632 41),
1471 5562 1775 5633 prOposita
1824 5561 2075 5616 extremi
2108 5559 2320 5633 judicii
2386 5560 2604 5615 nemini
2651 5560 2921 5615 evitanda
2971 5560 3349 5616 necessitate.
3404 5556 3663 5612 Tandem
3702 5562 3878 5605 rever—

434 5667 540 5707 sus
578 5652 652 5706 ad
684 5649 1037 5721 Susannam,
1095 5667 1161 5705 er
1191 5650 1592 5723 quotidianam
1623 5649 1837 5720 psalmi
1866 5647 1937 5703 50
1964 5647 2368 5705 recitationem
2398 5650 2604 5705 indicit
2651 5650 2801 5720 (cap.
2856 5647 2943 5719 10,
2977 5665 3137 5704 num.
3161 5647 3271 5717 42),
3296 5662 3367 5701 ac
3397 5648 3682 5717 praeterea
3709 5636 3879 5692 varios

434 5740 708 5812 suggerit
733 5741 916 5813 (num.
943 5737 1011 5800 43
1056 5743 1115 5798 et
1159 5741 1315 5814 seq.)
1365 5740 1587 5814 quibus
1616 5741 1673 5796 et
1702 5754 1770 5795 se
1795 5738 1870 5794 ad
1900 5739 2166 5796 dolorem
2187 5740 2245 5794 et
2275 5739 2460 5795 Deum
2489 5739 2563 5796 ad
2610 5737 3081 5797 misericordiam
3113 5737 3363 5804 moveat,
3396 5733 3611 5793 mentis
3638 5726 3879 5786 affectus.
