4024 6176
179 289 258 358 381
909 285 1168 349 LIBER
1205 285 1316 348 DE
1361 285 1641 354 LAPSU
1679 285 2078 350 VIRGINIS.
2125 324 2197 333 —
2242 288 2753 356 ADMONITIO.
3466 297 3588 365 382

214 489 328 544 Citat
354 487 466 542 hoc
496 503 642 558 opus
672 487 934 542 secunda
981 487 1248 558 synodus
1280 486 1514 556 Duziac,
1566 487 1678 542 sub
1711 488 2050 543 nominibus
2099 490 2400 545 Ambrosii
2431 493 2604 563 atque
2658 493 3022 567 Hieronymi,
3056 499 3113 551 et
3160 514 3370 554 revera
3429 500 3588 557 inter

170 588 390 648 uti-usque
419 593 594 647 opera
623 577 766 631 illud
794 577 1104 646 reperitur,
1139 576 1425 631 Erasmus
1450 577 1508 631 in
1539 578 1669 630 suis
1702 579 2042 632 eorumdem
2077 580 2315 634 Patrum
2355 582 2714 637 editionibus
2746 600 2998 640 censura
3031 589 3282 644 maxime
3336 590 3581 646 diversa

161 670 305 738 ipsum
331 665 525 720 afﬁcit.
558 666 702 721 Cum
733 667 889 720 enim
918 666 977 719 in
1010 666 1464 736 Hieronymiana
1494 667 1746 721 editione
1778 667 2219 736 pronuntiasset
2263 671 2481 740 stylum
2511 672 2701 740 palam
2730 689 2981 745 arguere
3012 693 3136 733 non
3182 694 3320 732 esse
3358 679 3579 735 Hiero-

149 757 286 826 nymi,
316 759 550 826 gustum
582 772 722 810 vero
755 756 1045 826 phraseos
1076 756 1357 810 accedere
1389 756 1463 808 ad
1495 756 1811 826 Augustini
1843 758 2166 811 orationem
2193 775 2205 826 ;
2241 763 2442 813 contra
2475 761 2534 815 in
2578 761 2975 817 Ambrosiana
2995 767 3214 820 asserit
3243 768 3403 837 (cum
3437 770 3576 823 Per-

149 845 306 899 kinsio
337 848 391 898 et
421 845 808 914 Hospiniano)
839 844 1324 913 declamationem
1358 860 1510 913 esse,
1539 845 1730 916 qualis
1761 850 1853 898 est
1882 845 1984 899 illa
2015 845 2079 900 S.
2112 847 2466 920 Hieronymi
2497 849 2571 903 de
2599 857 2792 904 matre
2826 857 2884 905 et
2925 851 3046 906 {ilia
3092 855 3583 914 reconciliandis.

143 934 293 998 Quam
321 934 755 988 similitudinem
787 934 841 987 si
873 934 1224 987 elocutionis
1256 933 1563 1004 intelligat,
1598 933 1744 986 nihil
1773 935 2022 1004 utroque
2055 934 2154 988 illo
2180 934 2408 1006 judicio
2440 939 2635 1006 potest
2665 954 2804 992 esse
2861 939 3320 1010 discrepantius.
3355 947 3429 997 At
3461 945 3585 999 for-

140 1023 290 1076 tassis
318 1038 441 1077 eam
471 1023 530 1075 in
559 1022 672 1076 hoc
705 1023 832 1077 solo
861 1023 1116 1092 positam
1146 1023 1348 1090 voluit,
1384 1023 1542 1093 quod
1573 1022 1777 1076 ambas
1811 1022 1957 1076 istas
1989 1025 2512 1080 commentationes
2545 1027 3004 1082 declamationes
3026 1031 3248 1098 putavit
3283 1047 3442 1099 esse,
3468 1033 3580 1087 hoc

139 1115 226 1179 est,
256 1112 310 1165 in
340 1112 471 1166 ficto
500 1115 846 1183 argumento
879 1112 1015 1180 styli
1047 1112 1362 1166 exercendi
1394 1111 1582 1183 gratia
1613 1111 1890 1180 scriptas.
1925 1111 2146 1181 Itaque,
2182 1112 2326 1166 nihil
2347 1117 2539 1168 motus
2580 1114 2689 1168 hac
2720 1115 3122 1184 similitudine,
3147 1117 3445 1172 Marianus
3482 1120 3586 1173 Vi-

137 1203 236 1253 ctor
263 1200 423 1268 hanc,
457 1201 530 1254 de
552 1217 666 1271 qua
695 1201 948 1272 agimus,
982 1201 1041 1254 in
1073 1201 1348 1254 editionis
1379 1215 1505 1254 suae
1538 1200 2014 1270 Hieronymianae
2066 1200 2276 1272 rejecit
2307 1203 2726 1271 Appendicem.
2763 1204 3200 1275 Verumtamen,
3243 1207 3479 1262 Erasmi
3515 1209 3586 1265 de

135 1290 293 1358 ipsius
322 1305 451 1343 cum
482 1290 736 1344 dictione
767 1290 1084 1361 Augustini
1116 1289 1395 1343 affinitate
1423 1289 1716 1359 judicium
1767 1289 2197 1357 perstrinxisse
2229 1293 2562 1361 contentus,
2615 1308 2721 1346 cur
2751 1294 3015 1348 eamdem
3048 1295 3408 1366 Hieronymo
3441 1313 3574 1353 cre-

136 1378 313 1431 diderit
341 1379 814 1448 abjudicandam,
846 1395 1097 1448 prorsus
1129 1379 1354 1432 reticet.
1390 1380 1581 1448 Atque
1612 1378 1671 1430 in
1699 1379 1973 1447 promptu
2003 1381 2128 1432 erat
2167 1393 2242 1432 ex
2273 1379 2544 1450 ejusdem
2598 1382 2794 1451 operis
2828 1382 3077 1438 lectione
3108 1386 3395 1439 rationem
3428 1386 3588 1441 illius

136 1468 203 1521 rei
228 1483 420 1522 eruere
451 1469 610 1522 omni
642 1469 988 1538 exceptione
1020 1467 1324 1539 majorem.
1360 1469 1584 1521 Auctor
1613 1466 1910 1537 siquidem
1945 1466 2292 1536 episcopum
2327 1484 2463 1522 esse
2495 1485 2561 1524 se
2591 1471 2816 1540 passim
2847 1471 3084 1542 indicat,
3118 1473 3274 1544 quod
3308 1474 3592 1546 Hierony-

135 1571 210 1608 mo
237 1571 342 1608 non
374 1572 706 1626 congruere
739 1557 971 1627 ignorat
1002 1571 1196 1610 nemo.

189 1644 447 1708 Quamvis
479 1649 675 1698 autem
722 1661 840 1699 non
870 1649 1027 1699 tanta
1057 1645 1326 1699 videatur
1355 1643 1764 1716 repugnantia,
1817 1643 1869 1697 si
1903 1643 2221 1699 Ambrosio
2276 1645 2431 1700 idem
2472 1648 2755 1702 tractatus
2803 1649 3171 1715 attribuatur,
3220 1667 3337 1705 non
3370 1651 3586 1707 desunt

132 1735 291 1786 tamen
346 1734 444 1803 qui
479 1733 752 1787 eumdem
811 1749 841 1787 e
872 1734 1268 1805 legitimorum
1299 1732 1485 1786 sancti
1543 1731 1804 1786 doctoris
1839 1731 2062 1786 fetuum
2112 1735 2382 1806 catalogo
2426 1739 2707 1791 censeant
2751 1724 3148 1792 eximendum.
3202 1739 3353 1794 Rob.
3389 1739 3585 1796 Cocus

142 1821 370 1888 (Censur.
402 1823 640 1893 script,
672 1825 806 1892 etc.)
837 1826 1147 1893 propterea
1177 1825 1354 1893 negat
1387 1821 1850 1875 Ambrosianum
1881 1836 2041 1891 esse,
2088 1823 2244 1892 quod
2275 1825 2479 1878 auctor
2528 1825 2749 1879 scribat
2792 1825 2964 1879 istam
3009 1827 3282 1896 puellam,
3317 1829 3370 1882 si
3401 1830 3592 1901 virgi-

138 1911 278 1965 nitate
305 1912 533 1984 integra
567 1916 813 1966 mortem
845 1912 1194 1990 oppetisset,
1230 1911 1484 1965 futuram
1527 1910 1716 1964 fuisse
1747 1926 1854 1974 pro
1897 1913 2204 1980 parentum
2234 1913 2494 1983 peccatis
2545 1914 2798 1968 hostiam
2844 1915 3055 1980 vivam,
3106 1916 3353 1972 Domino
3377 1920 3588 1990 propi-

138 2001 394 2055 tiatricem
427 2003 582 2071 (cap.
616 2003 670 2056 4.
705 2018 862 2056 num.
891 2001 998 2071 15).
1034 2001 1148 2055 Sed
1181 2001 1322 2072 quid
1352 2000 1511 2054 aliud
1541 1999 1762 2070 legitur
1782 1998 1884 2053 lib.
1918 2016 1936 2051 ι
1967 1999 2040 2053 de
2085 1999 2336 2071 Virgin.,
2364 2002 2464 2055 ubi
2483 2002 2836 2057 Ambrosius
2866 2005 3143 2073 parentes
3177 2005 3476 2077 virginum
3501 2007 3592 2061 sic

134 2088 448 2160 alloquitur:
494 2090 572 2145 Ut
601 2090 828 2145 habere
845 2091 1097 2161 possitis
1118 2106 1358 2162 quarum
1381 2088 1621 2143 meritis
1642 2093 1842 2142 vestra
1862 2087 2080 2142 delicta
2097 2089 2585 2145 redimantur.....
2613 2092 2782 2163 virgo
2800 2093 3016 2146 matris
3036 2093 3250 2148 hostia.
3278 2095 3445 2166 cujus
3457 2111 3589 2167 quo-

134 2177 325 2233 tidiana
353 2179 658 2234 sacriﬁcio
696 2181 785 2234 vis
817 2179 1021 2234 divina
1067 2179 1339 2250 placatur
1367 2178 1517 2248 (cap.
1551 2177 1604 2245 '7,
1652 2193 1811 2230 num.
1846 2175 1956 2246 32).
1990 2177 2188 2247 Itaque
2225 2179 2471 2232 Rivetus
2521 2179 2684 2247 (Crit.
2737 2180 2867 2235 Sac.
2901 2181 3002 2234 lib.
3037 2198 3118 2250 Ill,
3169 2198 3295 2251 cap.
3333 2183 3444 2253 16),
3479 2184 3589 2238 hac

133 2265 323 2320 sodalis
354 2269 445 2322 sui
493 2269 722 2323 ratione
755 2268 1217 2339 insuperhabita,
1273 2266 1416 2320 nihil
1446 2267 1738 2319 adversus
1789 2265 2244 2320 Ambrosianam
2277 2267 2548 2338 ejusdem
2598 2269 2796 2338 operis
2827 2269 3272 2338 inscriptionem
3319 2273 3579 2341 opponit,

130 2369 275 2424 quam
331 2358 488 2427 quod
520 2357 812 2428 objiciunt
859 2357 1125 2412 nonnulli
1147 2359 1453 2411 auctorum
1500 2354 1936 2409 Catholicorum
1969 2354 2264 2423 (Bellarm.
2319 2357 2376 2408 et
2409 2356 2764 2426 Possevin.),
2819 2358 3093 2412 videlicet
3125 2375 3252 2428 cap.
3283 2360 3336 2430 8,
3391 2377 3447 2414 n.
3482 2362 3570 2416 40.

133 2445 445 2498 sententiam
469 2445 682 2500 haberi
699 2461 950 2516 prorsus
970 2445 1380 2513 Novatianam,
1407 2459 1580 2513 quam
1599 2442 1833 2496 duobus
1854 2441 2025 2497 libris
2062 2444 2136 2498 de
2159 2443 2523 2497 Paenitentia
2546 2445 2850 2516 impugnat
2886 2447 3240 2502 Ambrosius
3263 2448 3445 2517 (num.
3473 2449 3587 2519 37).

132 2530 316 2587 Verum
342 2534 394 2587 si
421 2537 634 2588 auctor
661 2535 914 2606 hujusce
949 2534 1293 2604 scriptionis
1324 2533 1437 2586 ista
1487 2531 1708 2585 haeresi
1740 2531 1994 2585 infectus
2028 2536 2209 2601 esset,
2264 2549 2379 2603 qua
2409 2532 2632 2587 ratione
2672 2533 2900 2603 lapsam
2933 2535 3005 2587 ad
3048 2536 3449 2604 paenitentiam
3478 2555 3590 2607 pu-

129 2615 308 2674 blicam
339 2621 413 2674 ita
447 2623 836 2692 stimulasset,
873 2625 934 2676 ut
981 2622 1155 2676 simul
1188 2624 1441 2675 aeternas
1491 2635 1698 2690 poenas
1730 2635 1863 2690 quae
1913 2620 2129 2674 sceleri
2161 2637 2271 2675 suo
2322 2621 2707 2691 debebantur,
2742 2623 3000 2677 evitandi
3050 2639 3158 2694 spe
3191 2625 3590 2681 sublevaret?

131 2707 262 2763 Adde
292 2710 381 2764 his
411 2711 715 2782 quondam
747 2710 1040 2766 Ecclesiae
1068 2726 1292 2765 morem
1324 2709 1534 2778 fuisse,
1569 2712 1630 2762 ut
1661 2708 1948 2762 atrocium
1997 2710 2386 2780 quorumdam
2419 2710 2729 2764 criminum
2776 2711 2896 2765 rcis
2932 2727 3004 2765 ne
3037 2711 3094 2764 in
3127 2715 3316 2766 morte
3351 2713 3591 2784 quidem

131 2798 268 2850 venia
297 2803 349 2852 et
377 2800 762 2855 reconciliato
793 2801 1234 2868 concederetur,
1271 2798 1638 2869 proindeque
1670 2799 1988 2851 Auctorem
2019 2798 2172 2852 inter
2203 2799 2410 2852 eadem
2443 2798 2687 2852 crimina
2720 2802 2775 2853 et
2835 2799 2948 2854 hoc
2979 2798 3274 2855 Susannar
3303 2801 3592 2874 flagitium

132 2884 318 2940 referre
349 2889 478 2943 sine
512 2889 632 2943 ulla
661 2891 882 2943 erroris
936 2891 1072 2944 nota
1118 2888 1406 2958 potuisse.
1459 2887 1827 2957 Quapropter
1870 2901 2002 2957 quae
2034 2886 2366 2941 locutiones
2417 2887 2537 2941 illic
2571 2890 2892 2942 occurrunt
2947 2887 3122 2958 paulo
3155 2889 3451 2958 duriores,
3487 2906 3591 2945 eas

133 2988 224 3027 non
250 2976 353 3031 alio
385 2978 642 3033 consilio
673 2979 967 3033 adhibitas
997 2981 1291 3049 putamus,
1317 2993 1493 3048 quam
1525 2979 1586 3030 ut
1630 2974 1918 3046 majorem
1951 2975 2256 3030 commissi
2297 2975 2570 3045 propudii
2620 2976 2930 3031 horrorem
2961 2976 3340 3048 incutientes,
3393 2978 3591 3033 acrius

130 3062 185 3115 ad
212 3067 558 3134 poenitentia
591 3083 769 3137 opera
800 3071 1032 3122 sontem
1059 3067 1404 3134 excitarent,
1449 3065 1870 3136 efficerentque
1902 3079 1975 3119 ne
2023 3064 2116 3118 vel
2148 3065 2386 3134 propria
2418 3064 2658 3118 mollitie
2706 3064 2802 3118 vel
2836 3064 3208 3120 remissioris
3255 3065 3592 3138 cujuspiam

133 3150 351 3208 doctoris
382 3156 752 3227 indulgentia
785 3156 1134 3228 quandoque
1167 3155 1239 3209 ab
1269 3155 1609 3209 austeritate
1642 3153 1827 3207 semel
1859 3156 2136 3222 suscepta
2169 3155 2568 3207 revocaretur.

185 3239 303 3304 Quae
332 3261 464 3299 cum
497 3246 579 3298 ita
610 3246 746 3314 sint,
783 3246 924 3298 nihil
951 3245 1076 3316 jam
1107 3247 1308 3298 contra
1342 3243 1723 3297 Ambrosium
1753 3258 2016 3314 pugnare
2047 3245 2242 3311 potest
2273 3246 2520 3311 excepto
2554 3241 2726 3311 stylo.
2761 3241 2925 3295 Licet
2958 3241 3114 3296 enim
3149 3241 3405 3312 hujusce
3439 3257 3584 3312 ope-

133 3328 197 3382 ris
223 3331 456 3388 elocutio
485 3333 847 3404 quibusdam
878 3349 995 3387 non
1027 3333 1270 3386 multum
1300 3331 1568 3386 videatur
1597 3328 1801 3384 differe
1832 3330 1904 3384 ad
1951 3331 2340 3385 Ambrosiana
2369 3346 2382 3394 ;
2433 3331 2734 3384 fatendum
2765 3333 2958 3383 tamen
2989 3333 3081 3383 est
3110 3333 3381 3384 sanctum
3414 3347 3572 3400 prae-

135 3417 287 3474 sulem
313 3423 483 3476 etiam
522 3423 624 3476 ubi
658 3423 978 3476 orationem
1007 3421 1244 3475 adhibet
1275 3420 1526 3473 maxime
1559 3419 1926 3488 concitatam,
1956 3419 2152 3474 minus
2183 3418 2388 3473 densis
2421 3434 2489 3472 ac
2519 3418 2802 3472 brevibus
2835 3417 3043 3471 incisis
3076 3417 3176 3471 uti.
3204 3415 3371 3482 Quod
3404 3418 3579 3472 etiam

135 3507 277 3578 adjici
303 3514 492 3580 potest
528 3510 587 3564 in
621 3510 730 3564 hac
752 3511 940 3581 opella
971 3510 1257 3581 quasdam
1289 3508 1612 3563 sententias
1643 3509 1815 3577 atque
1866 3507 2133 3576 exempla
2176 3507 2423 3576 reperiri
2454 3507 2770 3560 Ambrosio
2816 3506 2963 3560 satis
2999 3506 3331 3574 familiaria,
3365 3507 3425 3560 in
3458 3507 3572 3561 hoc

133 3599 327 3666 quidem
358 3602 724 3655 momentum
753 3599 990 3671 aliquod
1021 3600 1222 3654 inesse
1271 3614 1387 3652 non
1419 3597 1767 3664 inficiamur,
1817 3595 1925 3651 sed
1959 3595 2100 3648 illud
2151 3595 2305 3649 haud
2337 3598 2646 3665 propterea
2691 3593 2982 3661 Achillaei,
3018 3597 3080 3648 ut
3127 3597 3362 3664 vocant,
3398 3611 3584 3667 argu-

134 3689 274 3741 menti
304 3688 429 3744 loco
460 3688 803 3742 habendum
833 3691 943 3757 est,
980 3703 1114 3741 cum
1142 3687 1416 3741 diversos
1455 3687 1728 3740 auctores
1760 3685 1819 3738 in
1850 3684 2145 3738 similibus
2195 3685 2512 3738 convenire
2541 3699 2658 3737 non
2709 3684 2785 3738 sit
2818 3683 3105 3737 insolens.
3145 3684 3322 3753 Atqui
3355 3687 3417 3738 ut
3448 3700 3576 3738 ma-

136 3775 259 3829 xime
289 3782 583 3832 constaret
614 3780 913 3832 auctorem
945 3777 1126 3848 hujus
1161 3775 1358 3846 operis
1388 3791 1506 3830 non
1535 3790 1672 3829 esse
1707 3773 2106 3840 Ambrosium,
2160 3772 2341 3827 nihilo
2372 3773 2543 3826 etiam
2577 3773 2771 3826 minus
2818 3771 2875 3824 id
2907 3775 3132 3825 certum
3167 3775 3350 3840 esset,
3383 3773 3576 3827 eidem

138 3860 247 3918 fetui
276 3871 488 3936 patrem
520 3867 748 3921 doctori
778 3870 983 3920 nostro
1019 3868 1186 3920 aetate
1216 3865 1452 3918 minime
1484 3863 1824 3918 inferiorem
1856 3863 2328 3931 attribuendum;
2364 3862 2843 3933 quandoquidem
2875 3861 3049 3915 etiam
3080 3864 3202 3915 tum
3235 3863 3334 3932 qui
3361 3863 3584 3917 cultum

139 3950 278 4008 idolis
309 3957 676 4024 exhiberent,
706 3956 907 4025 plures
939 3955 1148 4022 fuisse,
1183 3971 1292 4008 nec
1324 3969 1545 4024 paucos
1578 3953 1749 4007 etiam
1780 3951 1878 4024 qui
1899 3967 2071 4005 sacro
2098 3950 2404 4004 Paschatis
2425 3949 2574 4003 festo
2601 3949 2992 4018 initiarentur,
3028 3965 3095 4002 ac
3126 3950 3359 4004 tandem
3386 3966 3591 4004 eorum

137 4053 161 4091 θ
184 4043 374 4112 quibus
406 4046 560 4100 inter
590 4048 843 4099 aeternas
875 4060 1082 4114 pinnas
1113 4047 1286 4114 atque
1317 4042 1568 4114 gloriam
1599 4043 1787 4094 status
1810 4039 2048 4110 quidam
2076 4039 2306 4094 medius
2337 4038 2768 4107 admittebatur,
2803 4053 3067 4092 errorem
3085 4037 3358 4110 viguisse
3393 4040 3576 4094 mani-

140 4127 318 4187 festum
347 4138 435 4189 est
466 4136 620 4204 (cap.
655 4134 707 4201 8,
742 4150 900 4187 num.
937 4133 1048 4202 85).

194 4219 305 4275 Non
328 4224 671 4295 ignoramus
703 4223 968 4277 Nicolam
1002 4222 1312 4276 Daciarum
1343 4221 1708 4291 episcopum,
1741 4218 2043 4274 Gennadio
2076 4218 2156 4288 (in
2185 4217 2390 4287 Catal.)
2423 4219 2591 4286 teste,
2628 4216 2868 4271 dedisse
2902 4215 2977 4269 ad
3022 4215 3246 4286 lapsam
3283 4216 3582 4287 virginem

141 4304 381 4380 libellum,
415 4312 688 4367 omnibus
719 4310 1059 4366 labentibus
1092 4310 1527 4364 emendationis
1556 4307 1939 4375 incentivum,
1974 4311 2147 4379 atque
2179 4307 2325 4361 adeo
2359 4322 2476 4362 non
2524 4307 2738 4361 deesse
2770 4307 2934 4360 viros
2963 4305 3247 4374 eruditos,
3291 4305 3392 4376 qui
3421 4306 3580 4360 hunc

141 4393 298 4463 ipsum
326 4400 537 4455 librum
572 4403 624 4454 ei
654 4404 929 4471 tanquam
961 4416 1102 4454 vero
1133 4399 1370 4454 domino
1404 4398 1835 4453 restituendum
1865 4398 2148 4452 scribant.
2186 4400 2260 4450 At
2289 4395 2445 4451 enim
2476 4396 2612 4467 quid
2665 4397 2821 4449 vetat
2853 4394 3170 4448 Ambrosio
3201 4409 3436 4464 quoque
3468 4409 3582 4448 oc-

143 4486 421 4559 casionem,
455 4490 613 4544 unde
665 4490 735 4542 ad
767 4489 1133 4542 tractandum
1180 4488 1334 4542 idem
1367 4491 1778 4559 argumentum
1822 4487 2219 4555 induceretur,
2255 4486 2471 4539 nasci?
2520 4484 2690 4539 Certe
2723 4483 2927 4537 Basilii
2979 4485 3171 4536 exstat
3200 4481 3450 4551 epistola
3495 4481 3590 4549 (ad

143 4571 277 4646 Virg.
309 4578 502 4648 Laps.)
533 4579 806 4649 ejusdem
836 4578 1094 4632 materias
1127 4580 1300 4648 atque
1333 4577 1712 4648 epigraphes.
1750 4576 1820 4630 Et
1847 4575 2001 4646 apud
2031 4575 2416 4629 Ambrosium
2444 4575 2642 4644 ipsum
2675 4573 2727 4626 si
2761 4572 2932 4642 virgo
2964 4570 3180 4623 Indicia
3216 4569 3350 4622 falsi
3383 4568 3587 4622 crimi-

143 4662 216 4714 nis
243 4667 410 4732 potuit
436 4667 729 4735 accusari,
764 4667 949 4736 potuit
979 4670 1033 4718 et
1063 4665 1176 4718 alia
1206 4665 1330 4719 veri
1364 4665 1557 4734 (epist.
1592 4665 1665 4717 ad
1694 4664 2050 4736 Syagrium).
2084 4664 2373 4729 Quocirca
2401 4661 2613 4715 rationi
2646 4660 2837 4730 magis
2875 4674 3203 4713 consonum
3237 4657 3379 4710 nihil
3414 4658 3584 4712 vide-

143 4751 232 4817 tur,
255 4769 414 4823 quam
443 4759 505 4810 ut
537 4757 764 4809 huncce
797 4758 1104 4808 tractatum
1135 4754 1478 4808 auctoritate
1509 4754 1626 4808 edit
1666 4770 1734 4807 ac
1767 4769 1912 4807 mss.
1975 4753 2254 4818 omnium,
2290 4750 2344 4803 si
2399 4747 2790 4803 recentiorem
2821 4761 3002 4798 unum
3061 4744 3347 4814 excipias,
3383 4761 3415 4797 a
3474 4761 3592 4816 quo

146 4852 408 4910 perperam
439 4845 715 4898 tribuitur
746 4843 956 4898 Joanni
976 4844 1424 4913 Chrysostomo,
1457 4843 1608 4896 inter
1636 4841 2062 4895 Ambrosianas
2095 4840 2240 4892 alias
2265 4853 2397 4908 quae
2429 4837 2502 4889 ad
2534 4835 2935 4906 virginitatem
2967 4836 3258 4902 spectant,
3284 4849 3593 4888 commen-

146 4928 354 4985 lationes
384 4935 792 4988 retineremus.
831 4933 900 4985 Et
932 4932 1170 5004 quidem
1201 4932 1399 4985 nullus
1433 4935 1524 4986 est
1546 4932 1686 5002 quin
1719 4930 1967 4984 fateatur
1998 4945 2132 4983 cum
2163 4931 2219 4981 et
2248 4923 2563 4979 Ambrosio
2599 4923 2844 4995 dignum
2874 4937 3032 4991 esse,
3072 4925 3124 4976 et
3159 4923 3469 4992 multiplici
3493 4939 3594 4977 ve-

149 5016 261 5070 teris
289 5019 565 5076 Ecclesiae
598 5022 909 5092 disciplina
939 5022 1257 5075 refertum:
1312 5021 1420 5075 sed
1451 5021 1609 5091 quod
1639 5019 1908 5074 eumdem
1938 5033 2042 5088 pro
2073 5015 2324 5086 epistola
2374 5012 2567 5067 cuncti
2600 5013 2722 5067 fere
2775 5012 3049 5080 habeant,
3084 5011 3184 5083 qui
3241 5012 3314 5065 de
3349 5011 3448 5066 illo
3482 5012 3593 5065 ali-

150 5104 259 5170 (μιῙά
286 5110 585 5179 tradidere,
620 5111 679 5164 in
710 5126 779 5165 eo
815 5111 1147 5165 certissime
1180 5113 1434 5164 erratum
1465 5111 1574 5164 est.
1626 5109 1774 5162 Nam
1807 5123 1839 5162 e
1887 5106 2172 5162 concione
2204 5105 2400 5174 ipsum
2449 5106 2723 5156 constare
2757 5101 2849 5155 vel
2899 5101 3028 5156 sola
3059 5101 3133 5155 ad
3178 5105 3592 5171 corruptorem

152 5199 459 5269 apostropha
492 5202 728 5272 planum
761 5200 899 5255 facit
927 5202 1081 5272 (cap.
1115 5200 1168 5271 9,
1203 5214 1362 5254 num.
1396 5199 1485 5269 38,
1522 5204 1579 5254 et
1612 5199 1784 5271 scq.).
