4024 6176
1950 288 2016 354 S.
2064 289 2510 361 AMBROSH.

499 479 3841 523 “MM

1059 650 1959 828 SANCTI
2095 656 3313 841 AMBROSII

1620 967 2315 1034 MEDIOLANENSIS
2362 972 2751 1036 EPISCOPI

705 1147 911 1271 DE
1015 1150 1555 1278 LAPSU
1667 1160 2396 1287 VIBGINIS
2502 1166 3622 1289 CONSECRATIE

1750 1407 2071 1489 LIBER
2156 1405 2463 1488 UNUS.

827 1718 974 1791 305
1004 1735 1256 1795 CAPUT
1285 1739 1611 1797 PRIMUM.

446 1851 761 1934 Silentium
796 1859 1093 1932 abrumpit
1126 1870 1353 1934 auctor,
1399 1870 1458 1921 et
1493 1880 1696 1922 omnes
1726 1870 1785 1920 ut
1817 1862 2111 1919 Ecclesiae

508 1933 760 2009 propter
776 1944 967 2009 sacrae
996 1934 1255 2005 virginis
1275 1933 1708 2009 corruptionem
1730 1935 1969 2009 lugenti
1980 1950 2113 2009 cou-

516 1997 768 2081 tloleant,
794 2005 1016 2081 excitat
1040 2025 1057 2059 :
1085 1997 1500 2081 prepositaque
1529 1997 1889 2080 indignitate
1927 2004 2102 2077 [legi-

518 2074 607 2137 tii,
640 2085 804 2126 suum
834 2089 901 2128 ac
931 2074 1005 2129 de
1037 2074 1107 2131 re
1130 2074 1353 2150 promit
1384 2074 1719 2135 maerorem.

518 2190 568 2248 1.
600 2190 750 2259 Quid
798 2199 959 2253 taces
989 2194 1089 2270 (1),
1152 2198 1378 2271 anima;
1440 2202 1582 2273 quid
1642 2200 2102 2272 cegitationibus

448 2281 669 2340 metuas
696 2294 710 2355 ς
743 2283 883 2358 quid
912 2304 1029 2345 non
1053 2292 1317 2362 erumpis
1343 2293 1401 2346 in
1426 2307 1653 2360 vocem,
1675 2295 1732 2346 et
1761 2290 1975 2346 mentis
1997 2293 2112 2343 tum

446 2375 697 2445 exponis
716 2377 1006 2446 ardorem,
1034 2383 1095 2434 ut
1122 2380 1361 2452 aliquod
1398 2378 1674 2436 solatium
1710 2378 1911 2450 capias
1934 2380 1961 2433 ‘?
1992 2377 2119 2434 Hoc

443 2461 635 2533 plane,
669 2464 781 2519 hoc
812 2467 921 2521 erit
951 2468 1123 2540 quasi
1150 2469 1474 2525 remedium
1498 2468 1874 2541 aegritudinis
1896 2471 2035 2536 tuae,
2065 2467 2119 2522 si

445 2556 647 2621 aperto
665 2569 767 2608 ore
786 2559 1132 2627 conceptum
1154 2558 1393 2630 digeras
1423 2559 1649 2614 scelus.
1675 2558 1826 2612 Nam
1861 2560 1918 2612 et
1945 2556 2118 2611 ulcus

447 2635 717 2710 quamvis
738 2638 1041 2714 tumidum,
1076 2659 1208 2702 cum
1240 2643 1417 2702 fuerit
1451 2650 1717 2717 apertum
1754 2643 1854 2716 (2),
1888 2661 2109 2715 evapo-

447 2743 587 2784 rans
619 2734 860 2800 praestat
888 2733 1266 2806 refrigerium
1297 2736 1622 2806 passionis.

518 2817 571 2874 2.
599 2818 810 2876 Audite
834 2837 925 2878 me
945 2838 1122 2893 nunc,
1149 2823 1250 2895 qui
1287 2840 1469 2895 prope
1493 2825 1659 2893 estis,
1701 2826 1758 2878 et
1776 2823 1874 2894 qui
1913 2822 2115 2895 longe,

446 2909 505 2963 et
529 2908 627 2978 qui
662 2909 878 2965 timetis
922 2910 1254 2982 Dominum,
1305 2916 1362 2967 et
1390 2912 1681 2967 Ecclesiae
1713 2909 1848 2982 ejus
1895 2910 2115 2983 gaudio

449 2990 857 3089 ocnga-udetis,
882 3000 938 3054 et
956 2999 1210 3056 tristitiae
1234 3000 1570 3073 conlugetis
1597 3016 1612 3069 ;
1637 3001 1794 3057 sicut
1827 2999 2116 3070 scriptum
2147 3027 2198 3089 Β

447 3088 576 3141 est:
612 3086 1024 3142 Gauderecum
1037 3089 1459 3160 gaudentibus,
1476 3094 1535 3146 et
1559 3089 1711 3145 ﬂere
1749 3106 1877 3144 cum
1912 3089 2116 3144 [leuti-

445 3173 556 3230 bus
574 3175 762 3245 (Hom.
786 3193 888 3246 xu,
914 3175 1022 3247 15).
1051 3178 1192 3248 Vos,
1232 3179 1492 3251 inquam,
1524 3178 1754 3249 appello
1784 3177 1885 3249 qui
1916 3176 2115 3232 chari-

444 3266 621 3319 tatem
665 3263 889 3321 Christi
934 3266 1312 3322 verissimam
1353 3268 1646 3336 retinetis,
1679 3270 1735 3321 et
1782 3281 1965 3337 super
1995 3265 2113 3319 ini-

445 3353 813 3424 quitatenon
843 3355 1135 3428 gaudetis,
1170 3357 1276 3412 sed
1310 3358 1507 3428 potius
1538 3355 1955 3429 ingemiscitis.
1988 3354 2114 3409 Ad-

443 3442 652 3497 vortite
684 3444 865 3498 verba
896 3444 1018 3499 oris
1050 3446 1165 3499 mei
1195 3445 1293 3515 (3),
1327 3448 1384 3500 et
1432 3462 1564 3517 quae
1597 3460 1673 3500 ex
1711 3443 1879 3516 justo
1908 3443 2113 3499 dolore

444 3531 789 3601 procedunt,
820 3531 1115 3603 judicate;
1147 3536 1205 3589 et
1234 3534 1448 3589 detecti
1472 3533 1722 3590 sceleris
1771 3532 2112 3604 qualitatem

442 3634 672 3674 mecum
704 3620 925 3691 pariter
951 3621 1317 3692 perhorrete.

510 3707 566 3764 3.
593 3708 774 3782 Virgo
805 3710 1043 3781 nobilis,
1065 3711 1256 3767 dicata
1284 3711 1821 3782 Christo,sapiens,
1853 3709 2103 3779 erudita,

440 3796 558 3852 ruit
584 3797 646 3851 in
696 3798 929 3854 foveam
967 3801 1369 3872 turpitudinis,
1418 3801 1687 3872 concepit
1735 3800 2020 3867 dolorem,
2053 3801 2111 3853 et

440 3886 667 3956 peperit
692 3888 1096 3959 iniquitatem:
1129 3906 1197 3946 se
1228 3890 1500 3961 perdidit,
1533 3893 1590 3945 et
1620 3888 1951 3945 Ecclesiam
1980 3902 2109 3942 ma-

441 3973 675 4034 culavit.
703 3976 854 4030 Hinc
878 3978 1068 4033 omnis
1092 3979 1285 4034 anima
1305 3978 1636 4034 Christiana
1674 3993 1857 4051 grave
1888 3976 2107 4032 vulnus

440 4063 710 4134 excepit;
734 4065 869 4135 quia
891 4070 1162 4122 sanctum
1207 4068 1403 4122 datum
1425 4071 1515 4122 est
1548 4067 1816 4137 canibus,
1869 4069 1926 4121 et
1957 4080 2109 4120 mar-

439 4151 646 4224 garitae
679 4154 882 4209 missae
928 4158 1066 4210 sunt
1095 4159 1228 4212 ante
1273 4172 1490 4227 porcos
1539 4156 1778 4225 (Matth.
1815 4173 1912 4226 vn,
1946 4154 2040 4224 6):
2073 4169 2107 4208 a

438 4240 664 4298 rabidis
692 4244 849 4298 enim
878 4243 1220 4300 hominibus
1252 4260 1466 4301 nomen
1497 4246 1817 4300 laceratum
1849 4246 1940 4300 est
1960 4259 2106 4298 san-

439 4340 673 4405 ctitatis,
728 4345 786 4397 et
831 4343 905 4398 ab
955 4344 1276 4400 immundis
1307 4348 1364 4400 et
1394 4345 1568 4401 luteis
1598 4343 1927 4415 pretiosum
1956 4331 2101 4398 306

438 4430 845 4488 conculcatum
867 4436 960 4489 est
988 4436 1361 4506 propositum
1391 4434 1702 4490 castitatis.

507 4573 758 4650 (t)AHaac
790 4576 982 4650 omnia
1028 4576 1337 4650 usquead
1366 4579 1721 4650 sequentem
1765 4588 2097 4642 numerum,

436 4661 569 4719 qum
591 4647 650 4702 in
668 4648 1079 4718 superioribus
1098 4647 1189 4704 e'd.
1214 4647 1727 4717 desiderabantur,
1771 4650 1993 4701 nostrae
2024 4659 2101 4701 ex

433 4718 584 4771 mss.
644 4718 1001 4774 Floriacensi
1053 4735 1124 4774 ac
1158 4721 1346 4775 Regio
1395 4724 1672 4775 montano
1725 4719 2097 4773 acesserunt.

437 4785 656 4868 Eadem
668 4804 902 4862 quoque
911 4792 973 4868 in
990 4785 1598 4868 Pseudo-Hieronymi
1615 4793 1810 4868 existat
1823 4787 2093 4868 epistola:

437 4856 1153 4929 sedulis—praemittuntur
1185 4863 1405 4918 ibidem
1423 4856 1535 4917 ista
1568 4861 1777 4916 verba:
1815 4856 1970 4914 Puto
1996 4857 2099 4929 le-

445 4928 761 5006 viusjesse
794 4932 1178 5006 crimeu,_ubi
1221 4935 1389 5006 lzomo
1410 4939 1713 5006 peccatum
1744 4947 1909 5006 suum
1944 4928 2100 5006 ultro

439 5001 773 5072 conﬁtetur,
800 5018 964 5072 quam
1002 5003 1103 5057 ubi
1139 5004 1340 5059 celans
1371 5001 1521 5058 mala
1552 5004 1738 5057 ivitus
1772 5001 2093 5072 delegitur,

437 5075 499 5142 et
520 5068 1094 5142 uolenspublicatur.
1121 5074 1305 5129 Nemo
1337 5079 1530 5130 autem
1560 5090 1677 5130 non
1712 5073 1871 5128 videt
1890 5068 2097 5127 eadem

437 5140 536 5196 illa
588 5140 855 5213 pugnare
881 5159 1014 5197 cum
1072 5148 1262 5199 mente
1291 5148 1583 5213 auctoris;
1646 5145 1742 5200 hic
1773 5144 1930 5199 enim
1976 5159 2095 5197 non

439 5228 635 5289 suum,
659 5213 766 5268 sed
786 5213 1041 5268 alienum
1060 5215 1282 5289 crimen
1303 5217 1541 5289 detegit.
1564 5218 1717 5289 Nam
1752 5216 1909 5289 quod
1943 5214 2096 5289 infra

439 5283 655 5358 dicitur
684 5291 1025 5358 conceptum,
1067 5284 1282 5351 scelus,
1315 5283 1713 5358 ihoc’quidem
1762 5283 1904 5341 nihil
1937 5285 2097 5339 aliud

438 5355 657 5428 signat,
691 5356 812 5430 nisi
856 5355 1158 5430 cognitum
1204 5357 1407 5430 scelus
1438 5355 1513 5430 cf
1538 5358 1773 5430 silentio
1806 5358 2093 5430 hactenus

438 5426 734 5503 pressum.
761 5426 891 5503 Huc
908 5426 1079 5503 etiam
1093 5428 1321 5503 accedit
1340 5428 1498 5500 quod
1517 5428 1732 5503 eadem
1745 5430 1927 5484 verba
1962 5427 2096 5503 sine

436 5497 554 5571 ulla
584 5498 713 5571 fere
740 5499 1055 5561 mutatione
1113 5497 1503 5570 reperiuntur,
1547 5515 1673 5571 cap.
1707 5500 1760 5567 8,
1811 5497 2094 5571 num.‘36,

436 5570 591 5641 unde
613 5569 686 5625 ab
703 5570 972 5640 imperito
1000 5569 1277 5641 quopiam
1305 5571 1364 5628 in
1395 5571 1551 5628 hunc
1582 5569 1777 5625 locum
1815 5569 2099 5625 translata

436 5588 591 5634 unae
613 5588 686 5625 an
703 5588 972 5640 imperito
1043 5588 1277 5641 uopiam
1305 5589 1323 5626 ι

435 5640 629 5713 fuisse
657 5641 872 5713 oppido
904 5588 1187 5699 credibile
1217 5646 1328 5699 est.

506 5707 587 5789 (ἓ)
632 5707 1316 5798 ΡᾱὸιιὰοοΗίθτοηγωιιε,
1374 5730 1502 5783 cum
1558 5712 1745 5781 fuerit
1794 5711 2095 5785 tumidum,

2138 1699 2199 1762 Α
2297 1719 2349 1776 4.
2384 1720 2535 1776 Hinc
2574 1725 2760 1777 aestus
2790 1718 2984 1778 animo
3035 1738 3185 1793 meo,
3220 1722 3360 1778 hinc
3400 1719 3735 1776 insanabilis
3761 1717 3852 1772 do-

2225 1807 2349 1881 lor;
2380 1812 2459 1881 (4)
2482 1813 2619 1884 quia
2642 1828 2822 1868 unum
2843 1813 3060 1868 malum
3080 1813 3236 1868 bona
3256 1812 3505 1883 plurima
3541 1823 3735 1865 secum
3751 1810 3854 1861 tra-

2225 1898 2310 1953 hit
2332 1915 2345 1954 :
2378 1902 2435 1955 et
2455 1901 2633 1955 unius
2656 1901 2945 1957 nubecula
2964 1901 3314 1974 peccatricis
3336 1903 3516 1956 totam
3533 1897 3856 1970 penelucem

2225 1988 2566 2044 obscuravit
2586 1990 2896 2045 Ecclesiae.
2918 1992 3237 2046 Assumam
3253 2005 3400 2062 ergo
3418 2004 3619 2044 vocem
3634 1985 3856 2058 prophe-

2223 2078 2418 2148 ticam,
2442 2081 2499 2133 et
2520 2079 2794 2134 flebiliter
2813 2079 3003 2133 dicam
3029 2095 3041 2134 :
3076 2080 3301 2133 Audite
3315 2094 3426 2147 me,
3452 2091 3646 2132 omnes
3660 2073 3855 2146 populi,

2226 2173 2285 2222 et
2319 2167 2518 2222 videte
2549 2167 2810 2223 dolorem
2848 2184 3038 2222 meum
3068 2168 3320 2237 (Tliren.
3362 2186 3400 2235 ι,
3436 2166 3559 2236 1Q):
3607 2163 3848 2235 virglnes

2225 2271 2371 2310 meae
2388 2256 2716 2328 etjuvenes
2741 2257 2855 2311 mei
2893 2256 3166 2311 abierunt
3185 2256 3245 2310 in
3285 2255 3689 2326 captivitatem.
3721 2251 3852 2305 Vere

2224 2344 2354 2399 haec
2399 2348 2492 2400 est
2539 2345 2866 2415 captivitas,
2898 2345 3001 2400 ubi
3030 2346 3243 2399 animae
3287 2360 3322 2398 a
3352 2347 3591 2415 peccato
3632 2340 3852 2410 captiva

2224 2433 2518 2488 ducuntur
2560 2434 2635 2488 ad
2665 2438 2932 2504 mortem,
2978 2437 3036 2489 et
3074 2450 3108 2488 a
3154 2433 3449 2489 diabolica
3495 2429 3858 2487 dominatione

2224 2523 2629 2593 possidentur.

2881 2628 3134 2686 CAPUT
3168 2630 3235 2685 ΙΙ.

2228 2754 2577 2828 Corruptela
2622 2754 2977 2828 alloquitur:
3003 2760 3099 2828 _et_
3144 2752 3341 2828 qualis
3386 2768 3661 2828 quamque
3712 2750 3862 2805 beata

2295 2825 2482 2902 fuerit
2514 2832 2652 2902 ante
2683 2825 2910 2902 crimen
2941 2825 3281 2902 admissum,
3317 2825 3570 2902 inquam
3606 2835 3866 2902 verepes-

2301 2902 2393 2951 tea
2424 2897 2723 2953 deciderit
2754 2896 3146 2952 calamitatem
3179 2912 3247 2951 ac
3273 2895 3714 2968 turpitudinem,
3755 2895 3866 2964 ejus

2299 2968 2487 3023 oculis
2513 2968 2780 3041 subjicit.

2297 3092 2351 3148 6.
2385 3094 2475 3149 Ad
2504 3096 2560 3148 te
2591 3108 2736 3166 ergo
2789 3109 2944 3148 nunc
2975 3092 3117 3147 mihi
3165 3106 3367 3147 sermo
3399 3090 3498 3159 sit,
3544 3106 3672 3163 qum
3716 3086 3866 3157 caput

2227 3183 2440 3239 horum
2466 3185 2524 3238 et
2549 3198 2728 3237 causa
2760 3182 3049 3237 malorum
3081 3197 3168 3249 es,
3205 3197 3341 3253 qum
3372 3179 3759 3252 multipliciter
3783 3172 3871 3228 mi-

2226 3287 2364 3328 sera
2377 3287 2509 3328 cum
2524 3271 2713 3344 gloria
2723 3270 3084 3343 virginitatis
3103 3286 3319 3326 nomen
3351 3270 3526 3326 etiam
3555 3262 3836 3341 perdidisti
3856 3276 3869 3327 ς

2226 3361 2395 3417 nefas
2435 3364 2528 3417 est
2565 3361 2722 3416 enim
2756 3360 3089 3415 Suzannam
3118 3359 3323 3414 vocari
3354 3375 3475 3414 non
3506 3361 3739 3425 castam,
3769 3367 3870 3408 non

2225 3449 2363 3505 licet
2392 3450 2577 3505 lilium
2618 3449 2909 3505 nominari
2941 3447 3099 3520 quod
3131 3463 3248 3503 non
3278 3463 3345 3502 es
3400 3449 3502 3518 (5).
3539 3445 3702 3502 Unde
3745 3439 3873 3497 inci-

2224 3538 2426 3610 piam?
2473 3539 2614 3611 quid
2645 3539 2920 3610 primum,
2965 3536 3108 3609 quid
3154 3536 3429 3591 ultimum
3459 3534 3691 3591 dicam?
3731 3531 3870 3586 Bona

2224 3643 2680 3684 commemorem
2741 3643 2874 3699 quae
2905 3625 3265 3698 perdidisti?
3327 3642 3406 3680 an
3452 3626 3600 3680 mala
3653 3621 3872 3679 deﬂeam

2223 3732 2357 3788 quae
2387 3716 2718 3771 invenisti?

2291 3805 2345 3860 6.
2368 3805 2518 3860 Eras
2540 3804 2708 3877 virgo
2728 3805 2789 3859 in
2831 3805 3111 3875 paradiso
3136 3803 3262 3873 Dei,
3306 3805 3513 3876 utique
3536 3804 3685 3857 inter
3716 3799 3871 3854 ﬂores

2221 3893 2543 3950 Ecclesia):
2576 3909 2712 3950 eras
2750 3909 2975 3965 sponsa
2997 3890 3242 3962 Christi,
3276 3908 3415 3947 eras
3462 3891 3733 3962 templum
3762 3881 3869 3952 Dei,

2220 3998 2355 4038 eras
2374 3982 2772 4039 habitaculum
2812 3982 3068 4053 Spiritus
3117 3981 3327 4037 sancti.
3361 3981 3439 4036 Et
3468 3997 3601 4036 cum
3632 3979 3754 4032 dico
3794 3978 3872 4027 to-

2218 4072 2332 4127 ties
2380 4087 2516 4126 eras
2548 4071 2646 4142 (6),
2679 4087 2935 4127 necesse
2967 4075 3059 4126 est
3087 4071 3261 4126 toties
3308 4070 3674 4143 ingemiscas
3701 4108 3714 4134 ,
3755 4061 3872 4136 quia

2216 4176 2338 4216 non
2366 4175 2433 4216 es
2464 4160 2622 4232 quod
2656 4160 2841 4215 fuisti.
2875 4159 3202 4215 Incedebas
3232 4159 3294 4213 in
3325 4158 3601 4213 Ecclesia
3624 4161 3872 4226 tanquam

2217 4249 2488 4305 columba
2512 4250 2629 4318 illa,
2650 4249 2722 4304 de
2741 4265 2855 4321 qua
2880 4248 3165 4320 scriptum
3186 4252 3313 4304 est:
3354 4249 3585 4304 Panum
3619 4238 3873 4301 columbae

2216 4337 2649 4409 deargeutatae,
2677 4345 2737 4393 et
2763 4339 3102 4410 posteriora
3125 4337 3294 4392 dorsi
3312 4337 3443 4410 ejus
3464 4338 3525 4392 in
3543 4335 3735 4408 specie
3754 4325 3873 4385 auri

2136 4441 2188 4504 ο
2215 4427 2293 4499 (7)
2334 4426 2522 4497 (Psal.
2562 4444 2739 4493 vau,
2781 4425 2889 4496 14).
2925 4426 3292 4498 Splendebas
3324 4430 3387 4481 ut
3417 4430 3739 4500 argentum,
3772 4418 3876 4475 ful-

2217 4571 2486 4654 quamvis
2513 4575 2913 4643 suppuratum,
2948 4586 3298 4643 evaporaus,
3332 4572 3447 4627 etc.
3508 4569 3700 4625 Minus
3732 4577 3862 4620 con-

2216 4657 2412 4697 omne.

2286 4713 2364 4783 (3)
2392 4713 2539 4769 Mss.
2573 4713 2861 4781 nonnulli,
2887 4714 2938 4768 A
2981 4713 3237 4768 veritate
3258 4713 3441 4768 verba
3466 4713 3593 4769 oris
3616 4708 3746 4777 mei,
3764 4708 3871 4770 etc.

2402 4788 2459 4840 et
2487 4785 2661 4856 pauci
2692 4800 2864 4853 mss.,
2901 4791 2959 4842 et
3007 4800 3080 4839 an
3127 4799 3207 4840 ex
3237 4785 3404 4857 justo
3443 4784 3648 4840 dolore
3673 4791 3868 4854 proce-

2257 4872 2332 4911 an
2367 4898 2379 4910 .

2257 4861 2379 4911 aut.

2283 4927 2364 5003 (ἢ
2395 4925 2632 5003 ᾼΙίίῐιιρι
2661 4942 2833 5003 m_ss.,
2867 4928 3114 5003 insanus
3134 4927 3301 4983 dolor
3321 4945 3341 4993 ;
3370 4941 3548 5003 unus,
3582 4916 3871 5003 insatiabi-

2211 4994 2303 5124 ἔφ’
2323 4994 2527 5124 (11910th
2561 4998 2763 5054 Lectio
2811 4994 3008 5054 minus
3036 4999 3303 5071 elegans,
3357 5001 3415 5052 at
3447 4994 3611 5068 prior
3640 4994 3862 5050 minime

2254 5085 2348 5124 isn
2374 5086 2465 5124 tce
2497 5112 2509 5124 .

2254 5069 2509 5138 isplicet.

2282 5131 2359 5211 (5)
2389 5141 2608 5216 omnes
2629 5142 2776 5216 edit.
2808 5158 2877 5195 ac
2908 5158 3054 5216 mss.
3090 5158 3206 5216 non
3237 5140 3408 5216 pauci
3439 5154 3587 5216 cum.
3608 5131 3856 5216 Pseudo-

2212 5204 2568 5285 Hi‘ernWNon
2617 5212 2757 5285 licet
2810 5214 3103 5285 nominari
3133 5204 3283 5285 quo'd
3312 5216 3445 5273 est;
3490 5209 3589 5263 alii
3634 5204 3856 5285 aliquot,

2214 5299 2326 5337 non
2347 5283 2534 5356 lilium
2573 5284 2886 5347 nominari.
2931 5284 3081 5356 quod
3116 5277 3229 5339 ιὶοη
3252 5289 3344 5356 est
3362 5302 3388 5356 ί
3409 5285 3469 5335 at
3500 5277 3855 5356 manifestum

2212 5357 2302 5430 est
2330 5355 2404 5410 ad
2435 5356 2757 5430 perfectam
2788 5350 3169 5430 sententiam”
3190 5371 3266 5409 ex
3297 5354 3434 5430 aliis
3467 5356 3539 5430 μοι
3569 5350 3863 5430 θάἱῐλνθηιις

2213 5425 2356 5480 bum
2387 5414 2817 5481 accersendum
2846 5441 3004 5481 esse.
3041 5426 3172 5480 Lilii
3210 5440 3389 5496 porro
3420 5423 3519 5477 hic
3550 5418 3761 5475 mentio
3792 5414 3871 5479 ﬁt,

2214 5497 2371 5568 quod
2403 5497 2693 5553 Susannae
2715 5497 3004 5553 vocabulo
3036 5498 3147 5553 llos
3169 5497 3285 5566 ille,
3313 5511 3428 5552 non
3451 5508 3631 5549 secus
3653 5506 3719 5545 ac
3736 5500 3862 5544 rosa

2217 5569 2267 5622 si
2276 5569 2652 5639 gniﬂcentur.

2290 5639 2367 5709 (6)
2398 5639 2574 5708 Edit.,
2607 5640 2944 5709 thuoties
2973 5641 3124 5697 dico.

2290 5711 2368 5784 (Ἰ)
2401 5711 2640 5770 Daedem
2672 5711 2905 5785 edit.,iu
2928 5712 3159 5787 pallore
3182 5711 3336 5769 auri.
