4024 6176
181 339 255 410 9E
1242 326 1498 402 LIBER
1525 324 1637 400 DE
1667 323 1948 401 LAPSU
1989 322 2392 398 VIRGINIS.
2427 431 2432 435 _

212 547 276 600 Et.
308 545 462 599 Dicet
503 543 749 614 aliquis:
789 542 1014 598 Melius
1058 547 1148 596 est
1180 540 1407 597 nubere
1447 538 1560 610 (21)
1599 554 1764 611 quam
1795 524 1839 590 Α

171 633 295 702 εη’(1
317 633 444 687 Cor.
475 650 575 701 vn,
605 634 681 698 9).
733 632 857 686 Hoc
904 631 1122 685 dictum
1167 631 1240 684 ad
1283 646 1401 685 non
1446 628 1764 699 pollicitam

159 725 373 794 pertinet,
398 723 467 775 ad
491 721 747 776 nondum
768 720 1039 774 velatam.
1061 719 1354 774 Caeterum
1370 735 1503 790 quae
1527 733 1594 772 se
1619 732 1762 787 spo-

154 813 314 884 pondit
337 810 585 879 Christo,
639 814 695 865 et
734 815 1002 863 sanctum
1051 809 1319 862 velamen
1349 807 1598 877 accepit,
1637 805 1763 876 jam

151 899 789 970 nupsit,jamimmortali
810 898 1015 968 juncta
1056 901 1146 952 est
1167 898 1315 952 viro.
1337 896 1407 950 Et
1424 896 1546 967 jam
1579 895 1632 949 si
1653 909 1762 949 vo-

149 990 287 1043 luerit
311 989 526 1042 nubere
566 987 861 1041 communi
910 986 1043 1058 lege
1094 985 1380 1057 conjugii,
1414 984 1765 1040 adulterium

148 1082 414 1148 perpetrat,
448 1077 659 1130 ancilla
705 1076 912 1129 mortis
961 1075 1235 1128 efﬁcitur.
1267 1074 1330 1128 Si
1375 1074 1488 1128 hoc
1525 1073 1602 1126 ita
1651 1074 1762 1141 est,

148 1168 259 1237 quid
287 1167 351 1220 de
395 1166 493 1220 illa
523 1165 838 1219 dicendum
875 1169 966 1218 est
1003 1180 1134 1234 quae
1186 1163 1414 1218 occulta
1446 1165 1502 1216 et
1551 1161 1766 1215 furtiva

148 1255 457 1325 turpitudine
477 1256 913 1324 constupratur,
940 1257 996 1307 et
1012 1253 1180 1324 ﬁngit
1201 1268 1267 1306 se
1297 1267 1434 1306 esse
1455 1251 1613 1322 quod
1648 1265 1767 1304 non

147 1345 253 1398 est?
280 1344 480 1397 Habitu
497 1344 672 1414 virgo
694 1343 826 1411 (22),
853 1341 1007 1396 facto
1050 1357 1168 1396 non
1203 1341 1412 1414 virgo:
1456 1339 1552 1394 bis
1589 1338 1762 1394 adul-

144 1435 258 1499 tera,
288 1435 339 1487 et
369 1432 428 1486 in
458 1435 614 1502 actu,
650 1434 706 1486 et
737 1431 796 1484 in
824 1433 1088 1501 aspectu.

737 1536 990 1592 CAPUT
1027 1538 1122 1591 Vl.

144 1645 323 1716 Pergit
343 1662 406 1700 ea
424 1643 1140 1716 commemorare,quibus
1165 1642 1322 1696 illam
1345 1659 1376 1716 a
1401 1639 1768 1716 turpitudine

199 1711 479 1771 deterreri
499 1721 873 1788 oportuerat.
887 1711 1027 1788 Cum
1049 1721 1241 1768 autem
1267 1711 1606 1788 eademjam
1630 1717 1766 1788 ante

201 1789 495 1842 triennium
527 1783 802 1841 'sinistra
850 1786 1186 1840 laborasset
1236 1785 1529 1856 opinione,
1579 1783 1769 1856 ipsius

197 1861 484 1913 amentiam
497 1857 948 1930 miratur,quod,
959 1858 1248 1930 inimicos,
1259 1853 1570 1930 amicos,ac
1583 1853 1766 1907 Deum

196 1931 361 2055 ipsum
377 1930 636 2001 perinde
657 1928 972 2001 spernens,
995 1928 1213 1982 nullum
1247 1928 1473 1983 obicem
1497 1941 1606 1981 non
1621 1940 1768 1997 per-

219 2003 449 2055 reaerit.

219 2009 449 2074 regerit.

198 2108 270 2162 22.
302 2108 409 2163 Sed
442 2108 516 2163 ad
547 2111 604 2162 te
626 2109 837 2163 iterum
859 2107 1060 2176 redeo,
1087 2123 1241 2178 quae,
1269 2105 1626 2160 oblivionem
1643 2105 1769 2158 tan-

143 2200 300 2252 torum
327 2213 500 2269 passa
522 2198 836 2267 bonorum,
870 2196 1305 2266 receptaculum
1335 2197 1628 2248 tantorum
1655 2192 1768 2263 (23)

143 2286 390 2340 malorum
419 2286 575 2340 facta
607 2301 696 2340 es.
729 2284 1031 2350 Quomodo
1062 2284 1167 2339 tibi
1199 2284 1261 2338 in
1290 2286 1423 2337 actu
1453 2283 1552 2337 illo
1592 2282 1768 2348 igno-

143 2375 359 2430 minioso
376 2391 492 2430 non
514 2374 792 2430 veniebat
814 2375 874 2428 in
895 2376 1151 2428 mentem
1169 2373 1406 2427 habitus
1432 2371 1764 2443 virginalis,

143 2479 428 2533 processus
441 2466 500 2519 in
517 2463 850 2518 Ecclesium
861 2463 1014 2517 inter
1033 2463 1338 2534 virgineos
1351 2461 1568 2515 choros
1581 2461 1608 2513 ‘l
1623 2459 1773 2524 Quo-

144 2553 287 2608 modo
306 2554 507 2608 oculos
531 2556 668 2608 tuos
688 2569 803 2607 non
824 2551 1378 2624 perstringebatlux
1397 2550 1732 2622 vigiliarum
1754 2564 1766 2604 :

145 2656 288 2697 aures
322 2646 450 2698 tuas
490 2659 613 2697 non
652 2641 996 2713 penetrabat
1032 2641 1383 2711 hymnorum
1422 2639 1773 2710 spiritalium

146 2735 349 2787 cantus:
402 2736 662 2787 mentem
704 2736 862 2786 tuam
923 2747 1040 2785 non
1090 2729 1410 2784 ventilabat
1456 2729 1774 2782 lectionum

147 2821 432 2877 caelestium
461 2823 660 2876 virtus
686 2837 701 2889 ;
734 2821 870 2874 hinc
900 2820 994 2874 vel
1027 2819 1278 2873 maxime
1297 2818 1369 2872 ad
1399 2821 1454 2872 te
1486 2816 1771 2871 clamante

147 2910 409 2979 Apostolo,
426 2910 647 2982 Fugite
660 2909 1133 2973 fornicationem;
1148 2907 1279 2979 quia
1295 2922 1462 2961 omne
1469 2909 1771 2977 peccatum

149 2999 483 3072 quodcunque
499 2998 726 3054 fecerit
744 2999 1112 3067 homo,extra
1126 3011 1336 3067 corpus
1349 3002 1462 3050 est:
1477 2995 1576 3067 qui
1585 3001 1776 3049 autem

148 3085 458 3158 fornicatur,
493 3089 564 3142 in
597 3103 808 3158 corpus
845 3103 1009 3141 suum
1035 3091 1242 3157 peccat
1273 3084 1330 3154 (I
1357 3084 1490 3139 Cor.
1524 3100 1605 3154 v1,
1640 3082 1726 3152 18)
1749 3084 1778 3138 ?

149 3174 203 3229 Et
232 3193 349 3231 cum
387 3179 550 3247 dicit,
589 3177 660 3231 In
693 3193 903 3247 corpus
931 3192 1133 3239 suum;
1163 3178 1356 3228 tamen
1387 3173 1446 3227 in
1476 3172 1778 3228 Christum

153 3279 255 3318 cum
274 3282 511 3336 peccare
537 3267 921 3320 demonstrat.
939 3265 1087 3319 Nam
1110 3262 1447 3334 subjungit:
1471 3262 1568 3316 An
1586 3261 1779 3316 nesci-
1807 3272 1858 3338 ο

153 3355 215 3407 tis
231 3355 330 3425 (24)
352 3357 621 3428 quoniam
643 3354 909 3409 membra
944 3359 1144 3409 vestra
1171 3352 1440 3424 templum
1465 3358 1556 3406 est
1577 3351 1779 3423 Spiri-

157 3448 228 3496 tus
245 3446 440 3510 sancti,
467 3461 578 3517 quo
613 3443 852 3498 habetis
873 3460 904 3497 a
934 3443 1198 3512 Domino,
1225 3448 1283 3497 et
1315 3457 1426 3496 non
1450 3442 1602 3496 estis
1629 3432 1717 3495 31
1736 3434 1769 3496 1

158 3534 342 3597 vestri;
359 3534 538 3606 empti
553 3533 711 3588 enim
726 3533 876 3588 estis
882 3533 1083 3604 pretio
1095 3547 1304 3603 magno
1315 3551 1333 3596 ;
1350 3529 1699 3603 glorificatc,
1720 3535 1780 3585 et

154 3628 349 3689 portate
369 3623 554 3677 Deum
592 3623 656 3676 in
697 3637 943 3693 corpore
983 3627 1185 3675 vestro
1204 3620 1315 3691 (25)
1337 3619 1512 3690 (Ibid.
1547 3619 1634 3690 19,
1665 3619 1778 3688 20).

157 3707 211 3762 Et
235 3711 426 3765 iterum
459 3711 635 3766 dicit:
662 3709 1006 3764 Fornicatio
1025 3715 1216 3764 autem
1239 3715 1297 3764 et
1320 3709 1509 3763 omnis
1527 3709 1780 3762 immun-

157 3796 276 3852 ditia
306 3816 406 3855 nec
436 3801 780 3856 nominetur
805 3800 971 3854 inter
1005 3815 1126 3869 vos,
1161 3799 1314 3853 sicut
1343 3797 1513 3853 decet
1546 3803 1783 3853 sanctos

159 3885 366 3958 (Ephes.
398 3907 454 3961 v,
487 3890 567 3961 3).
604 3889 694 3954 Et,
722 3888 981 3959 seposita
1001 3888 1160 3943 omni
1175 3887 1528 3956 adulatione,
1553 3889 1785 3942 senten-

158 3975 269 4030 tiam
295 3978 414 4050 ﬁgit
445 3977 808 4050 Apostolus:
849 3976 991 4046 Hoc,
1038 3976 1245 4048 inquit,
1291 3976 1505 4030 scitote
1552 3975 1782 4030 intelli-

159 4071 336 4134 gentes
362 4069 490 4141 quia
525 4067 718 4123 omnis
766 4065 1116 4136 fornicator,
1151 4071 1248 4119 aut
1286 4064 1638 4135 immundus,
1686 4070 1784 4119 aut

162 4167 360 4221 avarus,
397 4174 508 4213 non
554 4156 675 4212 erit
704 4156 903 4210 haeres
951 4155 1013 4209 in
1060 4169 1248 4227 regno
1295 4153 1528 4209 Christi
1571 4160 1630 4210 et
1671 4153 1786 4209 Dei

162 4240 306 4309 (Ibid.
323 4246 393 4314 δ).

216 4383 310 4455 (21)
329 4388 468 4442 Mss.
491 4385 779 4455 nonnulli,
805 4387 1023 4442 Melius
1043 4385 1169 4442 volo
1199 4385 1445 4442 nubere.
1482 4383 1648 4441 Hanc
1677 4403 1785 4441 au-

163 4457 256 4530 tein
282 4459 665 4529 objectionem
694 4460 811 4513 sibi
841 4459 965 4530 jam
996 4459 1132 4512 alibi
1181 4459 1543 4529 propositam
1573 4459 1782 4513 eodem

164 4526 304 4601 plane
332 4526 494 4584 modo
525 4526 868 4601 expedierat
900 4526 1275 4584 Ambrosius.

221 4598 318 4671 (22)
347 4601 488 4656 Edit.
519 4619 590 4656 ac
607 4598 792 4671 —mss.,
827 4602 1066 4655 habitus
1107 4600 1498 4671 virginitatis.

221 4645 318 4736 {is}
345 4645 598 4736 ὅῖιέίιῖὸῖι
618 4645 792 4740 Egi:
813 4645 1636 4743 tramittam;annum,
1673 4673 1784 4726 etc.
1811 4645 1860 4704 ῐ)

167 4736 348 4813 lterum
377 4749 566 4798 autem
606 4744 705 4798 ubi
738 4736 850 4798 nos
887 4736 963 4797 ei:
991 4743 1203 4813 potiori
1234 4746 1400 4812 parte
1431 4758 1576 4796 mss.
1613 4743 1688 4797 ad
1730 4749 1787 4796 te

170 4808 418 4887 clamante
446 4815 757 4887 Apostolo;
787 4815 882 4868 alii
914 4808 1137 4887 legunt,
1165 4808 1406 4887 attende
1442 4813 1789 4887 clamantem

170 4881 468 5002 Alpostoltum
541 4887 660 4940 edit
688 4901 851 4941 vero.
886 4881 1026 4940 hinc
1057 4886 1252 4954 (Rom.
1275 4884 1404 4954 hoc)
1425 4884 1520 4938 vel
1536 4885 1792 4938 maxime

171 4965 194 5002 c
213 4966 359 5002 aman
389 4972 437 5002 ρ-
470 4973 501 5002 p.
530 4974 580 5002 (L

171 4960 438 5020 clamante,
470 4960 580 5011 etc.

228 5023 519 5099 (24)_Solus
552 5028 739 5082 codex
773 5026 1369 5099 Regiom.rhabetAn
1397 5025 1664 5099 nescitis,
1691 5040 1793 5080 us-

173 5105 262 5160 que
289 5097 353 5149 ad
381 5115 488 5151 non
523 5100 672 5152 estis
710 5096 899 5153 vestri
922 5119 937 5151 :
969 5098 1078 5152 sed
1096 5113 1228 5152 cum
1251 5098 1380 5151 haec
1416 5096 1630 5166 optime
1655 5110 1786 5150 cum

176 5166 302 5241 serie
317 5170 588 5241 orationis
610 5171 915 5241 quadrent,
941 5185 1131 5240 neque
1155 5185 1350 5223 rarum
1375 5168 1452 5241 sit
1472 5169 1792 5236 Scripturae

177 5230 312 5310 locos
346 5239 400 5293 in
438 5257 582 5295 mss.
626 5230 938 5295 occurrere
976 5230 1130 5294 haud
1161 5255 1368 5310 parum
1407 5230 1743 5292 decurtatos
1772 5257 1790 5303 ,-

176 5305 345 5381 endem
373 5311 427 5364 in
453 5317 673 5367 textum
707 5313 969 5381 recipere
1000 5327 1118 5366 non
1158 5305 1576 5365 dubitavimus.

236 5377 329 5446 (25)
350 5381 488 5454 Mss.
508 5384 746 5454 aliquot,
771 5377 1104 5454 glorificate
1133 5382 1440 5437 Dominum
1463 5382 1525 5435 in
1549 5393 1796 5452 corpore

185 5455 388 5525 vestro:
403 5452 470 5507 Et
495 5452 665 5522 infra,
698 5455 760 5508 in
775 5452 976 5525 'regno
1003 5454 1136 5508 Dei.

237 5519 330 5598 (26)
361 5523 522 5580 Rom.
573 5519 734 5594 edit.,
782 5519 950 5598 quasi
991 5523 1326 5598 sanctiori_s_
1359 5521 1797 5598 et__dignioris_:

184 5591 278 5666 yet.
306 5598 503 5666 autem,
551 5613 618 5652 ac
665 5591 814 5653 mss'.
862 5597 973 5652 hoc
1007 5598 1231 5651 tantum
1273 5591 1584 5664 dissident,
1629 5591 1798 5666 quod

185 5655 362 5743 P0311!!!
388 5655 501 5724 non
531 5669 703 5740 pauci
739 5683 848 5743 p30
899 5673 956 5725 te
987 5673 1180 5738 erant,
1228 5655 1584 5743 scriptorum
1627 5655 1802 5736 lapsu

185 5725 368 5800 habent
406 5725 714 5804 notarent.
739 5725 952 5803 Ῥοηο
998 5754 1119 5802 non
1162 5725 1300 5801 sunt
1345 5725 1616 5800 obeunda
1655 5725 1795 5816 p'er-

3435 329 3555 397 390

1957 536 2045 591 23.
2080 537 2222 591 Haec
2254 537 2433 606 tanta,
2465 538 2523 591 et
2567 538 2682 590 tam
2713 536 2997 590 terribilia
3046 552 3163 591 non
3211 535 3316 590 tibi
3342 535 3549 590 venie-

1885 626 2026 679 bant
2054 625 2111 679 in
2144 627 2415 694 mentem,
2463 641 2595 679 cum
2624 625 2697 678 ad
2737 625 2878 678 illud
2929 641 3077 694 opus
3119 625 3406 679 nefarium
3454 629 3549 679 tua

1886 715 2150 769 membra
2179 715 2565 784 peterentur?
2609 713 2724 768 Sed
2754 714 3053 768 mortifera
3088 716 3140 768 te
3172 715 3388 769 oblivio
3419 717 3550 768 tan-

1890 819 2066 874 quam
2087 804 2146 857 in
2168 803 2467 876 gurgitem
2487 803 2841 856 altissimum
2864 802 3264 874 demergebat,
3296 806 3351 857 et
3380 804 3552 874 quasi

1889 892 2178 963 captivam
2209 891 2796 947 exsecrabilislibido
2818 890 3088 944 ducebat.

1957 999 2045 1053 24.
2080 999 2290 1054 Nonne
2339 998 2437 1052 vel
2487 998 2650 1052 illum
2688 998 2883 1052 locum
2931 997 3147 1052 tabulis
3196 1001 3550 1069 separatum,

1888 1087 1947 1141 in
1978 1104 2094 1158 quo
2125 1088 2184 1142 in
2235 1087 2507 1142 Ecclesia
2556 1087 2780 1156 stabas,
2819 1087 3124 1141 recordari
3171 1087 3445 1156 debuisti,
3480 1089 3554 1142 ad

1891 1192 2064 1248 quem
2095 1176 2398 1248 religiosae
2429 1179 2711 1230 matronae
2742 1179 2797 1229 et
2819 1175 3051 1230 nobiles
3071 1175 3333 1229 certatim
3355 1191 3556 1230 curre-

1891 1266 2052 1335 bant,
2078 1268 2174 1319 tua
2194 1266 2398 1319 oscula
2421 1267 2708 1335 petentes,
2741 1281 2874 1335 quae
2898 1265 3227 1318 sanctiores
3250 1267 3306 1318 et
3327 1265 3557 1337 dignio-

1890 1369 1990 1408 res
2023 1354 2136 1424 (26)
2169 1357 2223 1408 te
2275 1356 2490 1408 erant?
2537 1354 2748 1408 Nonne
2792 1353 2886 1407 vel
2935 1354 3032 1407 illa
3080 1358 3376 1424 praecepta
3422 1368 3557 1426 quae

1893 1443 2085 1498 oculis
2115 1443 2234 1498 tuis
2265 1443 2395 1512 ipse
2430 1442 2691 1512 scriptus
2722 1442 2919 1513 paries
2960 1443 3267 1515 ingerebat
3297 1443 3432 1513 (2’7),
3465 1459 3561 1499 re-

1893 1531 2127 1587 cordari
2156 1531 2415 1586 debuisti
2442 1547 2453 1586 :
2489 1532 2699 1585 Divisa
2731 1537 2821 1586 est
2851 1531 3067 1586 mulier
3098 1538 3156 1586 et
3192 1532 3358 1604 virgo
3380 1553 3397 1586 .·
3431 1549 3558 1605 quae

1894 1637 2006 1675 non
2039 1625 2131 1675 est
2164 1626 2362 1692 nupta,
2395 1621 2614 1692 cogitat
2647 1637 2772 1692 quae
2810 1620 3047 1674 Domini
3088 1627 3244 1687 sunt,
3280 1623 3559 1694 quomodo

1890 1711 1972 1763 sit
2012 1716 2217 1764 sancta
2259 1725 2506 1780 corpore
2545 1717 2603 1764 et
2653 1711 2872 1780 spiritu
2915 1709 2972 1778 (Ι
3012 1710 3147 1765 Cor.
3181 1727 3282 1780 vn,
3315 1711 3426 1780 34).
3468 1711 3556 1767 Tu

1893 1802 2085 1853 autem
2118 1800 2178 1852 in
2211 1799 2569 1852 contrarium
2612 1799 2843 1852 vertisti
2874 1798 3110 1867 dictum,
3145 1799 3223 1853 ita
3262 1800 3553 1872 cogitans,

1799 1905 1847 1968 Β
1891 1887 1968 1941 ita
1999 1903 2209 1959 agens,
2241 1891 2303 1941 ut
2333 1902 2443 1942 nec
2468 1902 2717 1957 corpore
2740 1902 2915 1942 esses
2939 1891 3162 1958 sancta,
3184 1903 3294 1942 nec
3313 1889 3552 1959 spiritu:

1893 1992 2140 2048 corpore
2174 1977 2429 2048 quidem,
2465 1977 2849 2032 fornicando:
2883 1977 3093 2048 spiritu
3123 1981 3336 2049 autem,
3368 1979 3556 2051 virgi-

1891 2066 2130 2122 nitatem
2167 2066 2522 2121 mentiendo.

1961 2173 2053 2228 25.
2086 2173 2244 2228 Proh
2277 2172 2446 2226 nefas
2472 2170 2484 2227 l
2520 2172 2672 2227 solet
2702 2172 2853 2226 fama
2877 2173 3164 2245 subsequi
3196 2174 3433 2244 factum,
3455 2179 3556 2231 tua

1893 2266 2088 2318 autem
2118 2262 2334 2315 malum
2384 2260 2536 2314 fama
2578 2262 2865 2330 praevenit
2894 2261 3025 2332 (28).
3062 2263 3210 2316 Nam
3258 2281 3391 2318 cum
3420 2268 3553 2320 ante

1893 2351 2212 2406 triennium
2243 2366 2446 2405 rumor
2467 2350 2703 2421 quidam
2721 2353 2777 2404 et
2795 2352 3126 2406 susurratio
3149 2353 3219 2406 de
3240 2354 3296 2407 te
3316 2352 3550 2424 fuisset,

1896 2444 1958 2496 tu
1990 2441 2388 2495 sinceritatem
2405 2438 2838 2510 praetendebas,
2863 2442 2920 2494 et
2939 2440 3257 2495 vindictam
3279 2441 3350 2496 de
3372 2442 3555 2496 male-

1896 2530 2048 2585 dicis
2081 2530 2140 2583 in
2172 2528 2439 2584 Ecclesia
2484 2527 2828 2599 postulabas
2875 2528 3130 2599 publice.
3162 2528 3322 2594 Quos
3369 2533 3555 2586 aestus

1898 2635 2011 2690 ego
2045 2615 2330 2673 sustinui!
2382 2617 2542 2683 Quos
2585 2620 2750 2688 pater
2793 2621 2930 2672 tuus
2980 2633 3084 2688 pro
3141 2621 3238 2673 tua
3278 2620 3558 2674 sustinuit

1899 2709 2175 2779 opinione
2222 2707 2479 2776 labores,
2522 2707 2892 2778 requirentes
2938 2707 3230 2779 singulos,
3284 2709 3558 2780 singulos

1900 2797 2338 2869 usti-ingentes;
2369 2799 2431 2849 ut
2459 2795 2532 2849 ad
2562 2798 2861 2850 auctorem
2889 2795 3147 2851 infamiae
3178 2795 3554 2855 veniremus!

1901 2888 2091 2943 Grave
2124 2885 2280 2940 enim
2309 2888 2434 2940 erat
2461 2884 2636 2940 nobis
2667 2887 2723 2938 et
2754 2885 3028 2940 omnibus
3059 2885 3235 2940 bonis
3284 2886 3565 2942 intolera-

1904 2975 2090 3030 rabile
2107 2975 2177 3028 de
2201 2974 2306 3028 Dei
2323 2973 2554 3045 virgine
2572 2972 2666 3027 vel
2684 2977 2854 3044 turpe
2877 2974 3097 3045 aliquid
3116 2975 3252 3044 dici,
3271 2976 3366 3031 vel
3380 2977 3562 3033 credi.

1972 3062 2061 3118 26.
2087 3063 2211 3117 Nec
2233 3063 2346 3117 hoc
2375 3062 2560 3116 verita
2591 3078 2680 3131 es,
2716 3078 2826 3116 nec
2855 3067 2987 3118 ante
3023 3064 3231 3118 oculos
3264 3064 3564 3136 habuisti;

1902 3170 1975 3209 ne
2006 3153 2244 3207 venires
2277 3151 2532 3205 inimicis
2557 3152 2674 3205 tuis
2696 3151 2752 3204 in
2778 3152 3079 3223 gaudium,
3104 3156 3160 3208 et
3181 3168 3287 3208 eos
3311 3153 3565 3208 haberes

1902 3242 2173 3297 infensos
2205 3241 2305 3312 qui
2335 3257 2442 3310 pro
2472 3243 2570 3294 tua
2620 3240 2894 3310 opinione
2925 3241 3287 3296 laborabant.
3321 3242 3567 3296 Multum

1903 3334 2116 3403 audax,
2160 3330 2406 3384 multum
2453 3329 2798 3384 temeraria:
2850 3332 2914 3383 ut
2958 3333 3014 3384 te
3064 3331 3426 3387 conscientia
3467 3337 3569 3390 tua

1906 3440 2024 3479 non
2053 3422 2335 3490 terreret;
2377 3419 2506 3490 sed,
2551 3418 2823 3473 simulata
2850 3419 3207 3491 virginitate,
3242 3425 3480 3492 putares
3510 3427 3568 3480 te

1908 3514 2083 3569 etiam
2124 3511 2308 3564 Deum
2351 3525 2535 3580 posse
2577 3508 2871 3579 decipere.
2921 3508 3038 3563 Sed
3082 3509 3178 3564 ille
3225 3512 3327 3581 qui
3383 3512 3561 3569 dixit:

1905 3601 2083 3658 Nihil
2099 3599 2382 3656 occultum
2403 3599 2551 3671 quod
2569 3613 2680 3653 non
2707 3596 3082 3654 revelabitur
3109 3600 3348 3669 (Matth.
3373 3619 3432 3672 x,
3452 3601 3564 3673 26),

1905 3696 1964 3748 et
2016 3707 2135 3757 vos,
2187 3689 2394 3760 inquit,
2439 3687 2677 3742 fecistis
2726 3687 2787 3740 in
2837 3687 3096 3742 occulto:
3146 3705 3253 3760 ego
3283 3696 3474 3746 autem
3503 3692 3568 3746 in

1906 3780 2225 3835 manifesto
2273 3777 2486 3832 faciam
2533 3776 2619 3848 (II
2660 3775 2808 3849 Reg.
2855 3794 2957 3846 xu,
3009 3777 3118 3846 12).
3163 3778 3264 3834 Ille
3302 3779 3402 3850 qui
3450 3795 3569 3837 non

1908 3861 2204 3936 mentitur,
2238 3866 2519 3920 furtivum
2541 3865 2740 3920 scelus
2784 3865 3026 3920 deduxit
3069 3867 3129 3921 in
3159 3867 3480 3939 publicum,
3513 3871 3572 3924 et

1908 3965 1970 4017 in
2010 3959 2336 4028 conspectu
2385 3954 2534 4010 solis
2582 3954 2765 4027 hujus
2812 3955 3190 4010 tenebrarum
3236 3960 3570 4014 vestrarum

1912 4065 2091 4123 opera
2111 4045 2446 4102 denudavit.

1981 4140 2072 4195 2'7.
2101 4137 2148 4192 Ο
2179 4134 2463 4209 quidquid
2494 4133 2803 4205 praetendit
2832 4150 3048 4207 sermo,
3074 4137 3402 4193 crudeliora
3422 4126 3571 4194 312

1913 4230 2234 4288 occurrunt
2270 4226 2420 4298 (29):
2473 4228 2530 4279 et
2571 4225 2816 4296 cupiens
2855 4225 3169 4297 moderari,
3202 4242 3319 4281 non
3351 4224 3573 4281 invenit

1912 4371 2226 4440 functorie,
2258 4385 2391 4441 quae
2430 4368 2544 4422 hoc
2583 4368 2644 4422 in
2681 4365 2867 4441 capite
2909 4366 3279 4441 continentur
3315 4365 3572 4441 ad_anti_-

1913 4460 2088 4517 quam
2120 4436 2491 4517 disciplinam
2522 4436 2891 4517 pertinentia.
2939 4439 3229 4517 Nimirum
3273 4439 3468 4517 statim
3497 4436 3572 4490 ab

1913 4508 2059 4588 ejus,
2080 4515 2244 4588 initio
2275 4508 2464 4567 "docet
2499 4508 2934 4588 vestem_suar_n
2977 4509 3332 4588 peculiarem
3380 4508 3574 4588 fuisse

1911 4577 2268 4652 virginibus,
2305 4597 2523 4652 easque
2556 4597 2674 4635 non
2706 4577 2997 4651 singulas,
3023 4581 3127 4652 sed
3152 4579 3364 4652 multas
3396 4577 3574 4632 simul

1912 4661 1982 4712 ad
2008 4649 2343 4711 Ecclesium
2362 4670 2392 4707 e
2416 4649 2774 4706 monasterio
2797 4649 3172 4720 processisse
3199 4665 3210 4703 :
3246 4649 3358 4703 hoc
3380 4652 3575 4720 autem

1913 4730 2044 4784 loco
2075 4728 2193 4781 illis
2225 4725 2560 4778 attributam
2591 4723 2651 4775 in
2684 4719 2952 4774 Ecclesia
2983 4721 3186 4774 sedem
3215 4736 3331 4774 non
3362 4736 3396 4773 a
3426 4719 3574 4774 viris

1914 4801 2128 4867 solum,
2163 4797 2272 4851 sed
2303 4796 2475 4849 etiam
2504 4793 2577 4846 ab
2623 4792 2754 4867 aliis
2804 4791 3040 4867 feminis
3081 4793 3430 4867 separatam,
3455 4805 3576 4867 nec

1913 4888 2030 4926 non
2053 4861 2298 4923 honoris
2323 4880 2502 4919 causa
2524 4866 2821 4916 matronas
2844 4861 3074 4915 nobiles
3105 4862 3271 4931 pacis
3303 4862 3576 4916 osculum

1915 4944 1988 4996 ab
2022 4941 2139 4994 illis
2170 4933 2830 5008 peterepconsuevisse;
2861 4933 3220 5008 ac__demum_
3257 4933 3576 5008 inscriptas

1915 5013 2107 5067 fuisse
2123 5004 2332 5080 parieti
2361 5005 2683 5080 Scriptura)
2721 5005 3069 5080 sententias,
3104 5004 3322 5075 quibus
3351 5005 3578 5059 eaedem

1915 5077 2183 5154 virgines
2215 5078 2408 5154 ofﬁcii
2427 5077 2521 5130 sui
2544 5078 3075 5154 commonerentur.

1988 5146 2100 5224 (2’7)
2133 5147 2413 5224 Nonnulli
2440 5162 2628 5224 mss,
2646 5147 2772 5224 ipsa
2801 5147 3098 5224 scriptura
3115 5146 3467 5224 ingerebat.

1989 5217 2103 5293 (28)
2124 5221 2371 5293 Quidam
2386 5234 2559 5293 m_ss.,
2580 5217 2753 5293 Dolet
2788 5217 3000 5293 famam
3031 5217 3310 5293 subsequi
3336 5217 3576 5293 factum,

1920 5287 2015 5352 tua
2035 5287 2224 5350 autem
2249 5291 2322 5346 ad
2341 5290 2552 5344 malum
2568 5287 2723 5344 fama
2738 5290 3088 5360 pervenit...
3115 5295 3174 5344 et
3193 5287 3582 5344 subsannatio

1917 5370 1991 5425 de
2016 5373 2073 5421 te
2093 5364 2330 5419 fuisset.

1991 5439 2104 5510 (29)
2139 5436 2308 5510 Rom.
2342 5434 2480 5489 edit.
2521 5434 2577 5487 et
2611 5430 3049 5510 PseudQTHier.
3078 5446 3092 5502 ;
3130 5430 3194 5500 0,
3228 5429 3441 5510 inquit,
3483 5427 3582 5510 qui

1956 5501 2238 5565 réeténdit
2258 5519 2608 5568 sermonem,
2634 5501 2969 5557 crudeliora
3001 5501 3261 5557 oceurrit
3277 5520 3296 5565 ,-
3320 5501 3582 5553 Pseudo-

1956 5528 2238 5565 raeteuun
2258 5528 2608 5568 sermonum,
2634 5528 2969 5557 cruueuura
3001 5528 3295 5565 υυυωτιιί
3322 5528 3582 5553 racuuu-

1910 5528 2106 5645 {lieru
2141 5578 2420 5646 incurrit,
2453 5575 2697 5644 melius;
2731 5574 2932 5646 Paris.
2953 5572 3126 5646 Edit.,
3161 5569 3458 5646 crudelior
3479 5583 3582 5646 ac.

1921 5639 2146 5718 currit,-
2191 5665 2302 5706 nec
2332 5639 2703 5718 incommode
2733 5645 2793 5718 id
2838 5645 3076 5718 quidem
3101 5639 3116 5714 ς
3157 5641 3265 5718 sed
3294 5643 3488 5718 tamen
3517 5639 3581 5707 in

1921 5708 2170 5788 aliarum
2196 5722 2333 5785 edit.
2364 5735 2435 5781 ac
2462 5734 2612 5785 mss.
2645 5708 2897 5780 lectione
2927 5715 3075 5776 nihil
3107 5708 3470 5776 mutandum.
