3936 6168
406 298 535 373 ΩΙ

1929 287 1996 363 ε;
2045 286 2466 362 AMBROSII

3675 308 3775 379 392

418 502 676 559 modum.
710 499 902 556 Oblita
934 514 1001 556 es
1040 499 1428 571 propositum,
1463 498 1642 556 oblita
1679 513 1747 556 es
1787 502 2083 572 parentes,
2104 483 2163 549 Α
2199 515 2270 556 os
2300 514 2504 556 suum:
2559 498 2853 555 adversus
2886 501 3150 554 sanctam
3184 498 3489 559 Ecclesium
3521 504 3779 587 Synagoga

420 592 599 648 oblita
630 606 697 646 es
721 589 1053 644 Ecclesiam
1069 592 1269 659 totam,
1292 588 1472 643 oblita
1494 589 1744 662 gloriam
1771 589 2083 662 virginita-

416 682 516 750 tis,
550 679 731 735 oblita
790 679 1077 734 honorem
1129 678 1453 750 dignitatis,
1496 677 1672 733 etiam
1723 678 1903 733 oblita
1939 693 2082 750 pro-

420 770 774 824 missionem
812 768 1006 840 regni,
1048 766 1228 822 oblita
1260 764 1551 838 judicium
1600 766 1901 822 terribile:
1961 782 2088 821 am-

419 859 594 931 plexa
633 873 700 913 es
742 856 1202 927 corruptionem,
1242 854 1539 926 protulisti
1577 854 1834 911 fructum
1873 855 2086 911 confu-

422 946 651 1019 sionis;
710 944 889 1001 ﬁnem
925 960 1069 1000 vero
1124 947 1374 1001 mortem
1424 944 1823 1001 novissimam
1860 943 1994 1016 (30),
2034 945 2093 999 et

423 1037 728 1093 interitum
758 1034 1202 1106 sempiternum.

1047 1156 1300 1212 CAPUT
1340 1157 1462 1213 VII.

430 1281 673 1357 Omnem
705 1281 1059 1357 epi‘sc0palis
1089 1280 1276 1338 officii
1303 1298 1502 1357 curam
1531 1280 1625 1337 illi
1664 1297 1696 1337 a
1744 1296 1835 1357 se_
1849 1281 2096 1357 praesti-

503 1363 617 1411 tam
639 1351 831 1410 fuisse
856 1351 1171 1409 asseverat
1194 1373 1211 1408 :
1241 1353 1352 1408 sed
1380 1354 1569 1425 ipsam
1588 1368 1711 1425 non
1740 1351 1925 1425 solum
1954 1351 2098 1408 inde

500 1426 659 1482 nihil
677 1425 1035 1499 profecisse,
1075 1440 1277 1499 verum
1299 1423 1476 1499 etiam
1490 1423 1630 1499 aliis
1649 1424 1945 1499 gbjecisse
1959 1438 2098 1497 gra-

505 1513 575 1553 ve
606 1494 967 1567 scandalum,
1001 1494 1151 1568 quod
1180 1495 1519 1551 ostenditur
1545 1495 1609 1550 in
1636 1494 1978 1568 Euangelio'
1996 1509 2099 1551 se-

509 1569 826 1625 verissima
850 1566 1027 1640 pwna
1057 1566 1348 1622 damnari.

500 1693 589 1749 28.
621 1692 692 1747 Et
724 1695 882 1748 certe
916 1707 1037 1747 non
1067 1691 1257 1747 habes
1277 1692 1435 1763 quod
1465 1692 1537 1748 de
1568 1694 1770 1747 nostra
1794 1690 2102 1764 negligen-

430 1783 509 1839 tia
562 1781 984 1854 conqueraris;
1046 1780 1443 1852 quodcunque
1502 1782 1657 1836 enim
1714 1781 1787 1834 ad
1840 1780 2102 1835 officium

2202 588 2549 645 Judaeorum
2578 604 2685 659 per
2712 591 2877 643 tuum
2910 588 3171 644 dedecus
3188 590 3608 667 exsultavit(34).

2273 677 2363 733 31.
2405 676 2573 743 Quod
2612 678 2668 732 si
2703 678 2759 731 is
2798 677 2900 749 qui
2936 693 3119 732 unum
3167 680 3629 755 scandalizaverit,
3665 690 3780 744 mola

2206 766 2652 838 circumligatus
2695 764 2909 837 jactari
2956 766 3131 821 debet
3158 767 3218 820 in
3245 783 3395 823 mare
3422 770 3631 840 (Matth.
3656 792 3780 844 xvm,

2204 854 2297 927 6);
2328 854 2470 927 quid
2499 854 2571 909 de
2599 858 2656 909 te
2695 855 3065 925 pronuntias,
3096 870 3205 925 per
3233 856 3401 926 cujus
3428 859 3607 915 scelus
3635 866 3787 920 omnis

2205 942 2399 997 anima
2430 943 2691 998 sauciata
2719 946 2831 1014 est,
2865 946 2922 997 et
2967 958 3185 998 nomen
3229 944 3449 1000 Domini
3487 947 3541 1002 in
3567 952 3791 1021 gentibus

2204 1031 2678 1101 blasphematum
2722 1023 2870 1086 313
2915 1032 3052 1087 est?
3098 1032 3307 1087 Nonne
3353 1034 3568 1105 quoties
3592 1038 3792 1097 dicitur:

2206 1118 2254 1173 Ο
2283 1119 2574 1192 virgines,
2607 1121 2785 1175 toties
2816 1119 2919 1174 tibi
2939 1121 3213 1175 cumulus
3236 1121 3541 1194 iniquitatis
3559 1130 3802 1198 augetur?

2209 1208 2386 1263 Jaces
2418 1223 2559 1263 ecce
2587 1208 2913 1279 vulnerata,
2942 1207 3113 1280 jaces
3152 1224 3292 1266 ecce
3319 1214 3607 1282 prostrata.

2822 1332 3076 1389 CAPUT
3113 1333 3259 1389 VIII.

2217 1436 2489 1506 Quaenam
2514 1439 3037 1515 sit_remedii_quod
3048 1440 3339 1515 adbibere
3359 1443 3525 1515 cupit,
3541 1443 3808 1501 difficultas

2284 1516 2460 1583 atque
2491 1511 2649 1566 ratio
2672 1531 2689 1565 :
2736 1511 2992 1583 suadere
3020 1527 3088 1583 se
3123 1518 3183 1565 ut
3228 1512 3304 1567 ad
3322 1511 3700 1583 paenitentiam
3726 1533 3809 1571 non

2287 1580 2744 1659 qualemcunque
2764 1582 2866 1636 illa
2884 1582 3205 1654 confugiat,
3221 1580 3341 1659 sed
3347 1601 3640 1659 congruam
3651 1605 3667 1651 ;
3685 1588 3810 1659 cujus

2284 1653 2452 1707 actus
2468 1653 2749 1727 interior,
2775 1668 2883 1727 nec
2903 1669 3017 1727 non
3040 1653 3345 1727 exteriora
3367 1653 3531 1727 signa
3553 1657 3641 1711 hic
3654 1653 3812 1711 meina-

2284 1729 2519 1778 rantur.
2569 1722 2768 1779 Porro
2813 1723 3075 1797 ejusdem
3123 1722 3598 1797 beneficio'fore,
3649 1735 3701 1781 ut
3738 1728 3813 1781 illa

2283 1800 2530 1849 ueterum
2556 1810 2746 1866 pinnae
2774 1796 3204 1853 immunitatem
3245 1796 3544 1863 obtineat;
3586 1796 3637 1853 Si
3666 1805 3815 1853 tamen

431 1871 693 1945 pastoris
723 1870 995 1942 pertinet,
1029 1872 1086 1924 et
1116 1869 1222 1924 tibi
1251 1873 1307 1925 et
1342 1869 1620 1926 omnibus
1665 1885 1784 1925 non
1822 1872 2101 1941 negatum
2126 1864 2181 1929 Β
2287 1880 2361 1945 eo
2393 1865 2455 1919 in
2511 1864 2578 1920 se
2624 1866 2813 1945 fuerit
2862 1866 3309 1945 sev_erior,_quo_
3341 1876 3631 1945 peccatum
3670 1873 3822 1945 minus

435 1964 546 2017 est.
595 1959 841 2015 Dilectio
890 1958 1175 2028 spiritalis
1224 1958 1337 2030 (31)
1386 1958 1667 2029 adhibita,
1720 1959 2103 2014 commonitio

439 2053 646 2106 sancta
698 2064 817 2103 non
870 2048 1074 2103 defuit.
1116 2047 1307 2102 Oblita
1359 2048 1597 2103 domum
1648 2048 1834 2118 patris
1880 2048 1984 2119 tui,
2044 2049 2107 2102 ut

436 2139 725 2209 scriptum
756 2140 849 2192 est
879 2135 1066 2207 (Psal.
1100 2153 1256 2205 xmv,
1291 2136 1401 2207 11),
1432 2137 1507 2191 ad
1536 2137 1960 2192 monasterium
1988 2136 2107 2190 vir-

435 2226 631 2302 ginale
673 2225 962 2281 transisti.
1014 2224 1172 2280 Inter
1198 2226 1283 2280 tot
1327 2225 1521 2295 posita
1569 2241 1687 2280 non
1728 2225 1927 2280 solum
1971 2225 2108 2280 dico

432 2319 556 2372 tuta
584 2329 767 2370 vesse
797 2313 1114 2385 debueras,
1141 2314 1196 2368 si
1217 2313 1519 2369 voluisses
1545 2329 1559 2384 ;
1592 2314 1701 2370 sed
1743 2315 1918 2369 etiam
1952 2317 2108 2370 tute-

433 2404 552 2461 lam
573 2403 707 2459 aliis
728 2405 1016 2475 praestare
1035 2402 1361 2474 potuisses.
1395 2402 1510 2458 Sed
1534 2403 1754 2459 frustra
1771 2403 1901 2459 huic
1922 2404 1980 2459 et
1994 2403 2108 2459 alia

435 2493 677 2566 provisa
706 2495 864 2548 sunt.

509 2582 599 2638 9.9.
650 2580 896 2637 Frustra
939 2581 1224 2653 hymnum
1271 2581 1629 2654 virginitatis
1677 2581 1929 2653 exposui
1972 2580 2106 2653 (32),

441 2686 561 2744 quo
600 2674 657 2725 et
695 2669 946 2741 gloriam
983 2669 1294 2740 propositi,
1320 2674 1378 2724 et
1416 2670 1856 2725 observantiam
1893 2670 2113 2741 pariter

441 2760 810 2816 decantares.
867 2757 1168 2813 Seminavi
1234 2773 1415 2813 secus
1467 2759 1644 2828 viam,
1704 2759 1996 2814 seminavi
2050 2760 2113 2814 in

442 2848 653 2919 spinis,
695 2846 983 2901 seminavi
1020 2846 1081 2900 in
1137 2849 1414 2917 petrosa;
1472 2850 1571 2903 aut
1608 2847 1766 2902 enim
1806 2864 1881 2903 ex
1920 2848 2103 2903 corde

448 2939 550 2992 tuo
587 2935 773 2991 verba
812 2950 943 2989 mea
980 2934 1279 3005 volucres,
1321 2935 1380 2990 id
1402 2938 1496 2991 est
1532 2936 1855 3007 dmmones,
1897 2951 2112 3008 rapue-

444 3027 619 3083 runt:
654 3027 754 3079 aut
784 3023 956 3078 malis
985 3024 1104 3078 tuis
1148 3024 1607 3096 cogitationibus
1641 3024 1924 3080 sutl‘ocata
1953 3028 2110 3098 sunt,

450 3118 557 3171 aut
581 3116 864 3169 aruerunt
908 3113 1088 3168 nimio
1124 3116 1276 3168 aestu
1319 3112 1583 3168 libidinis
1611 3113 1773 3184 (Luc.
1814 3132 1940 3186 vm,
1972 3116 2111 3188 5-8).

2286 1936 2485 2012 libere
2530 1936 2835 2012 confessa.
2880 1937 2979 1992 Ad
3028 1938 3179 2012 quod
3201 1936 3400 1993 'etia'm
3442 1939 3621 1995 futuri
3646 1940 3823 2012 judicii

2286 2008 2607 2062 atrocitate
2639 2008 2825 2080 ipsam
2857 2008 3146 2064 accendit.

2286 2132 2377 2187 32.
2412 2130 2599 2203 Cupio
2630 2132 2944 2204 prodesse,
2976 2133 3084 2188 sed
3114 2133 3436 2191 subvenire
3464 2151 3577 2192 non
3594 2151 3827 2207 possum;

2216 2222 2356 2294 quia
2387 2227 2567 2278 totum
2586 2226 2756 2293 caput
2783 2222 2847 2276 in
2868 2221 3089 2289 dolore,
3118 2229 3177 2278 et
3199 2229 3383 2279 totum
3422 2241 3519 2281 cor
3555 2227 3614 2279 in
3642 2225 3830 2281 maesti-

2220 2312 2303 2366 tia
2326 2330 2343 2365 :
2373 2326 2406 2365 a
2431 2309 2692 2383 pedibus
2724 2326 2904 2383 usque
2933 2311 3009 2367 ad
3037 2318 3227 2384 caput,
3255 2313 3411 2369 sicut
3438 2314 3517 2369 ait
3541 2314 3726 2383 Isaias,
3748 2328 3833 2368 non

2219 2406 2279 2456 et
2309 2398 2598 2471 malagma
2626 2400 2932 2471 imponere
2971 2399 3111 2471 (Isa.
3141 2418 3182 2470 ι,
3234 2403 3289 2471 5,
3321 2403 3399 2472 6).
3449 2402 3738 2458 lnﬁrmitas
3758 2405 3836 2456 tua

2220 2503 2393 2544 omne
2418 2487 2690 2543 humanae
2711 2487 3020 2544 medicinae
3053 2489 3315 2545 exclusit
3343 2492 3637 2547 auxilium.
3657 2490 3839 2546 Etlicet

2216 2580 2336 2633 tam
2356 2576 2496 2632 boni
2520 2592 2696 2648 quam
2730 2576 2869 2631 mali
2904 2576 3069 2649 justa
3109 2579 3514 2651 indignatione
3543 2578 3839 2651 permoti,te

2223 2666 2382 2722 omni
2430 2665 2881 2737 depopulatione
2923 2666 3161 2739 dignam
3177 2667 3316 2739 (35),
3349 2672 3406 2723 te
3443 2669 3596 2724 omni
3625 2672 3844 2723 tormen-

2218 2757 2415 2811 torum
2446 2769 2670 2827 genere
2699 2754 3173 2810 discruciandam
3194 2755 3490 2828 judicent,
3524 2760 3696 2813 morte
3722 2756 3844 2810 mul-

2222 2843 2513 2913 ctandam,
2546 2846 2645 2898 aut
2686 2843 2931 2916 ignibus
2961 2845 3365 2901 exurendum:
3420 2862 3533 2919 ego
3566 2850 3745 2901 tamen
3769 2844 3849 2914 qui

2222 2933 2349 2988 scio
2374 2932 2652 3004 graviora
2680 2931 3038 2987 facinorosis
3070 2935 3302 2989 servari
3338 2938 3640 3004 tormenta,
3671 2938 3721 2988 et
3744 2934 3846 2988 sine

2222 3021 2337 3076 fine
2366 3021 2580 3093 impias
2610 3022 2837 3076 animas
2869 3023 3167 3076 cruciatus
3199 3039 3468 3094 manere,
3503 3040 3617 3080 non
3648 3026 3842 3093 tempo-

2221 3110 2381 3165 rales
2399 3111 2621 3181 utique,
2655 3110 2763 3164 sed
2794 3112 3052 3166 aeternos
3078 3126 3092 3181 ;
3124 3111 3259 3166 aliis
3290 3115 3347 3167 te
3370 3113 3506 3169 volo
3534 3111 3849 3167 cruciatibus

449 3204 583 3261 Heu
620 3217 734 3273 me,
768 3202 907 3273 quia
954 3201 1057 3256 ubi
1102 3201 1379 3272 putabam
1418 3202 1714 3258 aedificare
1759 3219 1986 3275 aurum,
2023 3220 2117 3259 ar-
2148 3224 2201 3290 ο
2224 3199 2404 3269 afﬁci,
2436 3199 2762 3270 profuturis
2793 3199 3016 3271 utique,
3048 3215 3167 3255 non
3196 3202 3459 3257 animam
3487 3200 3801 3273 perdituris.

451 3296 716 3366 genium,
763 3290 989 3362 lapides
1037 3290 1325 3361 petiosos,
1355 3290 1634 3346 inventus
1683 3307 1816 3347 sum
1862 3292 2113 3364 lignum,

445 3382 670 3451 fenum,
694 3380 993 3450 stipulam,
1014 3394 1259 3435 arsuras
1280 3380 1558 3434 materias
1573 3380 1883 3436 laborasse
1905 3381 1961 3450 (Ι
1974 3380 2111 3437 Cor.

447 3487 533 3540 ιιι,
558 3468 678 3540 12)Ι
702 3469 901 3523 Dicam
917 3470 975 3523 et
991 3483 1104 3541 ego
1123 3469 1449 3523 secundum
1466 3469 1813 3540 praphetam
1829 3485 1841 3524 :
1857 3469 1989 3524 Heu
1999 3485 2112 3540 me,

452 3560 586 3632 quia
610 3557 806 3613 factus
824 3573 950 3612 sum
982 3557 1136 3612 sicut
1167 3558 1266 3630 qui
1295 3557 1523 3630 colligit
1543 3558 1818 3630 stipulam
1838 3559 1901 3613 in
1921 3573 2118 3615 messe

449 3647 563 3720 (33)
596 3646 854 3719 (Michae.
888 3663 990 3717 vn,
1022 3644 1113 3716 l)!

520 3736 611 3793 30.
645 3735 717 3791 Et
747 3735 986 3807 quidem
1026 3735 1078 3789 si
1107 3734 1213 3789 tibi
1244 3734 1358 3790 soli
1381 3734 1657 3791 damnum
1686 3734 1964 3807 fecisses,
1995 3737 2120 3791 erat

453 3824 693 3898 quidem
720 3824 978 3892 tristitia,
1012 3823 1120 3878 sed
1143 3822 1392 3879 forsitan
1417 3824 1766 3881 tolerabilis.
1788 3824 1961 3880 Nunc
1976 3839 2120 3881 vero

452 3915 704 3985 quantas
733 3912 960 3966 animas
989 3914 1090 3966 tuo
1122 3912 1349 3967 scelere
1381 3913 1684 3983 sauciasti,
1717 3916 1967 3985 quantas
1997 3912 2121 3968 ani-

451 4017 582 4057 mas
612 4002 851 4071 pr0pter
878 4003 935 4054 te
965 4000 1037 4054 de
1066 4001 1373 4070 proposito
1406 4017 1516 4056 suo
1547 4004 1836 4072 poenitere
1881 4001 2078 4057 fecisti
2104 3999 2117 4056 l

460 4090 690 4157 Quanta
718 4088 874 4143 labia
903 4089 1077 4144 etiam
1122 4090 1384 4145 fidelium
1431 4091 1733 4162 inquinata
1775 4093 1933 4162 sunt,
1964 4091 2122 4145 viam

460 4179 698 4236 Domini
726 4176 1227 4249 blasphemando!
1279 4180 1526 4250 Aperuit
1569 4180 1629 4235 in
1671 4195 1781 4235 nos
1823 4179 2122 4252 gentilitas

529 4321 643 4394 (30)
672 4322 930 4394 Mortem
958 4321 1370 4394 saevissimam,
1405 4321 1519 4376 hoc
1549 4323 1661 4392 est,
1688 4337 1914 4394 angore
1944 4321 2124 4394 animi

458 4392 977 4464 ac‘desperatione
1002 4392 1120 4447 nisi
1150 4392 1366 4464 dignos
1396 4394 1756 4462 poenitentiae
1772 4392 2013 4464 :fructus
2034 4392 2126 4448 fa-

460 4467 594 4535 ciat,
629 4462 1053 4535 plenam.iNec
1083 4462 1239 4535 enim
1270 4479 1529 4535 unquam
1572 4464 1726 4535 apud
1755 4462 2126 4519 Christianos

458 4534 730 4609 virgines
761 4534 1074 4609 votifraga;
1119 4534 1378 4609 violenta
1421 4538 1608 4609 morte
1638 4534 2127 4609 ati‘ectae,qquem-

461 4606 776 4662 admodum
806 4606 961 4677 apud
992 4606 1263 4660 ethnicos
1294 4606 1555 4661 vestales
1585 4607 1646 4661 in
1675 4610 1829 4661 terra
1849 4606 2002 4660 vivae
2026 4606 2124 4662 de-

465 4678 859 4733 fodiebantur.

533 4748 648 4818 (31)
677 4747 879 4802 Codex
926 4748 1223 4820 Regiam,
1264 4747 1470 4803 Lectio
1516 4747 1847 4819 spiritalis;
1890 4751 1947 4803 et
1983 4762 2128 4803 con-

463 4818 627 4889 tinuo
656 4821 792 4888 post
824 4818 1515 4889 Pseudo-Hieronymus,
1546 4818 1873 4874 communio
1900 4826 2126 4874 sancta.

469 4888 637 4943 Licet
664 4892 857 4943 autem
887 4889 1015 4944 haec
1047 4888 1582 4961 ingressa’dicatur
1608 4890 1669 4944 in
1687 4891 2128 4959 monasterium,

468 4974 602 5013 cum
632 4961 827 5013 tamen
857 4975 928 5013 eo
956 4963 1220 5029 tempore
1263 4961 1694 5029 parthenonum
1738 4961 1931 5015 aditus
1977 4961 2132 5015 invi-

471 5028 743 5102 sentibus
774 5030 923 5084 viris
956 5028 1398 5102 concederetur,
1430 5032 1642 5085 mirum
1663 5033 1864 5102 utique
1895 5047 2012 5086 non
2041 5034 2135 5086 est

468 5100 521 5170 si
553 5099 917 5170 perditorum
960 5101 1262 5155 hominum
1305 5104 1630 5158 temeritate
1672 5099 1829 5158 hunc
1863 5104 2037 5158 etiam
2071 5103 2133 5157 in

467 5168 664 5227 locum
694 5169 956 5240 irrepere
986 5172 1157 5241 culpa
1186 5175 1459 5241 potuerit.

538 5241 653 5311 (32)
686 5241 1364 5315 Hymnumqquandoque
1405 5244 1561 5298 sumi
1608 5260 1715 5315 pro
1766 5244 2134 5315 omnigScri-

466 5315 657 5387 ptura,
691 5313 799 5367 sed
843 5313 1098 5387 maxime
1137 5329 1261 5387 pro
1294 5315 1541 5387 psalmis
1593 5313 1893 5371 Davidicis
1934 5314 2060 5387 jam
2099 5331 2134 5369 a

446 5383 648 5440 nobis
668 5386 1015 5458 a‘nngtatum
1062 5388 1156 5458 est
1203 5383 1312 5440 libi
1338 5385 1446 5458 De,
1467 5386 1639 5458 Fuga,
1659 5387 1880 5453 saeculi,
1917 5383 2044 5457 cap.
2077 5387 2131 5457 4,

444 5469 629 5512 .num.
649 5452 750 5530 20.
783 5453 854 5530 Et
874 5454 1021 5530 hinc
1052 5455 1202 5530 forte
1224 5470 1343 5511 non
1364 5452 1728 5530 injuriadici
1747 5452 1940 5528 possit
1959 5452 2132 5530 Ιῑγιηὲ

441 5541 605 5597 .num
646 5525 1030 5597 ,Virginitatis
1052 5526 1164 5582 hoc
1186 5526 1317 5582 loco
1353 5525 1498 5582 nihil
1532 5528 1690 5583 aliud
1718 5525 1877 5597 esse,
1898 5525 2017 5584 nisi
2036 5531 2135 5583 aut

443 5596 775 5671 ,inscriptee
806 5596 933 5671 illes_
952 5597 1157 5671 parieti
1191 5598 1521 5671 sententia,
1553 5599 1625 5655 de
1660 5596 1879 5671 quibus
1912 5616 2130 5671 supra:

466 5670 589 5745 aut,
620 5667 1180 5745 quodprobabilius
1208 5672 1321 5745 est,
1348 5667 1610 5745 ultimam
1638 5667 1869 5745 psalmi
1896 5671 1967 5728 44
1988 5667 2133 5745 par-3

467 5739 740 5819 “rufae
783 5739 1001 5825 quippe
1050 5739 1281 5813 scilicet
1306 5739 1353 5804 ἰ
1395 5739 1695 5807 versiculo
1740 5740 1811 5807 10
1838 5739 2029 5827 usque
2058 5742 2135 5811 ad

2154 4583 2210 4647 D

2297 3289 2385 3343 33.
2430 3288 2591 3360 Ergo
2648 3289 2976 3343 secundum
3033 3288 3297 3344 divinam
3356 3293 3701 3347 sententiam
3735 3288 3857 3342 dabo

2228 3377 2582 3446 consilium;
2618 3376 2811 3431 solum
2859 3376 3017 3432 enim
3063 3380 3122 3433 et
3166 3381 3414 3435 unicum
3443 3379 3768 3435 tentandum
3790 3376 3864 3430 est

2226 3466 2555 3521 remedium
2582 3465 2725 3520 illud
2759 3465 2891 3536 (36),
2924 3466 3081 3537 quod
3109 3467 3314 3523 divina
3346 3485 3468 3524 vox
3498 3484 3604 3540 per
3635 3465 3869 3522 Ezechie-

2226 3555 2341 3611 lem
2373 3555 2615 3610 miseris
2646 3554 2929 3625 porrigit:
2962 3554 3132 3620 Nolo,
3165 3556 3384 3628 inquit,
3420 3564 3664 3613 mortem
3687 3569 3865 3628 pecca-

2230 3645 2684 3716 toris,quantum
2700 3649 2759 3697 ut
2777 3658 2883 3698 con
2896 3649 3255 3715 vertatur,et
3274 3647 3336 3700 vi
3347 3646 3870 3717 vat(Ezecli.xxxm,

2229 3733 2339 3803 11).
2383 3732 2455 3787 Et
2497 3733 2707 3787 iterum
2759 3736 2896 3803 post
2942 3733 3072 3788 haec
3116 3735 3314 3805 inquit
3360 3735 3686 3792 Dominus:
3733 3731 3870 3787 dixi:

2233 3821 2607 3878 Convertere
2638 3821 2714 3876 ad
2741 3837 2853 3877 me.
2884 3821 3186 3894 Numquid
3204 3825 3423 3880 resina
3445 3841 3561 3880 non
3594 3830 3682 3881 est
3708 3824 3765 3878 in
3792 3819 3877 3875 σε.

2233 3910 2389 3982 laad,
2410 3916 2507 3965 aut
2526 3911 2794 3965 medicus
2821 3926 2935 3966 non
2963 3918 3057 3966 est
3084 3911 3177 3966 ibi
3196 3912 3226 3966 .9
3258 3913 3466 3979 Quare
3499 3930 3612 3969 non
3642 3908 3875 3968 ascendit

2235 4001 2466 4057 sanitas
2494 3998 2635 4054 ﬁliae
2656 3999 2858 4071 populi
2887 4001 3007 4055 mei
3043 4000 3292 4071 (Jerem.
3328 4020 3460 4073 vin,
3494 4003 3628 4075 22)?
3657 4002 3788 4056 Haec
3811 3995 3882 4052 uti

2236 4105 2351 4162 que
2379 4088 2533 4143 dicta
2564 4088 2964 4159 paenitentiam
3010 4090 3267 4161 sapiunt,
3321 4092 3423 4148 hae
3470 4091 3769 4148 sententias
3794 4084 3880 4141 Dei

2237 4180 2456 4233 vocant
2484 4176 2558 4231 ad
2596 4177 2997 4247 paenitentiam
3032 4184 3390 4250 peccatores
3430 4181 3579 4253 (3'7):
3614 4174 3881 4253 plenitudo

2235 4320 2523 4400 ultimum,
2556 4319 2736 4374 multa
2766 4335 2899 4400 quas
2943 4319 3320 4400 adnglor‘iam
3369 4327 3450 4400 et_
3480 4318 3886 4400 observantiam

2237 4390 2551 4464 virginalis
2581 4390 2870 4473 pqopositi
2891 4390 3238 4473 ‘pert‘inent,
3283 4396 3711 4473 continentur;
3736 4392 3789 4446 id
3815 4391 3889 4444 est

2238 4460 2599 4537 sponsarum
2624 4460 2845 4537 Christi
2875 4460 3154 4537 dignitas,
3187 4460 3246 4519 et
3294 4467 3528 4537 quibus
3559 4460 3788 4521 easdem
3813 4476 3890 4537 or-

2238 4530 2365 4610 nari
2396 4534 2692 4610 convenit,
2725 4532 2896 4610 dotes
2926 4530 2998 4587 ad
3044 4530 3335 4591 virtutes.-
3357 4537 3421 4593 Si
3458 4538 3616 4610 quis
3660 4530 3891 4610 verodp

2240 4604 2458 4678 hymno
2488 4601 2685 4674 aliquo
2714 4604 2787 4678 ad
2818 4620 2951 4678 eum
2979 4620 3153 4678 usum
3184 4601 3534 4678 composito
3566 4607 3726 4662 malit
3749 4601 3895 4678 intel-

2238 4675 2366 4747 ligi,
2404 4691 2543 4749 non
2578 4675 2946 4749 pertinacius
2997 4675 3481 4749 obluctabimur;
3531 4694 3711 4749 supra
3738 4676 3892 4739 enim,

2241 4745 2455 4822 call-5!
2489 4745 2592 4822 Phi
2620 4761 2780 4822 ωιτη.
2816 4747 2882 4822 18
2913 4746 3182 4822 quaedam
3213 4765 3293 4804 ex
3326 4766 3403 4806 eo
3436 4745 3672 4822 psalmo
3701 4759 3900 4822 meina-

2243 4815 2393 4872 ravit
2422 4816 2615 4892 fuisse
2634 4818 2895 4892 recitata,
2919 4815 3092 4888 paulo
3112 4824 3250 4890 post
3270 4815 3511 4892 subdit,
3532 4822 3713 4876 His...
3746 4815 3903 4892 dictis

2246 4894 2304 4944 et
2323 4887 2526 4963 multis
2536 4903 2715 4963 supra
2729 4887 3007 4963 castitate
3026 4887 3511 4963 tua'praeconiis,‘
3535 4908 3668 4963 qum
3690 4888 3900 4963 quidem

2240 4958 2571 5036 verbanon
2601 4958 2845 5036 nimium
2885 4963 3086 5016 coacte
3116 4958 3190 5016 ad
3237 4958 3611 5036 hujusmodi
3647 4958 3903 5034 himnum

2241 5029 2453 5085 referri
2483 5033 2755 5085 possunt.

2312 5101 2426 5181 (33)
2458 5101 2637 5181 Pauci
2667 5117 2839 5174 mss.,
2872 5104 3098 5175 spinam
3128 5104 3191 5159 in
3220 5121 3432 5162 messe
3451 5106 3482 5162 ?
3509 5106 3596 5163 Et
3619 5103 3838 5181 quidem
3856 5111 3903 5153 st

2244 5179 2302 5228 te
2331 5172 2534 5241 solam,
2567 5174 2678 5226 etc.

2314 5243 2425 5313 (34)
2448 5242 2707 5319 Elurimi
2723 5245 2893 5319 codd.
2931 5253 3216 5319 perpetuo
3244 5247 3561 5306 dedecore
3598 5243 3904 5305 exultabit;

2242 5312 2530 5383 nonnulli,
2564 5314 2875 5371 exultavit.

2316 5385 2429 5457 (35)
2461 5385 2711 5464 Floriac.
2745 5388 2936 5443 codex
2981 5392 3038 5443 et
3085 5389 3561 5464 Pseudo-Hier.,
3615 5385 3906 5463 depOpula‘

2247 5457 2406 5513 tione
2437 5457 2871 5514 dedecoratam.

2317 5527 2429 5600 (36)
2452 5527 2599 5583 Mss.
2625 5530 2912 5600 nonnulli,
2940 5532 3281 5588 tentandum
3307 5540 3409 5590 est
3433 5534 3725 5591 auxilium
3760 5526 3906 5586 illud.

2315 5599 2595 5674 (37)-Post
2614 5616 2822 5657 vocem
2836 5599 3204 5674 peccatores,
3232 5605 3417 5662 Rom.
3439 5607 3568 5662 edit
3595 5622 3630 5663 θ
3670 5601 3906 5661 Pseudo-

2245 5669 2723 5760 gljlieriin‘te'x‘tuui
2735 5669 3115 5760 transtulerat
3129 5669 3430 5760 tepeant
3447 5676 3774 5760 aberrare,
3794 5683 3906 5752 qui

2242 5742 2306 5811 in
2334 5744 2451 5807 ant.
2484 5742 2624 5807 edit.
2656 5758 2726 5809 ac
2746 5760 2895 5808 mss.
2926 5745 3153 5811 nostris
3189 5746 3647 5816 desiderantur.
