4024 6176
245 332 338 397 393

239 535 375 589 enim
419 529 602 601 lapsis
632 527 976 585 necessaria
1025 530 1136 597 est,
1182 528 1337 583 sicut
1386 526 1708 582 vulneratis
1741 529 1880 580 sunt

236 619 552 677 necessaria
584 618 993 672 medicamina.

303 708 444 773 314
470 715 559 770 34.
601 715 715 770 Sed
739 718 953 786 quanta
989 716 1182 785 putas,
1223 718 1280 769 et
1313 714 1506 785 qualis
1536 713 1879 768 necessaria

235 805 550 877 paenitentia
571 806 600 857 ‘?
629 803 770 867 Quae
791 807 891 857 aut
937 807 1130 874 aequet
1153 803 1419 871 crimina,
1454 806 1553 856 aut
1581 806 1739 856 certe
1771 818 1879 856 ex-

236 895 403 949 cedat.
428 893 571 947 Vide
593 908 739 964 ergo
761 893 814 945 si
837 892 1093 962 simplex
1114 892 1228 946 hoc
1266 894 1573 962 peccatum
1608 890 1881 945 adulterii

236 986 334 1051 est,
364 997 437 1035 an
466 981 685 1051 duplex
715 981 793 1035 sit
836 996 944 1051 pro
1000 980 1100 1034 illa
1146 995 1291 1035 nece
1347 995 1482 1051 quae
1528 979 1680 1034 facta
1729 979 1880 1032 dici-

240 1076 322 1125 tur
362 1071 419 1124 in
447 1070 717 1124 occulto:
766 1073 826 1123 et
872 1068 1203 1123 secundum
1234 1068 1617 1123 conscientiae
1666 1068 1880 1123 molem

236 1158 551 1213 exhibenda
591 1162 683 1212 est
728 1158 1087 1227 poenitentia:
1117 1157 1482 1229 magnitudo.
1530 1156 1879 1211 Pcenitentia

234 1263 363 1319 ergo
379 1263 497 1302 non
515 1246 721 1302 verbis
732 1246 961 1316 agenda
982 1249 1094 1314 est,
1120 1246 1227 1301 sed
1248 1250 1306 1300 et
1326 1246 1499 1300 facto.
1521 1246 1665 1300 Haec
1686 1248 1881 1299 autem

233 1338 312 1391 sic
331 1337 540 1408 agitur,
570 1336 622 1389 si
640 1336 745 1389 tibi
765 1338 899 1390 ante
922 1335 1133 1390 oculos
1172 1350 1363 1405 ponas
1398 1334 1471 1389 de
1503 1337 1718 1406 quanta
1746 1334 1881 1405 glo-

233 1426 309 1479 ria
339 1425 528 1479 rueris
571 1428 628 1479 et
662 1424 733 1479 de
773 1439 889 1495 quo
922 1424 1072 1478 libro
1112 1424 1249 1478 vitae
1281 1438 1497 1478 nomen
1522 1427 1686 1478 tuum
1717 1422 1883 1477 dele-

235 1518 342 1567 tum
378 1513 489 1581 sit;
523 1516 583 1567 et
611 1513 667 1567 si
713 1516 770 1566 te
798 1512 921 1582 jam
962 1512 1175 1566 eredas
1203 1526 1386 1582 prope
1436 1511 1602 1582 ipsas
1630 1512 1882 1581 positam

236 1602 493 1657 tenebras
525 1601 880 1671 exteriores,
934 1600 1033 1654 ubi
1083 1600 1194 1654 erit
1241 1600 1415 1655 ﬂetus
1468 1600 1794 1669 oculorum,
1828 1604 1885 1654 et

234 1690 436 1744 stridor
451 1690 715 1744 dentium
734 1689 864 1743 sine
888 1688 1023 1742 line.
1044 1686 1188 1742 Cum
1212 1687 1342 1742 haec
1373 1692 1531 1743 certa
1562 1688 1696 1756 ﬁde,
1729 1689 1887 1742 sicut

236 1782 334 1848 est,
354 1778 551 1833 animo
576 1777 947 1847 conceperis,
970 1778 1106 1847 quia
1129 1791 1381 1831 necesse
1413 1780 1505 1832 est
1524 1778 1885 1847 praevarica-

234 1868 421 1922 tricem
443 1867 700 1921 animam
716 1867 986 1921 tartareis
1021 1866 1213 1936 poenis
1242 1869 1299 1920 et
1320 1866 1611 1936 gehennae
1642 1865 1885 1937 ignibus

235 1956 389 2025 tradi,
439 1971 553 2010 nec
596 1955 752 2010 aliud
802 1954 1127 2009 remedium
1157 1954 1539 2009 constitutum
1581 1969 1720 2009 esse
1752 1957 1888 2024 post

236 2061 397 2098 unum
462 2044 822 2114 baptismum
886 2059 1061 2114 quam
1125 2043 1485 2112 poenitentiae
1551 2042 1885 2111 solatium;

238 2133 596 2204 quantamvis
629 2132 1028 2201 afﬂictionem,
1056 2130 1433 2201 quantumvis
1452 2131 1714 2186 laborem
1745 2130 1888 2185 sub-

239 2224 332 2291 ire,
351 2225 476 2276 esto
498 2223 792 2289 contenta,
818 2220 1134 2275 dummodo
1165 2220 1238 2274 ab
1271 2220 1650 2274 aeternalibus
1690 2220 1886 2291 pomis

233 2310 515 2365 libereris.

296 2400 377 2453 35.
436 2398 600 2470 Ergo
655 2398 785 2453 haec
838 2400 898 2452 tu
955 2399 1149 2452 tecum
1208 2397 1500 2469 cogitans,
1572 2400 1627 2452 et
1692 2400 1886 2452 mente

234 2491 569 2552 retractans,
606 2486 740 2540 facti
772 2487 854 2540 tui
903 2485 1033 2556 ipsa
1056 2485 1244 2557 judex
1291 2489 1421 2541 esto
1453 2485 1770 2559 crudelior.
1824 2486 1888 2540 In

296 2631 401 2699 (38)
434 2631 515 2683 ita
553 2644 758 2683 omnes
781 2627 917 2682 edit.
954 2643 1087 2682 cum
1143 2643 1293 2682 mss.
1326 2628 1510 2683 multo
1568 2628 1883 2698 pluribus:

238 2700 655 2756 Pseudo-Hier.
679 2702 870 2753 autem
892 2714 1027 2753 cum
1051 2714 1197 2753 mss.
1213 2700 1890 2768 duobus,intermitten-

236 2774 300 2825 da
321 2773 430 2825 tibi
467 2779 585 2826 est.
630 2771 823 2824 Minus
856 2771 1164 2824 concinne.
1202 2770 1312 2823 Hic
1344 2786 1522 2840 porro
1554 2772 1889 2825 summatim

234 2843 582 2913 poenitentiae
641 2841 921 2913 exercitia
979 2845 1403 2913 proponuntur,
1449 2845 1567 2895 tam
1612 2842 1888 2895 interiora

236 2912 393 2984 quam
441 2914 762 2967 exteriora.
812 2912 874 2965 In
933 2913 1150 2982 quibus
1196 2912 1509 2982 lugubrem
1559 2917 1784 2966 vestem
1834 2916 1890 2967 et

239 2986 570 3054 capillorum
594 2984 1019 3037 resecationem
1034 2984 1330 3037 numerari
1343 2984 1394 3037 si
1408 2984 1544 3054 quis
1561 2984 1886 3053 mirabitur,

237 3057 387 3110 adeat
417 3056 736 3119 Morinum,
772 3054 859 3108 De
888 3054 1217 3108 Administ.
1252 3055 1484 3125 1nenit.,
1520 3055 1621 3109 lib.
1656 3072 1733 3123 iv,
1759 3071 1887 3125 cap.

266 3127 314 3195 'i,
360 3144 520 3181 num.
575 3126 606 3179 ’Ἰ
639 3129 695 3180 et
738 3141 889 3195 seq.,
926 3125 1024 3179 ubi
1074 3126 1279 3179 eadem
1311 3125 1406 3179 illa
1437 3129 1576 3181 tunc
1605 3129 1889 3196 temporis

237 3197 648 3267 paenitentibus
696 3197 974 3265 imperata
1019 3210 1156 3249 esse
1186 3196 1458 3266 reperiet.
1513 3196 1726 3251 Verum
1759 3213 1890 3251 cum

242 3266 435 3339 agatur
484 3268 602 3322 hoc
652 3267 783 3321 loco
816 3267 887 3320 de
933 3266 1167 3339 virgine
1202 3267 1322 3321 Deo
1362 3271 1746 3339 consecrata,
1780 3268 1891 3321 alia

241 3338 543 3394 difficultas
574 3355 649 3393 ex
682 3354 796 3391 usu
826 3338 1106 3410 praesenti
1136 3353 1253 3408 quo
1286 3338 1437 3392 solet
1469 3339 1662 3392 sacris
1702 3339 1891 3410 virgi-

239 3412 400 3464 nibus
448 3425 618 3465 coma
658 3410 910 3478 tonderi,
961 3409 1247 3463 oboritur.
1301 3410 1474 3479 Atqui
1525 3414 1748 3464 certum
1799 3409 1893 3464 est

240 3482 363 3535 olim
392 3483 500 3535 hac
532 3482 596 3534 in
626 3496 691 3534 re
722 3480 943 3534 variam
975 3495 1080 3550 pro
1112 3480 1391 3534 varietate
1414 3481 1678 3535 locorum
1701 3481 1891 3535 fuisse

241 3553 620 3623 disciplinam.
674 3550 911 3623 Etenim
953 3555 1169 3619 praeter
1200 3551 1413 3623 synodi
1456 3552 1676 3623 Gangr.
1712 3567 1887 3621 anno,

241 3629 295 3676 ut
330 3621 549 3691 volunt,
598 3621 723 3689 324,
773 3622 1084 3676 celebratae
1133 3637 1262 3676 can.
1314 3622 1401 3692 17,
1446 3621 1657 3676 velatis
1705 3623 1894 3693 virgi-

246 3694 427 3764 nibus,
457 3700 519 3748 ut
549 3710 667 3748 non
713 3693 948 3747 levibus
977 3693 1307 3746 rationibus
1340 3696 1542 3748 contra
1577 3694 1894 3747 Baronium

246 3782 273 3818 a
299 3782 406 3836 quo
435 3767 598 3836 idem
638 3780 827 3836 canon
860 3765 939 3836 de
973 3764 1336 3836 mulierculis
1382 3765 1737 3836 quibusdam
1769 3764 1896 3818 hie-

245 3834 428 3890 reticis
458 3838 517 3892 in
550 3835 723 3891 Notis
755 3835 825 3888 ad
858 3834 1154 3905 Martyrol.
1180 3835 1347 3889 Rom.
1381 3834 1463 3889 xu
1498 3834 1623 3889 Kal.
1656 3835 1781 3889 Oct.
1803 3837 1896 3888 in-

246 3908 529 3979 telligitur,
564 3906 827 3979 defendit
854 3905 1273 3979 Gothofredus,
1310 3922 1453 3978 ergo
1484 3909 1699 3979 praeter
1737 3906 1893 3979 hunc

249 3976 380 4032 canf
412 3984 660 4033 tonsura
708 3977 822 4030 sub
874 3976 1241 4030 anathemate
1285 3976 1622 4048 virginibus
1666 3977 1900 4031 interdi-

248 4054 477 4129 centem,
512 4051 777 4129 “exstat,
839 4048 1010 4129 ipso“
1037 4062 1271 4129 quoque
1311 4047 1553 4129 latente
1621 4048 1894 4129 Beronio,

248 4118 549 4174 Theodosii
584 4120 681 4173 lex
709 4119 799 4187 27,
846 4117 918 4172 de
966 4117 1267 4189 EpiscIet
1306 4119 1541 4187 Cleric.,
1593 4135 1709 4189 qua
1752 4119 1897 4173 illud

248 4189 421 4260 ipsum
453 4192 681 4246 eisdem
729 4189 1066 4260 virginibus
1117 4189 1483 4259 prohibetur.
1521 4191 1661 4243 Data
1694 4189 1802 4243 fuit
1830 4205 1898 4244 ea

249 4259 333 4313 lex
360 4277 449 4315 an.
481 4262 609 4329 390,
642 4265 697 4314 et
726 4261 797 4314 de
828 4259 1128 4314 consensu
1170 4261 1407 4331 quidem
1438 4262 1853 4330 episcoporum
1880 4276 1895 4330 ;

254 4347 370 4403 gum
393 4333 595 4387 eadem
620 4347 856 4403 quoque
879 4331 1268 4403 anathematis
1289 4347 1460 4402 poena
1497 4332 1767 4402 imposita
1800 4332 1896 4386 sit.

251 4400 466 4457 Puellas
483 4400 693 4458 sacras
712 4400 934 4455 crinem
965 4402 1187 4456 aluisse
1219 4400 1674 4473 ac'sponsarum
1714 4404 1901 4456 instar

254 4488 507 4546 sparsum
541 4474 819 4546 gessisse
847 4473 1450 4546 auctorgesthptatus
1500 4474 1896 4528 Milevitanus.

256 4544 593 4599 Ambrosius
648 4545 840 4613 etiam,
899 4544 1002 4597 lib.
1034 4544 1108 4597 de
1165 4544 1343 4598 Instit
1406 4544 1566 4616 Virg.
1632 4562 1759 4615 cap.
1794 4546 1899 4611 l7;

1342 321 1598 390 LIBER
1639 316 1750 388 DE
1792 315 2067 389 LAPSU
2111 315 2510 392 VIRGINIS.

3526 320 3651 383 394

1912 508 1944 567 Χ
1984 524 2193 596 primis
2226 523 2418 579 omnis
2452 540 2589 577 cura
2623 523 2756 578 vitae
2786 522 2970 595 hujus
3002 521 3389 578 interimenda
3419 520 3524 577 tibi
3556 525 3650 577 est

1988 613 2121 684 (38).
2157 616 2232 683 et,
2266 613 2436 684 quasi
2471 615 2758 666 mortuam
2786 615 2841 667 te
2885 613 3255 682 existimans,
3289 613 3446 666 sicut
3474 613 3531 664 et
3559 626 3647 680 es,

1987 701 2283 774 quomodo
2316 701 2517 772 possis
2550 701 2933 769 reviviscere,
2967 702 3183 772 cogita;
3214 699 3439 754 Deinde
3471 700 3652 770 lugu-

1988 792 2115 846 bris
2147 791 2252 844 tibi
2280 789 2620 860 accipienda
2652 792 2745 843 est
2772 790 2980 856 vestis,
3013 793 3069 842 et
3098 804 3267 845 mens
3287 804 3357 843 ac
3389 789 3653 843 membra

1990 878 2227 951 singula
2256 878 2434 950 digna
2467 877 2860 950 castigatione
2895 877 3210 947 punienda.
3263 878 3654 947 Amputentur

1993 968 2211 1036 crines,
2237 966 2335 1037 qui
2356 983 2462 1037 per
2485 981 2692 1019 vanam
2714 965 2963 1037 gloriam
2989 965 3365 1020 occasionem
3401 965 3653 1020 luxuriae

1990 1057 2412 1127 praestiterunt.
2432 1054 2863 1110 Det'luantoculi
2888 1053 3305 1125 lacrymis,qui
3330 1054 3657 1108 masculum

1993 1161 2112 1200 non
2144 1143 2493 1214 simpliciter
2538 1146 2917 1214 aspexerant.
2953 1143 3243 1197 l’allescat
3285 1141 3490 1211 facies,
3526 1155 3657 1213 qua;

1992 1233 2288 1306 quondam
2337 1233 2589 1299 irrubuit
2635 1232 2930 1303 impudice
2978 1232 3110 1302 (39).
3164 1231 3427 1303 Denique
3475 1234 3661 1284 totum

1994 1338 2213 1393 corpus
2242 1321 2480 1393 injuriis
2508 1324 2565 1376 et
2589 1320 2841 1392 jejuniis
2865 1324 3213 1390 macerctur,
3247 1320 3447 1375 cinere
3464 1335 3666 1389 asper-

1994 1428 2127 1467 sum
2149 1415 2204 1467 et
2225 1414 2491 1481 opertum
2511 1410 2711 1465 cilicio
2729 1409 3147 1481 perhorrescat
3170 1425 3182 1465 :
3207 1409 3363 1481 quod
3380 1408 3529 1463 male
3546 1408 3663 1461 sibi

1995 1501 2068 1555 de
2098 1499 2535 1569 pulchritudine
2566 1498 2802 1569 placuit.
2835 1498 2953 1554 Cor
2999 1514 3141 1554 vero
3194 1499 3272 1554 sit
3318 1497 3664 1569 liquescens

1996 1593 2272 1659 tanquam
2290 1604 2447 1655 cera,
2473 1587 2724 1658 jejuniis
2747 1587 3084 1659 inquietans
3107 1587 3394 1658 seipsum,
3421 1590 3477 1641 et
3494 1586 3664 1658 cogi-

1996 1677 2317 1732 tationibus
2352 1676 2666 1745 ventilans,
2700 1692 2883 1748 quare
2913 1677 2990 1731 sit
3017 1676 3092 1731 ab
3136 1675 3376 1730 inimico
3407 1675 3665 1731 subver-

1997 1781 2150 1820 sum.
2205 1765 2434 1820 Sensus
2489 1766 2664 1820 etiam
2709 1764 3045 1833 crucietur;
3102 1765 3238 1837 quia
3285 1765 3346 1820 in
3401 1764 3667 1819 membra

1913 1880 1963 1941 Β
1999 1854 2269 1925 corporis
2314 1869 2446 1908 cum
2479 1852 2723 1909 haberet
2771 1853 3250 1925 dominationem,
3295 1852 3448 1909 malo
3482 1853 3667 1909 cessit

1997 1943 2265 2013 imperio.

2066 2032 2155 2086 36.
2209 2032 2369 2085 Talis
2424 2031 2561 2101 vita,
2595 2030 2730 2085 talis
2778 2032 2930 2086 actio
2980 2030 3358 2102 poenitentiae,
3410 2031 3465 2086 si
3494 2031 3669 2087 fuerit

1996 2135 2413 2192 perseverans,
2471 2118 2709 2173 audebit
2740 2135 3004 2191 sperare,
3067 2120 3179 2175 etsi
3228 2135 3347 2175 non
3393 2119 3664 2193 gloriam,

1998 2210 2146 2273 315
2187 2219 2344 2272 certe
2410 2232 2603 2287 pamze
2669 2217 3037 2272 vacationem
3101 2217 3254 2287 (40);
3314 2216 3457 2273 dicit
3511 2218 3668 2273 enim

2000 2307 2193 2362 Deus:
2232 2304 2673 2362 Convertimiui
2699 2305 2776 2360 ad
2804 2321 2918 2375 me,
2952 2311 3012 2360 et
3057 2311 3381 2361 convertar
3427 2305 3505 2361 ad
3539 2322 3660 2362 vos.

2003 2396 2121 2451 Con
2134 2394 2441 2449 vei-limini
2471 2410 2547 2449 ex
2579 2399 2698 2449 toto
2726 2394 2908 2449 corde
2935 2399 3154 2460 vestro,
3178 2395 3240 2449 in
3249 2393 3500 2467 jejunio,
3524 2401 3582 2451 et
3603 2392 3666 2452 in

1998 2485 2159 2551 ﬂetu,
2183 2490 2241 2539 et
2258 2485 2320 2537 in
2336 2482 2607 2555 planctu;
2630 2482 2952 2555 dirumpite
2974 2482 3153 2539 corda
3202 2489 3424 2555 vestra,
3461 2490 3519 2539 et
3551 2500 3666 2541 non

2000 2628 2195 2683 minus
2242 2624 2789 2698 quamrmonachos
2820 2624 3091 2698 gloriari
3140 2625 3235 2696 pia
3294 2624 3667 2682 aemulatione

1999 2697 2280 2755 testatum
2335 2697 2572 2752 vellent.
2630 2697 2746 2752 Sed
2802 2697 2874 2752 de
2907 2698 3000 2751 his
3048 2703 3267 2767 preter
3310 2702 3669 2753 memoratos

1999 2776 2274 2825 auctores
2305 2768 2636 2823 luculenter
2691 2772 2943 2839 egerunt
2998 2769 3324 2839 Spencaaus
3374 2767 3477 2824 lib.
3510 2786 3551 2823 v
3595 2770 3670 2824 de

2015 2784 2274 2825 iuctores
2306 2784 2636 2823 luculenter
2691 2784 2943 2893 egerunt
2998 2784 3324 2839 Spencaeus
3374 2784 3477 2824 un.
3510 2786 3551 2823 γ
3595 2784 3665 2824 de

2015 2842 2143 2898 Voti
2190 2839 2522 2911 Iledempt.,
2576 2855 2743 2911 cap,
2784 2858 2802 2903 ;
2854 2838 3172 2911 Menardus
3198 2843 3417 2911 noster
3444 2841 3504 2895 in
3548 2840 3665 2895 Sa-

2002 2929 2162 2967 cram
2198 2910 2450 2984 Gregor.
2483 2925 2631 2984 pag.
2654 2910 2795 2978 212;
2847 2910 3098 2984 Heeften
3126 2910 3373 2984 Disquis
3397 2911 3658 2984 Monast.

2002 2929 2162 2967 cram
2198 2926 2450 2981 uregor.
2483 2926 2619 3035 pag:
2654 2926 2795 2978 212;
2847 2926 3098 2965 neeuen
3126 2926 3373 2984 msqms
3397 2926 3658 2966 Μοηαει.

1999 2984 2185 3109 tibi“?
2210 2982 2428 3109 disqu
2443 2984 2581 3107 ἄν
2622 2982 2966 3036 homassim.
2988 2982 3235 3053 Discipl.
3260 2981 3496 3037 Eccles.
3519 2987 3668 3053 part.

2000 3066 2040 3120 ἰ,
2076 3066 2177 3109 lib.
2212 3070 2249 3120 l,
2283 3069 2411 3120 cap.
2443 3066 2531 3107 eu.

2025 3097 2040 3125 ,
2076 3069 2177 3109 nn.
2212 3070 2249 3120 ι,
2283 3069 2411 3123 cap.
2443 3069 2531 3107 au.

2043 3124 2418 3198 _7(3_9)Omne_s
2442 3124 2579 3198 edit,
2603 3139 2674 3198 ac
2697 3139 2843 3198 mss.
2869 3123 3110 3198 aliquot,
3141 3124 3324 3198 viruit
3354 3123 3667 3198 impudice.

2004 3196 2241 3251 Minime
2291 3195 2480 3262 male;
2525 3194 2703 3248 viruit
2732 3195 2900 3266 enim,
2935 3195 3088 3248 sumi
3133 3194 3447 3266 eleganter
3476 3198 3672 3266 potest

2005 3284 2110 3339 pro
2142 3266 2351 3338 viguit,
2384 3281 2501 3336 quo
2530 3265 2727 3319 Sensu
2754 3265 2983 3318 Tullius
3021 3265 3388 3319 viriditatem
3420 3265 3667 3335 habere,

2004 3343 2061 3393 et
2085 3338 2363 3392 Horatius
2389 3338 2592 3390 virere
2610 3352 2803 3408 genua
2818 3336 3093 3408 dixerunt
3119 3351 3137 3408 :A
3156 3335 3266 3408 alii
3293 3339 3487 3408 tamen
3519 3352 3667 3408 mss.

2002 3411 2206 3480 plures
2238 3424 2307 3462 ac
2338 3409 2601 3480 potiores
2616 3406 2896 3461 'irrubuit
2939 3406 3253 3477 impudice.
3305 3406 3533 3480 Neque
3558 3407 3671 3460 hoc

2005 3478 2199 3551 ipsum
2224 3480 2415 3551 magis
2434 3480 2492 3532 in
2530 3479 2679 3551 cite;
2711 3494 2845 3532 nam
2876 3482 3273 3551 praeterquam
3312 3478 3486 3551 quod
3521 3478 3674 3532 inter

1998 3549 2287 3623 pallescet
2332 3549 2401 3623 et
2457 3549 2722 3623 irrubuit
2779 3549 3269 3623 concinniusuest
3325 3549 3675 3623 antitheton,

2005 3618 2190 3677 rubor
2246 3622 2307 3674 in
2362 3621 2513 3675 facie
2561 3623 2624 3673 ut
2681 3620 2855 3674 bonae
2914 3618 3294 3689 valetudinis,
3355 3620 3433 3673 ita
3499 3618 3677 3675 etiam

2003 3692 2373 3747 vehementis
2444 3689 2691 3745 allectus
2758 3691 3041 3745 indicium
3103 3695 3216 3745 est.
3291 3690 3507 3745 lterum
3573 3706 3681 3761 pro

2008 3764 2247 3836 iiy'uriis
2279 3762 2632 3836 et‘jejuniis,
2669 3777 2816 3836 mss.
2852 3761 3140 3836 nonnulli,
3193 3762 3427 3836 incuria
3459 3765 3515 3816 et
3546 3778 3681 3816 mu-

1994 3832 2270 3907 jejuniis.
2334 3832 2465 3907 Non
2522 3833 2780 3907 absurde
2838 3832 3094 3907 quidem,
3155 3833 3262 3887 sed
3305 3836 3509 3907 tamen
3565 3848 3685 3888 non

2006 3904 2180 3961 ta'nda
2210 3920 2328 3958 vox
2358 3904 2639 3976 iiy'uriis;
2667 3904 2821 3976 idem
2850 3904 3017 3976 enim
3037 3906 3128 3957 est
3158 3919 3226 3958 ac
3259 3904 3460 3976 frigida
3492 3907 3549 3959 et
3576 3921 3675 3976 as-

2009 3993 2149 4048 pera
2194 3973 2604 4048 castigatione,
2639 3979 2710 4048 Aut
2758 3975 2861 4048 lib.
2896 3992 2936 4027 ιι
2988 3974 3060 4028 de
3092 3973 3413 4048 Abraham,
3461 3992 3588 4046 cap.
3620 3973 3676 4044 8,

2009 4046 2169 4102 num.
2203 4046 2291 4115 5t,
2324 4046 2507 4100 vitula
2537 4046 2751 4100 dicitur
2798 4046 3027 4101 domari
3078 4047 3339 4118 injuriis.
3376 4047 3683 4118 Postremo

2011 4119 2111 4173 ubi
2164 4133 2371 4172 omnes
2403 4119 2541 4189 edit.
2602 4133 2672 4171 ac
2703 4117 3163 4189 mssaexcepto
3221 4117 3402 4187 Flor.,
3430 4118 3527 4173 -de
3548 4117 3683 4189 pul-

2010 4189 2354 4313 chrijudin‘e
2376 4188 2600 4261 placuit
2617 4207 2635 4255 ;
2668 4189 2823 4244 idem
2853 4188 3009 4243 Flor.
3042 4189 3238 4260 habet,
3273 4189 3348 4244 de
3371 4188 3687 4261 turpitudi-

2012 4277 2087 4313 ne
2110 4277 2143 4313 υ
2169 4276 2296 4313 aeni
2334 4301 2345 4313 .

2012 4277 2087 4315 ne
2109 4261 2345 4315 placuit.

2083 4277 2430 4400 (gtlljcggdex
2472 4331 2766 4404 Regiom..
2822 4331 2943 4386 etsi
2987 4347 3100 4385 non
3147 4345 3439 4396 coronam,
3491 4333 3684 4404 tamen

2018 4404 2269 4467 veniam,
2331 4408 2390 4474 et
2432 4400 2657 4456 certam
2700 4418 2892 4474 paenae
2940 4403 3424 4474 evacuationem:
3456 4400 3686 4474 reliqui

2013 4478 2206 4529 autem
2237 4478 2293 4526 et
2324 4473 2461 4527 edit.
2505 4474 2651 4527 nihil
2697 4470 2994 4542 dill‘erunt,
3049 4472 3164 4526 nisi
3209 4472 3367 4542 quod
3413 4470 3513 4524 ubi
3543 4471 3680 4524 edit.

2013 4562 2082 4599 ac
2106 4544 2276 4615 pauci
2321 4560 2467 4598 mss.
2492 4545 2817 4615 praeferunt
2853 4544 3252 4615 vacuationem
3283 4545 3382 4595 aut
3429 4556 3685 4615 evacua-

1917 3238 1970 3305 C

256 4619 305 4667 et
355 4617 744 4688 Augustinus,
796 4592 968 4684 epist.
1018 4616 1138 4688 109,
1190 4618 1337 4669 satis
1382 4592 1976 4686 declarantfapudn
2018 4592 2528 4670 tionemaliimssr.
2546 4613 3239 4688 magnonumerolegunt
3262 4613 3683 4688 vacuationem.

254 4687 552 4754 populares
608 4702 755 4740 suos
814 4691 876 4740 ut
921 4687 1189 4757 virgines
1234 4702 1460 4740 comam
1518 4687 1899 4756 deponerent,

260 4770 460 4811 morem
491 4773 609 4812 non
655 4757 864 4810 fuisse.
912 4757 1117 4828 Neque
1148 4773 1290 4811 vero
1321 4758 1463 4812 illud
1513 4758 1664 4812 idem
1697 4774 1903 4827 parum

258 4832 436 4894 aperte
455 4830 667 4882 indicat
686 4828 1083 4898 Hieronymus
1097 4829 1269 4898 epist.
1287 4828 1355 4882 48
1383 4830 1458 4883 ad
1488 4830 1897 4883 Sabinianum.

258 4900 709 4970 quandoquidem
747 4915 881 4953 eum
911 4899 1156 4968 capillos
1188 4900 1408 4953 amoris
1460 4900 1704 4953 obsides
1735 4915 1903 4954 acce-

259 4967 408 5035 pisse
437 4967 608 5025 docet
664 4970 738 5023 ab
796 4985 865 5023 ea
923 4967 1182 5039 moniali,
1232 4986 1407 5041 quam
1452 4976 1795 5041 corruperat
1843 4972 1902 5024 in

261 5042 597 5112 monasterio
614 5041 1116 5107 Bethlehemitico,
1142 5042 1202 5094 in
1233 5042 1387 5112 quod
1412 5042 1508 5095 illa
1532 5058 1666 5095 cum
1702 5042 1904 5096 Roma:

263 5110 436 5181 velum
468 5114 820 5181 accepisset,
854 5127 920 5165 se
970 5110 1291 5181 receperat.
1327 5113 1541 5167 Contra
1577 5127 1718 5166 voro
1750 5113 1905 5167 idem

265 5176 645 5253 Hieronymus
709 5176 883 5236 citata
949 5176 1129 5252 epist:
1194 5184 1370 5237 tradit
1438 5184 1773 5238 obtinuisse
1841 5185 1903 5237 in

267 5250 503 5327 digypti
521 5262 579 5307 et
620 5254 821 5327 svi-ile
856 5250 1260 5327 monasteriis,
1298 5261 1356 5307 ut
1388 5260 1504 5308 tam
1543 5256 1712 5325 virgo
1740 5271 1906 5327 quam

269 5322 443 5396 vidua,
462 5342 582 5396 qme
595 5322 801 5396 se'Deo
818 5340 883 5396 ro
895 5326 1107 5378 verint.
1120 5365 1155 5379 ..
1173 5328 1399 5379 crinem
1414 5322 1907 5379 monasteriorum

263 5395 531 5448 matribus
547 5395 801 5450 offerent
815 5395 1227 5449 desecandum.
1247 5397 1376 5450 Huc
1398 5396 1546 5449 adde
1589 5396 1909 5450 Palladium

266 5460 335 5539 ia
371 5464 689 5539 Laustacis,
737 5482 869 5539 cap.
906 5466 1015 5539 Al,
1077 5467 1176 5519 ubi
1219 5468 1519 5539 virginum
1565 5466 1911 5539 hujusmodi

266 5531 435 5605 fuisse
460 5531 715 5591 habitum
734 5531 962 5605 scribit,
989 5531 1047 5590 ut
1083 5545 1286 5591 essent
1308 5531 1492 5593 ῖοηείρ
1507 5531 1907 5592 etcubullatw.

268 5602 472 5661 Citatur
516 5614 802 5679 praeterea
853 5602 982 5662 can.
1030 5609 1102 5663 66
1157 5610 1385 5680 Nicaea.
1438 5609 1610 5680 Alph.
1675 5608 1911 5678 Pisani;

270 5687 364 5728 nec
379 5693 489 5733 non
510 5678 678 5754 etiam
698 5680 1005 5754 Anathasii
1022 5679 1097 5735 de
1128 5678 1278 5754 Vera
1306 5678 1531 5754 virgini
1549 5695 1658 5751 pro
1682 5680 1915 5754 eodem

272 5757 373 5802 usu
430 5752 530 5823 qui
590 5752 828 5807 tandem
892 5751 1083 5823 solus
1127 5750 1372 5823 invaluit
1390 5750 1420 5823 ,⁷
1475 5750 1610 5808 cuin
1674 5751 1909 5808 femina

277 5819 726 5880 sanctimoniales
782 5821 1143 5898 paenitentia
1200 5819 1542 5909 insignibus
1600 5837 1739 5886 sese
1798 5836 1920 5901 non

535 5910 789 5986 Paraoa.
832 5911 984 5985 XVI.

2014 4688 2146 4741 Non
2177 4687 2392 4741 desunt
2421 4702 2597 4755 porro
2647 4683 2746 4755 qui
2782 4701 2915 4738 cum
2964 4700 3039 4737 ex
3071 4683 3165 4737 his
3204 4683 3410 4755 verbis
3457 4686 3577 4737 tum
3611 4699 3688 4737 ex

2013 4759 2147 4812 aliis
2208 4760 2381 4827 epist.
2422 4754 2473 4810 "2
2533 4757 2606 4809 ad
2660 4754 2904 4810 Horont.
2964 4754 3349 4827 Ambrosium
3398 4755 3685 4809 accedere

2013 4826 2279 4883 veterum
2308 4827 2697 4898 quorumdam
2737 4826 3020 4896 opinioni,
3054 4842 3169 4897 qua
3213 4826 3483 4880 feruntur
3532 4828 3689 4880 inter

2012 4900 2319 4955 beatorum
2350 4898 2598 4969 gloriam
2629 4913 2709 4969 ac
2744 4898 3146 4969 damnatorum
3176 4913 3384 4967 pmnas
3431 4899 3689 4952 medium

2014 4970 2328 5042 quemdam
2362 4968 2600 5042 statum
2646 4968 2989 5042 admisisse,
3054 4969 3126 5022 de
3182 4984 3298 5039 quo
3345 4969 3561 5023 dicitur
3614 4969 3689 5023 ad

2015 5039 2284 5096 eamdem
2316 5040 2486 5109 epist.
2538 5039 2665 5093 Hoc
2697 5044 2890 5094 autem
2937 5039 3067 5093 loco
3099 5042 3324 5094 tantum
3373 5055 3686 5095 monemus

2016 5113 2182 5183 tangi
2204 5111 2443 5183 quidem
2471 5110 2544 5164 ab
2577 5117 2816 5183 auctore
2848 5109 3275 5183 difﬁcultatem,
3335 5112 3445 5165 sed
3478 5113 3687 5165 inexu-

2015 5182 2290 5237 minatum
2323 5182 2707 5252 praetermitti.
2736 5182 2844 5235 Hic
2876 5182 3032 5235 enim
3065 5184 3319 5236 oratoria
3370 5183 3685 5237 concessio

2016 5258 2123 5315 est,
2163 5255 2334 5325 quasi
2367 5254 2611 5322 diceret,
2657 5253 2767 5307 etsi
2799 5253 3050 5325 gloriam
3090 5253 3358 5325 adipisci
3388 5270 3508 5309 non
3540 5269 3687 5325 con-

2014 5326 2290 5396 tingeret,
2323 5325 2394 5378 de
2424 5340 2539 5397 quo
2571 5340 2687 5378 non
2721 5324 2977 5397 disputo,
3013 5324 3223 5377 saltem
3253 5340 3560 5394 poenarum
3592 5324 3690 5397 ob.

2016 5395 2238 5467 tinebis
2268 5396 2711 5467 immunitatem.
2747 5396 2807 5449 Si
2841 5397 2977 5467 quis
3007 5401 3202 5449 tamen
3230 5400 3528 5467 exsortem
3555 5395 3687 5467 glo-g-

2016 5468 2122 5521 riae
2168 5465 2423 5521 futuram
2470 5466 2627 5520 illam
2674 5463 2967 5537 virginem
2998 5467 3072 5519 ab
3122 5471 3361 5520 auctore
3406 5463 3689 5537 afﬁ_ifiiiari

2021 5538 2354 5605 contendat,
2376 5537 2691 5592 dummodo
2710 5535 2829 5593 non
2851 5538 3102 5609 gloriam
3126 5552 3359 5591 omnem
3377 5535 3684 5607 intelligat,

2019 5610 2528 5683 sedsingularem
2559 5609 2718 5664 illam
2770 5609 3269 5683 quievirginibus
3310 5610 3537 5683 pactam
3570 5621 3687 5660 cm-

2022 5680 2159 5738 lesti
2184 5679 2416 5757 sponso
2444 5680 2620 5739 ﬁdem
2670 5679 3055 5740 servantibus
3101 5680 3389 5757 destinata
3420 5679 3531 5750 est,
3567 5692 3688 5755 ina-

2021 5767 2135 5812 nua
2166 5751 2460 5822 debitum.
