  <div class='ocr_page' id='page_1' title='image "/cluster/home/n/w/nwhite01/storage/ocr_20150623/16/hvd.32044096580444/204.png"; bbox 0 0 4024 6176; ppageno 0'>
   <div class='ocr_carea' id='block_1_1' title="bbox 249 304 348 377">
    <p class='ocr_par' dir='ltr' id='par_1_1' title="bbox 249 304 348 377">
     <span class='ocr_line' id='line_1_1' title="bbox 249 304 348 377; baseline 0.02 -1"><span class='ocrx_word' id='word_1_1' title='bbox 249 304 348 377; x_wconf 77' lang='lat'><strong>397</strong></span> 
     </span>
    </p>
   </div>
   <div class='ocr_carea' id='block_1_2' title="bbox 1352 326 2538 405">
    <p class='ocr_par' dir='ltr' id='par_1_2' title="bbox 1352 326 2538 405">
     <span class='ocr_line' id='line_1_2' title="bbox 1352 326 2538 405; baseline 0.013 -15"><span class='ocrx_word' id='word_1_2' title='bbox 1352 328 1610 394; x_wconf 88' lang='lat' dir='ltr'><strong>LIBER</strong></span> <span class='ocrx_word' id='word_1_3' title='bbox 1651 326 1763 397; x_wconf 91' lang='lat' dir='ltr'><strong>DE</strong></span> <span class='ocrx_word' id='word_1_4' title='bbox 1807 336 2085 402; x_wconf 87' lang='lat' dir='ltr'><strong>LAPSU</strong></span> <span class='ocrx_word' id='word_1_5' title='bbox 2130 340 2538 405; x_wconf 79' lang='lat' dir='ltr'><strong>VIRGINIS.</strong></span> 
     </span>
    </p>
   </div>
   <div class='ocr_carea' id='block_1_3' title="bbox 3584 358 3704 425">
    <p class='ocr_par' dir='ltr' id='par_1_3' title="bbox 3584 358 3704 425">
     <span class='ocr_line' id='line_1_3' title="bbox 3584 358 3704 425; baseline 0.042 -4"><span class='ocrx_word' id='word_1_6' title='bbox 3584 358 3704 425; x_wconf 87' lang='lat'><strong>398</strong></span> 
     </span>
    </p>
   </div>
   <div class='ocr_carea' id='block_1_4' title="bbox 236 514 3703 629">
    <p class='ocr_par' dir='ltr' id='par_1_4' title="bbox 236 514 3703 629">
     <span class='ocr_line' id='line_1_4' title="bbox 236 514 3703 629; baseline 0.015 -63"><span class='ocrx_word' id='word_1_7' title='bbox 236 530 351 569; x_wconf 83' lang='lat' dir='ltr'><strong>rum</strong></span> <span class='ocrx_word' id='word_1_8' title='bbox 379 514 778 585; x_wconf 77' lang='lat' dir='ltr'><strong>impunitatem</strong></span> <span class='ocrx_word' id='word_1_9' title='bbox 810 526 929 576; x_wconf 83' lang='lat' dir='ltr'><strong>non</strong></span> <span class='ocrx_word' id='word_1_10' title='bbox 959 521 1099 578; x_wconf 86' lang='lat' dir='ltr'><strong>facit</strong></span> <span class='ocrx_word' id='word_1_11' title='bbox 1132 525 1464 585; x_wconf 78' lang='lat' dir='ltr'><strong>criminum.</strong></span> <span class='ocrx_word' id='word_1_12' title='bbox 1516 531 1666 587; x_wconf 88' lang='lat' dir='ltr'><strong>Nam</strong></span> <span class='ocrx_word' id='word_1_13' title='bbox 1698 534 1757 588; x_wconf 92' lang='lat' dir='ltr'><strong>in</strong></span> <span class='ocrx_word' id='word_1_14' title='bbox 1789 518 1979 590; x_wconf 59' lang='grc' dir='ltr'><strong>’διο-Κ</strong></span> <span class='ocrx_word' id='word_1_15' title='bbox 2080 539 2169 594; x_wconf 83' lang='grc'><strong>45.</strong></span> <span class='ocrx_word' id='word_1_16' title='bbox 2215 540 2344 596; x_wconf 84' lang='lat' dir='ltr'><strong>Heu</strong></span> <span class='ocrx_word' id='word_1_17' title='bbox 2392 541 2515 597; x_wconf 89' lang='lat' dir='ltr'><strong>me!</strong></span> <span class='ocrx_word' id='word_1_18' title='bbox 2569 546 2704 615; x_wconf 84' lang='lat' dir='ltr'><strong>quia</strong></span> <span class='ocrx_word' id='word_1_19' title='bbox 2753 546 2905 603; x_wconf 88' lang='lat' dir='ltr'><strong>facta</strong></span> <span class='ocrx_word' id='word_1_20' title='bbox 2948 566 3079 605; x_wconf 87' lang='lat' dir='ltr'><strong>sum</strong></span> <span class='ocrx_word' id='word_1_21' title='bbox 3133 552 3288 609; x_wconf 82' lang='lat' dir='ltr'><strong>sicut</strong></span> <span class='ocrx_word' id='word_1_22' title='bbox 3317 554 3592 629; x_wconf 85' lang='lat' dir='ltr'><strong>Sodoma,</strong></span> <span class='ocrx_word' id='word_1_23' title='bbox 3641 568 3703 619; x_wconf 89' lang='lat' dir='ltr'><strong>et</strong></span> 
     </span>
     <span class='ocr_line' id='line_1_5' title="bbox 237 603 1798 629; baseline 0 0"><span class='ocrx_word' id='word_1_24' title='bbox 237 603 387 629; x_wconf 67' lang='grc' dir='ltr'><strong>,ΞΑ-...ι</strong></span> <span class='ocrx_word' id='word_1_25' title='bbox 427 607 479 629; x_wconf 65' lang='grc' dir='ltr'><strong>,ιι</strong></span> <span class='ocrx_word' id='word_1_26' title='bbox 508 604 827 629; x_wconf 68' lang='grc' dir='ltr'><strong>Π-...-....1.-</strong></span> <span class='ocrx_word' id='word_1_27' title='bbox 875 613 920 629; x_wconf 74' lang='grc' dir='ltr'><strong>,ι</strong></span> <span class='ocrx_word' id='word_1_28' title='bbox 969 613 978 622; x_wconf 87' lang='grc'><strong>·</strong></span> <span class='ocrx_word' id='word_1_29' title='bbox 1070 616 1081 629; x_wconf 73' lang='grc' dir='ltr'><strong>ι</strong></span> <span class='ocrx_word' id='word_1_30' title='bbox 1134 614 1168 629; x_wconf 78' lang='grc' dir='ltr'><strong><em>,ο</em></strong></span> <span class='ocrx_word' id='word_1_31' title='bbox 1344 617 1354 627; x_wconf 82' lang='grc'><strong><em>.</em></strong></span> <span class='ocrx_word' id='word_1_32' title='bbox 1600 622 1610 629; x_wconf 95' lang='grc'><em>.</em></span> <span class='ocrx_word' id='word_1_33' title='bbox 1662 622 1693 629; x_wconf 88' lang='grc'><strong>..</strong></span> <span class='ocrx_word' id='word_1_34' title='bbox 1747 624 1798 629; x_wconf 32' lang='grc' dir='ltr'><strong>Α--</strong></span> 
     </span>
    </p>
   </div>
   <div class='ocr_carea' id='block_1_5' title="bbox 236 603 1902 690">
    <p class='ocr_par' dir='ltr' id='par_1_5' title="bbox 236 603 1902 690">
     <span class='ocr_line' id='line_1_6' title="bbox 236 603 1902 690; baseline 0.014 -35"><span class='ocrx_word' id='word_1_35' title='bbox 236 603 392 656; x_wconf 90' lang='lat' dir='ltr'><strong>doma</strong></span> <span class='ocrx_word' id='word_1_36' title='bbox 424 607 481 658; x_wconf 89' lang='lat' dir='ltr'><strong>et</strong></span> <span class='ocrx_word' id='word_1_37' title='bbox 508 604 834 663; x_wconf 90' lang='lat' dir='ltr'><strong>Gomorrha</strong></span> <span class='ocrx_word' id='word_1_38' title='bbox 867 613 923 665; x_wconf 91' lang='lat' dir='ltr'><strong>et</strong></span> <span class='ocrx_word' id='word_1_39' title='bbox 964 613 1025 666; x_wconf 89' lang='lat' dir='ltr'><strong>in</strong></span> <span class='ocrx_word' id='word_1_40' title='bbox 1068 614 1207 669; x_wconf 92' lang='lat' dir='ltr'><strong>totis</strong></span> <span class='ocrx_word' id='word_1_41' title='bbox 1258 617 1518 690; x_wconf 91' lang='lat' dir='ltr'><strong>quinque</strong></span> <span class='ocrx_word' id='word_1_42' title='bbox 1561 622 1902 679; x_wconf 79' lang='lat' dir='ltr'><strong>civitatibus</strong></span> 
     </span>
    </p>
   </div>
   <div class='ocr_carea' id='block_1_6' title="bbox 236 691 1898 778">
    <p class='ocr_par' dir='ltr' id='par_1_6' title="bbox 236 691 1898 778">
     <span class='ocr_line' id='line_1_7' title="bbox 236 691 1898 778; baseline 0.015 -35"><span class='ocrx_word' id='word_1_43' title='bbox 236 691 685 749; x_wconf 89' lang='lat' dir='ltr'><strong>innumerabiles</strong></span> <span class='ocrx_word' id='word_1_44' title='bbox 739 698 938 770; x_wconf 84' lang='lat' dir='ltr'><strong>utique</strong></span> <span class='ocrx_word' id='word_1_45' title='bbox 969 701 1310 759; x_wconf 90' lang='lat' dir='ltr'><strong>habitabant</strong></span> <span class='ocrx_word' id='word_1_46' title='bbox 1340 723 1414 777; x_wconf 91' lang='lat' dir='ltr'><strong>po</strong></span> <span class='ocrx_word' id='word_1_47' title='bbox 1428 708 1570 778; x_wconf 91' lang='lat' dir='ltr'><strong>puli,</strong></span> <span class='ocrx_word' id='word_1_48' title='bbox 1604 714 1661 765; x_wconf 92' lang='lat' dir='ltr'><strong>et</strong></span> <span class='ocrx_word' id='word_1_49' title='bbox 1691 728 1898 767; x_wconf 90' lang='lat' dir='ltr'><strong>omnes</strong></span> 
     </span>
    </p>
   </div>
   <div class='ocr_carea' id='block_1_7' title="bbox 232 780 1898 871">
    <p class='ocr_par' dir='ltr' id='par_1_7' title="bbox 232 780 1898 871">
     <span class='ocr_line' id='line_1_8' title="bbox 232 780 1898 871; baseline 0.015 -40"><span class='ocrx_word' id='word_1_50' title='bbox 232 780 433 834; x_wconf 84' lang='lat' dir='ltr'><strong>cariter</strong></span> <span class='ocrx_word' id='word_1_51' title='bbox 475 783 571 852; x_wconf 91' lang='lat' dir='ltr'><strong>qui</strong></span> <span class='ocrx_word' id='word_1_52' title='bbox 622 784 941 842; x_wconf 87' lang='lat' dir='ltr'><strong>libidinose</strong></span> <span class='ocrx_word' id='word_1_53' title='bbox 992 806 1240 861; x_wconf 86' lang='lat' dir='ltr'><strong>corpora</strong></span> <span class='ocrx_word' id='word_1_54' title='bbox 1307 811 1419 849; x_wconf 89' lang='lat' dir='ltr'><strong>sua</strong></span> <span class='ocrx_word' id='word_1_55' title='bbox 1480 800 1898 871; x_wconf 87' lang='lat' dir='ltr'><strong>tractaverunt,</strong></span> 
     </span>
    </p>
   </div>
   <div class='ocr_carea' id='block_1_8' title="bbox 228 868 1899 957">
    <p class='ocr_par' dir='ltr' id='par_1_8' title="bbox 228 868 1899 957">
     <span class='ocr_line' id='line_1_9' title="bbox 228 868 1899 957; baseline 0.015 -37"><span class='ocrx_word' id='word_1_56' title='bbox 228 868 410 939; x_wconf 89' lang='lat' dir='ltr'><strong>igneis</strong></span> <span class='ocrx_word' id='word_1_57' title='bbox 443 869 733 927; x_wconf 78' lang='lat' dir='ltr'><strong>imbribus</strong></span> <span class='ocrx_word' id='word_1_58' title='bbox 766 876 1206 949; x_wconf 83' lang='lat' dir='ltr'><strong>conﬂagrarunt</strong></span> <span class='ocrx_word' id='word_1_59' title='bbox 1236 881 1409 950; x_wconf 85' lang='lat' dir='ltr'><strong>(Gen.</strong></span> <span class='ocrx_word' id='word_1_60' title='bbox 1444 903 1567 957; x_wconf 79' lang='lat' dir='ltr'><strong>xix,</strong></span> <span class='ocrx_word' id='word_1_61' title='bbox 1600 887 1692 949; x_wconf 75' lang='grc'>25)</span> <span class='ocrx_word' id='word_1_62' title='bbox 1737 905 1748 943; x_wconf 90' lang='lat'>:</span> <span class='ocrx_word' id='word_1_63' title='bbox 1794 868 1899 944; x_wconf 44' lang='lat' dir='ltr'><strong>so;</strong></span> 
     </span>
    </p>
   </div>
   <div class='ocr_carea' id='block_1_9' title="bbox 230 955 1900 1033">
    <p class='ocr_par' dir='ltr' id='par_1_9' title="bbox 230 955 1900 1033">
     <span class='ocr_line' id='line_1_10' title="bbox 230 955 1900 1033; baseline 0.015 -25"><span class='ocrx_word' id='word_1_64' title='bbox 230 955 316 1010; x_wconf 91' lang='lat' dir='ltr'><strong>lus</strong></span> <span class='ocrx_word' id='word_1_65' title='bbox 356 960 551 1013; x_wconf 89' lang='lat' dir='ltr'><strong>autem</strong></span> <span class='ocrx_word' id='word_1_66' title='bbox 601 961 711 1016; x_wconf 91' lang='lat' dir='ltr'><strong>Lot</strong></span> <span class='ocrx_word' id='word_1_67' title='bbox 754 963 825 1017; x_wconf 91' lang='lat' dir='ltr'><strong>de</strong></span> <span class='ocrx_word' id='word_1_68' title='bbox 873 965 972 1021; x_wconf 91' lang='lat' dir='ltr'><strong>illo</strong></span> <span class='ocrx_word' id='word_1_69' title='bbox 1020 968 1344 1025; x_wconf 89' lang='lat' dir='ltr'><strong>inevitabili</strong></span> <span class='ocrx_word' id='word_1_70' title='bbox 1392 955 1664 1031; x_wconf 88' lang='lat' dir='ltr'><strong>incendio</strong></span> <span class='ocrx_word' id='word_1_71' title='bbox 1710 980 1900 1033; x_wconf 89' lang='lat' dir='ltr'><strong>evasit</strong></span> 
     </span>
    </p>
   </div>
   <div class='ocr_carea' id='block_1_10' title="bbox 227 1044 1901 1137">
    <p class='ocr_par' dir='ltr' id='par_1_10' title="bbox 227 1044 1901 1137">
     <span class='ocr_line' id='line_1_11' title="bbox 227 1044 1901 1137; baseline 0.015 -39"><span class='ocrx_word' id='word_1_72' title='bbox 227 1044 395 1113; x_wconf 85' lang='lat' dir='ltr'><strong>(Ibid.</strong></span> <span class='ocrx_word' id='word_1_73' title='bbox 430 1046 554 1117; x_wconf 73' lang='lat'><strong>29);</strong></span> <span class='ocrx_word' id='word_1_74' title='bbox 588 1050 724 1120; x_wconf 86' lang='lat' dir='ltr'><strong>quia</strong></span> <span class='ocrx_word' id='word_1_75' title='bbox 755 1052 828 1107; x_wconf 90' lang='lat' dir='ltr'><strong>ab</strong></span> <span class='ocrx_word' id='word_1_76' title='bbox 860 1053 958 1108; x_wconf 90' lang='lat' dir='ltr'><strong>illa</strong></span> <span class='ocrx_word' id='word_1_77' title='bbox 988 1057 1347 1127; x_wconf 79' lang='lat' dir='ltr'><strong>turpitudine</strong></span> <span class='ocrx_word' id='word_1_78' title='bbox 1380 1077 1446 1116; x_wconf 91' lang='lat' dir='ltr'><strong>se</strong></span> <span class='ocrx_word' id='word_1_79' title='bbox 1477 1063 1733 1120; x_wconf 90' lang='lat' dir='ltr'><strong>alienum</strong></span> <span class='ocrx_word' id='word_1_80' title='bbox 1755 1083 1901 1137; x_wconf 64' lang='lat' dir='ltr'><strong>pras-</strong></span> 
     </span>
    </p>
   </div>
   <div class='ocr_carea' id='block_1_11' title="bbox 227 1134 462 1188">
    <p class='ocr_par' dir='ltr' id='par_1_11' title="bbox 227 1134 462 1188">
     <span class='ocr_line' id='line_1_12' title="bbox 227 1134 462 1188; baseline 0.009 -2"><span class='ocrx_word' id='word_1_81' title='bbox 227 1134 462 1188; x_wconf 87' lang='lat' dir='ltr'><strong>stiterat.</strong></span> 
     </span>
    </p>
   </div>
   <div class='ocr_carea' id='block_1_12' title="bbox 281 1220 1894 1309">
    <p class='ocr_par' dir='ltr' id='par_1_12' title="bbox 281 1220 1894 1309">
     <span class='ocr_line' id='line_1_13' title="bbox 281 1220 1894 1309; baseline 0.016 -34"><span class='ocrx_word' id='word_1_82' title='bbox 281 1220 365 1277; x_wconf 71' lang='grc'><strong>42.</strong></span> <span class='ocrx_word' id='word_1_83' title='bbox 410 1222 674 1282; x_wconf 82' lang='lat' dir='ltr'><strong>Exclnde</strong></span> <span class='ocrx_word' id='word_1_84' title='bbox 705 1243 849 1302; x_wconf 89' lang='lat' dir='ltr'><strong>ergo</strong></span> <span class='ocrx_word' id='word_1_85' title='bbox 879 1231 971 1286; x_wconf 89' lang='lat' dir='ltr'><strong>vel</strong></span> <span class='ocrx_word' id='word_1_86' title='bbox 1003 1249 1180 1304; x_wconf 91' lang='lat' dir='ltr'><strong>nunc,</strong></span> <span class='ocrx_word' id='word_1_87' title='bbox 1213 1237 1442 1309; x_wconf 79' lang='lat' dir='ltr'><strong>infelix,</strong></span> <span class='ocrx_word' id='word_1_88' title='bbox 1477 1240 1548 1296; x_wconf 90' lang='lat' dir='ltr'><strong>de</strong></span> <span class='ocrx_word' id='word_1_89' title='bbox 1582 1244 1761 1299; x_wconf 90' lang='lat' dir='ltr'><strong>corde</strong></span> <span class='ocrx_word' id='word_1_90' title='bbox 1794 1248 1894 1301; x_wconf 90' lang='lat' dir='ltr'><strong>tuo</strong></span> 
     </span>
    </p>
   </div>
   <div class='ocr_carea' id='block_1_13' title="bbox 226 1308 1890 1396">
    <p class='ocr_par' dir='ltr' id='par_1_13' title="bbox 226 1308 1890 1396">
     <span class='ocr_line' id='line_1_14' title="bbox 226 1308 1890 1396; baseline 0.017 -34"><span class='ocrx_word' id='word_1_91' title='bbox 226 1308 613 1369; x_wconf 83' lang='lat' dir='ltr'><strong>blandimenta</strong></span> <span class='ocrx_word' id='word_1_92' title='bbox 643 1320 961 1390; x_wconf 80' lang='lat' dir='ltr'><strong>serpentis,</strong></span> <span class='ocrx_word' id='word_1_93' title='bbox 997 1326 1053 1376; x_wconf 92' lang='lat' dir='ltr'><strong>et</strong></span> <span class='ocrx_word' id='word_1_94' title='bbox 1082 1323 1263 1396; x_wconf 89' lang='lat' dir='ltr'><strong>luctu,</strong></span> <span class='ocrx_word' id='word_1_95' title='bbox 1310 1330 1367 1382; x_wconf 91' lang='lat' dir='ltr'><strong>et</strong></span> <span class='ocrx_word' id='word_1_96' title='bbox 1413 1308 1650 1387; x_wconf 82' lang='lat' dir='ltr'><strong>fletibus</strong></span> <span class='ocrx_word' id='word_1_97' title='bbox 1699 1336 1890 1389; x_wconf 89' lang='lat' dir='ltr'><strong>conti-</strong></span> 
     </span>
    </p>
   </div>
   <div class='ocr_carea' id='block_1_14' title="bbox 223 1398 1890 1478">
    <p class='ocr_par' dir='ltr' id='par_1_14' title="bbox 223 1398 1890 1478">
     <span class='ocr_line' id='line_1_15' title="bbox 223 1398 1890 1478; baseline 0.016 -27"><span class='ocrx_word' id='word_1_98' title='bbox 223 1398 364 1468; x_wconf 88' lang='lat' dir='ltr'><strong>nuis,</strong></span> <span class='ocrx_word' id='word_1_99' title='bbox 398 1400 541 1456; x_wconf 87' lang='lat' dir='ltr'><strong>dum</strong></span> <span class='ocrx_word' id='word_1_100' title='bbox 571 1403 632 1457; x_wconf 90' lang='lat' dir='ltr'><strong>in</strong></span> <span class='ocrx_word' id='word_1_101' title='bbox 668 1421 915 1478; x_wconf 88' lang='lat' dir='ltr'><strong>corpore</strong></span> <span class='ocrx_word' id='word_1_102' title='bbox 945 1413 1044 1466; x_wconf 90' lang='lat' dir='ltr'><strong>tuo</strong></span> <span class='ocrx_word' id='word_1_103' title='bbox 1080 1412 1382 1471; x_wconf 89' lang='lat' dir='ltr'><strong>immundo</strong></span> <span class='ocrx_word' id='word_1_104' title='bbox 1414 1419 1606 1473; x_wconf 91' lang='lat' dir='ltr'><strong>anima</strong></span> <span class='ocrx_word' id='word_1_105' title='bbox 1653 1421 1751 1475; x_wconf 92' lang='lat' dir='ltr'><strong>illa</strong></span> <span class='ocrx_word' id='word_1_106' title='bbox 1800 1427 1890 1478; x_wconf 90' lang='lat' dir='ltr'><strong>te-</strong></span> 
     </span>
    </p>
   </div>
   <div class='ocr_carea' id='block_1_15' title="bbox 223 1486 1894 1567">
    <p class='ocr_par' dir='ltr' id='par_1_15' title="bbox 223 1486 1894 1567">
     <span class='ocr_line' id='line_1_16' title="bbox 223 1486 1894 1567; baseline 0.016 -27"><span class='ocrx_word' id='word_1_107' title='bbox 223 1486 463 1543; x_wconf 87' lang='lat' dir='ltr'><strong>nebrosa</strong></span> <span class='ocrx_word' id='word_1_108' title='bbox 495 1496 790 1563; x_wconf 81' lang='lat' dir='ltr'><strong>versatur,</strong></span> <span class='ocrx_word' id='word_1_109' title='bbox 826 1499 1149 1555; x_wconf 84' lang='lat' dir='ltr'><strong>remedium</strong></span> <span class='ocrx_word' id='word_1_110' title='bbox 1180 1503 1283 1557; x_wconf 88' lang='lat' dir='ltr'><strong>tibi</strong></span> <span class='ocrx_word' id='word_1_111' title='bbox 1317 1504 1376 1558; x_wconf 94' lang='lat' dir='ltr'><strong>in</strong></span> <span class='ocrx_word' id='word_1_112' title='bbox 1399 1505 1493 1560; x_wconf 90' lang='lat' dir='ltr'><strong>die</strong></span> <span class='ocrx_word' id='word_1_113' title='bbox 1516 1511 1894 1567; x_wconf 90' lang='lat' dir='ltr'><strong>necessitatis</strong></span> 
     </span>
    </p>
   </div>
   <div class='ocr_carea' id='block_1_16' title="bbox 222 1574 1894 1655">
    <p class='ocr_par' dir='ltr' id='par_1_16' title="bbox 222 1574 1894 1655">
     <span class='ocr_line' id='line_1_17' title="bbox 222 1574 1894 1655; baseline 0.016 -27"><span class='ocrx_word' id='word_1_114' title='bbox 222 1574 323 1645; x_wconf 79' lang='lat'><strong>(49)</strong></span> <span class='ocrx_word' id='word_1_115' title='bbox 386 1579 661 1651; x_wconf 89' lang='lat' dir='ltr'><strong>acquire,</strong></span> <span class='ocrx_word' id='word_1_116' title='bbox 723 1599 962 1655; x_wconf 87' lang='lat' dir='ltr'><strong>semper</strong></span> <span class='ocrx_word' id='word_1_117' title='bbox 1026 1592 1159 1644; x_wconf 89' lang='lat' dir='ltr'><strong>ante</strong></span> <span class='ocrx_word' id='word_1_118' title='bbox 1232 1593 1438 1649; x_wconf 92' lang='lat' dir='ltr'><strong>oculos</strong></span> <span class='ocrx_word' id='word_1_119' title='bbox 1487 1598 1622 1652; x_wconf 90' lang='lat' dir='ltr'><strong>tuos</strong></span> <span class='ocrx_word' id='word_1_120' title='bbox 1668 1597 1894 1655; x_wconf 90' lang='lat' dir='ltr'><strong>habens</strong></span> 
     </span>
    </p>
   </div>
   <div class='ocr_carea' id='block_1_17' title="bbox 219 1665 1893 1756">
    <p class='ocr_par' dir='ltr' id='par_1_17' title="bbox 219 1665 1893 1756">
     <span class='ocr_line' id='line_1_18' title="bbox 219 1665 1893 1756; baseline 0.016 -39"><span class='ocrx_word' id='word_1_121' title='bbox 219 1665 475 1734; x_wconf 78' lang='lat' dir='ltr'><strong>Apostoli</strong></span> <span class='ocrx_word' id='word_1_122' title='bbox 504 1673 856 1728; x_wconf 90' lang='lat' dir='ltr'><strong>sententiam</strong></span> <span class='ocrx_word' id='word_1_123' title='bbox 890 1690 902 1729; x_wconf 86' lang='lat'><strong>:</strong></span> <span class='ocrx_word' id='word_1_124' title='bbox 960 1675 1106 1741; x_wconf 86' lang='lat' dir='ltr'><strong>Quia</strong></span> <span class='ocrx_word' id='word_1_125' title='bbox 1140 1694 1345 1735; x_wconf 88' lang='lat' dir='ltr'><strong>omnes</strong></span> <span class='ocrx_word' id='word_1_126' title='bbox 1378 1699 1484 1737; x_wconf 92' lang='lat' dir='ltr'><strong>nos</strong></span> <span class='ocrx_word' id='word_1_127' title='bbox 1514 1693 1745 1756; x_wconf 81' lang='lat' dir='ltr'><strong>Oportet</strong></span> <span class='ocrx_word' id='word_1_128' title='bbox 1772 1706 1893 1743; x_wconf 86' lang='lat' dir='ltr'><strong>ma-</strong></span> 
     </span>
    </p>
   </div>
   <div class='ocr_carea' id='block_1_18' title="bbox 219 1752 1892 1839">
    <p class='ocr_par' dir='ltr' id='par_1_18' title="bbox 219 1752 1892 1839">
     <span class='ocr_line' id='line_1_19' title="bbox 219 1752 1892 1839; baseline 0.016 -34"><span class='ocrx_word' id='word_1_129' title='bbox 219 1752 491 1809; x_wconf 82' lang='lat' dir='ltr'><strong>nifestari</strong></span> <span class='ocrx_word' id='word_1_130' title='bbox 540 1763 679 1813; x_wconf 89' lang='lat' dir='ltr'><strong>ante</strong></span> <span class='ocrx_word' id='word_1_131' title='bbox 725 1761 995 1817; x_wconf 80' lang='lat' dir='ltr'><strong>tribunal</strong></span> <span class='ocrx_word' id='word_1_132' title='bbox 1042 1764 1296 1839; x_wconf 78' lang='lat' dir='ltr'><strong>Christi,</strong></span> <span class='ocrx_word' id='word_1_133' title='bbox 1352 1776 1411 1824; x_wconf 88' lang='lat' dir='ltr'><strong>ut</strong></span> <span class='ocrx_word' id='word_1_134' title='bbox 1440 1752 1677 1828; x_wconf 56' lang='lat' dir='ltr'><strong>referat</strong></span> <span class='ocrx_word' id='word_1_135' title='bbox 1710 1793 1892 1831; x_wconf 88' lang='lat' dir='ltr'><strong>unus-</strong></span> 
     </span>
    </p>
   </div>
   <div class='ocr_carea' id='block_1_19' title="bbox 220 1843 1892 1937">
    <p class='ocr_par' dir='ltr' id='par_1_19' title="bbox 220 1843 1892 1937">
     <span class='ocr_line' id='line_1_20' title="bbox 220 1843 1892 1937; baseline 0.017 -44"><span class='ocrx_word' id='word_1_136' title='bbox 220 1843 449 1914; x_wconf 78' lang='lat' dir='ltr'><strong>quisque</strong></span> <span class='ocrx_word' id='word_1_137' title='bbox 472 1847 724 1917; x_wconf 88' lang='lat' dir='ltr'><strong>propria</strong></span> <span class='ocrx_word' id='word_1_138' title='bbox 764 1853 1034 1922; x_wconf 86' lang='lat' dir='ltr'><strong>corporis</strong></span> <span class='ocrx_word' id='word_1_139' title='bbox 1063 1855 1159 1908; x_wconf 88' lang='lat' dir='ltr'><strong>sui</strong></span> <span class='ocrx_word' id='word_1_140' title='bbox 1195 1859 1514 1915; x_wconf 89' lang='lat' dir='ltr'><strong>secundum</strong></span> <span class='ocrx_word' id='word_1_141' title='bbox 1561 1864 1713 1934; x_wconf 89' lang='lat' dir='ltr'><strong>quod</strong></span> <span class='ocrx_word' id='word_1_142' title='bbox 1756 1882 1892 1937; x_wconf 85' lang='lat' dir='ltr'><strong>ges-</strong></span> 
     </span>
    </p>
   </div>
   <div class='ocr_carea' id='block_1_20' title="bbox 217 1929 1671 2020">
    <p class='ocr_par' dir='ltr' id='par_1_20' title="bbox 217 1929 1671 2020">
     <span class='ocr_line' id='line_1_21' title="bbox 217 1929 1671 2020; baseline 0.017 -38"><span class='ocrx_word' id='word_1_143' title='bbox 217 1929 308 1999; x_wconf 87' lang='lat' dir='ltr'><strong>sit,</strong></span> <span class='ocrx_word' id='word_1_144' title='bbox 339 1932 473 1987; x_wconf 81' lang='lat' dir='ltr'><strong>sive</strong></span> <span class='ocrx_word' id='word_1_145' title='bbox 501 1933 738 2007; x_wconf 88' lang='lat' dir='ltr'><strong>bonum,</strong></span> <span class='ocrx_word' id='word_1_146' title='bbox 771 1939 903 1993; x_wconf 84' lang='lat' dir='ltr'><strong>sive</strong></span> <span class='ocrx_word' id='word_1_147' title='bbox 935 1942 1148 1997; x_wconf 83' lang='lat' dir='ltr'><strong>malum</strong></span> <span class='ocrx_word' id='word_1_148' title='bbox 1178 1944 1268 2014; x_wconf 90' lang='lat' dir='ltr'><strong>(ll</strong></span> <span class='ocrx_word' id='word_1_149' title='bbox 1295 1947 1432 2003; x_wconf 88' lang='lat' dir='ltr'><strong>Cor.</strong></span> <span class='ocrx_word' id='word_1_150' title='bbox 1464 1965 1523 2020; x_wconf 90' lang='lat' dir='ltr'><strong>v,</strong></span> <span class='ocrx_word' id='word_1_151' title='bbox 1557 1929 1671 2019; x_wconf 84' lang='grc'>10).</span> 
     </span>
    </p>
   </div>
   <div class='ocr_carea' id='block_1_21' title="bbox 783 2045 1334 2109">
    <p class='ocr_par' dir='ltr' id='par_1_21' title="bbox 783 2045 1334 2109">
     <span class='ocr_line' id='line_1_22' title="bbox 783 2045 1334 2109; baseline 0.015 -11"><span class='ocrx_word' id='word_1_152' title='bbox 783 2045 931 2109; x_wconf 80' lang='lat'><strong>317</strong></span> <span class='ocrx_word' id='word_1_153' title='bbox 972 2046 1224 2104; x_wconf 83' lang='lat' dir='ltr'><strong>CAPUT</strong></span> <span class='ocrx_word' id='word_1_154' title='bbox 1262 2052 1334 2106; x_wconf 90' lang='grc' dir='ltr'>Χ.</span> 
     </span>
    </p>
   </div>
   <div class='ocr_carea' id='block_1_22' title="bbox 216 2150 1893 2237">
    <p class='ocr_par' dir='ltr' id='par_1_22' title="bbox 216 2150 1893 2237">
     <span class='ocr_line' id='line_1_23' title="bbox 216 2150 1893 2237; baseline 0.015 -33"><span class='ocrx_word' id='word_1_155' title='bbox 216 2150 305 2205; x_wconf 81' lang='lat' dir='ltr'><strong>Ad</strong></span> <span class='ocrx_word' id='word_1_156' title='bbox 337 2154 634 2237; x_wconf 85' lang='lat' dir='ltr'><strong>virginem</strong></span> <span class='ocrx_word' id='word_1_157' title='bbox 655 2157 878 2237; x_wconf 74' lang='lat' dir='ltr'><strong>lapsam</strong></span> <span class='ocrx_word' id='word_1_158' title='bbox 900 2160 1129 2217; x_wconf 88' lang='lat' dir='ltr'><strong>demum</strong></span> <span class='ocrx_word' id='word_1_159' title='bbox 1148 2166 1421 2237; x_wconf 88' lang='lat' dir='ltr'><strong>rediens,</strong></span> <span class='ocrx_word' id='word_1_160' title='bbox 1452 2169 1548 2224; x_wconf 86' lang='lat' dir='ltr'><strong>illi</strong></span> <span class='ocrx_word' id='word_1_161' title='bbox 1566 2173 1893 2229; x_wconf 88' lang='lat' dir='ltr'><strong>concitatas</strong></span> 
     </span>
    </p>
   </div>
   <div class='ocr_carea' id='block_1_23' title="bbox 282 2226 1887 2309">
    <p class='ocr_par' dir='ltr' id='par_1_23' title="bbox 282 2226 1887 2309">
     <span class='ocr_line' id='line_1_24' title="bbox 282 2226 1887 2309; baseline 0.015 -33"><span class='ocrx_word' id='word_1_162' title='bbox 282 2226 559 2309; x_wconf 67' lang='lat' dir='ltr'><strong>quasdam</strong></span> <span class='ocrx_word' id='word_1_163' title='bbox 585 2226 969 2309; x_wconf 70' lang='lat' dir='ltr'><strong>precationes</strong></span> <span class='ocrx_word' id='word_1_164' title='bbox 997 2240 1055 2309; x_wconf 81' lang='lat' dir='ltr'><strong>et</strong></span> <span class='ocrx_word' id='word_1_165' title='bbox 1092 2237 1291 2309; x_wconf 72' lang='lat' dir='ltr'><strong>varios</strong></span> <span class='ocrx_word' id='word_1_166' title='bbox 1312 2226 1685 2309; x_wconf 53' lang='lat' dir='ltr'><strong>painitentiae</strong></span> <span class='ocrx_word' id='word_1_167' title='bbox 1706 2226 1887 2299; x_wconf 59' lang='lat' dir='ltr'><strong>allec-</strong></span> 
     </span>
    </p>
   </div>
   <div class='ocr_carea' id='block_1_24' title="bbox 282 2297 1748 2383">
    <p class='ocr_par' dir='ltr' id='par_1_24' title="bbox 282 2297 1748 2383">
     <span class='ocr_line' id='line_1_25' title="bbox 282 2297 1748 2383; baseline 0.015 -36"><span class='ocrx_word' id='word_1_168' title='bbox 282 2300 373 2348; x_wconf 88' lang='lat' dir='ltr'><strong>tus</strong></span> <span class='ocrx_word' id='word_1_169' title='bbox 402 2311 435 2350; x_wconf 90' lang='lat' dir='ltr'><strong>e</strong></span> <span class='ocrx_word' id='word_1_170' title='bbox 464 2297 809 2370; x_wconf 85' lang='lat' dir='ltr'><strong>Scripturis</strong></span> <span class='ocrx_word' id='word_1_171' title='bbox 837 2302 977 2357; x_wconf 82' lang='lat' dir='ltr'><strong>hinc</strong></span> <span class='ocrx_word' id='word_1_172' title='bbox 1004 2305 1146 2360; x_wconf 88' lang='lat' dir='ltr'><strong>inde</strong></span> <span class='ocrx_word' id='word_1_173' title='bbox 1173 2297 1362 2364; x_wconf 74' lang='lat' dir='ltr'><strong>lectos</strong></span> <span class='ocrx_word' id='word_1_174' title='bbox 1393 2297 1748 2383; x_wconf 84' lang='lat' dir='ltr'><strong>suppeditat.</strong></span> 
     </span>
    </p>
   </div>
   <div class='ocr_carea' id='block_1_25' title="bbox 276 2399 1891 2492">
    <p class='ocr_par' dir='ltr' id='par_1_25' title="bbox 276 2399 1891 2492">
     <span class='ocr_line' id='line_1_26' title="bbox 276 2399 1891 2492; baseline 0.013 -37"><span class='ocrx_word' id='word_1_175' title='bbox 276 2399 360 2456; x_wconf 75' lang='grc'><strong>43.</strong></span> <span class='ocrx_word' id='word_1_176' title='bbox 406 2402 557 2468; x_wconf 86' lang='lat' dir='ltr'><strong>Quis</strong></span> <span class='ocrx_word' id='word_1_177' title='bbox 585 2407 923 2463; x_wconf 82' lang='lat' dir='ltr'><strong>consoletur</strong></span> <span class='ocrx_word' id='word_1_178' title='bbox 954 2415 1032 2478; x_wconf 90' lang='lat' dir='ltr'><strong>te,</strong></span> <span class='ocrx_word' id='word_1_179' title='bbox 1070 2412 1241 2485; x_wconf 85' lang='lat' dir='ltr'><strong>virgo</strong></span> <span class='ocrx_word' id='word_1_180' title='bbox 1261 2415 1384 2470; x_wconf 83' lang='lat' dir='ltr'><strong>lilia</strong></span> <span class='ocrx_word' id='word_1_181' title='bbox 1407 2417 1584 2483; x_wconf 88' lang='lat' dir='ltr'><strong>Sion;</strong></span> <span class='ocrx_word' id='word_1_182' title='bbox 1618 2422 1751 2492; x_wconf 85' lang='lat' dir='ltr'><strong>quia</strong></span> <span class='ocrx_word' id='word_1_183' title='bbox 1771 2438 1891 2476; x_wconf 88' lang='lat' dir='ltr'><strong>ma-</strong></span> 
     </span>
    </p>
   </div>
   <div class='ocr_carea' id='block_1_26' title="bbox 212 2490 1889 2564">
    <p class='ocr_par' dir='ltr' id='par_1_26' title="bbox 212 2490 1889 2564">
     <span class='ocr_line' id='line_1_27' title="bbox 212 2490 1889 2564; baseline 0.014 -22"><span class='ocrx_word' id='word_1_184' title='bbox 212 2503 318 2559; x_wconf 86' lang='lat' dir='ltr'><strong>gna</strong></span> <span class='ocrx_word' id='word_1_185' title='bbox 344 2490 504 2547; x_wconf 82' lang='lat' dir='ltr'><strong>facta</strong></span> <span class='ocrx_word' id='word_1_186' title='bbox 539 2500 633 2548; x_wconf 90' lang='lat' dir='ltr'><strong>est</strong></span> <span class='ocrx_word' id='word_1_187' title='bbox 662 2496 816 2550; x_wconf 86' lang='lat' dir='ltr'><strong>sicut</strong></span> <span class='ocrx_word' id='word_1_188' title='bbox 846 2514 1012 2553; x_wconf 88' lang='lat' dir='ltr'><strong>mare</strong></span> <span class='ocrx_word' id='word_1_189' title='bbox 1042 2504 1325 2559; x_wconf 84' lang='lat' dir='ltr'><strong>contritio</strong></span> <span class='ocrx_word' id='word_1_190' title='bbox 1359 2511 1474 2561; x_wconf 89' lang='lat' dir='ltr'><strong>tua.</strong></span> <span class='ocrx_word' id='word_1_191' title='bbox 1508 2490 1769 2564; x_wconf 74' lang='lat' dir='ltr'><strong>Ell‘unde</strong></span> <span class='ocrx_word' id='word_1_192' title='bbox 1801 2511 1889 2564; x_wconf 89' lang='lat' dir='ltr'><strong>si-</strong></span> 
     </span>
    </p>
   </div>
   <div class='ocr_carea' id='block_1_27' title="bbox 216 2584 1887 2670">
    <p class='ocr_par' dir='ltr' id='par_1_27' title="bbox 216 2584 1887 2670">
     <span class='ocr_line' id='line_1_28' title="bbox 216 2584 1887 2670; baseline 0.014 -39"><span class='ocrx_word' id='word_1_193' title='bbox 216 2584 301 2631; x_wconf 86' lang='lat' dir='ltr'><strong>cut</strong></span> <span class='ocrx_word' id='word_1_194' title='bbox 329 2596 536 2651; x_wconf 89' lang='lat' dir='ltr'><strong>aquam</strong></span> <span class='ocrx_word' id='word_1_195' title='bbox 566 2599 669 2637; x_wconf 87' lang='lat' dir='ltr'><strong>cor</strong></span> <span class='ocrx_word' id='word_1_196' title='bbox 699 2590 854 2639; x_wconf 90' lang='lat' dir='ltr'><strong>tuum</strong></span> <span class='ocrx_word' id='word_1_197' title='bbox 886 2594 1023 2642; x_wconf 87' lang='lat' dir='ltr'><strong>ante</strong></span> <span class='ocrx_word' id='word_1_198' title='bbox 1046 2589 1261 2646; x_wconf 74' lang='lat' dir='ltr'><strong>faciem</strong></span> <span class='ocrx_word' id='word_1_199' title='bbox 1293 2593 1529 2649; x_wconf 86' lang='lat' dir='ltr'><strong>Domini</strong></span> <span class='ocrx_word' id='word_1_200' title='bbox 1548 2596 1799 2665; x_wconf 77' lang='lat' dir='ltr'><strong>(Tliren.</strong></span> <span class='ocrx_word' id='word_1_201' title='bbox 1828 2617 1887 2670; x_wconf 88' lang='grc' dir='ltr'><strong>ιι,</strong></span> 
     </span>
    </p>
   </div>
   <div class='ocr_carea' id='block_1_28' title="bbox 215 2665 1890 2754">
    <p class='ocr_par' dir='ltr' id='par_1_28' title="bbox 215 2665 1890 2754">
     <span class='ocr_line' id='line_1_29' title="bbox 215 2665 1890 2754; baseline 0.014 -35"><span class='ocrx_word' id='word_1_202' title='bbox 215 2665 293 2734; x_wconf 82' lang='grc'><strong>13,</strong></span> <span class='ocrx_word' id='word_1_203' title='bbox 328 2668 412 2736; x_wconf 86' lang='grc'>19)</span> <span class='ocrx_word' id='word_1_204' title='bbox 446 2686 459 2724; x_wconf 90' lang='lat'>:</span> <span class='ocrx_word' id='word_1_205' title='bbox 493 2673 714 2727; x_wconf 86' lang='lat' dir='ltr'><strong>extolle</strong></span> <span class='ocrx_word' id='word_1_206' title='bbox 742 2674 814 2728; x_wconf 88' lang='lat' dir='ltr'><strong>ad</strong></span> <span class='ocrx_word' id='word_1_207' title='bbox 847 2691 982 2730; x_wconf 91' lang='lat' dir='ltr'><strong>eum</strong></span> <span class='ocrx_word' id='word_1_208' title='bbox 1036 2694 1247 2734; x_wconf 90' lang='lat' dir='ltr'><strong>manus</strong></span> <span class='ocrx_word' id='word_1_209' title='bbox 1290 2684 1421 2736; x_wconf 90' lang='lat' dir='ltr'><strong>tuas</strong></span> <span class='ocrx_word' id='word_1_210' title='bbox 1471 2700 1577 2754; x_wconf 91' lang='lat' dir='ltr'><strong>pro</strong></span> <span class='ocrx_word' id='word_1_211' title='bbox 1626 2665 1890 2743; x_wconf 85' lang='lat' dir='ltr'><strong>remedio</strong></span> 
     </span>
    </p>
   </div>
   <div class='ocr_carea' id='block_1_29' title="bbox 214 2760 1886 2842">
    <p class='ocr_par' dir='ltr' id='par_1_29' title="bbox 214 2760 1886 2842">
     <span class='ocr_line' id='line_1_30' title="bbox 214 2760 1886 2842; baseline 0.014 -34"><span class='ocrx_word' id='word_1_212' title='bbox 214 2760 584 2822; x_wconf 89' lang='lat' dir='ltr'><strong>peccatorum</strong></span> <span class='ocrx_word' id='word_1_213' title='bbox 615 2760 729 2830; x_wconf 88' lang='lat'><strong>(50)</strong></span> <span class='ocrx_word' id='word_1_214' title='bbox 761 2766 1014 2820; x_wconf 90' lang='lat' dir='ltr'><strong>tuorum.</strong></span> <span class='ocrx_word' id='word_1_215' title='bbox 1051 2769 1270 2839; x_wconf 86' lang='lat' dir='ltr'><strong>Accipe</strong></span> <span class='ocrx_word' id='word_1_216' title='bbox 1320 2771 1502 2842; x_wconf 81' lang='lat' dir='ltr'><strong>igitur</strong></span> <span class='ocrx_word' id='word_1_217' title='bbox 1546 2773 1886 2831; x_wconf 80' lang='lat' dir='ltr'><strong>lamentum-</strong></span> 
     </span>
    </p>
   </div>
   <div class='ocr_carea' id='block_1_30' title="bbox 214 2841 1887 2934">
    <p class='ocr_par' dir='ltr' id='par_1_30' title="bbox 214 2841 1887 2934">
     <span class='ocr_line' id='line_1_31' title="bbox 214 2841 1887 2934; baseline 0.015 -39"><span class='ocrx_word' id='word_1_218' title='bbox 214 2841 276 2895; x_wconf 80' lang='lat' dir='ltr'><strong>Et</strong></span> <span class='ocrx_word' id='word_1_219' title='bbox 301 2845 557 2913; x_wconf 89' lang='lat' dir='ltr'><strong>primum</strong></span> <span class='ocrx_word' id='word_1_220' title='bbox 587 2849 823 2918; x_wconf 88' lang='lat' dir='ltr'><strong>quidem</strong></span> <span class='ocrx_word' id='word_1_221' title='bbox 853 2854 1013 2908; x_wconf 92' lang='lat' dir='ltr'><strong>nullo</strong></span> <span class='ocrx_word' id='word_1_222' title='bbox 1045 2855 1139 2910; x_wconf 87' lang='lat' dir='ltr'><strong>die</strong></span> <span class='ocrx_word' id='word_1_223' title='bbox 1169 2841 1701 2931; x_wconf 89' lang='lat' dir='ltr'><strong>quinquagesimns</strong></span> <span class='ocrx_word' id='word_1_224' title='bbox 1734 2866 1887 2934; x_wconf 90' lang='lat' dir='ltr'><strong>psal-</strong></span> 
     </span>
    </p>
   </div>
   <div class='ocr_carea' id='block_1_31' title="bbox 214 2933 1881 3020">
    <p class='ocr_par' dir='ltr' id='par_1_31' title="bbox 214 2933 1881 3020">
     <span class='ocr_line' id='line_1_32' title="bbox 214 2933 1881 3020; baseline 0.014 -36"><span class='ocrx_word' id='word_1_225' title='bbox 214 2945 336 2986; x_wconf 89' lang='lat' dir='ltr'><strong>mus</strong></span> <span class='ocrx_word' id='word_1_226' title='bbox 381 2933 832 3009; x_wconf 86' lang='lat' dir='ltr'><strong>intermittatur;</strong></span> <span class='ocrx_word' id='word_1_227' title='bbox 885 2942 1022 3012; x_wconf 89' lang='lat' dir='ltr'><strong>quia</strong></span> <span class='ocrx_word' id='word_1_228' title='bbox 1072 2944 1132 2998; x_wconf 91' lang='lat' dir='ltr'><strong>in</strong></span> <span class='ocrx_word' id='word_1_229' title='bbox 1175 2946 1274 2999; x_wconf 90' lang='lat' dir='ltr'><strong>tali</strong></span> <span class='ocrx_word' id='word_1_230' title='bbox 1323 2951 1562 3020; x_wconf 87' lang='lat' dir='ltr'><strong>negotio</strong></span> <span class='ocrx_word' id='word_1_231' title='bbox 1613 2933 1881 3007; x_wconf 80' lang='lat' dir='ltr'><strong>cantatus</strong></span> 
     </span>
    </p>
   </div>
   <div class='ocr_carea' id='block_1_32' title="bbox 214 3023 1886 3096">
    <p class='ocr_par' dir='ltr' id='par_1_32' title="bbox 214 3023 1886 3096">
     <span class='ocr_line' id='line_1_33' title="bbox 214 3023 1886 3096; baseline 0.014 -24"><span class='ocrx_word' id='word_1_232' title='bbox 214 3023 295 3072; x_wconf 86' lang='lat' dir='ltr'><strong>est</strong></span> <span class='ocrx_word' id='word_1_233' title='bbox 319 3036 330 3074; x_wconf 91' lang='lat'><strong>:</strong></span> <span class='ocrx_word' id='word_1_234' title='bbox 372 3026 429 3076; x_wconf 89' lang='lat' dir='ltr'><strong>et</strong></span> <span class='ocrx_word' id='word_1_235' title='bbox 458 3039 657 3095; x_wconf 89' lang='lat' dir='ltr'><strong>usque</strong></span> <span class='ocrx_word' id='word_1_236' title='bbox 688 3027 759 3080; x_wconf 93' lang='lat' dir='ltr'><strong>ad</strong></span> <span class='ocrx_word' id='word_1_237' title='bbox 788 3030 1153 3087; x_wconf 87' lang='lat' dir='ltr'><strong>versiculum</strong></span> <span class='ocrx_word' id='word_1_238' title='bbox 1182 3034 1345 3089; x_wconf 90' lang='lat' dir='ltr'><strong>illum</strong></span> <span class='ocrx_word' id='word_1_239' title='bbox 1371 3051 1383 3091; x_wconf 91' lang='lat'>:</span> <span class='ocrx_word' id='word_1_240' title='bbox 1423 3036 1541 3092; x_wconf 87' lang='lat' dir='ltr'><strong>Cor</strong></span> <span class='ocrx_word' id='word_1_241' title='bbox 1568 3042 1886 3096; x_wconf 86' lang='lat' dir='ltr'><strong>contritum</strong></span> 
     </span>
    </p>
   </div>
   <div class='ocr_carea' id='block_1_33' title="bbox 216 3108 1886 3199">
    <p class='ocr_par' dir='ltr' id='par_1_33' title="bbox 216 3108 1886 3199">
     <span class='ocr_line' id='line_1_34' title="bbox 216 3108 1886 3199; baseline 0.015 -39"><span class='ocrx_word' id='word_1_242' title='bbox 216 3113 267 3160; x_wconf 90' lang='lat' dir='ltr'><strong>et</strong></span> <span class='ocrx_word' id='word_1_243' title='bbox 293 3108 666 3167; x_wconf 81' lang='lat' dir='ltr'><strong>bumiliatum</strong></span> <span class='ocrx_word' id='word_1_244' title='bbox 698 3114 858 3171; x_wconf 87' lang='lat' dir='ltr'><strong>Deus</strong></span> <span class='ocrx_word' id='word_1_245' title='bbox 886 3134 999 3173; x_wconf 92' lang='lat' dir='ltr'><strong>non</strong></span> <span class='ocrx_word' id='word_1_246' title='bbox 1028 3124 1258 3192; x_wconf 84' lang='lat' dir='ltr'><strong>spernit</strong></span> <span class='ocrx_word' id='word_1_247' title='bbox 1294 3123 1483 3193; x_wconf 88' lang='lat' dir='ltr'><strong>(Psal.</strong></span> <span class='ocrx_word' id='word_1_248' title='bbox 1516 3144 1569 3196; x_wconf 86' lang='lat' dir='ltr'><strong>L,</strong></span> <span class='ocrx_word' id='word_1_249' title='bbox 1606 3126 1717 3199; x_wconf 91' lang='lat'><strong>19),</strong></span> <span class='ocrx_word' id='word_1_250' title='bbox 1754 3146 1886 3184; x_wconf 92' lang='lat' dir='ltr'><strong>cum</strong></span> 
     </span>
    </p>
   </div>
   <div class='ocr_carea' id='block_1_34' title="bbox 216 3192 1187 3277">
    <p class='ocr_par' dir='ltr' id='par_1_34' title="bbox 216 3192 1187 3277">
     <span class='ocr_line' id='line_1_35' title="bbox 216 3192 1187 3277; baseline 0.019 -30"><span class='ocrx_word' id='word_1_251' title='bbox 216 3192 482 3267; x_wconf 73' lang='lat' dir='ltr'><strong>lacrymis</strong></span> <span class='ocrx_word' id='word_1_252' title='bbox 516 3203 858 3276; x_wconf 77' lang='lat' dir='ltr'><strong>gemituque</strong></span> <span class='ocrx_word' id='word_1_253' title='bbox 887 3222 1187 3277; x_wconf 88' lang='lat' dir='ltr'><strong>percurre.</strong></span> 
     </span>
    </p>
   </div>
   <div class='ocr_carea' id='block_1_35' title="bbox 278 3284 1885 3362">
    <p class='ocr_par' dir='ltr' id='par_1_35' title="bbox 278 3284 1885 3362">
     <span class='ocr_line' id='line_1_36' title="bbox 278 3284 1885 3362; baseline 0.014 -23"><span class='ocrx_word' id='word_1_254' title='bbox 278 3284 365 3341; x_wconf 72' lang='grc'><strong>41.</strong></span> <span class='ocrx_word' id='word_1_255' title='bbox 400 3287 657 3361; x_wconf 89' lang='lat' dir='ltr'><strong>Insuper</strong></span> <span class='ocrx_word' id='word_1_256' title='bbox 686 3294 859 3349; x_wconf 87' lang='lat' dir='ltr'><strong>etiam</strong></span> <span class='ocrx_word' id='word_1_257' title='bbox 891 3296 1041 3352; x_wconf 85' lang='lat' dir='ltr'><strong>hanc</strong></span> <span class='ocrx_word' id='word_1_258' title='bbox 1072 3297 1544 3357; x_wconf 89' lang='lat' dir='ltr'><strong>lamentationem</strong></span> <span class='ocrx_word' id='word_1_259' title='bbox 1588 3320 1703 3359; x_wconf 92' lang='lat' dir='ltr'><strong>non</strong></span> <span class='ocrx_word' id='word_1_260' title='bbox 1750 3307 1885 3362; x_wconf 89' lang='lat' dir='ltr'><strong>sine</strong></span> 
     </span>
    </p>
   </div>
   <div class='ocr_carea' id='block_1_36' title="bbox 214 3378 1883 3463">
    <p class='ocr_par' dir='ltr' id='par_1_36' title="bbox 214 3378 1883 3463">
     <span class='ocr_line' id='line_1_37' title="bbox 214 3378 1883 3463; baseline 0.014 -36"><span class='ocrx_word' id='word_1_261' title='bbox 214 3378 654 3446; x_wconf 90' lang='lat' dir='ltr'><strong>compunctione</strong></span> <span class='ocrx_word' id='word_1_262' title='bbox 687 3384 885 3437; x_wconf 88' lang='lat' dir='ltr'><strong>cordis</strong></span> <span class='ocrx_word' id='word_1_263' title='bbox 915 3385 974 3439; x_wconf 92' lang='lat' dir='ltr'><strong>in</strong></span> <span class='ocrx_word' id='word_1_264' title='bbox 1009 3392 1333 3458; x_wconf 91' lang='lat' dir='ltr'><strong>conspectu</strong></span> <span class='ocrx_word' id='word_1_265' title='bbox 1363 3391 1469 3445; x_wconf 89' lang='lat' dir='ltr'><strong>Dei</strong></span> <span class='ocrx_word' id='word_1_266' title='bbox 1496 3391 1721 3463; x_wconf 84' lang='lat' dir='ltr'><strong>judicis</strong></span> <span class='ocrx_word' id='word_1_267' title='bbox 1745 3394 1883 3450; x_wconf 88' lang='lat' dir='ltr'><strong>fun-</strong></span> 
     </span>
    </p>
   </div>
   <div class='ocr_carea' id='block_1_37' title="bbox 217 3461 1886 3547">
    <p class='ocr_par' dir='ltr' id='par_1_37' title="bbox 217 3461 1886 3547">
     <span class='ocr_line' id='line_1_38' title="bbox 217 3461 1886 3547; baseline 0.013 -31"><span class='ocrx_word' id='word_1_268' title='bbox 217 3461 347 3527; x_wconf 76' lang='lat' dir='ltr'><strong>Quzs</strong></span> <span class='ocrx_word' id='word_1_269' title='bbox 375 3465 550 3520; x_wconf 83' lang='lat' dir='ltr'><strong>dabit</strong></span> <span class='ocrx_word' id='word_1_270' title='bbox 581 3470 765 3541; x_wconf 86' lang='lat' dir='ltr'><strong>capiti</strong></span> <span class='ocrx_word' id='word_1_271' title='bbox 791 3489 921 3527; x_wconf 86' lang='lat' dir='ltr'><strong>meo</strong></span> <span class='ocrx_word' id='word_1_272' title='bbox 949 3491 1171 3547; x_wconf 84' lang='lat' dir='ltr'><strong>aquam,</strong></span> <span class='ocrx_word' id='word_1_273' title='bbox 1223 3484 1282 3531; x_wconf 88' lang='lat' dir='ltr'><strong>et</strong></span> <span class='ocrx_word' id='word_1_274' title='bbox 1332 3479 1517 3534; x_wconf 89' lang='lat' dir='ltr'><strong>oculis</strong></span> <span class='ocrx_word' id='word_1_275' title='bbox 1561 3483 1714 3536; x_wconf 86' lang='lat' dir='ltr'><strong>meis</strong></span> <span class='ocrx_word' id='word_1_276' title='bbox 1753 3483 1886 3539; x_wconf 79' lang='lat' dir='ltr'><strong>fon-</strong></span> 
     </span>
    </p>
   </div>
   <div class='ocr_carea' id='block_1_38' title="bbox 215 3553 1884 3635">
    <p class='ocr_par' dir='ltr' id='par_1_38' title="bbox 215 3553 1884 3635">
     <span class='ocr_line' id='line_1_39' title="bbox 215 3553 1884 3635; baseline 0.014 -31"><span class='ocrx_word' id='word_1_277' title='bbox 215 3556 317 3605; x_wconf 86' lang='lat' dir='ltr'><strong>tem</strong></span> <span class='ocrx_word' id='word_1_278' title='bbox 344 3553 749 3628; x_wconf 76' lang='lat' dir='ltr'><strong>lacrymarum</strong></span> <span class='ocrx_word' id='word_1_279' title='bbox 778 3560 1023 3630; x_wconf 81' lang='lat' dir='ltr'><strong>(Jerem.</strong></span> <span class='ocrx_word' id='word_1_280' title='bbox 1058 3582 1138 3635; x_wconf 80' lang='lat' dir='ltr'><strong>Ix,</strong></span> <span class='ocrx_word' id='word_1_281' title='bbox 1173 3562 1247 3635; x_wconf 88' lang='lat'><strong>1),</strong></span> <span class='ocrx_word' id='word_1_282' title='bbox 1279 3570 1342 3621; x_wconf 90' lang='lat' dir='ltr'><strong>ut</strong></span> <span class='ocrx_word' id='word_1_283' title='bbox 1370 3568 1616 3624; x_wconf 81' lang='lat' dir='ltr'><strong>defleam</strong></span> <span class='ocrx_word' id='word_1_284' title='bbox 1638 3571 1884 3627; x_wconf 87' lang='lat' dir='ltr'><strong>vulnera</strong></span> 
     </span>
    </p>
   </div>
   <div class='ocr_carea' id='block_1_39' title="bbox 214 3642 1881 3715">
    <p class='ocr_par' dir='ltr' id='par_1_39' title="bbox 214 3642 1881 3715">
     <span class='ocr_line' id='line_1_40' title="bbox 214 3642 1881 3715; baseline 0.014 -22"><span class='ocrx_word' id='word_1_285' title='bbox 214 3642 408 3698; x_wconf 75' lang='lat' dir='ltr'><strong>animae</strong></span> <span class='ocrx_word' id='word_1_286' title='bbox 440 3648 636 3700; x_wconf 72' lang='lat' dir='ltr'><strong>meae?</strong></span> <span class='ocrx_word' id='word_1_287' title='bbox 665 3647 957 3705; x_wconf 87' lang='lat' dir='ltr'><strong>Conversi</strong></span> <span class='ocrx_word' id='word_1_288' title='bbox 985 3657 1124 3707; x_wconf 90' lang='lat' dir='ltr'><strong>sunt</strong></span> <span class='ocrx_word' id='word_1_289' title='bbox 1151 3653 1280 3709; x_wconf 90' lang='lat' dir='ltr'><strong>dies</strong></span> <span class='ocrx_word' id='word_1_290' title='bbox 1312 3654 1450 3711; x_wconf 89' lang='lat' dir='ltr'><strong>festi</strong></span> <span class='ocrx_word' id='word_1_291' title='bbox 1481 3659 1594 3713; x_wconf 88' lang='lat' dir='ltr'><strong>mei</strong></span> <span class='ocrx_word' id='word_1_292' title='bbox 1642 3660 1703 3714; x_wconf 94' lang='lat' dir='ltr'><strong>in</strong></span> <span class='ocrx_word' id='word_1_293' title='bbox 1752 3660 1881 3715; x_wconf 88' lang='lat' dir='ltr'><strong>luc-</strong></span> 
     </span>
    </p>
   </div>
   <div class='ocr_carea' id='block_1_40' title="bbox 214 3731 1876 3820">
    <p class='ocr_par' dir='ltr' id='par_1_40' title="bbox 214 3731 1876 3820">
     <span class='ocr_line' id='line_1_41' title="bbox 214 3731 1876 3820; baseline 0.014 -37"><span class='ocrx_word' id='word_1_294' title='bbox 214 3731 342 3799; x_wconf 88' lang='lat' dir='ltr'><strong>tum,</strong></span> <span class='ocrx_word' id='word_1_295' title='bbox 373 3737 429 3786; x_wconf 87' lang='lat' dir='ltr'><strong>et</strong></span> <span class='ocrx_word' id='word_1_296' title='bbox 472 3736 703 3789; x_wconf 87' lang='lat' dir='ltr'><strong>cantica</strong></span> <span class='ocrx_word' id='word_1_297' title='bbox 758 3738 817 3792; x_wconf 92' lang='lat' dir='ltr'><strong>in</strong></span> <span class='ocrx_word' id='word_1_298' title='bbox 847 3739 1317 3798; x_wconf 87' lang='lat' dir='ltr'><strong>lamentationem</strong></span> <span class='ocrx_word' id='word_1_299' title='bbox 1348 3745 1553 3814; x_wconf 86' lang='lat' dir='ltr'><strong>(Amos</strong></span> <span class='ocrx_word' id='word_1_300' title='bbox 1580 3764 1702 3817; x_wconf 85' lang='lat' dir='ltr'><strong>vm,</strong></span> <span class='ocrx_word' id='word_1_301' title='bbox 1738 3749 1830 3820; x_wconf 91' lang='lat'><strong>10)</strong></span> <span class='ocrx_word' id='word_1_302' title='bbox 1863 3766 1876 3806; x_wconf 90' lang='lat'><strong>:</strong></span> 
     </span>
    </p>
   </div>
   <div class='ocr_carea' id='block_1_41' title="bbox 212 3823 1876 3907">
    <p class='ocr_par' dir='ltr' id='par_1_41' title="bbox 212 3823 1876 3907">
     <span class='ocr_line' id='line_1_42' title="bbox 212 3823 1876 3907; baseline 0.013 -36"><span class='ocrx_word' id='word_1_303' title='bbox 212 3823 450 3875; x_wconf 85' lang='lat' dir='ltr'><strong>recessit</strong></span> <span class='ocrx_word' id='word_1_304' title='bbox 495 3838 690 3879; x_wconf 89' lang='lat' dir='ltr'><strong>sonus</strong></span> <span class='ocrx_word' id='word_1_305' title='bbox 732 3826 1104 3900; x_wconf 77' lang='lat' dir='ltr'><strong>hymnorum,</strong></span> <span class='ocrx_word' id='word_1_306' title='bbox 1156 3836 1213 3885; x_wconf 91' lang='lat' dir='ltr'><strong>et</strong></span> <span class='ocrx_word' id='word_1_307' title='bbox 1260 3832 1460 3888; x_wconf 61' lang='lat' dir='ltr'><strong>laetitia</strong></span> <span class='ocrx_word' id='word_1_308' title='bbox 1490 3836 1876 3907; x_wconf 87' lang='lat' dir='ltr'><strong>psalmorum,</strong></span> 
     </span>
    </p>
   </div>
   <div class='ocr_carea' id='block_1_42' title="bbox 216 3909 1879 3993">
    <p class='ocr_par' dir='ltr' id='par_1_42' title="bbox 216 3909 1879 3993">
     <span class='ocr_line' id='line_1_43' title="bbox 216 3909 1879 3993; baseline 0.015 -36"><span class='ocrx_word' id='word_1_309' title='bbox 216 3909 266 3958; x_wconf 85' lang='lat' dir='ltr'><strong>et</strong></span> <span class='ocrx_word' id='word_1_310' title='bbox 307 3912 606 3966; x_wconf 85' lang='lat' dir='ltr'><strong>successit</strong></span> <span class='ocrx_word' id='word_1_311' title='bbox 656 3915 879 3970; x_wconf 90' lang='lat' dir='ltr'><strong>stridor</strong></span> <span class='ocrx_word' id='word_1_312' title='bbox 910 3917 1170 3993; x_wconf 79' lang='lat' dir='ltr'><strong>dentium</strong></span> <span class='ocrx_word' id='word_1_313' title='bbox 1220 3924 1280 3975; x_wconf 90' lang='lat' dir='ltr'><strong>et</strong></span> <span class='ocrx_word' id='word_1_314' title='bbox 1328 3923 1502 3978; x_wconf 86' lang='lat' dir='ltr'><strong>fletus</strong></span> <span class='ocrx_word' id='word_1_315' title='bbox 1553 3926 1879 3982; x_wconf 89' lang='lat' dir='ltr'><strong>oculorum.</strong></span> 
     </span>
    </p>
   </div>
   <div class='ocr_carea' id='block_1_43' title="bbox 219 3993 1882 4080">
    <p class='ocr_par' dir='ltr' id='par_1_43' title="bbox 219 3993 1882 4080">
     <span class='ocr_line' id='line_1_44' title="bbox 219 3993 1882 4080; baseline 0.013 -33"><span class='ocrx_word' id='word_1_316' title='bbox 219 3993 480 4053; x_wconf 81' lang='lat' dir='ltr'><strong>Obmutui</strong></span> <span class='ocrx_word' id='word_1_317' title='bbox 509 4006 571 4055; x_wconf 86' lang='lat' dir='ltr'><strong>et</strong></span> <span class='ocrx_word' id='word_1_318' title='bbox 603 4001 880 4058; x_wconf 86' lang='lat' dir='ltr'><strong>humilata</strong></span> <span class='ocrx_word' id='word_1_319' title='bbox 911 4023 1059 4078; x_wconf 90' lang='lat' dir='ltr'><strong>sum,</strong></span> <span class='ocrx_word' id='word_1_320' title='bbox 1092 4014 1150 4063; x_wconf 89' lang='lat' dir='ltr'><strong>ct</strong></span> <span class='ocrx_word' id='word_1_321' title='bbox 1182 4010 1325 4064; x_wconf 86' lang='lat' dir='ltr'><strong>silui</strong></span> <span class='ocrx_word' id='word_1_322' title='bbox 1351 4027 1383 4065; x_wconf 87' lang='lat' dir='ltr'><strong>a</strong></span> <span class='ocrx_word' id='word_1_323' title='bbox 1405 4012 1599 4080; x_wconf 82' lang='lat' dir='ltr'><strong>bonis,</strong></span> <span class='ocrx_word' id='word_1_324' title='bbox 1633 4020 1691 4069; x_wconf 91' lang='lat' dir='ltr'><strong>et</strong></span> <span class='ocrx_word' id='word_1_325' title='bbox 1713 4015 1882 4069; x_wconf 89' lang='lat' dir='ltr'><strong>dolor</strong></span> 
     </span>
    </p>
   </div>
   <div class='ocr_carea' id='block_1_44' title="bbox 216 4095 1874 4173">
    <p class='ocr_par' dir='ltr' id='par_1_44' title="bbox 216 4095 1874 4173">
     <span class='ocr_line' id='line_1_45' title="bbox 216 4095 1874 4173; baseline 0.013 -38"><span class='ocrx_word' id='word_1_326' title='bbox 216 4098 365 4140; x_wconf 85' lang='lat' dir='ltr'><strong>meus</strong></span> <span class='ocrx_word' id='word_1_327' title='bbox 392 4096 721 4145; x_wconf 84' lang='lat' dir='ltr'><strong>renovatus</strong></span> <span class='ocrx_word' id='word_1_328' title='bbox 750 4100 862 4147; x_wconf 86' lang='lat' dir='ltr'><strong>est.</strong></span> <span class='ocrx_word' id='word_1_329' title='bbox 900 4095 1204 4151; x_wconf 84' lang='lat' dir='ltr'><strong>Concaluit</strong></span> <span class='ocrx_word' id='word_1_330' title='bbox 1227 4114 1330 4153; x_wconf 90' lang='lat' dir='ltr'><strong>cor</strong></span> <span class='ocrx_word' id='word_1_331' title='bbox 1359 4116 1547 4154; x_wconf 89' lang='lat' dir='ltr'><strong>meum</strong></span> <span class='ocrx_word' id='word_1_332' title='bbox 1578 4102 1739 4156; x_wconf 83' lang='lat' dir='ltr'><strong>intra</strong></span> <span class='ocrx_word' id='word_1_333' title='bbox 1762 4120 1874 4173; x_wconf 88' lang='lat' dir='ltr'><strong>me,</strong></span> 
     </span>
    </p>
   </div>
   <div class='ocr_carea' id='block_1_45' title="bbox 218 4174 1880 4260">
    <p class='ocr_par' dir='ltr' id='par_1_45' title="bbox 218 4174 1880 4260">
     <span class='ocr_line' id='line_1_46' title="bbox 218 4174 1880 4260; baseline 0.014 -38"><span class='ocrx_word' id='word_1_334' title='bbox 218 4178 268 4223; x_wconf 86' lang='lat' dir='ltr'><strong>et</strong></span> <span class='ocrx_word' id='word_1_335' title='bbox 296 4174 354 4226; x_wconf 91' lang='lat' dir='ltr'><strong>in</strong></span> <span class='ocrx_word' id='word_1_336' title='bbox 382 4178 771 4235; x_wconf 87' lang='lat' dir='ltr'><strong>meditatione</strong></span> <span class='ocrx_word' id='word_1_337' title='bbox 800 4198 928 4237; x_wconf 90' lang='lat' dir='ltr'><strong>mea</strong></span> <span class='ocrx_word' id='word_1_338' title='bbox 958 4186 1314 4241; x_wconf 78' lang='lat' dir='ltr'><strong>exardescet</strong></span> <span class='ocrx_word' id='word_1_339' title='bbox 1344 4188 1525 4260; x_wconf 85' lang='lat' dir='ltr'><strong>ignis.</strong></span> <span class='ocrx_word' id='word_1_340' title='bbox 1584 4190 1781 4246; x_wconf 91' lang='lat' dir='ltr'><strong>Timor</strong></span> <span class='ocrx_word' id='word_1_341' title='bbox 1821 4198 1880 4246; x_wconf 86' lang='lat' dir='ltr'><strong>et</strong></span> 
     </span>
    </p>
   </div>
   <div class='ocr_carea' id='block_1_46' title="bbox 220 4263 1879 4343">
    <p class='ocr_par' dir='ltr' id='par_1_46' title="bbox 220 4263 1879 4343">
     <span class='ocr_line' id='line_1_47' title="bbox 220 4263 1879 4343; baseline 0.014 -31"><span class='ocrx_word' id='word_1_342' title='bbox 220 4263 427 4317; x_wconf 85' lang='lat' dir='ltr'><strong>tremor</strong></span> <span class='ocrx_word' id='word_1_343' title='bbox 464 4274 756 4322; x_wconf 86' lang='lat' dir='ltr'><strong>venerunt</strong></span> <span class='ocrx_word' id='word_1_344' title='bbox 786 4286 892 4342; x_wconf 90' lang='lat' dir='ltr'><strong>sup</strong></span> <span class='ocrx_word' id='word_1_345' title='bbox 906 4289 966 4325; x_wconf 58' lang='lat' dir='ltr'><strong>cr</strong></span> <span class='ocrx_word' id='word_1_346' title='bbox 993 4290 1104 4343; x_wconf 85' lang='lat' dir='ltr'><strong>me,</strong></span> <span class='ocrx_word' id='word_1_347' title='bbox 1153 4281 1211 4329; x_wconf 91' lang='lat' dir='ltr'><strong>et</strong></span> <span class='ocrx_word' id='word_1_348' title='bbox 1244 4283 1639 4332; x_wconf 78' lang='lat' dir='ltr'><strong>contexerunt</strong></span> <span class='ocrx_word' id='word_1_349' title='bbox 1668 4295 1762 4335; x_wconf 87' lang='lat' dir='ltr'><strong>me</strong></span> <span class='ocrx_word' id='word_1_350' title='bbox 1795 4286 1879 4335; x_wconf 88' lang='lat' dir='ltr'><strong>te-</strong></span> 
     </span>
    </p>
   </div>
   <div class='ocr_carea' id='block_1_47' title="bbox 220 4348 1880 4437">
    <p class='ocr_par' dir='ltr' id='par_1_47' title="bbox 220 4348 1880 4437">
     <span class='ocr_line' id='line_1_48' title="bbox 220 4348 1880 4437; baseline 0.014 -37"><span class='ocrx_word' id='word_1_351' title='bbox 220 4348 407 4407; x_wconf 74' lang='lat' dir='ltr'><strong>nebrae</strong></span> <span class='ocrx_word' id='word_1_352' title='bbox 450 4354 642 4423; x_wconf 87' lang='lat' dir='ltr'><strong>(Psal.</strong></span> <span class='ocrx_word' id='word_1_353' title='bbox 675 4374 922 4429; x_wconf 83' lang='lat' dir='ltr'><strong>xxxvm,</strong></span> <span class='ocrx_word' id='word_1_354' title='bbox 953 4361 1007 4428; x_wconf 88' lang='lat'><strong>3,</strong></span> <span class='ocrx_word' id='word_1_355' title='bbox 1040 4363 1116 4433; x_wconf 79' lang='lat'><strong>4).</strong></span> <span class='ocrx_word' id='word_1_356' title='bbox 1165 4364 1447 4437; x_wconf 73' lang='lat' dir='ltr'><strong>Abyssus</strong></span> <span class='ocrx_word' id='word_1_357' title='bbox 1483 4367 1880 4423; x_wconf 77' lang='lat' dir='ltr'><strong>circumdedit</strong></span> 
     </span>
    </p>
   </div>
   <div class='ocr_carea' id='block_1_48' title="bbox 217 4446 1883 4522">
    <p class='ocr_par' dir='ltr' id='par_1_48' title="bbox 217 4446 1883 4522">
     <span class='ocr_line' id='line_1_49' title="bbox 217 4446 1883 4522; baseline 0.013 -31"><span class='ocrx_word' id='word_1_358' title='bbox 217 4452 316 4502; x_wconf 86' lang='lat' dir='ltr'><strong>me,</strong></span> <span class='ocrx_word' id='word_1_359' title='bbox 358 4450 663 4511; x_wconf 87' lang='lat' dir='ltr'><strong>postremo</strong></span> <span class='ocrx_word' id='word_1_360' title='bbox 711 4446 1001 4503; x_wconf 87' lang='lat' dir='ltr'><strong>demersit</strong></span> <span class='ocrx_word' id='word_1_361' title='bbox 1050 4458 1218 4522; x_wconf 85' lang='lat' dir='ltr'><strong>caput</strong></span> <span class='ocrx_word' id='word_1_362' title='bbox 1258 4469 1446 4509; x_wconf 88' lang='lat' dir='ltr'><strong>meum</strong></span> <span class='ocrx_word' id='word_1_363' title='bbox 1480 4456 1542 4510; x_wconf 91' lang='lat' dir='ltr'><strong>in</strong></span> <span class='ocrx_word' id='word_1_364' title='bbox 1577 4456 1883 4512; x_wconf 87' lang='lat' dir='ltr'><strong>scissuras</strong></span> 
     </span>
    </p>
   </div>
   <div class='ocr_carea' id='block_1_49' title="bbox 220 4529 1051 4607">
    <p class='ocr_par' dir='ltr' id='par_1_49' title="bbox 220 4529 1051 4607">
     <span class='ocr_line' id='line_1_50' title="bbox 220 4529 1051 4607; baseline 0.017 -29"><span class='ocrx_word' id='word_1_365' title='bbox 220 4531 483 4585; x_wconf 86' lang='lat' dir='ltr'><strong>montium</strong></span> <span class='ocrx_word' id='word_1_366' title='bbox 513 4529 630 4602; x_wconf 85' lang='lat'><strong>(51)</strong></span> <span class='ocrx_word' id='word_1_367' title='bbox 661 4534 848 4602; x_wconf 70' lang='lat' dir='ltr'><strong>(J0me</strong></span> <span class='ocrx_word' id='word_1_368' title='bbox 878 4554 937 4606; x_wconf 91' lang='grc' dir='ltr'><strong>ιι,</strong></span> <span class='ocrx_word' id='word_1_369' title='bbox 976 4537 1051 4607; x_wconf 90' lang='grc'><strong>6).</strong></span> 
     </span>
    </p>
   </div>
   <div class='ocr_carea' id='block_1_50' title="bbox 279 4668 1883 4751">
    <p class='ocr_par' dir='ltr' id='par_1_50' title="bbox 279 4668 1883 4751">
     <span class='ocr_line' id='line_1_51' title="bbox 279 4668 1883 4751; baseline 0.012 -28"><span class='ocrx_word' id='word_1_370' title='bbox 279 4668 384 4739; x_wconf 70' lang='grc'>(49)</span> <span class='ocrx_word' id='word_1_371' title='bbox 422 4672 634 4751; x_wconf 64' lang='lat' dir='ltr'><strong>Plures</strong></span> <span class='ocrx_word' id='word_1_372' title='bbox 669 4692 816 4732; x_wconf 91' lang='lat' dir='ltr'><strong>mss.</strong></span> <span class='ocrx_word' id='word_1_373' title='bbox 851 4680 907 4733; x_wconf 92' lang='lat' dir='ltr'><strong>et</strong></span> <span class='ocrx_word' id='word_1_374' title='bbox 930 4680 1385 4751; x_wconf 84' lang='lat' dir='ltr'><strong>Pseudo-Hier.,</strong></span> <span class='ocrx_word' id='word_1_375' title='bbox 1411 4686 1741 4742; x_wconf 83' lang='lat' dir='ltr'><strong>remedium</strong></span> <span class='ocrx_word' id='word_1_376' title='bbox 1768 4689 1883 4743; x_wconf 89' lang='lat' dir='ltr'><strong>tibi</strong></span> 
     </span>
    </p>
   </div>
   <div class='ocr_carea' id='block_1_51' title="bbox 222 4744 607 4800">
    <p class='ocr_par' dir='ltr' id='par_1_51' title="bbox 222 4744 607 4800">
     <span class='ocr_line' id='line_1_52' title="bbox 222 4744 607 4800; baseline 0.031 -12"><span class='ocrx_word' id='word_1_377' title='bbox 222 4744 607 4800; x_wconf 86' lang='lat' dir='ltr'><strong>necessitatis.</strong></span> 
     </span>
    </p>
   </div>
   <div class='ocr_carea' id='block_1_52' title="bbox 281 4808 1880 4900">
    <p class='ocr_par' dir='ltr' id='par_1_52' title="bbox 281 4808 1880 4900">
     <span class='ocr_line' id='line_1_53' title="bbox 281 4808 1880 4900; baseline 0.013 -36"><span class='ocrx_word' id='word_1_378' title='bbox 281 4808 386 4900; x_wconf 70' lang='grc'>(50)</span> <span class='ocrx_word' id='word_1_379' title='bbox 423 4814 643 4900; x_wconf 81' lang='lat' dir='ltr'><strong>Omnes</strong></span> <span class='ocrx_word' id='word_1_380' title='bbox 661 4819 822 4900; x_wconf 66' lang='lat' dir='ltr'><strong>edit.,</strong></span> <span class='ocrx_word' id='word_1_381' title='bbox 850 4837 965 4891; x_wconf 89' lang='lat' dir='ltr'><strong>pro</strong></span> <span class='ocrx_word' id='word_1_382' title='bbox 980 4824 1246 4879; x_wconf 87' lang='lat' dir='ltr'><strong>remedio</strong></span> <span class='ocrx_word' id='word_1_383' title='bbox 1262 4826 1484 4900; x_wconf 14' lang='lat' dir='ltr'><strong>ganimae</strong></span> <span class='ocrx_word' id='word_1_384' title='bbox 1519 4833 1629 4882; x_wconf 65' lang='lat' dir='ltr'><strong>tu&#39;c</strong></span> <span class='ocrx_word' id='word_1_385' title='bbox 1661 4836 1717 4883; x_wconf 86' lang='lat' dir='ltr'><strong>et</strong></span> <span class='ocrx_word' id='word_1_386' title='bbox 1744 4847 1880 4900; x_wconf 89' lang='lat' dir='ltr'><strong>pec-</strong></span> 
     </span>
    </p>
   </div>
   <div class='ocr_carea' id='block_1_53' title="bbox 223 4885 1879 4956">
    <p class='ocr_par' dir='ltr' id='par_1_53' title="bbox 223 4885 1879 4956">
     <span class='ocr_line' id='line_1_54' title="bbox 223 4885 1879 4956; baseline 0.015 -24"><span class='ocrx_word' id='word_1_387' title='bbox 223 4885 483 4950; x_wconf 86' lang='lat' dir='ltr'><strong>catorum,</strong></span> <span class='ocrx_word' id='word_1_388' title='bbox 518 4892 630 4943; x_wconf 85' lang='lat' dir='ltr'><strong>etc.</strong></span> <span class='ocrx_word' id='word_1_389' title='bbox 666 4885 884 4945; x_wconf 74' lang='lat' dir='ltr'><strong>Omnes</strong></span> <span class='ocrx_word' id='word_1_390' title='bbox 916 4908 1064 4947; x_wconf 89' lang='lat' dir='ltr'><strong>mss.</strong></span> <span class='ocrx_word' id='word_1_391' title='bbox 1098 4910 1233 4949; x_wconf 91' lang='lat' dir='ltr'><strong>cum</strong></span> <span class='ocrx_word' id='word_1_392' title='bbox 1262 4897 1699 4954; x_wconf 85' lang='lat' dir='ltr'><strong>Pseudo-Hier.</strong></span> <span class='ocrx_word' id='word_1_393' title='bbox 1736 4885 1798 4955; x_wconf 72' lang='lat' dir='ltr'><strong>tu</strong></span> <span class='ocrx_word' id='word_1_394' title='bbox 1820 4902 1879 4956; x_wconf 91' lang='lat' dir='ltr'><strong>in</strong></span> 
     </span>
    </p>
   </div>
   <div class='ocr_carea' id='block_1_54' title="bbox 224 4955 503 5010">
    <p class='ocr_par' dir='ltr' id='par_1_54' title="bbox 224 4955 503 5010">
     <span class='ocr_line' id='line_1_55' title="bbox 224 4955 503 5010; baseline 0.032 -9"><span class='ocrx_word' id='word_1_395' title='bbox 224 4955 503 5010; x_wconf 82' lang='lat' dir='ltr'><strong>contextu.</strong></span> 
     </span>
    </p>
   </div>
   <div class='ocr_carea' id='block_1_55' title="bbox 281 5023 1878 5113">
    <p class='ocr_par' dir='ltr' id='par_1_55' title="bbox 281 5023 1878 5113">
     <span class='ocr_line' id='line_1_56' title="bbox 281 5023 1878 5113; baseline 0.014 -37"><span class='ocrx_word' id='word_1_396' title='bbox 281 5023 575 5113; x_wconf 53' lang='lat' dir='ltr'><strong>(51)nMss;</strong></span> <span class='ocrx_word' id='word_1_397' title='bbox 618 5030 859 5113; x_wconf 63' lang='lat' dir='ltr'><strong>aliquot,</strong></span> <span class='ocrx_word' id='word_1_398' title='bbox 919 5033 1176 5113; x_wconf 68' lang='lat' dir='ltr'><strong>fissuras</strong></span> <span class='ocrx_word' id='word_1_399' title='bbox 1232 5039 1567 5113; x_wconf 57' lang='lat' dir='ltr'><strong>montium;</strong></span> <span class='ocrx_word' id='word_1_400' title='bbox 1609 5042 1878 5113; x_wconf 82' lang='lat' dir='ltr'><strong>Regiom.</strong></span> 
     </span>
    </p>
   </div>
   <div class='ocr_carea' id='block_1_56' title="bbox 224 5096 1882 5181">
    <p class='ocr_par' dir='ltr' id='par_1_56' title="bbox 224 5096 1882 5181">
     <span class='ocr_line' id='line_1_57' title="bbox 224 5096 1882 5181; baseline 0.014 -36"><span class='ocrx_word' id='word_1_401' title='bbox 224 5104 339 5172; x_wconf 80' lang='lat' dir='ltr'><strong>cum</strong></span> <span class='ocrx_word' id='word_1_402' title='bbox 387 5096 868 5181; x_wconf 38' lang='lat' dir='ltr'><strong>Pseudq-Hieru;</strong></span> <span class='ocrx_word' id='word_1_403' title='bbox 880 5105 969 5181; x_wconf 74' lang='lat' dir='ltr'><strong>in</strong></span> <span class='ocrx_word' id='word_1_404' title='bbox 993 5106 1291 5181; x_wconf 69' lang='lat' dir='ltr'><strong>fossuras</strong></span> <span class='ocrx_word' id='word_1_405' title='bbox 1356 5096 1752 5181; x_wconf 46' lang='lat' dir='ltr'><strong>(Pseudo-H:</strong></span> <span class='ocrx_word' id='word_1_406' title='bbox 1820 5116 1882 5167; x_wconf 89' lang='lat' dir='ltr'><strong>in</strong></span> 
     </span>
    </p>
   </div>
   <div class='ocr_carea' id='block_1_57' title="bbox 225 5164 1883 5251">
    <p class='ocr_par' dir='ltr' id='par_1_57' title="bbox 225 5164 1883 5251">
     <span class='ocr_line' id='line_1_58' title="bbox 225 5164 1883 5251; baseline 0.015 -37"><span class='ocrx_word' id='word_1_407' title='bbox 225 5164 493 5251; x_wconf 67' lang='lat' dir='ltr'><strong>scissura)</strong></span> <span class='ocrx_word' id='word_1_408' title='bbox 526 5170 775 5251; x_wconf 60' lang='lat' dir='ltr'><strong>inferni.</strong></span> <span class='ocrx_word' id='word_1_409' title='bbox 825 5164 894 5228; x_wconf 74' lang='lat' dir='ltr'><strong>Et</strong></span> <span class='ocrx_word' id='word_1_410' title='bbox 924 5176 1073 5251; x_wconf 83' lang='lat' dir='ltr'><strong>infra</strong></span> <span class='ocrx_word' id='word_1_411' title='bbox 1104 5178 1260 5233; x_wconf 88' lang='lat' dir='ltr'><strong>idem</strong></span> <span class='ocrx_word' id='word_1_412' title='bbox 1291 5164 1436 5235; x_wconf 77' lang='lat' dir='ltr'><strong>mss.</strong></span> <span class='ocrx_word' id='word_1_413' title='bbox 1472 5183 1662 5251; x_wconf 90' lang='lat' dir='ltr'><strong>solus,</strong></span> <span class='ocrx_word' id='word_1_414' title='bbox 1700 5164 1883 5238; x_wconf 66' lang='lat' dir='ltr'><strong>niise-</strong></span> 
     </span>
    </p>
   </div>
   <div class='ocr_carea' id='block_1_58' title="bbox 226 5233 1011 5301">
    <p class='ocr_par' dir='ltr' id='par_1_58' title="bbox 226 5233 1011 5301">
     <span class='ocr_line' id='line_1_59' title="bbox 226 5233 1011 5301; baseline 0.022 -18"><span class='ocrx_word' id='word_1_415' title='bbox 226 5233 444 5291; x_wconf 84' lang='lat' dir='ltr'><strong>rebitur</strong></span> <span class='ocrx_word' id='word_1_416' title='bbox 472 5233 812 5298; x_wconf 79' lang='lat' dir='ltr'><strong>sceleribus</strong></span> <span class='ocrx_word' id='word_1_417' title='bbox 842 5247 1011 5301; x_wconf 86' lang='lat' dir='ltr'><strong>meis.</strong></span> 
     </span>
    </p>
   </div>
   <div class='ocr_carea' id='block_1_59' title="bbox 285 5306 1877 5396">
    <p class='ocr_par' dir='ltr' id='par_1_59' title="bbox 285 5306 1877 5396">
     <span class='ocr_line' id='line_1_60' title="bbox 285 5306 1877 5396; baseline 0.014 -38"><span class='ocrx_word' id='word_1_418' title='bbox 285 5306 406 5396; x_wconf 41' lang='grc'>(52),</span> <span class='ocrx_word' id='word_1_419' title='bbox 428 5310 499 5362; x_wconf 85' lang='lat' dir='ltr'><strong>Si</strong></span> <span class='ocrx_word' id='word_1_420' title='bbox 529 5312 763 5392; x_wconf 77' lang='lat' dir='ltr'><strong>lionio...</strong></span> <span class='ocrx_word' id='word_1_421' title='bbox 798 5315 860 5396; x_wconf 79' lang='lat' dir='ltr'><strong>in</strong></span> <span class='ocrx_word' id='word_1_422' title='bbox 893 5317 1219 5396; x_wconf 74' lang='lat' dir='ltr'><strong>Dominum,</strong></span> <span class='ocrx_word' id='word_1_423' title='bbox 1255 5320 1471 5377; x_wconf 88' lang='lat' dir='ltr'><strong>desunt</strong></span> <span class='ocrx_word' id='word_1_424' title='bbox 1503 5324 1711 5379; x_wconf 83' lang='lat' dir='ltr'><strong>isthaec</strong></span> <span class='ocrx_word' id='word_1_425' title='bbox 1739 5342 1877 5396; x_wconf 86' lang='lat' dir='ltr'><strong>pro-</strong></span> 
     </span>
    </p>
   </div>
   <div class='ocr_carea' id='block_1_60' title="bbox 223 5379 1880 5463">
    <p class='ocr_par' dir='ltr' id='par_1_60' title="bbox 223 5379 1880 5463">
     <span class='ocr_line' id='line_1_61' title="bbox 223 5379 1880 5463; baseline 0.014 -34"><span class='ocrx_word' id='word_1_426' title='bbox 223 5379 510 5463; x_wconf 61' lang='lat' dir='ltr'><strong>pemodum</strong></span> <span class='ocrx_word' id='word_1_427' title='bbox 542 5383 599 5436; x_wconf 88' lang='lat' dir='ltr'><strong>in</strong></span> <span class='ocrx_word' id='word_1_428' title='bbox 634 5400 812 5463; x_wconf 84' lang='lat' dir='ltr'><strong>mss.;_</strong></span> <span class='ocrx_word' id='word_1_429' title='bbox 840 5388 898 5463; x_wconf 72' lang='lat' dir='ltr'><strong>in</strong></span> <span class='ocrx_word' id='word_1_430' title='bbox 932 5379 1231 5463; x_wconf 77' lang='lat' dir='ltr'><strong>nonnullis</strong></span> <span class='ocrx_word' id='word_1_431' title='bbox 1280 5397 1493 5463; x_wconf 89' lang='lat' dir='ltr'><strong>tamen,</strong></span> <span class='ocrx_word' id='word_1_432' title='bbox 1546 5401 1602 5449; x_wconf 91' lang='lat' dir='ltr'><strong>et</strong></span> <span class='ocrx_word' id='word_1_433' title='bbox 1649 5379 1880 5451; x_wconf 72' lang='lat' dir='ltr'><strong>cunctis</strong></span> 
     </span>
    </p>
   </div>
   <div class='ocr_carea' id='block_1_61' title="bbox 230 5445 1719 5525">
    <p class='ocr_par' dir='ltr' id='par_1_61' title="bbox 230 5445 1719 5525">
     <span class='ocr_line' id='line_1_62' title="bbox 230 5445 1719 5525; baseline 0.014 -25"><span class='ocrx_word' id='word_1_434' title='bbox 230 5445 484 5525; x_wconf 9' lang='lat' dir='ltr'><strong>editarnec</strong></span> <span class='ocrx_word' id='word_1_435' title='bbox 516 5470 633 5508; x_wconf 90' lang='lat' dir='ltr'><strong>non</strong></span> <span class='ocrx_word' id='word_1_436' title='bbox 664 5445 815 5525; x_wconf 78' lang='lat' dir='ltr'><strong>apud</strong></span> <span class='ocrx_word' id='word_1_437' title='bbox 850 5445 1292 5517; x_wconf 64' lang='lat' dir='ltr'><strong>Pseudo-Irlier.</strong></span> <span class='ocrx_word' id='word_1_438' title='bbox 1321 5445 1719 5521; x_wconf 65' lang='lat' dir='ltr'><strong>inveniuntur.</strong></span> 
     </span>
    </p>
   </div>
   <div class='ocr_carea' id='block_1_62' title="bbox 286 5518 1880 5606">
    <p class='ocr_par' dir='ltr' id='par_1_62' title="bbox 286 5518 1880 5606">
     <span class='ocr_line' id='line_1_63' title="bbox 286 5518 1880 5606; baseline 0.013 -33"><span class='ocrx_word' id='word_1_439' title='bbox 432 5522 511 5576; x_wconf 89' lang='lat' dir='ltr'><strong>lta</strong></span> <span class='ocrx_word' id='word_1_440' title='bbox 560 5518 718 5606; x_wconf 60' lang='lat' dir='ltr'><strong>mss:</strong></span> <span class='ocrx_word' id='word_1_441' title='bbox 761 5533 1180 5606; x_wconf 86' lang='lat' dir='ltr'><strong>omnes,_edi_t_.</strong></span> <span class='ocrx_word' id='word_1_442' title='bbox 1233 5550 1397 5603; x_wconf 88' lang='lat' dir='ltr'><strong>vero,</strong></span> <span class='ocrx_word' id='word_1_443' title='bbox 1431 5518 1880 5606; x_wconf 15' lang='lat' dir='ltr'><strong>etPisoudo-Hq</strong></span> 
     </span>
    </p>
   </div>
   <div class='ocr_carea' id='block_1_63' title="bbox 235 5587 1884 5680">
    <p class='ocr_par' dir='ltr' id='par_1_63' title="bbox 235 5587 1884 5680">
     <span class='ocr_line' id='line_1_64' title="bbox 235 5587 1884 5680; baseline 0.016 -38"><span class='ocrx_word' id='word_1_444' title='bbox 412 5597 694 5680; x_wconf 65' lang='lat' dir='ltr'><strong>somnium</strong></span> <span class='ocrx_word' id='word_1_445' title='bbox 740 5587 1083 5680; x_wconf 73' lang='lat' dir='ltr'><strong>surgenti_s._</strong></span> <span class='ocrx_word' id='word_1_446' title='bbox 1121 5603 1191 5657; x_wconf 84' lang='lat' dir='ltr'><strong>Et</strong></span> <span class='ocrx_word' id='word_1_447' title='bbox 1232 5587 1744 5680; x_wconf 57' lang='lat' dir='ltr'><strong>sequentiversu,</strong></span> <span class='ocrx_word' id='word_1_448' title='bbox 1778 5587 1884 5680; x_wconf 71' lang='grc' dir='ltr'>Ρνὸ</span> 
     </span>
    </p>
   </div>
   <div class='ocr_carea' id='block_1_64' title="bbox 232 5622 1883 5749">
    <p class='ocr_par' dir='ltr' id='par_1_64' title="bbox 232 5622 1883 5749">
     <span class='ocr_line' id='line_1_65' title="bbox 242 5622 1883 5680; baseline 0.008 -31"><span class='ocrx_word' id='word_1_449' title='bbox 242 5622 370 5642; x_wconf 71' lang='grc' dir='ltr'><strong>’νων</strong></span> <span class='ocrx_word' id='word_1_450' title='bbox 412 5622 694 5652; x_wconf 68' lang='lat' dir='ltr'><strong>aumuuuu</strong></span> <span class='ocrx_word' id='word_1_451' title='bbox 740 5622 867 5654; x_wconf 75' lang='lat' dir='ltr'><strong>sur!</strong></span> <span class='ocrx_word' id='word_1_452' title='bbox 892 5622 1069 5657; x_wconf 82' lang='lat' dir='ltr'><strong>enus.</strong></span> <span class='ocrx_word' id='word_1_453' title='bbox 1121 5622 1191 5657; x_wconf 66' lang='lat' dir='ltr'><strong>[LI</strong></span> <span class='ocrx_word' id='word_1_454' title='bbox 1232 5622 1296 5660; x_wconf 88' lang='lat' dir='ltr'><strong>se</strong></span> <span class='ocrx_word' id='word_1_455' title='bbox 1346 5622 1506 5662; x_wconf 86' lang='lat' dir='ltr'><strong>uenu</strong></span> <span class='ocrx_word' id='word_1_456' title='bbox 1546 5624 1744 5677; x_wconf 74' lang='lat' dir='ltr'><strong>VBPSU,</strong></span> <span class='ocrx_word' id='word_1_457' title='bbox 1778 5626 1883 5680; x_wconf 81' lang='lat' dir='ltr'><strong>pl‘O</strong></span> 
     </span>
     <span class='ocr_line' id='line_1_66' title="bbox 232 5622 1883 5749; baseline -0.001 0"><span class='ocrx_word' id='word_1_458' title='bbox 232 5656 487 5749; x_wconf 57' lang='grc' dir='ltr'><strong>Υξίέἱὲσςιε</strong></span> <span class='ocrx_word' id='word_1_459' title='bbox 531 5674 648 5749; x_wconf 64' lang='lat'><strong>2.“:</strong></span> <span class='ocrx_word' id='word_1_460' title='bbox 704 5622 886 5742; x_wconf 53' lang='grc' dir='ltr'><strong>(ιιιοδζ</strong></span> <span class='ocrx_word' id='word_1_461' title='bbox 908 5676 1037 5749; x_wconf 70' lang='grc' dir='ltr'><strong>βῐῖαί</strong></span> <span class='ocrx_word' id='word_1_462' title='bbox 1068 5673 1129 5729; x_wconf 74' lang='lat' dir='ltr'><strong>in</strong></span> <span class='ocrx_word' id='word_1_463' title='bbox 1159 5622 1437 5749; x_wconf 40' lang='lat' dir='ltr'><strong>omnibus</strong></span> <span class='ocrx_word' id='word_1_464' title='bbox 1469 5678 1607 5749; x_wconf 66' lang='lat' dir='ltr'><strong>edit.</strong></span> <span class='ocrx_word' id='word_1_465' title='bbox 1640 5684 1695 5736; x_wconf 73' lang='lat' dir='ltr'><strong>et</strong></span> <span class='ocrx_word' id='word_1_466' title='bbox 1736 5695 1883 5737; x_wconf 66' lang='lat' dir='ltr'><strong>mas.</strong></span> 
     </span>
    </p>
   </div>
   <div class='ocr_carea' id='block_1_65' title="bbox 229 5725 1890 5831">
    <p class='ocr_par' dir='ltr' id='par_1_65' title="bbox 229 5725 1890 5831">
     <span class='ocr_line' id='line_1_67' title="bbox 229 5725 1890 5831; baseline 0.017 -46"><span class='ocrx_word' id='word_1_467' title='bbox 229 5725 445 5810; x_wconf 73' lang='lat' dir='ltr'><strong>aliquot,</strong></span> <span class='ocrx_word' id='word_1_468' title='bbox 497 5738 596 5796; x_wconf 82' lang='lat' dir='ltr'><strong>alii</strong></span> <span class='ocrx_word' id='word_1_469' title='bbox 632 5725 811 5803; x_wconf 56' lang='lat' dir='ltr'><strong>&#39;ms&#39;s.</strong></span> <span class='ocrx_word' id='word_1_470' title='bbox 827 5725 1890 5831; x_wconf 43' lang='lat' dir='ltr'><strong>extimuiitiiibtiia&#39;iibfbéidﬁi</strong></span> 
     </span>
    </p>
   </div>
   <div class='ocr_carea' id='block_1_66' title="bbox 1921 1896 1970 1958">
    <p class='ocr_par' dir='ltr' id='par_1_66' title="bbox 1921 1896 1970 1958">
     <span class='ocr_line' id='line_1_68' title="bbox 1921 1896 1970 1958; baseline 0 0"><span class='ocrx_word' id='word_1_471' title='bbox 1921 1896 1970 1958; x_wconf 88' lang='grc' dir='ltr'>Β</span> 
     </span>
    </p>
   </div>
   <div class='ocr_carea' id='block_1_67' title="bbox 1919 3254 1970 3317">
    <p class='ocr_par' dir='ltr' id='par_1_67' title="bbox 1919 3254 1970 3317">
     <span class='ocr_line' id='line_1_69' title="bbox 1919 3254 1970 3317; baseline 0 0"><span class='ocrx_word' id='word_1_472' title='bbox 1919 3254 1970 3317; x_wconf 90' lang='lat' dir='ltr'>C</span> 
     </span>
    </p>
   </div>
   <div class='ocr_carea' id='block_1_68' title="bbox 1910 4614 1959 4675">
    <p class='ocr_par' dir='ltr' id='par_1_68' title="bbox 1910 4614 1959 4675">
     <span class='ocr_line' id='line_1_70' title="bbox 1910 4614 1959 4675; baseline 0 0"><span class='ocrx_word' id='word_1_473' title='bbox 1910 4614 1959 4675; x_wconf 92' lang='lat' dir='ltr'><strong>D</strong></span> 
     </span>
    </p>
   </div>
   <div class='ocr_carea' id='block_1_69' title="bbox 2012 629 3689 718">
    <p class='ocr_par' dir='ltr' id='par_1_69' title="bbox 2012 629 3689 718">
     <span class='ocr_line' id='line_1_71' title="bbox 2012 629 3689 718; baseline 0.015 -38"><span class='ocrx_word' id='word_1_474' title='bbox 2012 629 2317 683; x_wconf 90' lang='lat' dir='ltr'><strong>combusta</strong></span> <span class='ocrx_word' id='word_1_475' title='bbox 2348 633 2504 686; x_wconf 90' lang='lat' dir='ltr'><strong>sicut</strong></span> <span class='ocrx_word' id='word_1_476' title='bbox 2532 634 2859 691; x_wconf 89' lang='lat' dir='ltr'><strong>Gomorrha</strong></span> <span class='ocrx_word' id='word_1_477' title='bbox 2890 636 3221 713; x_wconf 51' lang='lat' dir='ltr'><strong>(Genfxix,</strong></span> <span class='ocrx_word' id='word_1_478' title='bbox 3254 644 3369 716; x_wconf 76' lang='lat'><strong>24),</strong></span> <span class='ocrx_word' id='word_1_479' title='bbox 3415 649 3549 718; x_wconf 86' lang='lat' dir='ltr'><strong>quis</strong></span> <span class='ocrx_word' id='word_1_480' title='bbox 3580 651 3689 704; x_wconf 90' lang='lat' dir='ltr'><strong>mi-</strong></span> 
     </span>
    </p>
   </div>
   <div class='ocr_carea' id='block_1_70' title="bbox 2011 717 3687 806">
    <p class='ocr_par' dir='ltr' id='par_1_70' title="bbox 2011 717 3687 806">
     <span class='ocr_line' id='line_1_72' title="bbox 2011 717 3687 806; baseline 0.015 -37"><span class='ocrx_word' id='word_1_481' title='bbox 2011 717 2308 773; x_wconf 79' lang='lat' dir='ltr'><strong>serebitur</strong></span> <span class='ocrx_word' id='word_1_482' title='bbox 2336 720 2569 776; x_wconf 90' lang='lat' dir='ltr'><strong>cineres</strong></span> <span class='ocrx_word' id='word_1_483' title='bbox 2599 726 2806 779; x_wconf 83' lang='lat' dir='ltr'><strong>meos?</strong></span> <span class='ocrx_word' id='word_1_484' title='bbox 2838 726 3056 783; x_wconf 88' lang='lat' dir='ltr'><strong>Durius</strong></span> <span class='ocrx_word' id='word_1_485' title='bbox 3107 730 3323 787; x_wconf 83' lang='lat' dir='ltr'><strong>offendi</strong></span> <span class='ocrx_word' id='word_1_486' title='bbox 3362 717 3541 806; x_wconf 84' lang='lat' dir='ltr'><strong>quam</strong></span> <span class='ocrx_word' id='word_1_487' title='bbox 3573 738 3687 793; x_wconf 92' lang='lat' dir='ltr'><strong>So-</strong></span> 
     </span>
    </p>
   </div>
   <div class='ocr_carea' id='block_1_71' title="bbox 2010 804 3680 899">
    <p class='ocr_par' dir='ltr' id='par_1_71' title="bbox 2010 804 3680 899">
     <span class='ocr_line' id='line_1_73' title="bbox 2010 804 3680 899; baseline 0.016 -42"><span class='ocrx_word' id='word_1_488' title='bbox 2010 804 2226 876; x_wconf 86' lang='lat' dir='ltr'><strong>doma;</strong></span> <span class='ocrx_word' id='word_1_489' title='bbox 2273 809 2410 878; x_wconf 92' lang='lat' dir='ltr'><strong>quia</strong></span> <span class='ocrx_word' id='word_1_490' title='bbox 2456 810 2552 864; x_wconf 88' lang='lat' dir='ltr'><strong>illa</strong></span> <span class='ocrx_word' id='word_1_491' title='bbox 2600 811 2793 883; x_wconf 89' lang='lat' dir='ltr'><strong>legem</strong></span> <span class='ocrx_word' id='word_1_492' title='bbox 2845 818 3124 872; x_wconf 79' lang='lat' dir='ltr'><strong>nesciens</strong></span> <span class='ocrx_word' id='word_1_493' title='bbox 3168 804 3513 893; x_wconf 80' lang='lat' dir='ltr'><strong>deliquerat,</strong></span> <span class='ocrx_word' id='word_1_494' title='bbox 3566 843 3680 899; x_wconf 90' lang='lat' dir='ltr'><strong>ego</strong></span> 
     </span>
    </p>
   </div>
   <div class='ocr_carea' id='block_1_72' title="bbox 2009 897 3685 984">
    <p class='ocr_par' dir='ltr' id='par_1_72' title="bbox 2009 897 3685 984">
     <span class='ocr_line' id='line_1_74' title="bbox 2009 897 3685 984; baseline 0.014 -37"><span class='ocrx_word' id='word_1_495' title='bbox 2009 897 2222 963; x_wconf 90' lang='lat' dir='ltr'><strong>autem,</strong></span> <span class='ocrx_word' id='word_1_496' title='bbox 2273 902 2511 968; x_wconf 87' lang='lat' dir='ltr'><strong>accepta</strong></span> <span class='ocrx_word' id='word_1_497' title='bbox 2561 902 2768 972; x_wconf 83' lang='lat' dir='ltr'><strong>gratia,</strong></span> <span class='ocrx_word' id='word_1_498' title='bbox 2818 908 3062 973; x_wconf 75' lang='lat' dir='ltr'><strong>peccavi</strong></span> <span class='ocrx_word' id='word_1_499' title='bbox 3116 908 3382 966; x_wconf 90' lang='lat' dir='ltr'><strong>Domino.</strong></span> <span class='ocrx_word' id='word_1_500' title='bbox 3416 913 3477 967; x_wconf 93' lang='lat' dir='ltr'><strong>Si</strong></span> <span class='ocrx_word' id='word_1_501' title='bbox 3508 897 3685 984; x_wconf 79' lang='lat' dir='ltr'><strong>homo</strong></span> 
     </span>
    </p>
   </div>
   <div class='ocr_carea' id='block_1_73' title="bbox 2006 986 3681 1075">
    <p class='ocr_par' dir='ltr' id='par_1_73' title="bbox 2006 986 3681 1075">
     <span class='ocr_line' id='line_1_75' title="bbox 2006 986 3681 1075; baseline 0.014 -39"><span class='ocrx_word' id='word_1_502' title='bbox 2006 987 2211 1053; x_wconf 89' lang='lat' dir='ltr'><strong>peccet</strong></span> <span class='ocrx_word' id='word_1_503' title='bbox 2241 986 2299 1039; x_wconf 87' lang='lat' dir='ltr'><strong>in</strong></span> <span class='ocrx_word' id='word_1_504' title='bbox 2333 986 2650 1058; x_wconf 87' lang='lat' dir='ltr'><strong>hominem,</strong></span> <span class='ocrx_word' id='word_1_505' title='bbox 2687 991 2797 1046; x_wconf 91' lang='lat' dir='ltr'><strong>erit</strong></span> <span class='ocrx_word' id='word_1_506' title='bbox 2829 994 2931 1064; x_wconf 86' lang='lat' dir='ltr'><strong>qui</strong></span> <span class='ocrx_word' id='word_1_507' title='bbox 2963 994 3313 1052; x_wconf 88' lang='lat' dir='ltr'><strong>interveniat</strong></span> <span class='ocrx_word' id='word_1_508' title='bbox 3346 1015 3359 1055; x_wconf 93' lang='lat'>:</span> <span class='ocrx_word' id='word_1_509' title='bbox 3393 1016 3506 1073; x_wconf 87' lang='lat' dir='ltr'><strong>ego</strong></span> <span class='ocrx_word' id='word_1_510' title='bbox 3536 1020 3681 1075; x_wconf 90' lang='lat' dir='ltr'><strong>pec-</strong></span> 
     </span>
    </p>
   </div>
   <div class='ocr_carea' id='block_1_74' title="bbox 2010 1072 3683 1154">
    <p class='ocr_par' dir='ltr' id='par_1_74' title="bbox 2010 1072 3683 1154">
     <span class='ocr_line' id='line_1_76' title="bbox 2010 1072 3683 1154; baseline 0.015 -30"><span class='ocrx_word' id='word_1_511' title='bbox 2010 1072 2138 1125; x_wconf 90' lang='lat' dir='ltr'><strong>cavi</strong></span> <span class='ocrx_word' id='word_1_512' title='bbox 2166 1073 2226 1128; x_wconf 91' lang='lat' dir='ltr'><strong>in</strong></span> <span class='ocrx_word' id='word_1_513' title='bbox 2249 1074 2707 1148; x_wconf 74' lang='lat' dir='ltr'><strong>Dominum(52),</strong></span> <span class='ocrx_word' id='word_1_514' title='bbox 2734 1097 2909 1152; x_wconf 87' lang='lat' dir='ltr'><strong>quem</strong></span> <span class='ocrx_word' id='word_1_515' title='bbox 2927 1085 3369 1154; x_wconf 89' lang='lat' dir='ltr'><strong>propitiatorem</strong></span> <span class='ocrx_word' id='word_1_516' title='bbox 3386 1072 3683 1149; x_wconf 89' lang='lat' dir='ltr'><strong>inveniam</strong></span> 
     </span>
    </p>
   </div>
   <div class='ocr_carea' id='block_1_75' title="bbox 2009 1160 3686 1252">
    <p class='ocr_par' dir='ltr' id='par_1_75' title="bbox 2009 1160 3686 1252">
     <span class='ocr_line' id='line_1_77' title="bbox 2009 1160 3686 1252; baseline 0.013 -39"><span class='ocrx_word' id='word_1_517' title='bbox 2009 1160 2065 1227; x_wconf 89' lang='grc' dir='ltr'>(Ι</span> <span class='ocrx_word' id='word_1_518' title='bbox 2088 1161 2237 1234; x_wconf 82' lang='lat' dir='ltr'><strong>Reg.</strong></span> <span class='ocrx_word' id='word_1_519' title='bbox 2271 1181 2330 1231; x_wconf 87' lang='grc' dir='ltr'><strong>ιι,</strong></span> <span class='ocrx_word' id='word_1_520' title='bbox 2363 1164 2484 1234; x_wconf 77' lang='lat'><strong>25)?</strong></span> <span class='ocrx_word' id='word_1_521' title='bbox 2532 1166 2789 1239; x_wconf 89' lang='lat' dir='ltr'><strong>Concepi</strong></span> <span class='ocrx_word' id='word_1_522' title='bbox 2820 1170 3104 1240; x_wconf 91' lang='lat' dir='ltr'><strong>dolorem,</strong></span> <span class='ocrx_word' id='word_1_523' title='bbox 3148 1177 3202 1229; x_wconf 91' lang='lat' dir='ltr'><strong>et</strong></span> <span class='ocrx_word' id='word_1_524' title='bbox 3232 1178 3432 1246; x_wconf 90' lang='lat' dir='ltr'><strong>peperi</strong></span> <span class='ocrx_word' id='word_1_525' title='bbox 3467 1180 3686 1252; x_wconf 88' lang='lat' dir='ltr'><strong>iniqui-</strong></span> 
     </span>
    </p>
   </div>
   <div class='ocr_carea' id='block_1_76' title="bbox 2009 1252 3684 1332">
    <p class='ocr_par' dir='ltr' id='par_1_76' title="bbox 2009 1252 3684 1332">
     <span class='ocr_line' id='line_1_78' title="bbox 2009 1252 3684 1332; baseline 0.014 -30"><span class='ocrx_word' id='word_1_526' title='bbox 2009 1252 2183 1304; x_wconf 88' lang='lat' dir='ltr'><strong>tatem</strong></span> <span class='ocrx_word' id='word_1_527' title='bbox 2216 1267 2228 1306; x_wconf 86' lang='lat'><strong>:</strong></span> <span class='ocrx_word' id='word_1_528' title='bbox 2262 1252 2455 1308; x_wconf 88' lang='lat' dir='ltr'><strong>lacum</strong></span> <span class='ocrx_word' id='word_1_529' title='bbox 2484 1257 2686 1325; x_wconf 90' lang='lat' dir='ltr'><strong>aperui</strong></span> <span class='ocrx_word' id='word_1_530' title='bbox 2718 1261 2773 1312; x_wconf 90' lang='lat' dir='ltr'><strong>et</strong></span> <span class='ocrx_word' id='word_1_531' title='bbox 2802 1258 2977 1314; x_wconf 75' lang='lat' dir='ltr'><strong>effodi</strong></span> <span class='ocrx_word' id='word_1_532' title='bbox 3011 1277 3165 1332; x_wconf 90' lang='lat' dir='ltr'><strong>eum,</strong></span> <span class='ocrx_word' id='word_1_533' title='bbox 3200 1267 3258 1319; x_wconf 91' lang='lat' dir='ltr'><strong>et</strong></span> <span class='ocrx_word' id='word_1_534' title='bbox 3287 1265 3467 1321; x_wconf 91' lang='lat' dir='ltr'><strong>incidi</strong></span> <span class='ocrx_word' id='word_1_535' title='bbox 3499 1270 3559 1323; x_wconf 90' lang='lat' dir='ltr'><strong>in</strong></span> <span class='ocrx_word' id='word_1_536' title='bbox 3591 1269 3684 1325; x_wconf 86' lang='lat' dir='ltr'><strong>fo-</strong></span> 
     </span>
    </p>
   </div>
   <div class='ocr_carea' id='block_1_77' title="bbox 2007 1348 3688 1414">
    <p class='ocr_par' dir='ltr' id='par_1_77' title="bbox 2007 1348 3688 1414">
     <span class='ocr_line' id='line_1_79' title="bbox 2007 1348 3688 1414; baseline 0.014 -23"><span class='ocrx_word' id='word_1_537' title='bbox 2007 1353 2177 1393; x_wconf 84' lang='lat' dir='ltr'><strong>veam</strong></span> <span class='ocrx_word' id='word_1_538' title='bbox 2204 1355 2378 1412; x_wconf 90' lang='lat' dir='ltr'><strong>quam</strong></span> <span class='ocrx_word' id='word_1_539' title='bbox 2410 1348 2646 1414; x_wconf 85' lang='lat' dir='ltr'><strong>operata</strong></span> <span class='ocrx_word' id='word_1_540' title='bbox 2679 1361 2833 1401; x_wconf 91' lang='lat' dir='ltr'><strong>sum.</strong></span> <span class='ocrx_word' id='word_1_541' title='bbox 2868 1348 3005 1403; x_wconf 91' lang='lat' dir='ltr'><strong>Ideo</strong></span> <span class='ocrx_word' id='word_1_542' title='bbox 3038 1367 3371 1409; x_wconf 90' lang='lat' dir='ltr'><strong>conversus</strong></span> <span class='ocrx_word' id='word_1_543' title='bbox 3392 1359 3485 1410; x_wconf 90' lang='lat' dir='ltr'><strong>est</strong></span> <span class='ocrx_word' id='word_1_544' title='bbox 3516 1358 3688 1414; x_wconf 93' lang='lat' dir='ltr'><strong>dolor</strong></span> 
     </span>
    </p>
   </div>
   <div class='ocr_carea' id='block_1_78' title="bbox 2007 1430 3674 1517">
    <p class='ocr_par' dir='ltr' id='par_1_78' title="bbox 2007 1430 3674 1517">
     <span class='ocr_line' id='line_1_80' title="bbox 2007 1430 3674 1517; baseline 0.013 -37"><span class='ocrx_word' id='word_1_545' title='bbox 2007 1442 2176 1482; x_wconf 88' lang='lat' dir='ltr'><strong>meus</strong></span> <span class='ocrx_word' id='word_1_546' title='bbox 2205 1430 2265 1483; x_wconf 93' lang='lat' dir='ltr'><strong>in</strong></span> <span class='ocrx_word' id='word_1_547' title='bbox 2297 1437 2469 1501; x_wconf 88' lang='lat' dir='ltr'><strong>caput</strong></span> <span class='ocrx_word' id='word_1_548' title='bbox 2497 1449 2710 1503; x_wconf 91' lang='lat' dir='ltr'><strong>meum,</strong></span> <span class='ocrx_word' id='word_1_549' title='bbox 2743 1439 2799 1490; x_wconf 90' lang='lat' dir='ltr'><strong>et</strong></span> <span class='ocrx_word' id='word_1_550' title='bbox 2826 1436 2885 1490; x_wconf 89' lang='lat' dir='ltr'><strong>in</strong></span> <span class='ocrx_word' id='word_1_551' title='bbox 2914 1438 3195 1495; x_wconf 90' lang='lat' dir='ltr'><strong>verticem</strong></span> <span class='ocrx_word' id='word_1_552' title='bbox 3229 1458 3425 1498; x_wconf 91' lang='lat' dir='ltr'><strong>meum</strong></span> <span class='ocrx_word' id='word_1_553' title='bbox 3455 1445 3674 1517; x_wconf 90' lang='lat' dir='ltr'><strong>iniqui-</strong></span> 
     </span>
    </p>
   </div>
   <div class='ocr_carea' id='block_1_79' title="bbox 2005 1518 3681 1605">
    <p class='ocr_par' dir='ltr' id='par_1_79' title="bbox 2005 1518 3681 1605">
     <span class='ocr_line' id='line_1_81' title="bbox 2005 1518 3681 1605; baseline 0.013 -35"><span class='ocrx_word' id='word_1_554' title='bbox 2005 1518 2097 1570; x_wconf 89' lang='lat' dir='ltr'><strong>tas</strong></span> <span class='ocrx_word' id='word_1_555' title='bbox 2144 1533 2273 1574; x_wconf 91' lang='lat' dir='ltr'><strong>mea</strong></span> <span class='ocrx_word' id='word_1_556' title='bbox 2318 1520 2643 1577; x_wconf 86' lang='lat' dir='ltr'><strong>descendit.</strong></span> <span class='ocrx_word' id='word_1_557' title='bbox 2698 1524 3065 1582; x_wconf 88' lang='lat' dir='ltr'><strong>Immunditia</strong></span> <span class='ocrx_word' id='word_1_558' title='bbox 3135 1546 3262 1585; x_wconf 89' lang='lat' dir='ltr'><strong>mea</strong></span> <span class='ocrx_word' id='word_1_559' title='bbox 3310 1536 3442 1587; x_wconf 89' lang='lat' dir='ltr'><strong>ante</strong></span> <span class='ocrx_word' id='word_1_560' title='bbox 3490 1536 3681 1605; x_wconf 89' lang='lat' dir='ltr'><strong>pedes</strong></span> 
     </span>
    </p>
   </div>
   <div class='ocr_carea' id='block_1_80' title="bbox 2008 1609 3675 1691">
    <p class='ocr_par' dir='ltr' id='par_1_80' title="bbox 2008 1609 3675 1691">
     <span class='ocr_line' id='line_1_82' title="bbox 2008 1609 3675 1691; baseline 0.014 -34"><span class='ocrx_word' id='word_1_561' title='bbox 2008 1620 2173 1660; x_wconf 89' lang='lat' dir='ltr'><strong>meos</strong></span> <span class='ocrx_word' id='word_1_562' title='bbox 2220 1622 2232 1662; x_wconf 94' lang='lat'><strong>:</strong></span> <span class='ocrx_word' id='word_1_563' title='bbox 2277 1624 2395 1662; x_wconf 87' lang='lat' dir='ltr'><strong>non</strong></span> <span class='ocrx_word' id='word_1_564' title='bbox 2442 1609 2526 1664; x_wconf 90' lang='lat' dir='ltr'><strong>fui</strong></span> <span class='ocrx_word' id='word_1_565' title='bbox 2575 1627 2799 1668; x_wconf 91' lang='lat' dir='ltr'><strong>memor</strong></span> <span class='ocrx_word' id='word_1_566' title='bbox 2845 1616 3329 1691; x_wconf 86' lang='lat' dir='ltr'><strong>novissimorum,</strong></span> <span class='ocrx_word' id='word_1_567' title='bbox 3383 1625 3441 1677; x_wconf 91' lang='lat' dir='ltr'><strong>et</strong></span> <span class='ocrx_word' id='word_1_568' title='bbox 3483 1625 3675 1681; x_wconf 87' lang='lat' dir='ltr'><strong>cecidi</strong></span> 
     </span>
    </p>
   </div>
   <div class='ocr_carea' id='block_1_81' title="bbox 2008 1693 3171 1778">
    <p class='ocr_par' dir='ltr' id='par_1_81' title="bbox 2008 1693 3171 1778">
     <span class='ocr_line' id='line_1_83' title="bbox 2008 1693 3171 1778; baseline 0.015 -33"><span class='ocrx_word' id='word_1_569' title='bbox 2008 1693 2425 1751; x_wconf 84' lang='lat' dir='ltr'><strong>miserabiliter</strong></span> <span class='ocrx_word' id='word_1_570' title='bbox 2454 1698 2644 1769; x_wconf 90' lang='lat' dir='ltr'><strong>(Psal.</strong></span> <span class='ocrx_word' id='word_1_571' title='bbox 2679 1718 2778 1773; x_wconf 85' lang='lat' dir='ltr'><strong>vn,</strong></span> <span class='ocrx_word' id='word_1_572' title='bbox 2816 1703 2881 1756; x_wconf 88' lang='lat'><strong>15</strong></span> <span class='ocrx_word' id='word_1_573' title='bbox 2908 1709 2968 1758; x_wconf 89' lang='lat' dir='ltr'><strong>et</strong></span> <span class='ocrx_word' id='word_1_574' title='bbox 2998 1708 3171 1778; x_wconf 81' lang='lat' dir='ltr'><strong>seq.).</strong></span> 
     </span>
    </p>
   </div>
   <div class='ocr_carea' id='block_1_82' title="bbox 2078 1782 3682 1869">
    <p class='ocr_par' dir='ltr' id='par_1_82' title="bbox 2078 1782 3682 1869">
     <span class='ocr_line' id='line_1_84' title="bbox 2078 1782 3682 1869; baseline 0.013 -33"><span class='ocrx_word' id='word_1_575' title='bbox 2078 1782 2166 1836; x_wconf 79' lang='lat'><strong>46.</strong></span> <span class='ocrx_word' id='word_1_576' title='bbox 2210 1784 2342 1839; x_wconf 89' lang='lat' dir='ltr'><strong>Non</strong></span> <span class='ocrx_word' id='word_1_577' title='bbox 2371 1790 2463 1841; x_wconf 90' lang='lat' dir='ltr'><strong>cst</strong></span> <span class='ocrx_word' id='word_1_578' title='bbox 2492 1789 2593 1858; x_wconf 91' lang='lat' dir='ltr'><strong>qui</strong></span> <span class='ocrx_word' id='word_1_579' title='bbox 2624 1793 2966 1848; x_wconf 89' lang='lat' dir='ltr'><strong>consoletur</strong></span> <span class='ocrx_word' id='word_1_580' title='bbox 2993 1810 3104 1850; x_wconf 90' lang='lat' dir='ltr'><strong>me.</strong></span> <span class='ocrx_word' id='word_1_581' title='bbox 3145 1796 3192 1851; x_wconf 93' lang='grc' dir='ltr'>Ο</span> <span class='ocrx_word' id='word_1_582' title='bbox 3220 1813 3397 1869; x_wconf 90' lang='lat' dir='ltr'><strong>quam</strong></span> <span class='ocrx_word' id='word_1_583' title='bbox 3426 1800 3682 1857; x_wconf 89' lang='lat' dir='ltr'><strong>acerbus</strong></span> 
     </span>
    </p>
   </div>
   <div class='ocr_carea' id='block_1_83' title="bbox 2006 1869 3673 1961">
    <p class='ocr_par' dir='ltr' id='par_1_83' title="bbox 2006 1869 3673 1961">
     <span class='ocr_line' id='line_1_85' title="bbox 2006 1869 3673 1961; baseline 0.013 -37"><span class='ocrx_word' id='word_1_584' title='bbox 2006 1869 2236 1927; x_wconf 89' lang='lat' dir='ltr'><strong>fructus</strong></span> <span class='ocrx_word' id='word_1_585' title='bbox 2285 1874 2565 1932; x_wconf 70' lang='lat' dir='ltr'><strong>luxuriaal</strong></span> <span class='ocrx_word' id='word_1_586' title='bbox 2618 1880 2890 1937; x_wconf 85' lang='lat' dir='ltr'><strong>Amarior</strong></span> <span class='ocrx_word' id='word_1_587' title='bbox 2938 1882 3093 1952; x_wconf 88' lang='lat' dir='ltr'><strong>felle,</strong></span> <span class='ocrx_word' id='word_1_588' title='bbox 3129 1886 3427 1943; x_wconf 90' lang='lat' dir='ltr'><strong>crudelior</strong></span> <span class='ocrx_word' id='word_1_589' title='bbox 3453 1889 3673 1961; x_wconf 87' lang='lat' dir='ltr'><strong>gladio.</strong></span> 
     </span>
    </p>
   </div>
   <div class='ocr_carea' id='block_1_84' title="bbox 2004 1958 3679 2050">
    <p class='ocr_par' dir='ltr' id='par_1_84' title="bbox 2004 1958 3679 2050">
     <span class='ocr_line' id='line_1_86' title="bbox 2004 1958 3679 2050; baseline 0.013 -37"><span class='ocrx_word' id='word_1_590' title='bbox 2004 1958 2310 2023; x_wconf 88' lang='lat' dir='ltr'><strong>Quomodo</strong></span> <span class='ocrx_word' id='word_1_591' title='bbox 2340 1963 2490 2019; x_wconf 88' lang='lat' dir='ltr'><strong>facta</strong></span> <span class='ocrx_word' id='word_1_592' title='bbox 2513 1982 2645 2021; x_wconf 90' lang='lat' dir='ltr'><strong>sum</strong></span> <span class='ocrx_word' id='word_1_593' title='bbox 2664 1968 2724 2023; x_wconf 91' lang='lat' dir='ltr'><strong>in</strong></span> <span class='ocrx_word' id='word_1_594' title='bbox 2741 1969 3205 2029; x_wconf 84' lang='lat' dir='ltr'><strong>desolationem?</strong></span> <span class='ocrx_word' id='word_1_595' title='bbox 3236 1974 3442 2032; x_wconf 90' lang='lat' dir='ltr'><strong>Subito</strong></span> <span class='ocrx_word' id='word_1_596' title='bbox 3463 1958 3679 2050; x_wconf 75' lang='lat' dir='ltr'><strong>defeci,</strong></span> 
     </span>
    </p>
   </div>
   <div class='ocr_carea' id='block_1_85' title="bbox 2004 2051 3684 2126">
    <p class='ocr_par' dir='ltr' id='par_1_85' title="bbox 2004 2051 3684 2126">
     <span class='ocr_line' id='line_1_87' title="bbox 2004 2051 3684 2126; baseline 0.011 -22"><span class='ocrx_word' id='word_1_597' title='bbox 2004 2051 2151 2123; x_wconf 88' lang='lat' dir='ltr'><strong>perii</strong></span> <span class='ocrx_word' id='word_1_598' title='bbox 2184 2056 2424 2122; x_wconf 90' lang='lat' dir='ltr'><strong>propter</strong></span> <span class='ocrx_word' id='word_1_599' title='bbox 2449 2054 2815 2126; x_wconf 88' lang='lat' dir='ltr'><strong>iniquitatem</strong></span> <span class='ocrx_word' id='word_1_600' title='bbox 2843 2074 3035 2115; x_wconf 90' lang='lat' dir='ltr'><strong>meam</strong></span> <span class='ocrx_word' id='word_1_601' title='bbox 3067 2063 3225 2117; x_wconf 91' lang='lat' dir='ltr'><strong>velut</strong></span> <span class='ocrx_word' id='word_1_602' title='bbox 3255 2080 3287 2118; x_wconf 92' lang='lat' dir='ltr'><strong>e</strong></span> <span class='ocrx_word' id='word_1_603' title='bbox 3326 2081 3536 2122; x_wconf 90' lang='lat' dir='ltr'><strong>somno</strong></span> <span class='ocrx_word' id='word_1_604' title='bbox 3578 2083 3684 2122; x_wconf 88' lang='lat' dir='ltr'><strong>ex-</strong></span> 
     </span>
    </p>
   </div>
   <div class='ocr_carea' id='block_1_86' title="bbox 2005 2141 3684 2212">
    <p class='ocr_par' dir='ltr' id='par_1_86' title="bbox 2005 2141 3684 2212">
     <span class='ocr_line' id='line_1_88' title="bbox 2005 2141 3684 2212; baseline 0.011 -19"><span class='ocrx_word' id='word_1_605' title='bbox 2005 2156 2266 2212; x_wconf 87' lang='lat' dir='ltr'><strong>surgens</strong></span> <span class='ocrx_word' id='word_1_606' title='bbox 2324 2141 2459 2211; x_wconf 85' lang='lat'><strong>(53);</strong></span> <span class='ocrx_word' id='word_1_607' title='bbox 2517 2143 2649 2199; x_wconf 90' lang='lat' dir='ltr'><strong>ideo</strong></span> <span class='ocrx_word' id='word_1_608' title='bbox 2708 2146 2767 2199; x_wconf 88' lang='lat' dir='ltr'><strong>in</strong></span> <span class='ocrx_word' id='word_1_609' title='bbox 2805 2147 3036 2203; x_wconf 90' lang='lat' dir='ltr'><strong>civitate</strong></span> <span class='ocrx_word' id='word_1_610' title='bbox 3094 2151 3327 2206; x_wconf 89' lang='lat' dir='ltr'><strong>Domini</strong></span> <span class='ocrx_word' id='word_1_611' title='bbox 3365 2155 3684 2211; x_wconf 83' lang='lat' dir='ltr'><strong>nulliticata</strong></span> 
     </span>
    </p>
   </div>
   <div class='ocr_carea' id='block_1_87' title="bbox 2004 2230 3682 2308">
    <p class='ocr_par' dir='ltr' id='par_1_87' title="bbox 2004 2230 3682 2308">
     <span class='ocr_line' id='line_1_89' title="bbox 2004 2230 3682 2308; baseline 0.011 -27"><span class='ocrx_word' id='word_1_612' title='bbox 2004 2232 2097 2283; x_wconf 89' lang='lat' dir='ltr'><strong>est</strong></span> <span class='ocrx_word' id='word_1_613' title='bbox 2118 2230 2314 2300; x_wconf 84' lang='lat' dir='ltr'><strong>imago</strong></span> <span class='ocrx_word' id='word_1_614' title='bbox 2337 2245 2466 2285; x_wconf 88' lang='lat' dir='ltr'><strong>mea</strong></span> <span class='ocrx_word' id='word_1_615' title='bbox 2504 2232 2692 2288; x_wconf 63' lang='lat' dir='ltr'><strong>(Psal.</strong></span> <span class='ocrx_word' id='word_1_616' title='bbox 2718 2252 2900 2306; x_wconf 78' lang='lat' dir='ltr'><strong>Lxxn,</strong></span> <span class='ocrx_word' id='word_1_617' title='bbox 2927 2237 3013 2306; x_wconf 90' lang='grc'><strong>19,</strong></span> <span class='ocrx_word' id='word_1_618' title='bbox 3057 2239 3169 2308; x_wconf 79' lang='grc'><strong>20).</strong></span> <span class='ocrx_word' id='word_1_619' title='bbox 3209 2240 3474 2296; x_wconf 90' lang='lat' dir='ltr'><strong>Deletum</strong></span> <span class='ocrx_word' id='word_1_620' title='bbox 3496 2247 3588 2297; x_wconf 90' lang='lat' dir='ltr'><strong>est</strong></span> <span class='ocrx_word' id='word_1_621' title='bbox 3609 2245 3682 2299; x_wconf 91' lang='lat' dir='ltr'><strong>de</strong></span> 
     </span>
    </p>
   </div>
   <div class='ocr_carea' id='block_1_88' title="bbox 2002 2317 3681 2393">
    <p class='ocr_par' dir='ltr' id='par_1_88' title="bbox 2002 2317 3681 2393">
     <span class='ocr_line' id='line_1_90' title="bbox 2002 2317 3681 2393; baseline 0.01 -22"><span class='ocrx_word' id='word_1_622' title='bbox 2002 2317 2156 2372; x_wconf 89' lang='lat' dir='ltr'><strong>libro</strong></span> <span class='ocrx_word' id='word_1_623' title='bbox 2191 2319 2327 2372; x_wconf 68' lang='lat' dir='ltr'><strong>vitae</strong></span> <span class='ocrx_word' id='word_1_624' title='bbox 2358 2334 2573 2374; x_wconf 89' lang='lat' dir='ltr'><strong>nomen</strong></span> <span class='ocrx_word' id='word_1_625' title='bbox 2612 2337 2828 2393; x_wconf 91' lang='lat' dir='ltr'><strong>meum,</strong></span> <span class='ocrx_word' id='word_1_626' title='bbox 2886 2324 3038 2379; x_wconf 84' lang='lat' dir='ltr'><strong>facta</strong></span> <span class='ocrx_word' id='word_1_627' title='bbox 3092 2342 3226 2382; x_wconf 92' lang='lat' dir='ltr'><strong>sum</strong></span> <span class='ocrx_word' id='word_1_628' title='bbox 3274 2330 3431 2384; x_wconf 86' lang='lat' dir='ltr'><strong>sicut</strong></span> <span class='ocrx_word' id='word_1_629' title='bbox 3464 2335 3681 2387; x_wconf 92' lang='lat' dir='ltr'><strong>noctua</strong></span> 
     </span>
    </p>
   </div>
   <div class='ocr_carea' id='block_1_89' title="bbox 2004 2406 3677 2488">
    <p class='ocr_par' dir='ltr' id='par_1_89' title="bbox 2004 2406 3677 2488">
     <span class='ocr_line' id='line_1_91' title="bbox 2004 2406 3677 2488; baseline 0.009 -28"><span class='ocrx_word' id='word_1_630' title='bbox 2004 2407 2064 2460; x_wconf 90' lang='lat' dir='ltr'><strong>in</strong></span> <span class='ocrx_word' id='word_1_631' title='bbox 2087 2406 2405 2474; x_wconf 90' lang='lat' dir='ltr'><strong>domicilio,</strong></span> <span class='ocrx_word' id='word_1_632' title='bbox 2443 2409 2600 2464; x_wconf 89' lang='lat' dir='ltr'><strong>sicut</strong></span> <span class='ocrx_word' id='word_1_633' title='bbox 2617 2426 2831 2481; x_wconf 90' lang='lat' dir='ltr'><strong>passer</strong></span> <span class='ocrx_word' id='word_1_634' title='bbox 2846 2414 3060 2469; x_wconf 91' lang='lat' dir='ltr'><strong>unicus</strong></span> <span class='ocrx_word' id='word_1_635' title='bbox 3078 2414 3138 2469; x_wconf 91' lang='lat' dir='ltr'><strong>in</strong></span> <span class='ocrx_word' id='word_1_636' title='bbox 3169 2416 3440 2473; x_wconf 83' lang='lat' dir='ltr'><strong>aedilicio.</strong></span> <span class='ocrx_word' id='word_1_637' title='bbox 3484 2420 3677 2488; x_wconf 89' lang='lat' dir='ltr'><strong>(Psal.</strong></span> 
     </span>
    </p>
   </div>
   <div class='ocr_carea' id='block_1_90' title="bbox 2004 2494 3680 2580">
    <p class='ocr_par' dir='ltr' id='par_1_90' title="bbox 2004 2494 3680 2580">
     <span class='ocr_line' id='line_1_92' title="bbox 2004 2494 3680 2580; baseline 0.01 -32"><span class='ocrx_word' id='word_1_638' title='bbox 2004 2510 2059 2548; x_wconf 72' lang='lat' dir='ltr'><strong>cn</strong></span> <span class='ocrx_word' id='word_1_639' title='bbox 2077 2494 2109 2548; x_wconf 86' lang='lat'><strong>&#39;7</strong></span> <span class='ocrx_word' id='word_1_640' title='bbox 2134 2501 2192 2550; x_wconf 89' lang='lat' dir='ltr'><strong>et</strong></span> <span class='ocrx_word' id='word_1_641' title='bbox 2212 2496 2366 2567; x_wconf 89' lang='lat' dir='ltr'><strong>seq.)</strong></span> <span class='ocrx_word' id='word_1_642' title='bbox 2392 2513 2403 2550; x_wconf 91' lang='lat'>:</span> <span class='ocrx_word' id='word_1_643' title='bbox 2431 2513 2549 2552; x_wconf 91' lang='lat' dir='ltr'><strong>non</strong></span> <span class='ocrx_word' id='word_1_644' title='bbox 2566 2501 2659 2553; x_wconf 88' lang='lat' dir='ltr'><strong>est</strong></span> <span class='ocrx_word' id='word_1_645' title='bbox 2676 2500 2775 2571; x_wconf 90' lang='lat' dir='ltr'><strong>qui</strong></span> <span class='ocrx_word' id='word_1_646' title='bbox 2799 2502 3142 2557; x_wconf 91' lang='lat' dir='ltr'><strong>consoletur</strong></span> <span class='ocrx_word' id='word_1_647' title='bbox 3164 2520 3276 2560; x_wconf 91' lang='lat' dir='ltr'><strong>me.</strong></span> <span class='ocrx_word' id='word_1_648' title='bbox 3296 2505 3622 2564; x_wconf 89' lang='lat' dir='ltr'><strong>Considero</strong></span> <span class='ocrx_word' id='word_1_649' title='bbox 3643 2525 3680 2580; x_wconf 80' lang='lat' dir='ltr'><strong>a</strong></span> 
     </span>
    </p>
   </div>
   <div class='ocr_carea' id='block_1_91' title="bbox 2004 2583 3675 2666">
    <p class='ocr_par' dir='ltr' id='par_1_91' title="bbox 2004 2583 3675 2666">
     <span class='ocr_line' id='line_1_93' title="bbox 2004 2583 3675 2666; baseline 0.01 -30"><span class='ocrx_word' id='word_1_650' title='bbox 2004 2583 2153 2647; x_wconf 86' lang='lat'><strong>318</strong></span> <span class='ocrx_word' id='word_1_651' title='bbox 2191 2583 2438 2655; x_wconf 82' lang='lat' dir='ltr'><strong>dextris,</strong></span> <span class='ocrx_word' id='word_1_652' title='bbox 2460 2590 2517 2641; x_wconf 91' lang='lat' dir='ltr'><strong>et</strong></span> <span class='ocrx_word' id='word_1_653' title='bbox 2534 2587 2706 2641; x_wconf 91' lang='lat' dir='ltr'><strong>video</strong></span> <span class='ocrx_word' id='word_1_654' title='bbox 2724 2589 2861 2659; x_wconf 89' lang='lat' dir='ltr'><strong>quia</strong></span> <span class='ocrx_word' id='word_1_655' title='bbox 2878 2605 2997 2644; x_wconf 90' lang='lat' dir='ltr'><strong>non</strong></span> <span class='ocrx_word' id='word_1_656' title='bbox 3020 2595 3113 2646; x_wconf 90' lang='lat' dir='ltr'><strong>est</strong></span> <span class='ocrx_word' id='word_1_657' title='bbox 3133 2593 3234 2664; x_wconf 90' lang='lat' dir='ltr'><strong>qui</strong></span> <span class='ocrx_word' id='word_1_658' title='bbox 3250 2599 3539 2666; x_wconf 86' lang='lat' dir='ltr'><strong>agnoscat</strong></span> <span class='ocrx_word' id='word_1_659' title='bbox 3559 2613 3675 2652; x_wconf 88' lang='lat' dir='ltr'><strong>me.</strong></span> 
     </span>
    </p>
   </div>
   <div class='ocr_carea' id='block_1_92' title="bbox 2001 2671 3680 2755">
    <p class='ocr_par' dir='ltr' id='par_1_92' title="bbox 2001 2671 3680 2755">
     <span class='ocr_line' id='line_1_94' title="bbox 2001 2671 3680 2755; baseline 0.01 -31"><span class='ocrx_word' id='word_1_660' title='bbox 2001 2671 2204 2726; x_wconf 88' lang='lat' dir='ltr'><strong>Periit</strong></span> <span class='ocrx_word' id='word_1_661' title='bbox 2233 2673 2372 2745; x_wconf 81' lang='lat' dir='ltr'><strong>fuga</strong></span> <span class='ocrx_word' id='word_1_662' title='bbox 2404 2691 2435 2729; x_wconf 89' lang='lat' dir='ltr'><strong>a</strong></span> <span class='ocrx_word' id='word_1_663' title='bbox 2465 2692 2576 2745; x_wconf 90' lang='lat' dir='ltr'><strong>me,</strong></span> <span class='ocrx_word' id='word_1_664' title='bbox 2613 2683 2671 2731; x_wconf 88' lang='lat' dir='ltr'><strong>et</strong></span> <span class='ocrx_word' id='word_1_665' title='bbox 2704 2694 2817 2732; x_wconf 89' lang='lat' dir='ltr'><strong>non</strong></span> <span class='ocrx_word' id='word_1_666' title='bbox 2848 2685 2940 2733; x_wconf 90' lang='lat' dir='ltr'><strong>est</strong></span> <span class='ocrx_word' id='word_1_667' title='bbox 2971 2682 3069 2752; x_wconf 87' lang='lat' dir='ltr'><strong>qui</strong></span> <span class='ocrx_word' id='word_1_668' title='bbox 3098 2684 3398 2755; x_wconf 88' lang='lat' dir='ltr'><strong>requiram</strong></span> <span class='ocrx_word' id='word_1_669' title='bbox 3429 2686 3680 2741; x_wconf 80' lang='lat' dir='ltr'><strong>animum</strong></span> 
     </span>
    </p>
   </div>
   <div class='ocr_carea' id='block_1_93' title="bbox 2002 2761 3678 2845">
    <p class='ocr_par' dir='ltr' id='par_1_93' title="bbox 2002 2761 3678 2845">
     <span class='ocr_line' id='line_1_95' title="bbox 2002 2761 3678 2845; baseline 0.01 -32"><span class='ocrx_word' id='word_1_670' title='bbox 2002 2776 2189 2815; x_wconf 89' lang='lat' dir='ltr'><strong>meam</strong></span> <span class='ocrx_word' id='word_1_671' title='bbox 2221 2761 2409 2830; x_wconf 89' lang='lat' dir='ltr'><strong>(Psal.</strong></span> <span class='ocrx_word' id='word_1_672' title='bbox 2430 2780 2586 2834; x_wconf 80' lang='lat' dir='ltr'><strong>cxu,</strong></span> <span class='ocrx_word' id='word_1_673' title='bbox 2608 2766 2683 2835; x_wconf 83' lang='lat'><strong>5).</strong></span> <span class='ocrx_word' id='word_1_674' title='bbox 2718 2765 2893 2821; x_wconf 87' lang='lat' dir='ltr'><strong>Facta</strong></span> <span class='ocrx_word' id='word_1_675' title='bbox 2914 2784 3046 2822; x_wconf 91' lang='lat' dir='ltr'><strong>sum</strong></span> <span class='ocrx_word' id='word_1_676' title='bbox 3069 2770 3225 2825; x_wconf 90' lang='lat' dir='ltr'><strong>sicut</strong></span> <span class='ocrx_word' id='word_1_677' title='bbox 3238 2788 3347 2827; x_wconf 88' lang='lat' dir='ltr'><strong>vas</strong></span> <span class='ocrx_word' id='word_1_678' title='bbox 3367 2775 3678 2845; x_wconf 86' lang='lat' dir='ltr'><strong>perditum,</strong></span> 
     </span>
    </p>
   </div>
   <div class='ocr_carea' id='block_1_94' title="bbox 2002 2850 3680 2921">
    <p class='ocr_par' dir='ltr' id='par_1_94' title="bbox 2002 2850 3680 2921">
     <span class='ocr_line' id='line_1_96' title="bbox 2002 2850 3680 2921; baseline 0.01 -19"><span class='ocrx_word' id='word_1_679' title='bbox 2002 2850 2202 2904; x_wconf 90' lang='lat' dir='ltr'><strong>audivi</strong></span> <span class='ocrx_word' id='word_1_680' title='bbox 2235 2852 2720 2921; x_wconf 89' lang='lat' dir='ltr'><strong>vituperationem</strong></span> <span class='ocrx_word' id='word_1_681' title='bbox 2762 2856 3022 2911; x_wconf 90' lang='lat' dir='ltr'><strong>omnium</strong></span> <span class='ocrx_word' id='word_1_682' title='bbox 3058 2858 3213 2913; x_wconf 86' lang='lat' dir='ltr'><strong>circa</strong></span> <span class='ocrx_word' id='word_1_683' title='bbox 3264 2876 3358 2916; x_wconf 92' lang='lat' dir='ltr'><strong>me</strong></span> <span class='ocrx_word' id='word_1_684' title='bbox 3406 2862 3680 2918; x_wconf 88' lang='lat' dir='ltr'><strong>habitan-</strong></span> 
     </span>
    </p>
   </div>
   <div class='ocr_carea' id='block_1_95' title="bbox 2001 2939 3675 3021">
    <p class='ocr_par' dir='ltr' id='par_1_95' title="bbox 2001 2939 3675 3021">
     <span class='ocr_line' id='line_1_97' title="bbox 2001 2939 3675 3021; baseline 0.01 -30"><span class='ocrx_word' id='word_1_685' title='bbox 2001 2939 2166 2993; x_wconf 90' lang='lat' dir='ltr'><strong>tium.</strong></span> <span class='ocrx_word' id='word_1_686' title='bbox 2197 2939 2297 2993; x_wconf 83' lang='lat' dir='ltr'><strong>Vae</strong></span> <span class='ocrx_word' id='word_1_687' title='bbox 2320 2940 2433 2995; x_wconf 90' lang='lat' dir='ltr'><strong>diei</strong></span> <span class='ocrx_word' id='word_1_688' title='bbox 2457 2942 2540 2995; x_wconf 93' lang='lat' dir='ltr'><strong>illi</strong></span> <span class='ocrx_word' id='word_1_689' title='bbox 2562 2942 2620 2995; x_wconf 92' lang='lat' dir='ltr'><strong>in</strong></span> <span class='ocrx_word' id='word_1_690' title='bbox 2643 2958 2759 3013; x_wconf 91' lang='lat' dir='ltr'><strong>quo</strong></span> <span class='ocrx_word' id='word_1_691' title='bbox 2781 2959 2872 2998; x_wconf 89' lang='lat' dir='ltr'><strong>me</strong></span> <span class='ocrx_word' id='word_1_692' title='bbox 2895 2944 3100 3000; x_wconf 83' lang='lat' dir='ltr'><strong>infelix</strong></span> <span class='ocrx_word' id='word_1_693' title='bbox 3114 2949 3319 3019; x_wconf 90' lang='lat' dir='ltr'><strong>genuit</strong></span> <span class='ocrx_word' id='word_1_694' title='bbox 3335 2950 3448 3021; x_wconf 76' lang='grc'>(54)</span> <span class='ocrx_word' id='word_1_695' title='bbox 3470 2954 3675 3021; x_wconf 87' lang='lat' dir='ltr'><strong>mater,</strong></span> 
     </span>
    </p>
   </div>
   <div class='ocr_carea' id='block_1_96' title="bbox 2003 3027 3682 3104">
    <p class='ocr_par' dir='ltr' id='par_1_96' title="bbox 2003 3027 3682 3104">
     <span class='ocr_line' id='line_1_98' title="bbox 2003 3027 3682 3104; baseline 0.01 -25"><span class='ocrx_word' id='word_1_696' title='bbox 2003 3030 2059 3080; x_wconf 91' lang='lat' dir='ltr'><strong>et</strong></span> <span class='ocrx_word' id='word_1_697' title='bbox 2076 3027 2177 3081; x_wconf 86' lang='lat' dir='ltr'><strong>lux</strong></span> <span class='ocrx_word' id='word_1_698' title='bbox 2199 3027 2310 3081; x_wconf 90' lang='lat' dir='ltr'><strong>ista</strong></span> <span class='ocrx_word' id='word_1_699' title='bbox 2329 3030 2587 3084; x_wconf 70' lang='lat' dir='ltr'><strong>crudelis</strong></span> <span class='ocrx_word' id='word_1_700' title='bbox 2606 3032 2836 3102; x_wconf 90' lang='lat' dir='ltr'><strong>excepit</strong></span> <span class='ocrx_word' id='word_1_701' title='bbox 2855 3030 2867 3087; x_wconf 88' lang='lat' dir='ltr'><strong>l</strong></span> <span class='ocrx_word' id='word_1_702' title='bbox 2910 3033 3261 3104; x_wconf 85' lang='lat' dir='ltr'><strong>Oportuerat</strong></span> <span class='ocrx_word' id='word_1_703' title='bbox 3277 3053 3370 3091; x_wconf 91' lang='lat' dir='ltr'><strong>me</strong></span> <span class='ocrx_word' id='word_1_704' title='bbox 3392 3055 3510 3094; x_wconf 92' lang='lat' dir='ltr'><strong>non</strong></span> <span class='ocrx_word' id='word_1_705' title='bbox 3535 3040 3682 3094; x_wconf 84' lang='lat' dir='ltr'><strong>fuis-</strong></span> 
     </span>
    </p>
   </div>
   <div class='ocr_carea' id='block_1_97' title="bbox 2003 3119 3672 3193">
    <p class='ocr_par' dir='ltr' id='par_1_97' title="bbox 2003 3119 3672 3193">
     <span class='ocr_line' id='line_1_99' title="bbox 2003 3119 3672 3193; baseline 0.009 -25"><span class='ocrx_word' id='word_1_706' title='bbox 2003 3130 2070 3169; x_wconf 86' lang='lat' dir='ltr'><strong>se</strong></span> <span class='ocrx_word' id='word_1_707' title='bbox 2129 3119 2342 3185; x_wconf 88' lang='lat' dir='ltr'><strong>natam,</strong></span> <span class='ocrx_word' id='word_1_708' title='bbox 2399 3134 2575 3188; x_wconf 91' lang='lat' dir='ltr'><strong>quam</strong></span> <span class='ocrx_word' id='word_1_709' title='bbox 2623 3120 2713 3174; x_wconf 91' lang='lat' dir='ltr'><strong>sic</strong></span> <span class='ocrx_word' id='word_1_710' title='bbox 2770 3122 2830 3174; x_wconf 90' lang='lat' dir='ltr'><strong>in</strong></span> <span class='ocrx_word' id='word_1_711' title='bbox 2883 3123 3164 3193; x_wconf 89' lang='lat' dir='ltr'><strong>gentibus</strong></span> <span class='ocrx_word' id='word_1_712' title='bbox 3214 3124 3412 3180; x_wconf 85' lang='lat' dir='ltr'><strong>fabula</strong></span> <span class='ocrx_word' id='word_1_713' title='bbox 3465 3128 3672 3183; x_wconf 84' lang='lat' dir='ltr'><strong>fierem</strong></span> 
     </span>
    </p>
   </div>
   <div class='ocr_carea' id='block_1_98' title="bbox 2003 3203 3682 3279">
    <p class='ocr_par' dir='ltr' id='par_1_98' title="bbox 2003 3203 3682 3279">
     <span class='ocr_line' id='line_1_100' title="bbox 2003 3203 3682 3279; baseline 0.008 -23"><span class='ocrx_word' id='word_1_714' title='bbox 2003 3203 2191 3269; x_wconf 87' lang='lat' dir='ltr'><strong>(Psal.</strong></span> <span class='ocrx_word' id='word_1_715' title='bbox 2226 3222 2369 3274; x_wconf 88' lang='lat' dir='ltr'><strong>xxx,</strong></span> <span class='ocrx_word' id='word_1_716' title='bbox 2412 3205 2498 3276; x_wconf 85' lang='lat'><strong>13,</strong></span> <span class='ocrx_word' id='word_1_717' title='bbox 2542 3206 2651 3277; x_wconf 67' lang='lat'><strong>14).</strong></span> <span class='ocrx_word' id='word_1_718' title='bbox 2688 3208 2935 3279; x_wconf 87' lang='lat' dir='ltr'><strong>Propter</strong></span> <span class='ocrx_word' id='word_1_719' title='bbox 2976 3226 3068 3265; x_wconf 89' lang='lat' dir='ltr'><strong>me</strong></span> <span class='ocrx_word' id='word_1_720' title='bbox 3109 3212 3381 3268; x_wconf 82' lang='lat' dir='ltr'><strong>confusio</strong></span> <span class='ocrx_word' id='word_1_721' title='bbox 3414 3214 3566 3269; x_wconf 89' lang='lat' dir='ltr'><strong>facta</strong></span> <span class='ocrx_word' id='word_1_722' title='bbox 3588 3217 3682 3271; x_wconf 86' lang='lat' dir='ltr'><strong>est</strong></span> 
     </span>
    </p>
   </div>
   <div class='ocr_carea' id='block_1_99' title="bbox 2002 3293 3673 3373">
    <p class='ocr_par' dir='ltr' id='par_1_99' title="bbox 2002 3293 3673 3373">
     <span class='ocr_line' id='line_1_101' title="bbox 2002 3293 3673 3373; baseline 0.008 -27"><span class='ocrx_word' id='word_1_723' title='bbox 2002 3293 2278 3348; x_wconf 82' lang='lat' dir='ltr'><strong>omnibus</strong></span> <span class='ocrx_word' id='word_1_724' title='bbox 2317 3294 2552 3349; x_wconf 88' lang='lat' dir='ltr'><strong>famulis</strong></span> <span class='ocrx_word' id='word_1_725' title='bbox 2591 3296 2839 3367; x_wconf 91' lang='lat' dir='ltr'><strong>Domini,</strong></span> <span class='ocrx_word' id='word_1_726' title='bbox 2874 3302 2929 3352; x_wconf 90' lang='lat' dir='ltr'><strong>et</strong></span> <span class='ocrx_word' id='word_1_727' title='bbox 2968 3313 3102 3354; x_wconf 91' lang='lat' dir='ltr'><strong>eum</strong></span> <span class='ocrx_word' id='word_1_728' title='bbox 3124 3300 3302 3373; x_wconf 90' lang='lat' dir='ltr'><strong>digne</strong></span> <span class='ocrx_word' id='word_1_729' title='bbox 3337 3301 3673 3359; x_wconf 88' lang='lat' dir='ltr'><strong>colentibus</strong></span> 
     </span>
    </p>
   </div>
   <div class='ocr_carea' id='block_1_100' title="bbox 2001 3382 2389 3453">
    <p class='ocr_par' dir='ltr' id='par_1_100' title="bbox 2001 3382 2389 3453">
     <span class='ocr_line' id='line_1_102' title="bbox 2001 3382 2389 3453; baseline 0.003 -18"><span class='ocrx_word' id='word_1_730' title='bbox 2001 3382 2154 3451; x_wconf 83' lang='lat' dir='ltr'><strong>(Job.</strong></span> <span class='ocrx_word' id='word_1_731' title='bbox 2198 3400 2281 3452; x_wconf 87' lang='grc' dir='ltr'><strong>ιιι,</strong></span> <span class='ocrx_word' id='word_1_732' title='bbox 2313 3383 2389 3453; x_wconf 85' lang='grc'><strong>3).</strong></span> 
     </span>
    </p>
   </div>
   <div class='ocr_carea' id='block_1_101' title="bbox 2071 3470 3672 3552">
    <p class='ocr_par' dir='ltr' id='par_1_101' title="bbox 2071 3470 3672 3552">
     <span class='ocr_line' id='line_1_103' title="bbox 2071 3470 3672 3552; baseline 0.007 -28"><span class='ocrx_word' id='word_1_733' title='bbox 2071 3470 2158 3525; x_wconf 78' lang='grc'><strong>47.</strong></span> <span class='ocrx_word' id='word_1_734' title='bbox 2204 3472 2427 3543; x_wconf 83' lang='lat' dir='ltr'><strong>Lugete</strong></span> <span class='ocrx_word' id='word_1_735' title='bbox 2488 3488 2598 3543; x_wconf 91' lang='lat' dir='ltr'><strong>me,</strong></span> <span class='ocrx_word' id='word_1_736' title='bbox 2654 3478 2886 3530; x_wconf 89' lang='lat' dir='ltr'><strong>montes</strong></span> <span class='ocrx_word' id='word_1_737' title='bbox 2924 3478 2980 3531; x_wconf 90' lang='lat' dir='ltr'><strong>et</strong></span> <span class='ocrx_word' id='word_1_738' title='bbox 3020 3477 3245 3549; x_wconf 89' lang='lat' dir='ltr'><strong>colles;</strong></span> <span class='ocrx_word' id='word_1_739' title='bbox 3305 3480 3503 3552; x_wconf 80' lang='lat' dir='ltr'><strong>lugete</strong></span> <span class='ocrx_word' id='word_1_740' title='bbox 3557 3497 3672 3551; x_wconf 90' lang='lat' dir='ltr'><strong>me,</strong></span> 
     </span>
    </p>
   </div>
   <div class='ocr_carea' id='block_1_102' title="bbox 1999 3558 3677 3642">
    <p class='ocr_par' dir='ltr' id='par_1_102' title="bbox 1999 3558 3677 3642">
     <span class='ocr_line' id='line_1_104' title="bbox 1999 3558 3677 3642; baseline 0.008 -29"><span class='ocrx_word' id='word_1_741' title='bbox 1999 3558 2194 3614; x_wconf 87' lang='lat' dir='ltr'><strong>fontes</strong></span> <span class='ocrx_word' id='word_1_742' title='bbox 2217 3563 2273 3614; x_wconf 92' lang='lat' dir='ltr'><strong>et</strong></span> <span class='ocrx_word' id='word_1_743' title='bbox 2312 3561 2578 3630; x_wconf 85' lang='lat' dir='ltr'><strong>ﬂumina;</strong></span> <span class='ocrx_word' id='word_1_744' title='bbox 2612 3563 2749 3633; x_wconf 90' lang='lat' dir='ltr'><strong>quia</strong></span> <span class='ocrx_word' id='word_1_745' title='bbox 2789 3564 2961 3619; x_wconf 81' lang='lat' dir='ltr'><strong>fletus</strong></span> <span class='ocrx_word' id='word_1_746' title='bbox 2993 3566 3109 3620; x_wconf 81' lang='lat' dir='ltr'><strong>filia</strong></span> <span class='ocrx_word' id='word_1_747' title='bbox 3129 3584 3241 3640; x_wconf 90' lang='lat' dir='ltr'><strong>ego</strong></span> <span class='ocrx_word' id='word_1_748' title='bbox 3272 3584 3425 3624; x_wconf 91' lang='lat' dir='ltr'><strong>sum.</strong></span> <span class='ocrx_word' id='word_1_749' title='bbox 3452 3570 3677 3642; x_wconf 86' lang='lat' dir='ltr'><strong>Lugete</strong></span> 
     </span>
    </p>
   </div>
   <div class='ocr_carea' id='block_1_103' title="bbox 1997 3648 3675 3726">
    <p class='ocr_par' dir='ltr' id='par_1_103' title="bbox 1997 3648 3675 3726">
     <span class='ocr_line' id='line_1_105' title="bbox 1997 3648 3675 3726; baseline 0.008 -25"><span class='ocrx_word' id='word_1_750' title='bbox 1997 3663 2111 3717; x_wconf 89' lang='lat' dir='ltr'><strong>me,</strong></span> <span class='ocrx_word' id='word_1_751' title='bbox 2165 3648 2375 3703; x_wconf 85' lang='lat' dir='ltr'><strong>bestiae</strong></span> <span class='ocrx_word' id='word_1_752' title='bbox 2410 3650 2716 3721; x_wconf 89' lang='lat' dir='ltr'><strong>silvarum,</strong></span> <span class='ocrx_word' id='word_1_753' title='bbox 2788 3654 3017 3723; x_wconf 86' lang='lat' dir='ltr'><strong>reptilia</strong></span> <span class='ocrx_word' id='word_1_754' title='bbox 3053 3658 3247 3726; x_wconf 85' lang='lat' dir='ltr'><strong>terrae,</strong></span> <span class='ocrx_word' id='word_1_755' title='bbox 3305 3661 3362 3712; x_wconf 91' lang='lat' dir='ltr'><strong>et</strong></span> <span class='ocrx_word' id='word_1_756' title='bbox 3395 3659 3675 3714; x_wconf 89' lang='lat' dir='ltr'><strong>volucres</strong></span> 
     </span>
    </p>
   </div>
   <div class='ocr_carea' id='block_1_104' title="bbox 1998 3736 3675 3812">
    <p class='ocr_par' dir='ltr' id='par_1_104' title="bbox 1998 3736 3675 3812">
     <span class='ocr_line' id='line_1_106' title="bbox 1998 3736 3675 3812; baseline 0.007 -22"><span class='ocrx_word' id='word_1_757' title='bbox 1998 3736 2151 3806; x_wconf 74' lang='lat' dir='ltr'><strong>cmli,</strong></span> <span class='ocrx_word' id='word_1_758' title='bbox 2191 3742 2248 3791; x_wconf 92' lang='lat' dir='ltr'><strong>et</strong></span> <span class='ocrx_word' id='word_1_759' title='bbox 2281 3738 2473 3792; x_wconf 90' lang='lat' dir='ltr'><strong>omnis</strong></span> <span class='ocrx_word' id='word_1_760' title='bbox 2509 3740 2701 3793; x_wconf 90' lang='lat' dir='ltr'><strong>anima</strong></span> <span class='ocrx_word' id='word_1_761' title='bbox 2737 3756 2870 3812; x_wconf 61' lang='lat' dir='ltr'><strong>quae</strong></span> <span class='ocrx_word' id='word_1_762' title='bbox 2924 3741 3040 3796; x_wconf 89' lang='lat' dir='ltr'><strong>vita</strong></span> <span class='ocrx_word' id='word_1_763' title='bbox 3092 3743 3332 3800; x_wconf 89' lang='lat' dir='ltr'><strong>frueris.</strong></span> <span class='ocrx_word' id='word_1_764' title='bbox 3376 3746 3525 3801; x_wconf 86' lang='lat' dir='ltr'><strong>Nam</strong></span> <span class='ocrx_word' id='word_1_765' title='bbox 3565 3764 3675 3802; x_wconf 86' lang='lat' dir='ltr'><strong>vos</strong></span> 
     </span>
    </p>
   </div>
   <div class='ocr_carea' id='block_1_105' title="bbox 1994 3825 3672 3902">
    <p class='ocr_par' dir='ltr' id='par_1_105' title="bbox 1994 3825 3672 3902">
     <span class='ocr_line' id='line_1_107' title="bbox 1994 3825 3672 3902; baseline 0.008 -24"><span class='ocrx_word' id='word_1_766' title='bbox 1994 3825 2205 3895; x_wconf 78' lang='lat' dir='ltr'><strong>beatae,</strong></span> <span class='ocrx_word' id='word_1_767' title='bbox 2251 3826 2393 3881; x_wconf 82' lang='lat' dir='ltr'><strong>ferae</strong></span> <span class='ocrx_word' id='word_1_768' title='bbox 2429 3831 2486 3881; x_wconf 90' lang='lat' dir='ltr'><strong>et</strong></span> <span class='ocrx_word' id='word_1_769' title='bbox 2521 3828 2816 3899; x_wconf 89' lang='lat' dir='ltr'><strong>volucres,</strong></span> <span class='ocrx_word' id='word_1_770' title='bbox 2875 3831 3095 3902; x_wconf 89' lang='lat' dir='ltr'><strong>quibus</strong></span> <span class='ocrx_word' id='word_1_771' title='bbox 3131 3833 3330 3888; x_wconf 89' lang='lat' dir='ltr'><strong>nullus</strong></span> <span class='ocrx_word' id='word_1_772' title='bbox 3366 3838 3559 3890; x_wconf 89' lang='lat' dir='ltr'><strong>metus</strong></span> <span class='ocrx_word' id='word_1_773' title='bbox 3601 3837 3672 3892; x_wconf 94' lang='lat' dir='ltr'><strong>de</strong></span> 
     </span>
    </p>
   </div>
   <div class='ocr_carea' id='block_1_106' title="bbox 1994 3914 3663 3996">
    <p class='ocr_par' dir='ltr' id='par_1_106' title="bbox 1994 3914 3663 3996">
     <span class='ocr_line' id='line_1_108' title="bbox 1994 3914 3663 3996; baseline 0.008 -29"><span class='ocrx_word' id='word_1_774' title='bbox 1994 3914 2224 3983; x_wconf 88' lang='lat' dir='ltr'><strong>inferis,</strong></span> <span class='ocrx_word' id='word_1_775' title='bbox 2275 3931 2465 3987; x_wconf 89' lang='lat' dir='ltr'><strong>neque</strong></span> <span class='ocrx_word' id='word_1_776' title='bbox 2517 3921 2653 3986; x_wconf 90' lang='lat' dir='ltr'><strong>post</strong></span> <span class='ocrx_word' id='word_1_777' title='bbox 2709 3921 2957 3973; x_wconf 89' lang='lat' dir='ltr'><strong>mortem</strong></span> <span class='ocrx_word' id='word_1_778' title='bbox 3007 3921 3304 3977; x_wconf 87' lang='lat' dir='ltr'><strong>reddenda</strong></span> <span class='ocrx_word' id='word_1_779' title='bbox 3345 3927 3438 3978; x_wconf 90' lang='lat' dir='ltr'><strong>est</strong></span> <span class='ocrx_word' id='word_1_780' title='bbox 3485 3926 3663 3996; x_wconf 89' lang='lat' dir='ltr'><strong>ratio;</strong></span> 
     </span>
    </p>
   </div>
   <div class='ocr_carea' id='block_1_107' title="bbox 1993 4004 3673 4083">
    <p class='ocr_par' dir='ltr' id='par_1_107' title="bbox 1993 4004 3673 4083">
     <span class='ocr_line' id='line_1_109' title="bbox 1993 4004 3673 4083; baseline 0.008 -27"><span class='ocrx_word' id='word_1_781' title='bbox 1993 4004 2054 4057; x_wconf 91' lang='lat' dir='ltr'><strong>in</strong></span> <span class='ocrx_word' id='word_1_782' title='bbox 2076 4018 2186 4057; x_wconf 92' lang='lat' dir='ltr'><strong>nos</strong></span> <span class='ocrx_word' id='word_1_783' title='bbox 2206 4008 2399 4058; x_wconf 86' lang='lat' dir='ltr'><strong>manet</strong></span> <span class='ocrx_word' id='word_1_784' title='bbox 2420 4020 2590 4074; x_wconf 85' lang='lat' dir='ltr'><strong>poena</strong></span> <span class='ocrx_word' id='word_1_785' title='bbox 2613 4006 2890 4062; x_wconf 89' lang='lat' dir='ltr'><strong>crudedis</strong></span> <span class='ocrx_word' id='word_1_786' title='bbox 2930 4010 3150 4079; x_wconf 89' lang='lat' dir='ltr'><strong>tartari,</strong></span> <span class='ocrx_word' id='word_1_787' title='bbox 3189 4012 3346 4083; x_wconf 92' lang='lat' dir='ltr'><strong>quia,</strong></span> <span class='ocrx_word' id='word_1_788' title='bbox 3387 4014 3673 4070; x_wconf 86' lang='lat' dir='ltr'><strong>habentes</strong></span> 
     </span>
    </p>
   </div>
   <div class='ocr_carea' id='block_1_108' title="bbox 1995 4092 3669 4173">
    <p class='ocr_par' dir='ltr' id='par_1_108' title="bbox 1995 4092 3669 4173">
     <span class='ocr_line' id='line_1_110' title="bbox 1995 4092 3669 4173; baseline 0.008 -28"><span class='ocrx_word' id='word_1_789' title='bbox 1995 4107 2263 4161; x_wconf 91' lang='lat' dir='ltr'><strong>sensum,</strong></span> <span class='ocrx_word' id='word_1_790' title='bbox 2308 4092 2746 4166; x_wconf 88' lang='lat' dir='ltr'><strong>delinquimus;</strong></span> <span class='ocrx_word' id='word_1_791' title='bbox 2796 4097 2928 4153; x_wconf 89' lang='lat' dir='ltr'><strong>ideo</strong></span> <span class='ocrx_word' id='word_1_792' title='bbox 2971 4113 3088 4153; x_wconf 92' lang='lat' dir='ltr'><strong>non</strong></span> <span class='ocrx_word' id='word_1_793' title='bbox 3120 4103 3212 4154; x_wconf 89' lang='lat' dir='ltr'><strong>est</strong></span> <span class='ocrx_word' id='word_1_794' title='bbox 3244 4118 3360 4172; x_wconf 88' lang='lat' dir='ltr'><strong>pax</strong></span> <span class='ocrx_word' id='word_1_795' title='bbox 3398 4106 3669 4173; x_wconf 83' lang='lat' dir='ltr'><strong>peccato-</strong></span> 
     </span>
    </p>
   </div>
   <div class='ocr_carea' id='block_1_109' title="bbox 1994 4179 2185 4235">
    <p class='ocr_par' dir='ltr' id='par_1_109' title="bbox 1994 4179 2185 4235">
     <span class='ocr_line' id='line_1_111' title="bbox 1994 4179 2185 4235; baseline 0 -2"><span class='ocrx_word' id='word_1_796' title='bbox 1994 4179 2185 4235; x_wconf 88' lang='lat' dir='ltr'><strong>ribus.</strong></span> 
     </span>
    </p>
   </div>
   <div class='ocr_carea' id='block_1_110' title="bbox 2064 4276 3673 4357">
    <p class='ocr_par' dir='ltr' id='par_1_110' title="bbox 2064 4276 3673 4357">
     <span class='ocr_line' id='line_1_112' title="bbox 2064 4276 3673 4357; baseline 0.007 -26"><span class='ocrx_word' id='word_1_797' title='bbox 2064 4276 2151 4331; x_wconf 82' lang='lat'><strong>48.</strong></span> <span class='ocrx_word' id='word_1_798' title='bbox 2198 4278 2387 4333; x_wconf 85' lang='lat' dir='ltr'><strong>Meum</strong></span> <span class='ocrx_word' id='word_1_799' title='bbox 2405 4284 2730 4352; x_wconf 86' lang='lat' dir='ltr'><strong>peccatum,</strong></span> <span class='ocrx_word' id='word_1_800' title='bbox 2766 4299 2893 4339; x_wconf 89' lang='lat' dir='ltr'><strong>mea</strong></span> <span class='ocrx_word' id='word_1_801' title='bbox 2925 4285 3205 4356; x_wconf 89' lang='lat' dir='ltr'><strong>iniquitas</strong></span> <span class='ocrx_word' id='word_1_802' title='bbox 3226 4288 3360 4357; x_wconf 83' lang='lat'><strong>(55),</strong></span> <span class='ocrx_word' id='word_1_803' title='bbox 3393 4304 3510 4343; x_wconf 92' lang='lat' dir='ltr'><strong>non</strong></span> <span class='ocrx_word' id='word_1_804' title='bbox 3533 4292 3673 4342; x_wconf 88' lang='lat' dir='ltr'><strong>sunt</strong></span> 
     </span>
    </p>
   </div>
   <div class='ocr_carea' id='block_1_111' title="bbox 1995 4366 3671 4446">
    <p class='ocr_par' dir='ltr' id='par_1_111' title="bbox 1995 4366 3671 4446">
     <span class='ocr_line' id='line_1_113' title="bbox 1995 4366 3671 4446; baseline 0.007 -27"><span class='ocrx_word' id='word_1_805' title='bbox 1995 4366 2208 4421; x_wconf 91' lang='lat' dir='ltr'><strong>similia</strong></span> <span class='ocrx_word' id='word_1_806' title='bbox 2243 4368 2489 4424; x_wconf 84' lang='lat' dir='ltr'><strong>of‘lensis</strong></span> <span class='ocrx_word' id='word_1_807' title='bbox 2527 4370 3024 4445; x_wconf 80' lang='lat' dir='ltr'><strong>hominumzquia</strong></span> <span class='ocrx_word' id='word_1_808' title='bbox 3064 4376 3335 4446; x_wconf 87' lang='lat' dir='ltr'><strong>impietas</strong></span> <span class='ocrx_word' id='word_1_809' title='bbox 3374 4381 3484 4431; x_wconf 92' lang='lat' dir='ltr'><strong>est.</strong></span> <span class='ocrx_word' id='word_1_810' title='bbox 3524 4376 3671 4431; x_wconf 86' lang='lat' dir='ltr'><strong>Car-</strong></span> 
     </span>
    </p>
   </div>
   <div class='ocr_carea' id='block_1_112' title="bbox 1993 4457 3671 4535">
    <p class='ocr_par' dir='ltr' id='par_1_112' title="bbox 1993 4457 3671 4535">
     <span class='ocr_line' id='line_1_114' title="bbox 1993 4457 3671 4535; baseline 0.007 -27"><span class='ocrx_word' id='word_1_811' title='bbox 1993 4471 2127 4510; x_wconf 88' lang='lat' dir='ltr'><strong>nem</strong></span> <span class='ocrx_word' id='word_1_812' title='bbox 2168 4457 2424 4527; x_wconf 87' lang='lat' dir='ltr'><strong>pollicita</strong></span> <span class='ocrx_word' id='word_1_813' title='bbox 2464 4474 2706 4515; x_wconf 88' lang='lat' dir='ltr'><strong>servare</strong></span> <span class='ocrx_word' id='word_1_814' title='bbox 2746 4462 3056 4534; x_wconf 89' lang='lat' dir='ltr'><strong>virginem,</strong></span> <span class='ocrx_word' id='word_1_815' title='bbox 3100 4468 3156 4517; x_wconf 89' lang='lat' dir='ltr'><strong>et</strong></span> <span class='ocrx_word' id='word_1_816' title='bbox 3192 4464 3521 4519; x_wconf 90' lang='lat' dir='ltr'><strong>castitatem</strong></span> <span class='ocrx_word' id='word_1_817' title='bbox 3539 4481 3671 4535; x_wconf 88' lang='lat' dir='ltr'><strong>pro-</strong></span> 
     </span>
    </p>
   </div>
   <div class='ocr_carea' id='block_1_113' title="bbox 1993 4544 3672 4623">
    <p class='ocr_par' dir='ltr' id='par_1_113' title="bbox 1993 4544 3672 4623">
     <span class='ocr_line' id='line_1_115' title="bbox 1993 4544 3672 4623; baseline 0.007 -25"><span class='ocrx_word' id='word_1_818' title='bbox 1993 4544 2158 4601; x_wconf 90' lang='lat' dir='ltr'><strong>fessa</strong></span> <span class='ocrx_word' id='word_1_819' title='bbox 2194 4546 2449 4617; x_wconf 87' lang='lat' dir='ltr'><strong>publice,</strong></span> <span class='ocrx_word' id='word_1_820' title='bbox 2496 4549 2741 4603; x_wconf 89' lang='lat' dir='ltr'><strong>mentita</strong></span> <span class='ocrx_word' id='word_1_821' title='bbox 2782 4565 2915 4605; x_wconf 90' lang='lat' dir='ltr'><strong>sum</strong></span> <span class='ocrx_word' id='word_1_822' title='bbox 2963 4552 3252 4623; x_wconf 89' lang='lat' dir='ltr'><strong>Domino;</strong></span> <span class='ocrx_word' id='word_1_823' title='bbox 3291 4552 3424 4607; x_wconf 91' lang='lat' dir='ltr'><strong>ideo</strong></span> <span class='ocrx_word' id='word_1_824' title='bbox 3445 4555 3672 4609; x_wconf 91' lang='lat' dir='ltr'><strong>nonest</strong></span> 
     </span>
    </p>
   </div>
   <div class='ocr_carea' id='block_1_114' title="bbox 1994 4688 2485 4744">
    <p class='ocr_par' dir='ltr' id='par_1_114' title="bbox 1994 4688 2485 4744">
     <span class='ocr_line' id='line_1_116' title="bbox 1994 4688 2485 4744; baseline 0.006 -3"><span class='ocrx_word' id='word_1_825' title='bbox 1994 4691 2055 4742; x_wconf 92' lang='lat' dir='ltr'><strong>ut</strong></span> <span class='ocrx_word' id='word_1_826' title='bbox 2089 4688 2147 4741; x_wconf 90' lang='lat' dir='ltr'><strong>in</strong></span> <span class='ocrx_word' id='word_1_827' title='bbox 2187 4692 2485 4744; x_wconf 86' lang='lat' dir='ltr'><strong>contextu.</strong></span> 
     </span>
    </p>
   </div>
   <div class='ocr_carea' id='block_1_115' title="bbox 2062 4759 3669 4836">
    <p class='ocr_par' dir='ltr' id='par_1_115' title="bbox 2062 4759 3669 4836">
     <span class='ocr_line' id='line_1_117' title="bbox 2062 4759 3669 4836; baseline 0.007 -24"><span class='ocrx_word' id='word_1_828' title='bbox 2062 4760 2174 4836; x_wconf 74' lang='lat'><strong>(5-1)</strong></span> <span class='ocrx_word' id='word_1_829' title='bbox 2213 4759 2605 4836; x_wconf 80' lang='lat' dir='ltr'><strong>Omnes_ed_it.</strong></span> <span class='ocrx_word' id='word_1_830' title='bbox 2635 4777 2777 4836; x_wconf 69' lang='lat' dir='ltr'><strong>cum</strong></span> <span class='ocrx_word' id='word_1_831' title='bbox 2815 4778 2976 4836; x_wconf 44' lang='lat' dir='ltr'><strong>mss:</strong></span> <span class='ocrx_word' id='word_1_832' title='bbox 3017 4764 3257 4836; x_wconf 91' lang='lat' dir='ltr'><strong>aliquot,</strong></span> <span class='ocrx_word' id='word_1_833' title='bbox 3301 4768 3358 4821; x_wconf 91' lang='lat' dir='ltr'><strong>et</strong></span> <span class='ocrx_word' id='word_1_834' title='bbox 3397 4762 3669 4823; x_wconf 87' lang='lat' dir='ltr'><strong>Pseudo-</strong></span> 
     </span>
    </p>
   </div>
   <div class='ocr_carea' id='block_1_116' title="bbox 1993 4830 3667 4907">
    <p class='ocr_par' dir='ltr' id='par_1_116' title="bbox 1993 4830 3667 4907">
     <span class='ocr_line' id='line_1_118' title="bbox 1993 4830 3667 4907; baseline 0.005 -24"><span class='ocrx_word' id='word_1_835' title='bbox 1993 4830 2207 4884; x_wconf 83' lang='lat' dir='ltr'><strong>Hier...</strong></span> <span class='ocrx_word' id='word_1_836' title='bbox 2238 4848 2329 4884; x_wconf 89' lang='lat' dir='ltr'><strong>mc</strong></span> <span class='ocrx_word' id='word_1_837' title='bbox 2358 4831 2593 4907; x_wconf 42' lang='lat' dir='ltr'><strong>infe/ia:</strong></span> <span class='ocrx_word' id='word_1_838' title='bbox 2624 4833 2818 4900; x_wconf 85' lang='lat' dir='ltr'><strong>(Rom.</strong></span> <span class='ocrx_word' id='word_1_839' title='bbox 2855 4837 2911 4888; x_wconf 88' lang='lat' dir='ltr'><strong>et</strong></span> <span class='ocrx_word' id='word_1_840' title='bbox 2944 4830 3308 4907; x_wconf 83' lang='lat' dir='ltr'><strong>Pseudo—H.,</strong></span> <span class='ocrx_word' id='word_1_841' title='bbox 3343 4838 3667 4906; x_wconf 82' lang='lat' dir='ltr'><strong>infelicem)</strong></span> 
     </span>
    </p>
   </div>
   <div class='ocr_carea' id='block_1_117' title="bbox 1994 4903 3515 4995">
    <p class='ocr_par' dir='ltr' id='par_1_117' title="bbox 1994 4903 3515 4995">
     <span class='ocr_line' id='line_1_119' title="bbox 1994 4903 3515 4995; baseline 0.006 -40"><span class='ocrx_word' id='word_1_842' title='bbox 1994 4917 2200 4955; x_wconf 84' lang='lat' dir='ltr'><strong>merus</strong></span> <span class='ocrx_word' id='word_1_843' title='bbox 2214 4903 2602 4995; x_wconf 32' lang='lat' dir='ltr'><strong>‘qenuit‘ﬁalii‘</strong></span> <span class='ocrx_word' id='word_1_844' title='bbox 2618 4918 2842 4995; x_wconf 51' lang='lat' dir='ltr'><strong>&#39;magno</strong></span> <span class='ocrx_word' id='word_1_845' title='bbox 2873 4921 3117 4961; x_wconf 89' lang='lat' dir='ltr'><strong>numero</strong></span> <span class='ocrx_word' id='word_1_846' title='bbox 3149 4912 3214 4962; x_wconf 89' lang='lat' dir='ltr'><strong>ut</strong></span> <span class='ocrx_word' id='word_1_847' title='bbox 3244 4903 3303 4963; x_wconf 84' lang='lat' dir='ltr'><strong>in</strong></span> <span class='ocrx_word' id='word_1_848' title='bbox 3332 4913 3515 4964; x_wconf 89' lang='lat' dir='ltr'><strong>textu.</strong></span> 
     </span>
     <span class='ocr_line' id='line_1_120' title="bbox 2063 4973 3515 4995; baseline 0 0"><span class='ocrx_word' id='word_1_849' title='bbox 2063 4973 2172 4995; x_wconf 66' lang='lat' dir='ltr'><strong>lE:\</strong></span> <span class='ocrx_word' id='word_1_850' title='bbox 2271 4976 2319 4995; x_wconf 72' lang='grc' dir='ltr'><strong>..ι</strong></span> <span class='ocrx_word' id='word_1_851' title='bbox 2380 4973 2466 4995; x_wconf 64' lang='grc' dir='ltr'><strong>Α-ἷ</strong></span> <span class='ocrx_word' id='word_1_852' title='bbox 2586 4994 2589 4995; x_wconf 66' lang='lat'>,</span> <span class='ocrx_word' id='word_1_853' title='bbox 2651 4990 2765 4995; x_wconf 32' lang='grc' dir='ltr'><strong>---κη</strong></span> <span class='ocrx_word' id='word_1_854' title='bbox 2813 4981 2891 4995; x_wconf 70' lang='grc' dir='ltr'><strong>--ι</strong></span> <span class='ocrx_word' id='word_1_855' title='bbox 2978 4994 2987 4995; x_wconf 32' lang='grc' dir='ltr'><em>κ</em></span> <span class='ocrx_word' id='word_1_856' title='bbox 3110 4984 3122 4995; x_wconf 73' lang='grc' dir='ltr'><strong><em>ι</em></strong></span> <span class='ocrx_word' id='word_1_857' title='bbox 3512 4990 3515 4995; x_wconf 54' lang='grc' dir='ltr'><strong><em>λ</em></strong></span> 
     </span>
    </p>
   </div>
   <div class='ocr_carea' id='block_1_118' title="bbox 2061 4972 3669 5048">
    <p class='ocr_par' dir='ltr' id='par_1_118' title="bbox 2061 4972 3669 5048">
     <span class='ocr_line' id='line_1_121' title="bbox 2061 4972 3669 5048; baseline 0.006 -23"><span class='ocrx_word' id='word_1_858' title='bbox 2061 4973 2174 5042; x_wconf 87' lang='grc'>(55)</span> <span class='ocrx_word' id='word_1_859' title='bbox 2214 4972 2341 5048; x_wconf 59' lang='grc' dir='ltr'><strong>κξςῐ.</strong></span> <span class='ocrx_word' id='word_1_860' title='bbox 2377 4972 2537 5040; x_wconf 90' lang='lat' dir='ltr'><strong>edit.,</strong></span> <span class='ocrx_word' id='word_1_861' title='bbox 2572 4972 2769 5048; x_wconf 70' lang='lat' dir='ltr'><strong>Meum</strong></span> <span class='ocrx_word' id='word_1_862' title='bbox 2801 4981 2891 5048; x_wconf 79' lang='lat' dir='ltr'><strong>est</strong></span> <span class='ocrx_word' id='word_1_863' title='bbox 2918 4984 3241 5048; x_wconf 84' lang='lat' dir='ltr'><strong>peccatum,</strong></span> <span class='ocrx_word' id='word_1_864' title='bbox 3276 4997 3403 5035; x_wconf 88' lang='lat' dir='ltr'><strong>mea</strong></span> <span class='ocrx_word' id='word_1_865' title='bbox 3434 4988 3524 5034; x_wconf 88' lang='lat' dir='ltr'><strong>est</strong></span> <span class='ocrx_word' id='word_1_866' title='bbox 3554 4980 3669 5034; x_wconf 43' lang='lat' dir='ltr'><strong>ini‘</strong></span> 
     </span>
    </p>
   </div>
   <div class='ocr_carea' id='block_1_119' title="bbox 1993 5043 3669 5123">
    <p class='ocr_par' dir='ltr' id='par_1_119' title="bbox 1993 5043 3669 5123">
     <span class='ocr_line' id='line_1_122' title="bbox 1993 5043 3669 5123; baseline 0.007 -28"><span class='ocrx_word' id='word_1_867' title='bbox 1993 5045 2205 5123; x_wconf 68' lang='lat' dir='ltr'><strong>quitus.</strong></span> <span class='ocrx_word' id='word_1_868' title='bbox 2229 5043 2521 5123; x_wconf 39' lang='lat' dir='ltr'><strong>lVon&#39;sunt</strong></span> <span class='ocrx_word' id='word_1_869' title='bbox 2542 5045 2762 5123; x_wconf 85' lang='lat' dir='ltr'><strong>similia</strong></span> <span class='ocrx_word' id='word_1_870' title='bbox 2786 5043 3011 5101; x_wconf 82' lang='lat' dir='ltr'><strong>oll&#39;ensa</strong></span> <span class='ocrx_word' id='word_1_871' title='bbox 3032 5043 3355 5123; x_wconf 74' lang='lat' dir='ltr'><strong>hominum;</strong></span> <span class='ocrx_word' id='word_1_872' title='bbox 3377 5055 3507 5123; x_wconf 87' lang='lat' dir='ltr'><strong>quia</strong></span> <span class='ocrx_word' id='word_1_873' title='bbox 3531 5052 3669 5106; x_wconf 82' lang='lat' dir='ltr'><strong>bar-</strong></span> 
     </span>
    </p>
   </div>
   <div class='ocr_carea' id='block_1_120' title="bbox 1990 5113 3665 5190">
    <p class='ocr_par' dir='ltr' id='par_1_120' title="bbox 1990 5113 3665 5190">
     <span class='ocr_line' id='line_1_123' title="bbox 1990 5113 3665 5190; baseline 0.007 -24"><span class='ocrx_word' id='word_1_874' title='bbox 1990 5113 2200 5167; x_wconf 78' lang='lat' dir='ltr'><strong>ribiiis</strong></span> <span class='ocrx_word' id='word_1_875' title='bbox 2215 5115 2340 5167; x_wconf 69' lang='lat' dir='ltr'><strong>[nec</strong></span> <span class='ocrx_word' id='word_1_876' title='bbox 2354 5115 2628 5190; x_wconf 82' lang='lat' dir='ltr'><strong>impietas</strong></span> <span class='ocrx_word' id='word_1_877' title='bbox 2651 5122 2760 5180; x_wconf 89' lang='lat' dir='ltr'><strong>est,</strong></span> <span class='ocrx_word' id='word_1_878' title='bbox 2781 5134 2962 5190; x_wconf 77' lang='lat' dir='ltr'><strong>carne</strong></span> <span class='ocrx_word' id='word_1_879' title='bbox 2975 5120 3239 5190; x_wconf 88' lang='lat' dir='ltr'><strong>pollicita</strong></span> <span class='ocrx_word' id='word_1_880' title='bbox 3261 5113 3516 5177; x_wconf 62' lang='lat' dir='ltr'><strong>servare</strong></span> <span class='ocrx_word' id='word_1_881' title='bbox 3546 5125 3665 5177; x_wconf 76' lang='lat' dir='ltr'><strong>vir-</strong></span> 
     </span>
    </p>
   </div>
   <div class='ocr_carea' id='block_1_121' title="bbox 1993 5185 3666 5261">
    <p class='ocr_par' dir='ltr' id='par_1_121' title="bbox 1993 5185 3666 5261">
     <span class='ocr_line' id='line_1_124' title="bbox 1993 5185 3666 5261; baseline 0.007 -25"><span class='ocrx_word' id='word_1_882' title='bbox 1993 5185 2208 5255; x_wconf 83' lang='lat' dir='ltr'><strong>ginem,</strong></span> <span class='ocrx_word' id='word_1_883' title='bbox 2242 5191 2301 5237; x_wconf 90' lang='lat' dir='ltr'><strong>et</strong></span> <span class='ocrx_word' id='word_1_884' title='bbox 2332 5186 2667 5261; x_wconf 71' lang='lat' dir='ltr'><strong>castitatem</strong></span> <span class='ocrx_word' id='word_1_885' title='bbox 2691 5185 2986 5257; x_wconf 63' lang='lat' dir='ltr'><strong>professa</strong></span> <span class='ocrx_word' id='word_1_886' title='bbox 2993 5192 3230 5261; x_wconf 84' lang='lat' dir='ltr'><strong>publice</strong></span> <span class='ocrx_word' id='word_1_887' title='bbox 3262 5195 3509 5247; x_wconf 86' lang='lat' dir='ltr'><strong>mentita</strong></span> <span class='ocrx_word' id='word_1_888' title='bbox 3538 5210 3666 5248; x_wconf 90' lang='lat' dir='ltr'><strong>sum</strong></span> 
     </span>
    </p>
   </div>
   <div class='ocr_carea' id='block_1_122' title="bbox 1990 5240 3668 5334">
    <p class='ocr_par' dir='ltr' id='par_1_122' title="bbox 1990 5240 3668 5334">
     <span class='ocr_line' id='line_1_125' title="bbox 1990 5240 3668 5334; baseline 0.005 -25"><span class='ocrx_word' id='word_1_889' title='bbox 1990 5240 2132 5309; x_wconf 65' lang='lat' dir='ltr'><strong>beo.</strong></span> <span class='ocrx_word' id='word_1_890' title='bbox 2172 5240 2340 5309; x_wconf 65' lang='lat' dir='ltr'><strong>Rom.</strong></span> <span class='ocrx_word' id='word_1_891' title='bbox 2376 5256 2608 5334; x_wconf 54' lang='lat' dir='ltr'><strong>edit”...</strong></span> <span class='ocrx_word' id='word_1_892' title='bbox 2641 5240 3115 5334; x_wconf 22' lang='lat' dir='ltr'><strong>carne‘po‘llliere</strong></span> <span class='ocrx_word' id='word_1_893' title='bbox 3145 5264 3574 5334; x_wconf 81' lang='lat' dir='ltr'><strong>virginitatem,</strong></span> <span class='ocrx_word' id='word_1_894' title='bbox 3609 5270 3668 5317; x_wconf 86' lang='lat' dir='ltr'><strong>et</strong></span> 
     </span>
    </p>
   </div>
   <div class='ocr_carea' id='block_1_123' title="bbox 1992 5326 3667 5401">
    <p class='ocr_par' dir='ltr' id='par_1_123' title="bbox 1992 5326 3667 5401">
     <span class='ocr_line' id='line_1_126' title="bbox 1992 5326 3667 5401; baseline 0.007 -23"><span class='ocrx_word' id='word_1_895' title='bbox 1992 5326 2327 5379; x_wconf 86' lang='lat' dir='ltr'><strong>castitatem</strong></span> <span class='ocrx_word' id='word_1_896' title='bbox 2353 5327 2686 5397; x_wconf 78' lang='lat' dir='ltr'><strong>professum</strong></span> <span class='ocrx_word' id='word_1_897' title='bbox 2711 5326 2967 5401; x_wconf 85' lang='lat' dir='ltr'><strong>publice,</strong></span> <span class='ocrx_word' id='word_1_898' title='bbox 3003 5337 3113 5387; x_wconf 91' lang='lat' dir='ltr'><strong>etc.</strong></span> <span class='ocrx_word' id='word_1_899' title='bbox 3149 5326 3295 5388; x_wconf 66' lang='lat' dir='ltr'><strong>Mss.</strong></span> <span class='ocrx_word' id='word_1_900' title='bbox 3334 5351 3476 5390; x_wconf 90' lang='lat' dir='ltr'><strong>vero</strong></span> <span class='ocrx_word' id='word_1_901' title='bbox 3508 5326 3667 5389; x_wconf 49' lang='lat' dir='ltr'><strong>in&#39;le-</strong></span> 
     </span>
    </p>
   </div>
   <div class='ocr_carea' id='block_1_124' title="bbox 1993 5397 3663 5475">
    <p class='ocr_par' dir='ltr' id='par_1_124' title="bbox 1993 5397 3663 5475">
     <span class='ocr_line' id='line_1_127' title="bbox 1993 5397 3663 5475; baseline 0.004 -25"><span class='ocrx_word' id='word_1_902' title='bbox 1993 5397 2245 5451; x_wconf 90' lang='lat' dir='ltr'><strong>ctionem</strong></span> <span class='ocrx_word' id='word_1_903' title='bbox 2274 5401 2535 5475; x_wconf 78' lang='lat' dir='ltr'><strong>nostram</strong></span> <span class='ocrx_word' id='word_1_904' title='bbox 2554 5397 3089 5475; x_wconf 50' lang='lat' dir='ltr'><strong>consentiunt,&#39;nisi</strong></span> <span class='ocrx_word' id='word_1_905' title='bbox 3116 5405 3272 5475; x_wconf 90' lang='lat' dir='ltr'><strong>quod</strong></span> <span class='ocrx_word' id='word_1_906' title='bbox 3296 5421 3399 5474; x_wconf 91' lang='lat' dir='ltr'><strong>pro</strong></span> <span class='ocrx_word' id='word_1_907' title='bbox 3423 5420 3663 5460; x_wconf 84' lang='lat' dir='ltr'><strong>carnem</strong></span> 
     </span>
    </p>
   </div>
   <div class='ocr_carea' id='block_1_125' title="bbox 1987 5467 3663 5546">
    <p class='ocr_par' dir='ltr' id='par_1_125' title="bbox 1987 5467 3663 5546">
     <span class='ocr_line' id='line_1_128' title="bbox 1987 5467 3663 5546; baseline 0.004 -24"><span class='ocrx_word' id='word_1_908' title='bbox 1987 5467 2441 5546; x_wconf 83' lang='lat' dir='ltr'><strong>pollicita,__duo</strong></span> <span class='ocrx_word' id='word_1_909' title='bbox 2490 5471 2827 5546; x_wconf 56' lang='lat' dir='ltr'><strong>praeferunt</strong></span> <span class='ocrx_word' id='word_1_910' title='bbox 2860 5467 3099 5528; x_wconf 82' lang='lat' dir='ltr'><strong>carnem</strong></span> <span class='ocrx_word' id='word_1_911' title='bbox 3134 5467 3436 5546; x_wconf 72' lang='lat' dir='ltr'><strong>pollutam,</strong></span> <span class='ocrx_word' id='word_1_912' title='bbox 3486 5491 3663 5544; x_wconf 91' lang='lat' dir='ltr'><strong>unus,</strong></span> 
     </span>
    </p>
   </div>
   <div class='ocr_carea' id='block_1_126' title="bbox 1993 5539 3663 5627">
    <p class='ocr_par' dir='ltr' id='par_1_126' title="bbox 1993 5539 3663 5627">
     <span class='ocr_line' id='line_1_129' title="bbox 1993 5539 3663 5627; baseline 0.004 -35"><span class='ocrx_word' id='word_1_913' title='bbox 1993 5554 2176 5593; x_wconf 86' lang='lat' dir='ltr'><strong>carne</strong></span> <span class='ocrx_word' id='word_1_914' title='bbox 2202 5539 2463 5627; x_wconf 36' lang='lat' dir='ltr'><strong>polluta“;</strong></span> <span class='ocrx_word' id='word_1_915' title='bbox 2512 5542 2665 5623; x_wconf 74' lang='lat' dir='ltr'><strong>alius</strong></span> <span class='ocrx_word' id='word_1_916' title='bbox 2698 5543 2971 5627; x_wconf 81' lang='lat' dir='ltr'><strong>denique,</strong></span> <span class='ocrx_word' id='word_1_917' title='bbox 3025 5539 3263 5600; x_wconf 78' lang='lat' dir='ltr'><strong>carnem</strong></span> <span class='ocrx_word' id='word_1_918' title='bbox 3288 5539 3612 5627; x_wconf 69' lang='lat' dir='ltr'><strong>pollicitam</strong></span> <span class='ocrx_word' id='word_1_919' title='bbox 3646 5539 3663 5599; x_wconf 69' lang='lat'><strong>.-</strong></span> 
     </span>
    </p>
   </div>
   <div class='ocr_carea' id='block_1_127' title="bbox 1993 5611 3661 5696">
    <p class='ocr_par' dir='ltr' id='par_1_127' title="bbox 1993 5611 3661 5696">
     <span class='ocr_line' id='line_1_130' title="bbox 1993 5611 3661 5696; baseline 0.005 -33"><span class='ocrx_word' id='word_1_920' title='bbox 1993 5624 2125 5696; x_wconf 68' lang='lat' dir='ltr'><strong>qum</strong></span> <span class='ocrx_word' id='word_1_921' title='bbox 2148 5611 2542 5681; x_wconf 87' lang='lat' dir='ltr'><strong>scriptoribus</strong></span> <span class='ocrx_word' id='word_1_922' title='bbox 2583 5611 2918 5696; x_wconf 73' lang='lat' dir='ltr'><strong>imputanda</strong></span> <span class='ocrx_word' id='word_1_923' title='bbox 2957 5611 3102 5696; x_wconf 73' lang='lat' dir='ltr'><strong>esse</strong></span> <span class='ocrx_word' id='word_1_924' title='bbox 3132 5632 3249 5672; x_wconf 89' lang='lat' dir='ltr'><strong>non</strong></span> <span class='ocrx_word' id='word_1_925' title='bbox 3288 5611 3661 5696; x_wconf 65' lang='lat' dir='ltr'><strong>videtnemo.</strong></span> 
     </span>
    </p>
   </div>
   <div class='ocr_carea' id='block_1_128' title="bbox 1991 5680 3663 5767">
    <p class='ocr_par' dir='ltr' id='par_1_128' title="bbox 1991 5680 3663 5767">
     <span class='ocr_line' id='line_1_131' title="bbox 1991 5680 3663 5767; baseline 0.001 -30"><span class='ocrx_word' id='word_1_926' title='bbox 1991 5680 2209 5767; x_wconf 75' lang='lat' dir='ltr'><strong>lterum</strong></span> <span class='ocrx_word' id='word_1_927' title='bbox 2263 5680 2613 5767; x_wconf 77' lang='lat' dir='ltr'><strong>expressam</strong></span> <span class='ocrx_word' id='word_1_928' title='bbox 2663 5680 2896 5767; x_wconf 79' lang='lat' dir='ltr'><strong>publica</strong></span> <span class='ocrx_word' id='word_1_929' title='bbox 2962 5685 3256 5762; x_wconf 72' lang='lat' dir='ltr'><strong>professae</strong></span> <span class='ocrx_word' id='word_1_930' title='bbox 3305 5684 3663 5767; x_wconf 70' lang='lat' dir='ltr'><strong>virginitatis</strong></span> 
     </span>
    </p>
   </div>
   <div class='ocr_carea' id='block_1_129' title="bbox 1992 5752 2864 5820">
    <p class='ocr_par' dir='ltr' id='par_1_129' title="bbox 1992 5752 2864 5820">
     <span class='ocr_line' id='line_1_132' title="bbox 1992 5752 2864 5820; baseline 0.007 -7"><span class='ocrx_word' id='word_1_931' title='bbox 1992 5752 2357 5814; x_wconf 76' lang='lat' dir='ltr'><strong>mentionem</strong></span> <span class='ocrx_word' id='word_1_932' title='bbox 2381 5752 2681 5815; x_wconf 58' lang='lat' dir='ltr'><strong>observed</strong></span> <span class='ocrx_word' id='word_1_933' title='bbox 2707 5755 2864 5820; x_wconf 78' lang='lat' dir='ltr'><strong>licet.</strong></span> 
     </span>
    </p>
   </div>
  </div>
