4024 6176
362 321 487 388 399

1804 314 1869 385 S.
1914 314 2359 386 AMBROSII.

3714 318 3827 390 400

365 520 744 578 mihiﬁducia
783 518 1101 575 invocandi
1134 519 1449 574 Dominum
1486 519 1862 590 altissimum,
1908 520 2042 592 quia
2071 506 2130 565 Α
2167 537 2295 576 mas
2318 535 2588 576 revocas.
2634 520 2721 575 Tu
2760 519 2949 576 solvis
2974 519 3344 590 compeditos
3370 521 3489 590 :tu,
3514 520 3821 591 Dens,alli-

364 612 731 667 obstructum
752 610 844 664 est
865 623 934 663 os
959 608 1427 681 delinquentium
1477 610 1612 679 (56).
1659 609 1809 663 Nam
1849 625 2043 664 meum

364 699 581 753 malum
623 697 917 768 Propheta
955 697 1187 768 cecinit,
1240 697 1395 769 quod
1434 698 1536 769 qui
1588 682 1867 770 elongant
1906 714 1972 752 se
2009 715 2042 751 a

364 788 508 857 Deo,
544 785 821 857 peribunt
864 802 876 841 :
906 786 1188 857 dispersit
1209 802 1442 841 omnem
1478 786 1865 841 fornicantem
1902 803 1935 840 a
1975 802 2041 841 se

363 874 553 947 (Psal.
586 891 767 944 Lxxu,
800 874 912 945 27).
966 873 1037 928 Et
1066 875 1280 930 iterum
1314 893 1327 930 :
1362 875 1636 930 Adhaesit
1682 875 1884 947 lingua
1913 890 2040 930 mea

363 964 637 1020 lancibus
664 964 835 1035 meis,
869 969 929 1019 et
950 963 1013 1018 in
1033 963 1341 1035 pulverem
1362 964 1575 1020 mortis
1598 964 1886 1020 deductus
1908 980 2041 1019 sum

363 1053 555 1124 (Psal.
587 1070 712 1122 xxx,
746 1052 856 1123 16).

431 1142 521 1197 49.
564 1141 978 1198 Verumtamen
997 1142 1262 1198 clamabo
1280 1143 1354 1198 ad
1392 1142 1725 1213 Dominum,
1769 1158 1903 1198 cum
1940 1141 2041 1196 ad-

363 1231 481 1286 huc
501 1233 735 1302 tempus
758 1234 868 1301 est,
904 1232 1042 1287 dum
1076 1232 1247 1286 datur
1281 1232 1567 1302 spatium;
1603 1233 1742 1303 quia
1772 1232 1831 1286 in
1852 1234 2039 1286 morte

364 1335 486 1375 non
508 1322 601 1375 est
621 1320 923 1390 memoria,
965 1320 1103 1375 etin
1135 1320 1367 1376 inferno
1395 1314 1523 1376 non
1563 1324 1655 1376 est
1695 1320 2036 1376 confessio:

361 1408 629 1475 Domine,
678 1425 752 1464 ne
791 1409 854 1463 in
899 1409 992 1463 ira
1040 1416 1135 1464 tua
1167 1425 1348 1481 argas
1374 1426 1487 1480 me,
1523 1425 1711 1482 neque
1739 1410 1803 1464 in
1833 1408 2040 1464 furore

364 1502 478 1565 tuo,
514 1497 809 1569 corripias
838 1513 950 1552 me.
989 1496 1268 1563 Quoniam
1290 1500 1528 1571 sagittae
1549 1505 1662 1554 tuas
1681 1497 1883 1553 inﬁxas
1902 1502 2041 1554 sunt

360 1586 527 1652 mihi,
580 1601 688 1641 nec
732 1591 824 1642 est
862 1588 1093 1641 sanitas
1134 1587 1198 1641 in
1245 1603 1428 1642 carne
1468 1603 1596 1643 mea
1636 1604 1667 1642 a
1707 1586 1902 1642 vultus
1929 1586 2041 1640 iraa

365 1680 479 1729 tuae
509 1693 526 1728 :
556 1690 668 1729 non
700 1680 791 1729 est
815 1691 940 1746 pax
966 1674 1203 1731 ossibus
1231 1676 1383 1730 meis
1413 1691 1445 1730 a
1483 1674 1640 1731 facie
1662 1680 2039 1747 peccatorum

366 1778 641 1819 meorum.
680 1762 959 1828 Quoniam
988 1763 1339 1835 iniquitates
1368 1779 1514 1819 meae
1533 1768 2040 1835 superposuerunt
2069 1758 2122 1820 Β

365 1856 536 1924 caput
547 1866 753 1917 meum,
778 1855 836 1906 et
852 1851 1007 1907 sicut
1025 1866 1171 1906 onus
1184 1868 1294 1923 gra
1308 1868 1374 1907 ve
1387 1867 1498 1924 gra
1510 1857 1658 1906 ναίω
1668 1858 1806 1906 sunt
1816 1851 1934 1922 (57)
1949 1868 2040 1907 sn-

358 1955 593 2013 perme.
605 1941 1101 2012 Computruerunt
1113 1942 1171 1994 et
1183 1939 1487 1996 deteriora
1500 1947 1711 1996 verunt
1723 1940 2043 1995 cicatrices

365 2044 533 2099 meae,
559 2044 592 2083 a
612 2028 771 2083 lacie
789 2028 1154 2100 insipientia
1173 2045 1338 2084 meae.
1358 2028 1638 2085 Miseriis
1654 2028 1868 2084 afﬂicta
1890 2045 2039 2100 sum,

367 2124 427 2173 et
449 2120 688 2173 curvata
713 2133 890 2189 usque
911 2117 973 2171 in
985 2116 1179 2187 linem,
1199 2117 1374 2190 rugio
1394 2134 1425 2172 a
1445 2118 1670 2190 gemitu
1686 2118 1889 2173 cordis
1907 2119 2041 2173 mei.

369 2205 685 2263 Cormeum
701 2205 999 2262 turbatum
1012 2211 1107 2261 est
1118 2206 1278 2261 intra
1292 2221 1385 2261 me
1398 2205 1721 2278 dereliquit
1734 2221 1827 2260 me
1850 2205 2046 2260 virtus

364 2310 493 2351 mea
515 2300 573 2350 et
585 2294 780 2349 lumen
795 2294 1092 2349 oculorum
1107 2310 1365 2351 meorum
1378 2309 1492 2350 non
1507 2300 1599 2349 est
1611 2310 1835 2348 mecum
1850 2292 2040 2364 (Psal.

364 2400 571 2447 xxxvn
607 2382 779 2454 1-11).
814 2384 995 2453 Deus,
1039 2383 1312 2454 repulisti
1340 2399 1433 2438 me
1468 2389 1525 2440 et
1544 2382 1893 2438 destruxisti
1926 2399 2042 2456 me,

367 2472 683 2528 ostendisti
716 2472 862 2527 mihi
886 2473 1052 2542 dura,
1091 2472 1306 2542 potasti
1342 2487 1436 2527 me
1470 2472 1609 2527 vino
1646 2473 2046 2542 compunctio-

365 2562 462 2616 nis
503 2560 693 2631 (Psal.
731 2577 848 2629 ιλιι,
890 2558 1002 2630 3-5)
1038 2576 1050 2614 :
1091 2560 1342 2629 expulsa
1390 2575 1523 2615 sum
1562 2560 1636 2614 ab
1672 2560 1863 2614 oculis
1900 2561 2042 2631 tuis,

362 2648 488 2720 jam
544 2663 663 2704 non
710 2648 986 2719 adjiciam
1036 2651 1100 2702 ut
1135 2664 1451 2719 resurgem
1487 2649 1600 2717 (58)
1653 2649 1727 2702 ad
1764 2648 2046 2718 templum

368 2739 639 2791 sanctum
660 2738 842 2805 tuum,
868 2738 925 2790 et
942 2735 1092 2790 facta
1114 2751 1248 2790 sum
1268 2736 1329 2790 in
1350 2736 1720 2792 exterminio.

440 2824 529 2879 50.
576 2824 714 2890 Quze
771 2823 1001 2878 utilitas
1028 2823 1091 2877 in
1120 2824 1411 2895 sanguine
1444 2828 1556 2891 tuo,
1591 2823 1726 2879 dum
1757 2824 2044 2880 descendi

368 2910 431 2967 in
444 2913 880 2984 corruptionem
892 2911 1081 2982 (Psal.
1090 2910 1381 2982 xxxx,10)?
1391 2911 1693 2984 Numquid
1701 2913 1954 2968 mortuis
1964 2911 2047 2967 fa-

2162 625 2268 665 sos
2298 610 2505 683 erigis,
2547 626 2743 666 caecos
2780 608 3101 680 illuminas,
3129 611 3397 664 mortuos
3440 610 3716 664 suscitas.

2227 735 2315 790 51.
2358 735 2520 789 Erra
2534 734 2590 788 vi
2616 735 2769 790 sicut
2799 735 2931 789 ovis
2954 734 3197 806 perdita
3227 733 3419 804 (Psal.
3444 749 3643 803 cxvm,
3669 734 3818 804 1'76):

2156 823 2393 896 require
2425 823 2699 878 famulam
2739 825 2917 892 tuam,
2981 838 3054 877 ne
3105 822 3281 893 lupus
3323 821 3587 877 crudelis
3628 821 3825 895 glutiat

2155 929 2268 967 me.
2302 911 2480 967 Multi
2508 912 2710 967 dicunt
2741 912 2952 966 animae
2972 926 3151 965 meaa:
3171 910 3305 965 Non
3337 916 3432 965 est
3461 909 3624 966 solus
3651 910 3742 965 illi
3768 911 3827 964 ia

2156 1001 2280 1056 Deo
2316 1001 2446 1073 ejus
2480 1000 2672 1071 (Psal.
2718 1018 2798 1070 ιιι,
2830 999 2907 1071 3).
2948 999 3063 1054 Sed
3092 1003 3256 1055 tuum
3297 998 3615 1055 consilium
3644 1002 3829 1053 tecum

2156 1093 2266 1145 est.
2320 1088 2471 1154 Quot
2523 1092 2661 1144 sunt
2700 1089 2829 1143 deis
2887 1088 3123 1143 famulae
3175 1092 3311 1157 tum,
3373 1087 3613 1158 quando
3651 1087 3827 1143 facies

2153 1195 2385 1235 mecum
2409 1177 2700 1251 judicium
2728 1177 2917 1248 (Psal.
2954 1194 3152 1247 cxvm,
3184 1176 3295 1245 84).
3328 1175 3449 1237 Sed
3473 1190 3548 1230 ne
3571 1177 3754 1229 intres
3774 1176 3828 1229 in

2147 1267 2441 1340 judicium
2474 1284 2607 1322 cum
2661 1266 2877 1322 famula
2918 1268 3015 1320 tua
3060 1264 3249 1335 (Psal.
3283 1280 3461 1333 exui,
3496 1264 3573 1334 2).
3624 1263 3829 1319 Delicit

2153 1358 2216 1411 in
2249 1356 2502 1411 salutari
2532 1362 2628 1410 tuo
2657 1356 2850 1410 anima
2882 1371 3031 1424 mea,
3064 1352 3420 1409 defecerunt
3453 1352 3517 1406 in
3541 1351 3830 1423 lacrymas

2154 1445 2307 1501 oculi
2348 1447 2483 1511 mei,
2536 1443 2721 1499 ell‘usa
2771 1450 2863 1498 est
2892 1443 2970 1515 {in
3003 1448 3229 1501 terram
3257 1440 3455 1514 gloria
3487 1456 3617 1495 mea
3647 1440 3826 1509 (Psal.

2154 1550 2354 1601 cxvm,
2387 1534 2475 1603 81,
2508 1532 2621 1603 83).
2645 1532 2884 1598 Quando
2904 1531 3243 1604 respiciens
3268 1531 3569 1586 restitues
3587 1530 3829 1585 animam

2152 1639 2339 1677 meam
2371 1620 2561 1690 (Psal.
2600 1637 2806 1691 xxxrv,
2831 1619 2953 1689 1'7)?
2968 1619 3233 1691 Propter
3250 1619 3634 1692 iniquitatem
3654 1633 3829 1673 meam

2156 1710 2506 1783 corripuisti
2536 1726 2649 1780 me,
2683 1715 2742 1765 et
2775 1708 3093 1764 tabescere
3124 1707 3331 1764 fecisti
3363 1707 3524 1763 sicut
3562 1722 3829 1763 araneam

2154 1799 2406 1854 animam
2457 1814 2666 1854 meam.
2713 1796 2901 1867 (Psal.
2935 1813 3184 1867 xxxvm,
3221 1794 3332 1865 12).
3385 1795 3690 1851 Memento
3717 1794 3829 1850 Do-

2154 1876 2331 1952 mine,
2389 1887 2539 1959 quod
2578 1884 2783 1959 pulvis
2825 1902 2953 1939 sum
2987 1906 3003 1939 :
3040 1886 3175 1940 vide
3220 1884 3622 1940 humilitatem
3652 1896 3828 1938 meam

2155 1968 2304 2032 320
2336 1981 2396 2031 et
2422 1975 2687 2031 laborem
2717 1990 2926 2041 meum,
2980 1980 3040 2029 et
3083 1975 3329 2030 remitte
3373 1972 3568 2029 omnia
3595 1976 3827 2045 peccata

2152 2080 2281 2119 mea
2311 2062 2500 2134 (Psal.
2535 2080 2697 2133 xxiv,
2730 2062 2841 2132 18).
2875 2062 3317 2118 Remittemihi
3368 2068 3430 2117 ut
3474 2060 3824 2132 refngerer,

2148 2152 2492 2225 priusquam
2538 2151 2762 2217 abeam,
2811 2156 2870 2205 et
2917 2150 3171 2222 amplius
3212 2166 3328 2205 non
3361 2165 3469 2206 ero
3498 2149 3612 2220 (60)
3643 2144 3824 2219 (Psal.

2154 2256 2404 2310 xxxvm,
2438 2238 2549 2310 14),
2584 2254 2693 2294 nec
2726 2239 2784 2293 in
2816 2237 3048 2294 inferno
3080 2239 3190 2294 erit
3220 2239 3552 2295 confessio.

2228 2382 2316 2436 52.
2360 2382 2579 2436 Potens
2626 2395 2714 2448 es,
2765 2380 3034 2450 Domine,
3083 2381 3481 2441 conscindere
3513 2393 3748 2434 saccum
3775 2379 3828 2431 et

2156 2470 2524 2542 praecingere
2556 2484 2649 2524 me
2678 2469 2875 2525 laetitia
2906 2468 3095 2538 (Psal.
3130 2486 3294 2537 xxxx,
3335 2469 3431 2540 12)
3458 2485 3471 2525 :
3505 2468 3828 2536 dirumpere

2156 2558 2395 2614 vincula
2439 2574 2589 2628 mea,
2634 2558 2852 2629 quibus
2898 2557 3077 2629 ligata
3122 2573 3257 2612 sum
3284 2561 3469 2628 atque
3500 2554 3823 2621 constricta,

2159 2648 2258 2719 qui
2293 2646 2498 2702 Rabab
2530 2646 2830 2701 sordidam
2861 2661 2980 2702 non
3010 2649 3365 2716 aspernatus
3406 2662 3475 2702 es
3521 2645 3716 2715 (Josue
3752 2656 3824 2707 vx,

2160 2734 2269 2805 1‘7).
2302 2735 2453 2790 Iram
2484 2738 2661 2804 tuam,
2697 2733 2964 2802 Domine,
2997 2733 3166 2790 aufer
3193 2750 3227 2788 a
3259 2751 3370 2805 me,
3431 2734 3567 2806 quia
3599 2727 3824 2802 peccavi

2158 2824 2265 2879 tibi
2294 2822 2631 2890 crudeliter,
2666 2822 2857 2878 donec
2883 2822 3181 2894 justiﬁces
3228 2840 3480 2879 causam
3526 2835 3727 2887 meam,
3773 2818 3824 2871 et

2158 2912 2381 2968 educas
2409 2927 2502 2967 me
2534 2912 2595 2966 in
2624 2910 2864 2968 lumine.
2899 2911 3060 2966 Deus
3090 2912 3401 2982 virtutum,
3446 2913 3520 2967 da
3556 2907 3823 2979 poeniten-

371 3003 497 3057 cies
516 3000 818 3057 mirabilia
842 3001 1160 3056 autmedici
1179 3000 1550 3056 suscitabunt
1565 2999 1754 3072 (Psal.
1778 3017 2042 3073 Lxxxvn,
2076 3027 2129 3090 ο
2154 3001 2254 3057 tiae
2295 2999 2570 3056 effectum
2601 2998 2737 3071 (61),
2783 3000 3150 3057 confessioni
3188 2998 3729 3071 perseverantiam;
3757 3006 3823 3047 ne

371 3089 492 3159 11)?
515 3090 678 3145 Tuus
695 3105 893 3145 sermo
907 3094 1017 3160 est,
1031 3093 1130 3145 tua
1149 3089 1470 3160 promissio
1491 3092 1584 3144 est
1599 3104 1612 3144 :
1628 3088 1780 3145 Nola
1794 3095 2043 3146 mortem

364 3179 722 3251 peccatoris,
755 3178 865 3234 sed
893 3178 1343 3233 conversionem
1372 3183 1431 3232 et
1467 3178 1527 3232 vi
1535 3183 1628 3233 vat
1649 3178 1764 3249 (59)
1796 3178 2040 3248 (Ezecli.

371 3284 580 3338 χχχιιι,
607 3265 695 3336 11)
717 3282 728 3322 :
755 3267 824 3321 ad
851 3270 926 3336 te,
952 3267 1113 3321 Deus
1137 3281 1324 3336 meus,
1363 3280 1495 3320 mea
1516 3268 1831 3322 conversio
1857 3283 1870 3323 :
1896 3267 1983 3332 31
1999 3268 2042 3331 9

372 3356 511 3426 quia
528 3355 697 3409 solus
719 3357 890 3425 potes
912 3369 1199 3409 renovare
1224 3353 1438 3422 omnia,
1480 3356 1537 3408 et
1576 3354 1648 3408 ab
1672 3353 1879 3411 inferis
1913 3356 2045 3411 ani-

442 3494 558 3565 (56)
596 3494 804 3568 Codex
831 3494 1229 3568 Regiom.,_os
1255 3493 1614 3568 loquentium
1647 3495 1863 3568 iniqua.
1899 3497 2047 3552 Rur-

372 3582 481 3622 sus
510 3581 672 3630 vero,
707 3566 810 3620 ubi
842 3566 1049 3621 omnes
1078 3566 1239 3634 edit.,
1265 3566 1539 3621 Adhaesit
1560 3566 1761 3620 anima
1773 3568 2047 3623 faucibus

369 3637 541 3703 meis,
593 3653 814 3709 omnes,
843 3653 997 3709 mss.
1048 3635 1333 3709 exhibent
1359 3637 1638 3692 Adhaesit
1665 3638 1866 3709 lingua
1892 3655 2039 3704 mea,

372 3712 509 3778 etc.;
529 3724 704 3781 quam
721 3707 955 3781 quidem
979 3708 1632 3781 lectionequcripturae
1653 3707 1871 3781 textus,
1915 3726 2039 3766 om-

274 3796 281 3799 ·
373 3778 601 3847 nesquc
626 3778 818 3847 ipsius
839 3780 1151 3833 versiones
1177 3778 1542 3834 confirmant.

442 3795 482 3833 :s
533 3795 601 3833 uc
626 3795 818 3847 ips1us
839 3795 1151 3833 verswnes
1177 3795 1542 3834 connrmant.

442 3795 556 3918 (ὃῆ)
595 3850 743 3903 Tres
781 3865 926 3904 mss.
966 3865 1099 3903 cum
1143 3849 1599 3921 Pseudo-Hier.,
1633 3866 2045 3924 supergressaz

372 3925 534 3974 sunt.

398 4016 403 4023 -
443 3991 557 4063 (58)
596 3989 814 4044 Omnes
859 3989 1020 4060 edit.,
1085 3996 1143 4063 ut
1187 3991 1543 4061 reSpiciam;
1603 4005 1809 4047 omnes
1868 4008 2041 4063 mss.,

372 4061 677 4133 partimiut
707 4076 966 4133 surgam,
1001 4062 1211 4133 partim
1239 4066 1301 4115 ut
1329 4077 1663 4133 resurgam.

443 4131 556 4202 (59)
596 4132 678 4185 Ita
721 4131 895 4200 mss.,
932 4131 1165 4187 duobus
1206 4133 1492 4202 exceptis,
1513 4131 1633 4186 'ubi
1653 4149 1758 4203 pro
1775 4134 1885 4188 sed
1905 4150 2046 4189 con-

377 4204 732 4267 versionem,
766 4203 1028 4274 ligimus,
1062 4203 1172 4257 sed
1205 4209 1262 4256 ut
1293 4209 1710 4268 convertatur,-
1757 4208 1872 4259 vet.
1905 4204 2043 4259 edit.

372 4274 485 4328 sed
532 4275 983 4329 conversionem
1032 4280 1091 4328 ut
1131 4274 1323 4345 possit
1373 4275 1600 4328 vivere.
1646 4275 1745 4330 Ad
1777 4282 1854 4342 te,
1887 4276 2049 4329 Deus

368 4361 552 4414 meus,
587 4345 922 4412 conversio,
955 4345 1086 4416 quia
1117 4346 1312 4409 solus;
1349 4345 1541 4412 Rom.,
1577 4346 1686 4400 sed
1713 4349 2050 4402 conversio-

371 4432 505 4471 nem
536 4423 595 4471 et
633 4417 827 4470 vivam
861 4422 919 4469 ut
941 4418 1168 4485 possim
1226 4418 1453 4483 vivere,
1502 4416 1578 4471 ad
1612 4422 1689 4485 te,
1739 4417 1919 4481 Deus,
1953 4434 2048 4473 me

368 4487 825 4560 coni'ei'to,_qui
862 4487 1072 4560 solus,
1116 4487 1571 4560 l’seudo_—Hier.,
1632 4487 1742 4543 sed
1791 4504 2046 4543 conver-

368 4559 615 4614 sionem.
658 4558 746 4613 Uti
754 4560 979 4630 possim
1016 4559 1244 4628 vivere,
1280 4558 1356 4613 ad
1387 4565 1462 4625 te,
1498 4558 1680 4629 Deus,
1732 4560 2048 4614 conversio

2159 3106 2252 3145 me
2281 3090 2515 3145 induret
2534 3089 2815 3159 deceptor
2832 3089 3065 3144 animae.
3100 3089 3228 3145 Hoc
3248 3090 3397 3147 mihi
3416 3090 3651 3155 donum,
3683 3083 3820 3138 hanc

2159 3178 2306 3233 mihi
2355 3179 2604 3250 gratiam
2650 3177 2723 3232 de
2773 3181 2872 3233 tuo
2921 3177 3081 3233 fonte
3110 3178 3387 3249 praestari
3423 3177 3615 3249 cupio,
3647 3173 3822 3238 Deus;

2160 3271 2223 3323 ut
2250 3268 2309 3322 in
2342 3270 2626 3322 aeternum
2653 3266 2759 3321 tibi
2790 3267 3104 3337 confitear;
3136 3267 3239 3339 qui
3260 3267 3424 3324 vivis
3453 3269 3511 3323 et
3538 3276 3743 3337 regnas
3763 3257 3812 3313 in

2161 3356 2444 3411 Trinitate
2474 3356 2534 3411 in
2564 3354 2784 3411 saecula
2816 3356 3194 3411 saeculorum.
3228 3358 3446 3413 Amen.

2161 3516 2310 3572 mea.
2346 3516 2478 3572 (ιψβ
2508 3498 2688 3572 solus,
2706 3501 2833 3572 etc.

2231 3558 2496 3641 (60)‘Hic
2526 3558 2741 3625 desinit
2771 3573 3052 3625 tractatus
3081 3570 3236 3640 apud
3286 3569 3725 3639 Hieronymum.
3769 3558 3818 3641 at

2163 3633 2336 3697 Rom:
2387 3642 2524 3696 edit.
2572 3641 2762 3696 solum
2811 3633 3156 3710 resciderat,
3212 3657 3319 3696 nec
3349 3641 3418 3695 in
3447 3633 3680 3711 inferno
3708 3633 3814 3711 erit

2160 3712 2475 3783 confessio,
2509 3712 2667 3783 quod
2698 3712 2979 3783 mendose
3026 3701 3414 3768 restituerant
3457 3708 3641 3783 Raris.
3686 3701 3810 3758 edit.

2161 3782 2275 3837 hoc
2305 3783 2499 3852 modo,
2529 3781 2646 3837 nec
2671 3782 2931 3837 inferior
2962 3784 3082 3837 erit
3113 3783 3435 3840 confessio.
3467 3781 3821 3852 Consequen-

2160 3857 2251 3907 ter
2297 3842 2498 3907 autem
2538 3856 2674 3923 post
2701 3869 2883 3907 voces
2915 3853 3143 3908 Potens
3174 3871 3259 3923 es,
3294 3855 3563 3916 Domine,
3596 3842 3815 3901 ιώἐνθηί

2076 3952 2131 4014 D
2162 3924 3063 4014 εέξιξιξςέίεξεάῑις,ςειξεοξξῖιὲίξφ
3087 3939 3318 4014 ξδβίθέηῗέ
3335 3939 3562 4014 ille???
3585 3924 3648 4014 ἒξ
3672 3926 3815 4014 {’13-

2161 3995 2407 4066 cingere
2434 4010 2529 4066 me
2557 3994 2789 4063 laetitia,
2825 3995 2982 4066 quod
3013 3996 3073 4049 in
3105 3996 3255 4051 hanc
3284 4002 3551 4051 nostram
3582 4004 3653 4045 ex
3682 3995 3812 4066 m8?-

2162 4064 2285 4119 fere
2317 4065 2594 4147 omnibus
2623 4064 2927 4136 proposito
2957 4069 3298 4138 neutiquam
3328 4067 3715 4136 incongruum
3740 4065 3815 4107 re-

2202 4152 2492 4191 οευηηυε.

2159 4153 2492 4207 posuimus.

2231 4207 2344 4280 (64)
2366 4207 2530 4280 ATrcs
2562 4223 2739 4280 mss.,
2769 4207 2853 4262 Da
2881 4209 3187 4280 patientiae
3216 4207 3512 4264 allectum.
3543 4199 3693 4280 Infra
3719 4206 3812 4280 ve-

2160 4293 2249 4354 ro,
2280 4278 2379 4354 ubi
2411 4293 2618 4333 omnes
2641 4278 2787 4354 edit.
2822 4277 2894 4333 et'
2924 4280 3162 4350 quidam
3208 4296 3383 4349 mss.,
3414 4277 3813 4354 pi'zestarefy:

2151 4338 2271 4420 pio,
2306 4349 2500 4413 Deus;
2539 4355 2597 4403 ut
2627 4350 2690 4403 in
2718 4338 3029 4419 aeternum,
3063 4355 3199 4405 etc..
3236 4338 3384 4406 mss.
3414 4338 3601 4405 'multo
3628 4338 3812 4420 1)qu93

2158 4418 2357 4474 locum
2375 4421 2463 4494 ita
2494 4420 2868 4494 contrahunt,
2895 4418 3184 4492 praestari
3211 4422 3396 4494 cupio,
3433 4421 3591 4494 Πεμε
3620 4424 3709 4483 (ἶν’
3727 4418 3813 4494 ᾖξ’

2158 4506 2311 4615 θῖιᾶε
2325 4473 2423 4545 3,;
2438 4473 2779 4546 "ne-nini;
2791 4473 3479 4563 (ita;"erisinates
3497 4473 3568 4543 in
3596 4473 3807 4541 siccum.

2169 4577 2199 4615 Θ
2229 4578 2280 4615 C.

2169 4577 2280 4616 etc.

385 4712 3773 4745 W

3222 4737 3775 4770 ῃ

1131 4891 1227 4969 IN
1293 4889 1668 4968 LIBRUM
1735 4890 1860 4969 DE
1923 4889 2444 4972 MYSTERIIS
2498 4888 3065 4988 ADMONITIO,

1252 5025 1410 5094 QUA
1448 5024 1544 5083 ET
1583 5025 1770 5083 IDEM
1808 5026 2043 5084 LIBER
2080 5027 2464 5085 AMBROSIO
2503 5028 2935 5086 ASSERITUR

434 5262 659 5319 Auctor
688 5256 870 5337 hujus
906 5256 1104 5335 operis
1136 5254 1194 5317 in
1226 5254 1357 5333 ipso
1387 5252 1521 5335 ejus
1552 5254 1752 5317 limine
1778 5258 2085 5333 profitetur
2115 5260 2265 5334 (cap.
2303 5261 2353 5333 1,
2384 5278 2543 5317 num.
2577 5261 2632 5332 ‘2)
2664 5275 2730 5315 se
2762 5262 2818 5315 et
2848 5273 3060 5316 recens
3088 5259 3394 5333 baptizatis
3425 5257 3729 5337 elaborare.
3759 5236 3807 5292 εί

365 5357 735 5411 sacramenta
766 5333 899 5426 quae
931 5333 1048 5408 illis
1079 5353 1367 5408 hactenus
1396 5333 1596 5425 ignota
1627 5351 1863 5422 fuerint,
1897 5351 2135 5407 adoriri.
2172 5333 2301 5406 Mos
2332 5351 2548 5423 quippe
2577 5352 2701 5405 erat
2744 5348 3079 5420 priscorum
3125 5352 3455 5420 temporum
3497 5333 3803 5426 antistitum!

363 5448 427 5500 ut
456 5440 733 5500 sublimia
759 5425 859 5497 illa
889 5442 1169 5513 mysteria
1200 5457 1377 5513 quam
1406 5440 1850 5497 studiosissime
1882 5440 2142 5495 celarent
2170 5440 2430 5495 nondum
2460 5439 2741 5494 initiatos.
2778 5438 2853 5492 Hi
2882 5437 3118 5509 quidem
3147 5439 3340 5509 quoad
3384 5455 3416 5494 e
3463 5425 3805 5513 catechumef

363 5534 459 5590 nis
489 5537 663 5605 atque
697 5511 1168 5605 competentibus
1200 5511 1576 5601 excederent,
1608 5529 1836 5585 crebris
1865 5529 2166 5601 precibus,
2217 5528 2593 5598 exorcismis,
2640 5527 2893 5601 aliisque
2941 5528 3315 5584 caeremoniis
3362 5529 3434 5585 ad
3482 5511 3805 5608 baptisfl‘l’f

362 5599 894 5695 praeparabantur:
929 5620 1386 5701 admittebantur
1432 5599 1742 5675 audiendis
1791 5599 2204 5693 concionibus,
2251 5618 2354 5675 ubi
2400 5599 2895 5692 potissimumieo
2943 5616 3170 5690 regidis
3216 5618 3442 5676 ethicas
3488 5599 3837 5701 Christitlff,

371 5688 667 5788 dogmatis
716 5710 902 5773 imbui
949 5710 1161 5769 solitos
1210 5709 1307 5768 hic
1355 5696 1486 5789 ipse
1529 5710 1735 5771 auctor
1782 5710 1981 5785 aperte
2029 5688 2201 5769 docet
2228 5688 2421 5785 (Ibid:
2454 5723 2615 5768 num.
2651 5706 2725 5785 1).
2755 5705 2894 5768 Suis
2924 5688 3121 5768 tamen
3150 5707 3515 5777 orationibus
3543 5688 3803 5755 αᾶνοηπ
