3936 6168
206 345 286 412 01
1097 330 1353 402 LIBER
1379 334 1492 401 DE
1520 329 1998 399 MYSTERIIS.
2032 368 2110 383 —-
2133 332 2644 400 ADMONITIO.
3490 334 3612 399 402

197 543 311 603 falsa
328 547 376 599 et
408 541 574 613 impia
606 539 975 596 ethnicorum
987 542 1162 610 atque
1194 537 1608 593 haereticorum
1636 536 1850 608 placita
1879 533 2308 605 disputationes
2329 532 2658 588 miscebant
2696 534 2975 606 episcopi
3012 549 3024 589 :
3057 550 3248 607 neque
3278 534 3452 591 etiam
3481 534 3615 591 uni-

195 636 296 689 tatis
322 628 648 687 substantiae
681 628 918 697 divinae,
950 627 1255 682 Trinitatis
1286 642 1679 698 personarum
1710 624 2170 690 adorandarum,
2204 623 2574 693 aliorumque
2609 623 2882 692 capitum,
2916 640 3050 695 quas
3083 624 3232 695 ipsis
3265 641 3298 679 e
3328 624 3611 696 Symbolo

195 722 370 793 exponi
390 721 839 786 consueverant,
873 717 1273 789 cognitionem
1317 716 1584 770 inserere
1626 712 2171 785 praeter-mittebant.
2206 712 2279 764 At
2316 726 2460 764 vero
2500 710 2773 781 penitiori
2805 712 3053 766 aliorum
3085 715 3611 782 sacramentorum,

187 814 230 866 et
253 826 353 880 prae
381 806 605 861 caeteris
637 805 1049 873 Eucharistiae,
1095 804 1476 858 discussione
1517 817 1770 872 prorsus
1811 800 2210 854 abstinebant.
2272 799 2451 853 Erant
2477 814 2655 869 porro
2687 815 2754 853 ea
2785 801 2998 855 mentis
3028 801 3322 856 docilitate
3352 802 3496 857 boni
3526 801 3613 856 illi

185 897 444 970 religionis
471 898 696 950 nostrae
730 894 1041 960 candidati,
1102 897 1163 947 ut
1196 908 1327 963 quae
1360 892 1510 961 ipsis
1544 890 1853 945 manifesta
1885 904 2023 943 esse
2055 888 2290 943 nolebat
2341 887 2629 957 Ecclesia,
2660 904 2830 943 suam
2868 889 2941 942 ad
2971 905 3038 943 ea
3070 889 3468 946 curiositatem
3498 891 3615 945 mi-

186 989 309 1042 nime
347 985 773 1056 protenderent,
824 984 935 1037 roti
978 982 1256 1036 videlicet
1292 980 1441 1035 nihil
1485 979 1621 1035 falsi
1671 982 1769 1033 aut
1807 978 2206 1048 superstitiosi
2259 978 2452 1031 cultus
2495 977 2593 1031 illa
2633 977 2922 1032 contineri
2968 978 3278 1049 religione,
3337 994 3471 1050 quae
3525 981 3613 1034 tot

181 1074 433 1132 miraculis
473 1090 546 1128 ac
584 1072 876 1144 prodigiis
907 1071 1068 1140 fulta,
1104 1085 1286 1140 super
1315 1068 1682 1135 idololatriae,
1716 1083 1892 1138 quam
1940 1066 2284 1134 subruebat,
2330 1066 2518 1120 ruinis
2550 1066 2727 1120 unius
2759 1066 2867 1121 Dei
2892 1066 3291 1121 adorationem
3322 1068 3606 1140 erigebat,

171 1180 379 1236 quaeque
399 1165 757 1218 sectatorum
787 1176 1031 1215 suorum
1065 1174 1263 1214 mores
1292 1158 1365 1213 ad
1397 1158 1687 1212 amussim
1717 1157 1864 1211 adeo
1898 1171 2169 1210 severam
2200 1159 2258 1209 et
2289 1154 2498 1209 rationi
2532 1170 2859 1209 consonam
2889 1155 3051 1226 exigi
3071 1154 3425 1226 postulabat.
3464 1155 3610 1210 Haec

173 1252 494 1307 instituendas
525 1252 663 1306 vita)
691 1253 986 1321 prmcepta
1018 1248 1278 1303 nondum
1308 1246 1616 1317 baptizatis
1639 1262 1672 1299 a
1704 1261 1771 1299 se
1795 1245 2003 1298 tradita
2032 1245 2232 1316 signat
2264 1243 2619 1298 Ambrosius
2670 1244 2878 1313 primis
2908 1244 3076 1298 hisce
3113 1244 3319 1298 verbis
3350 1243 3439 1298 De
3488 1259 3610 1299 mo-

176 1342 367 1396 ralibus
385 1340 784 1412 quotidianum
802 1353 1136 1393 sermonem
1154 1336 1486 1404 habuimus,
1508 1336 1618 1389 etc.
1650 1332 1874 1404 (Ibid),
1896 1332 1994 1386 ubi
2028 1332 2215 1387 libros
2236 1332 2324 1387 De
2345 1332 2650 1386 Abraham
2672 1334 2847 1402 atque
2869 1331 3019 1386 alios
3042 1347 3193 1402 quos
3211 1332 3284 1386 ab
3307 1347 3377 1387 eo
3409 1347 3611 1387 coram

173 1429 565 1483 catechumenis
588 1431 645 1482 et
675 1427 1144 1497 competentibus
1175 1424 1587 1495 pronuntiatos
1620 1421 2159 1478 demonstravimus
2188 1421 2508 1490 (Admonit.
2543 1421 2602 1474 in
2634 1420 2745 1474 hos
2776 1420 2924 1489 lib.),
2949 1420 3199 1492 intelligi
3230 1421 3335 1474 vix
3363 1420 3611 1476 dubium

169 1522 255 1572 est.
282 1515 590 1587 Subjungit
646 1530 788 1569 vero
841 1530 974 1568 cum
1021 1529 1127 1568 eos
1157 1513 1259 1583 qui
1306 1527 1480 1567 sacro
1512 1510 1864 1581 baptismate
1893 1510 2226 1582 regenerati
2285 1510 2425 1580 sint,
2460 1510 2597 1564 hinc
2646 1509 3013 1581 alloquetur;
3044 1509 3160 1565 sibi
3191 1512 3255 1564 ut
3286 1509 3436 1581 ipsis
3470 1525 3607 1565 cum

167 1605 392 1676 eiusdem
419 1604 799 1672 sacramenti,
831 1605 951 1657 tum
980 1601 1230 1656 aliorum
1261 1601 1549 1655 rationem
1577 1603 1751 1671 atque
1783 1600 2171 1654 cmremonias
2202 1599 2488 1669 declaret,
2524 1600 2889 1655 incumbere.

222 1693 451 1747 Primum
498 1693 686 1766 igitur
725 1694 861 1763 post
910 1690 1259 1761 explicatam
1300 1690 1423 1743 oris
1462 1691 1636 1758 atque
1680 1688 1911 1742 aurium
1949 1689 2312 1758 apertionem
2357 1690 2507 1759 (cap.
2543 1686 2594 1758 1,
2629 1704 2789 1742 num.
2822 1689 2909 1757 3),
2942 1705 3012 1743 ac
3062 1692 3442 1744 memoratam
3471 1705 3607 1761 quae

163 1781 305 1836 ﬁebat
328 1782 386 1835 in
412 1780 786 1851 baptisteria,
819 1778 1210 1851 ejurationem
1240 1778 1392 1848 (cap.
1424 1776 1478 1845 2,
1511 1792 1670 1830 num.
1725 1776 1777 1845 5,
1826 1775 1903 1844 6),
1954 1776 2150 1831 fontes
2206 1777 2681 1832 benedictionem
2726 1780 2933 1832 tractat
2979 1780 3135 1849 (cap.
3168 1778 3222 1846 3,
3256 1778 3288 1832 4
3319 1781 3376 1832 et
3402 1778 3482 1843 5).
3518 1778 3606 1832 Ibi

158 1874 316 1925 autem
344 1874 401 1925 ut
427 1869 641 1940 probet
672 1886 788 1924 non
820 1884 988 1940 aqum
1020 1867 1310 1938 simplicis
1343 1864 1627 1934 efﬁcacia,
1663 1865 1771 1920 sed
1792 1866 2073 1934 praesenti
2100 1865 2355 1936 Spiritus
2386 1866 2569 1920 divini
2590 1866 2803 1921 virtute
2834 1866 3346 1938 regenerationem
3374 1867 3601 1937 perfici,

158 1960 291 2013 varia
317 1959 584 2030 symbola
615 1959 834 2030 quibus
864 1958 1018 2013 idem
1049 1959 1483 2012 sacramentum
1515 1954 1575 2009 in
1612 1954 1798 2008 veteri
1829 1954 1962 2025 lege
1991 1956 2435 2026 prmiiguratum
2483 1959 2593 2025 est,
2628 1956 2940 2026 expendit;
2988 1957 3141 2011 unde
3172 1957 3347 2011 etiam
3376 1957 3606 2028 colligit

158 2062 353 2102 sacram
379 2048 536 2101 illam
570 2047 930 2102 ablutionem
962 2046 1232 2100 eumdem
1255 2060 1495 2115 semper
1521 2042 1793 2098 effectum
1817 2042 2102 2111 obtinere,
2156 2059 2289 2096 cum
2321 2043 2393 2096 ad
2442 2060 2574 2098 eum
2606 2044 2871 2114 probitas
2893 2045 3319 2114 improbitasve
3349 2046 3607 2100 ministri

153 2136 269 2190 nihil
296 2136 576 2191 conferat.
603 2136 742 2191 Mox
772 2152 804 2190 e
832 2136 1068 2190 vivitico
1102 2135 1336 2189 lavacro
1368 2132 1778 2188 excedentium
1835 2130 1907 2185 ad
1940 2131 2282 2201 episcOpum
2305 2148 2337 2185 a
2370 2149 2485 2202 quo
2517 2136 2652 2201 post
2681 2132 3017 2188 unctionem
3054 2134 3263 2204 capitis
3286 2149 3355 2188 ac
3385 2134 3603 2205 pedum

154 2224 391 2279 lationem
422 2227 577 2297 (cap.
612 2226 665 2295 6,
699 2242 859 2280 num.
893 2224 961 2279 29
991 2227 1048 2279 et
1066 2225 1253 2295 seq.),
1288 2225 1457 2278 veste
1489 2222 1735 2276 candida
1768 2221 1919 2290 (cap.
1943 2219 1996 2288 ’7,
2030 2236 2189 2290 num,
2220 2220 2289 2275 3i
2318 2228 2375 2274 et
2404 2223 2560 2291 seq.)
2583 2221 2999 2291 induebantur,
3033 2238 3349 2277 accessum
3379 2226 3599 2278 narrat.

153 2312 290 2376 Tum,
303 2313 526 2367 reddita
560 2312 858 2383 cujusque
890 2311 1263 2366 caeremoniae
1294 2311 1541 2379 ratione,
1564 2314 1779 2381 quanta
1809 2308 2007 2363 laetitia
2031 2309 2105 2363 ob
2131 2308 2365 2364 familia
2398 2326 2525 2363 suae
2554 2310 3069 2381 amplificationem
3090 2310 3308 2383 gestiat
3329 2311 3600 2367 Ecclesia

151 2403 320 2467 mater,
349 2400 720 2470 depromptis
766 2416 798 2454 e
831 2399 1071 2454 Cantico
1095 2397 1459 2453 canticorum
1490 2398 1802 2452 sententiis
1834 2398 2109 2467 exprimit
2141 2398 2319 2465 (Ibid.
2354 2414 2513 2456 num.
2546 2399 2615 2453 35
2647 2401 2704 2453 et
2732 2399 2922 2470 [seq.).
2954 2399 3282 2464 Postremo,
3325 2400 3427 2454 ubi
3460 2417 3599 2456 neo-

147 2488 328 2559 phytos
353 2492 619 2559 acceptae
649 2487 1146 2543 Comfirmationis
1175 2502 1286 2556 ope
1318 2489 1545 2556 septem
1575 2486 1748 2541 donis
1780 2486 2034 2557 Spiritus
2057 2487 2280 2541 sanctis
2312 2486 2525 2541 (litatos
2555 2491 2729 2559 atque
2761 2491 3079 2543 exornatos
3112 2488 3304 2543 fuisse
3342 2489 3601 2544 affirma-

144 2576 290 2644 (Ibid.
320 2594 476 2632 num.
511 2577 628 2647 62),
653 2577 1146 2648 quemadmodum
1191 2575 1444 2631 solemni
1484 2591 1696 2645 pompa
1756 2591 1831 2630 ex
1887 2575 2232 2645 baptisterio
2277 2577 2350 2631 ad
2390 2577 2571 2631 altare
2618 2577 3046 2647 processerint.
3082 2580 3144 2632 ut
3174 2577 3255 2632 ibi
3305 2578 3598 2634 Dominici

143 2665 373 2736 corporis
400 2666 799 2721 reficerentur
827 2668 1217 2731 sacramento,
1253 2664 1451 2719 multis
1484 2664 1765 2720 edisserit
1794 2667 1945 2735 (cap.
1971 2665 2004 2719 8
2026 2681 2191 2724 num.
2221 2666 2336 2727 43).
2362 2667 2485 2721 Nec
2506 2682 2651 2721 sane
2673 2666 2906 2735 mirum,
2949 2666 3002 2721 si
3034 2666 3093 2721 iu
3125 2667 3237 2722 hoc
3269 2669 3598 2724 asserendo

145 2753 451 2810 immoretur
477 2754 669 2809 multo
699 2754 960 2826 longius,
1004 2769 1136 2808 cum
1170 2752 1305 2807 finis
1335 2756 1391 2807 et
1422 2754 1853 2814 consummatio
1885 2754 1963 2808 sit
1993 2757 2363 2810 caaterorum.

195 2841 487 2897 Profitetur
515 2843 718 2913 itaque
741 2842 795 2895 id
828 2842 946 2897 sibi
974 2857 1113 2896 esse
1144 2842 1202 2895 in
1233 2842 1449 2907 animo,
1485 2845 1545 2895 ut
1578 2858 1800 2897 summa
1829 2842 2027 2897 studio
2062 2842 2223 2912 (Ibid
2264 2860 2425 2898 num.
2470 2843 2560 2913 44)
2597 2845 2827 2899 cunctis
2863 2846 3085 2901 veteris
3116 2846 3453 2920 Synagogae
3499 2864 3601 2902 sa-

143 2933 423 2987 cramentis
450 2933 568 2987 hoc
602 2932 800 3002 ipsum
839 2931 1182 3003 antiquitate
1230 2934 1406 3001 atque
1446 2930 1793 2985 excellentia
1823 2931 2260 3002 praeferendum
2299 2935 2564 3003 astruat;
2611 2949 2861 3005 quorum
2898 2934 3138 3005 quidem
3175 2937 3430 3005 primum
3464 2937 3601 2991 inde

147 3020 388 3091 ostendit,
423 3020 587 3092 quod
623 3021 794 3091 panis
824 3036 893 3074 ac
916 3020 1116 3074 vinum
1148 3019 1405 3074 Abrahae
1436 3018 1697 3075 oblatum
1724 3036 1756 3073 a
1785 3019 2247 3089 Melchisedech,
2281 3021 2672 3077 Eucharistim
2703 3024 2892 3094 figura
2924 3024 3216 3079 exstiterit
3245 3025 3420 3093 (Ibid.
3437 3041 3598 3080 num.

142 3107 214 3169 45‘)
239 3123 252 3161 :
282 3109 614 3163 secundum
647 3112 842 3162 autem
874 3123 944 3162 eo
980 3107 1363 3173 demonstrat,
1400 3107 1558 3178 quod
1588 3124 1712 3177 prm
1744 3107 1875 3177 ipso
1909 3124 2119 3163 manna
2150 3125 2268 3180 quo
2305 3110 2449 3164 nihil
2483 3111 2749 3165 sanctius
2788 3111 3121 3166 habuerunt
3149 3113 3452 3181 lsraelitae,
3488 3114 3600 3167 hoc

143 3196 452 3265 mysterium
484 3198 653 3250 tanto
686 3195 986 3266 praecellat
1014 3196 1165 3267 (cap.
1198 3195 1231 3249 8
1261 3199 1319 3250 et
1347 3196 1424 3265 9),
1466 3198 1683 3267 quanto
1708 3196 1909 3268 potior
1950 3203 2042 3252 est
2072 3197 2179 3252 qu
2206 3214 2372 3270 quam
2393 3198 2620 3267 umbra,
2664 3200 2893 3254 veritas
2923 3217 3090 3272 quam
3115 3199 3327 3272 figura,
3388 3217 3602 3273 corpus

142 3286 369 3339 auctoris
398 3302 572 3358 quam
608 3301 821 3339 manna
857 3287 1007 3355 (cap.
1048 3284 1102 3353 8,
1157 3300 1316 3339 num.
1368 3284 1480 3355 49;.
1525 3284 1840 3340 Enimvero
1891 3286 2027 3357 quia
2087 3287 2400 3358 neophytis
2456 3288 2519 3342 in
2567 3291 2839 3359 promptu
2871 3292 2993 3343 erat
3023 3292 3224 3344 contra
3253 3306 3549 3360 opponere
3586 3308 3597 3345 :

146 3371 299 3426 Aliud
332 3374 522 3443 video,
546 3374 830 3446 quomodo
850 3380 912 3429 tu
932 3374 1081 3427 milii
1102 3373 1334 3428 asseris
1354 3373 1765 3459 quodCbristi
1782 3390 1996 3447 cor-gas
2016 3375 2297 3447 accipiam
2319 3376 2470 3447 (cap.
2503 3376 2558 3459 9,
2583 3392 2743 3430 num.
2776 3377 2865 3448 50)
2882 3379 2911 3430 ?
2939 3376 3015 3431 ad
3043 3376 3398 3448 objectionis
3429 3379 3597 3434 solu-

137 3460 318 3516 tionem
347 3463 725 3535 aggreditur.
753 3461 833 3517 Ea
877 3465 1215 3532 propter'ut
1254 3454 1559 3532 rcpu'dial’o
1600 3454 2344 3537 Sensuum,«corporeorum
2367 3458 2724 3545 testimonio,
2758 3478 2968 3537 penem
3013 3464 3071 3520 in
3114 3466 3347 3520 Domini
3377 3483 3596 3538 corpus

142 3550 456 3606 sacerdotali
487 3551 905 3606 benedictione
939 3550 1203 3605 converti
1237 3554 1397 3605 certo
1446 3553 1699 3622 teneant,
1739 3567 1856 3606 non
1908 3552 2081 3607 mede
2106 3552 2436 3607 clarissima
2467 3570 2718 3625 quaeque
2750 3548 3020 3625 prodigia
3068 3554 3287 3626 quibus
3320 3558 3600 3611 mutatam

140 3636 296 3693 fuisse
325 3644 598 3695 naturam
630 3640 724 3694 vel
757 3640 930 3694 etiam
961 3656 992 3692 ει
1026 3640 1210 3695 nihilo
1254 3644 1511 3695 creatam
1555 3640 1745 3694 Prisci
1786 3641 2149 3707 Testamenti
2191 3641 2389 3696 ferunt
2433 3643 2671 3713 tabulae,
2707 3642 2766 3696 in
2802 3642 3058 3697 medium
3097 3643 3322 3713 profert
3348 3646 3501 3715 (cap.
3536 3644 3593 3715 9,

141 3742 271 3782 nam.
300 3730 359 3783 51
394 3732 453 3784 et
480 3730 577 3798 5‘2)
606 3745 622 3798 ;
656 3745 861 3783 verum
896 3729 1065 3783 etiam
1101 3729 1517 3784 miraculorum
1550 3730 1809 3783 omnium
1841 3730 2158 3785 maximum
2194 3730 2348 3801 citat,
2398 3730 2618 3786 Christi
2660 3731 2889 3786 scilicet
2924 3731 3387 3788 incarnationem
3416 3733 3595 3803 (Ibid.

141 3830 272 3872 num.
300 3817 409 3887 53).
446 3819 603 3874 Tum
636 3819 809 3890 quasi
842 3819 999 3873 omni
1029 3818 1413 3874 dubitationis
1444 3819 1758 3874 occasione
1790 3835 2040 3890 prorsus
2080 3819 2346 3892 depulsa,
2389 3820 2761 3875 innocentem
2796 3820 2952 3875 hunc
2982 3837 3226 3893 gregem
3258 3837 3597 3878 accommo-

140 3904 265 3959 datis
313 3906 699 3963 Canticorum
745 3907 1099 3979 quibusdam
1156 3907 1475 3963 versiculis
1523 3911 1721 3963 monet
1764 3902 1940 3976 (Ibid.
1982 3909 2052 3963 55
2092 3912 2148 3962 et
2177 3908 2352 3980 seq.),
2404 3912 2467 3963 ut
2494 3904 2788 3965 secretum
2820 3913 3173 3980 praestantes
3204 3912 3506 3982 mysterio,
3541 3914 3600 3967 et

136 3992 397 4050 Christum
420 3997 689 4051 diversis
720 3996 999 4051 virtutum
1034 3996 1325 4052 fructibus
1359 3997 1417 4050 in
1448 4013 1515 4052 se
1545 4001 1882 4068 pascentes,
1917 3995 2246 4051 Ecclesiam
2276 3996 2605 4053 exhilarent
2642 4013 2654 4054 :
2690 4014 2799 4053 nec
2831 3998 2890 4052 in
2919 4002 3222 4069 posterum
3253 3999 3324 4055 de
3356 4016 3465 4055 sua
3497 4016 3596 4055 re-

140 4088 487 4152 generatione
521 4103 783 4158 unquam
824 4086 1145 4159 ambigant.

193 4170 288 4227 Hic
316 4190 495 4245 porro
527 4175 708 4229 nobis
739 4178 1067 4244 temperare
1098 4175 1335 4230 minime
1368 4186 1714 4246 possumus,
1746 4174 1889 4246 quin
1920 4191 2109 4247 pauca
2136 4176 2407 4247 quaedam
2437 4176 2814 4232 eucharistiae
2846 4178 3197 4234 occasiones
3222 4176 3592 4234 animadver-

138 4262 316 4316 tamus.
348 4264 701 4335 Neophytos
724 4280 756 4316 a
786 4264 1135 4333 baptismate
1164 4264 1357 4319 adhuc
1388 4265 1694 4320 madentes
1729 4265 2049 4336 episcopus
2080 4269 2587 4321 sacramentorum
2635 4266 2859 4322 eisdem
2892 4268 3179 4323 hactenus
3213 4267 3592 4340 ingnotorum

140 4348 293 4415 plima
320 4352 669 4423 cognitione
699 4351 969 4405 instituit.
1005 4351 1267 4422 Simplex
1297 4355 1389 4407 est
1418 4368 1483 4407 ea
1518 4353 1851 4409 catechesis
1884 4357 1940 4408 et
1971 4355 2043 4408 ab
2076 4355 2235 4410 omni
2264 4356 2738 4427 amplificationis
2770 4373 2839 4412 ac
2869 4357 3221 4429 eloquentiae
3252 4356 3388 4411 fuco
3419 4356 3591 4427 plane

139 4436 314 4493 aliena.
372 4442 512 4495 Ideo
582 4440 698 4494 loci
765 4444 972 4493 auctor
1011 4441 1379 4511 probandum
1442 4444 1773 4512 proposuit,
1827 4443 2246 4499 eucharistiam
2289 4462 2413 4515 prae
2458 4462 2669 4500 manna
2718 4450 2877 4501 tanto
2926 4445 3397 4516 praestantiorem
3427 4460 3588 4514 esse,

139 4532 321 4594 quanto
352 4530 626 4583 umbram
657 4545 876 4600 corpus
905 4533 1165 4601 superat,
1209 4530 1430 4585 veritas
1481 4531 1754 4602 figuram.
1792 4532 1919 4586 Hoc
1966 4534 2028 4587 ut
2083 4533 2465 4603 demonstret,
2516 4534 2737 4589 Christi
2770 4550 3007 4589 carnem
3038 4535 3096 4588 in
3126 4550 3303 4605 quam
3332 4550 3436 4605 per
3470 4535 3591 4591 Do-

142 4613 319 4670 minica
348 4618 533 4672 verba
566 4634 778 4689 panem
829 4618 1091 4673 converti
1126 4619 1319 4687 docet,
1354 4618 1412 4672 in
1444 4624 1815 4675 sacramento
1846 4622 2134 4676 contineri
2193 4623 2417 4692 smpius
2462 4625 2690 4693 repetit.
2744 4622 3046 4693 Exemplis
3093 4623 3165 4676 ad
3197 4623 3584 4678 asserendam

143 4699 265 4757 hanc
293 4707 674 4761 mutationem
703 4707 886 4761 utitur
914 4708 1174 4761 omnium
1206 4708 1460 4762 maxime
1508 4708 1895 4780 prodigiosis.
1957 4711 2219 4783 Denique
2252 4727 2483 4766 summo
2517 4715 2728 4765 conatu
2757 4710 3040 4781 adhibito,
3072 4715 3134 4765 ut
3167 4712 3475 4767 oculorum
3507 4716 3590 4768 te-

142 4790 378 4849 stimonio
409 4795 755 4867 derogetur,
790 4796 1090 4851 contendit
1118 4813 1226 4851 nec
1261 4797 1583 4853 levissimae
1618 4798 1967 4853 dubitationi
1999 4800 2194 4854 locum
2225 4815 2384 4867 esse,
2424 4800 2564 4871 quin
2604 4816 2636 4855 e
2667 4815 2816 4870 pane
2845 4815 3021 4871 quem
3051 4804 3406 4871 prmsentem
3442 4818 3587 4857 scn-

143 4893 227 4931 sus
250 4885 523 4953 nuntiant,
560 4900 679 4939 non
709 4885 897 4955 figura
921 4886 1212 4956 corporis,
1248 4886 1353 4940 sed
1376 4901 1595 4957 corpus
1627 4888 1821 4957 ipsum
1847 4888 2312 4958 tiatconccptum
2344 4889 2401 4942 in
2435 4888 2698 4961 Virginis
2731 4891 2918 4955 utero,
2953 4892 3009 4943 et
3040 4888 3110 4943 ad
3145 4893 3408 4945 extrema
3442 4908 3586 4962 sup-

147 4965 288 5033 plicia
314 4987 418 5042 pro
450 4973 629 5027 nobis
657 4974 953 5027 traditum.
991 4973 1136 5038 Quis
1168 4990 1313 5046 ergo
1346 4978 1523 5047 neget
1551 4976 1868 5045 praesulem
1901 4981 2167 5031 nostrum
2200 4992 2399 5031 veram
2431 4980 2487 5032 et
2516 4977 2966 5033 substantialem
2995 4981 3449 5035 conversionem
3490 4980 3588 5035 hic

144 5060 424 5124 agnovisse
444 5065 474 5116 1’
506 5062 672 5116 Hanc
705 5066 899 5117 autem
930 5079 1062 5117 cum
1086 5063 1218 5116 istis
1243 5063 1473 5117 Domini
1504 5064 1726 5133 verbis,
1759 5063 1882 5118 Hoc
1905 5069 1996 5119 est
2018 5081 2231 5136 corpus
2257 5080 2444 5119 meum
2463 5065 2701 5135 (Matt/2.
2723 5084 2886 5137 xxvx,
2919 5066 3031 5139 ‘26),
3067 5068 3354 5123 firmatam
3376 5084 3445 5124 ac
3470 5073 3590 5126 sta-

147 5139 329 5202 bilitam
361 5150 500 5205 velit
551 5152 703 5221 (cap.
756 5151 810 5219 9,
845 5167 1004 5206 num.
1058 5152 1170 5222 52),
1216 5168 1410 5206 nonne
1460 5153 1774 5208 manifesto
1813 5153 2160 5225 intelligitur
2201 5154 2274 5209 ab
2307 5170 2377 5209 eo
2412 5154 2508 5209 illa
2541 5154 2601 5210 in
2629 5155 2881 5227 simplici
2913 5159 3088 5229 atque
3119 5159 3360 5229 proprio
3391 5175 3578 5215 sensu

147 5235 316 5305 accipi,
345 5240 553 5294 nonin
585 5242 836 5313 figurato
868 5243 895 5294 ζ)
934 5241 1211 5296 Fatemur
1265 5241 1503 5312 quidem
1549 5242 1809 5297 adhibita
1857 5259 2092 5314 quoque
2123 5244 2196 5297 ab
2246 5243 2343 5298 illo
2396 5245 2815 5300 miraculorum
2854 5248 3244 5318 quorumdam
3286 5249 3579 5321 exempla,

152 5322 331 5387 quibus
360 5329 754 5399 regenerandi
783 5329 900 5383 vim
933 5330 1225 5400 baptismo
1249 5331 1450 5386 inesse
1482 5331 1898 5402 persuaderet:
1932 5333 2037 5386 sel
2070 5333 2190 5387 illic
2224 5332 2295 5387 de
2326 5332 2537 5388 virtute
2567 5334 2926 5405 producendi
2952 5334 3197 5391 effectus
3229 5337 3441 5407 agitur,
3467 5352 3584 5390 non

152 5408 205 5461 de
245 5415 606 5470 substantiali
653 5417 844 5487 aliqua
888 5418 1242 5478 mutatione;
1276 5435 1569 5490 nusquam
1615 5420 1771 5475 enim
1802 5437 1970 5493 aquae
2022 5425 2283 5476 naturam
2316 5423 2577 5478 converti
2609 5423 2671 5478 in
2702 5423 2984 5494 Spiritum
3014 5424 3150 5479 istic
3181 5424 3445 5495 reperias
3481 5440 3492 5475 :
3526 5427 3583 5475 at

151 5509 174 5546 ε
196 5504 454 5559 contrario
485 5522 613 5560 eam
646 5522 883 5577 semper
914 5507 1267 5574 subsistere,
1302 5524 1370 5562 ac
1401 5513 1535 5579 post
1564 5510 2034 5565 benedictionem
2052 5511 2223 5565 etiam
2246 5528 2549 5566 remanere
2572 5515 2689 5566 tam
2712 5513 3042 5583 expressis,
3078 5517 3193 5566 tam
3223 5526 3383 5580 saepe
3416 5510 3581 5563 itera-

153 5584 211 5637 tis
232 5593 411 5646 verbis
440 5598 727 5665 testatur;
759 5599 821 5650 ut
850 5597 1285 5667 quodammodo
1337 5599 1624 5668 videatur,
1659 5615 1731 5654 ne
1763 5600 1897 5671 quis
1930 5599 2079 5652 hanc
2110 5599 2225 5654 sibi
2257 5599 2594 5669 Opinionem
2626 5600 2684 5654 in
2716 5604 2970 5655 mentem
2999 5598 3320 5662 induceret,
3353 5611 3582 5664 praeca-

156 5674 299 5732 visse.
330 5682 412 5735 Ad
441 5684 576 5737 haec
604 5701 773 5739 nemo
805 5700 921 5739 non
953 5685 1108 5739 videt
1140 5702 1316 5757 quam
1344 5686 1580 5741 diversa
1614 5687 1689 5741 sit
1723 5687 1834 5742 hoc
1863 5688 1995 5742 loco
2026 5689 2300 5743 catholici
2330 5691 2505 5761 atque
2536 5688 2884 5744 heterodoxi
2905 5704 3103 5742 causa.
3131 5684 3357 5739 Etenim
3379 5684 3609 5754 quivis.

157 5768 473 5850 sacerdotum
505 5776 842 5827 nostrorum
875 5773 1329 5830 Ambrosianam
1361 5776 1419 5830 in
1442 5775 1689 5831 rudibus
1723 5775 1896 5832 istius
1911 5777 2173 5850 mysterii
2196 5777 2535 5850 cognitione
2568 5775 2947 5832 instituendis
2976 5774 3262 5831 rationem
3289 5773 3347 5827 et
3377 5771 3587 5833 lauda-

155 5847 217 5903 bit
237 5860 283 5909 et
308 5864 585 5936 sequetur
610 5878 786 5937 quam
804 5862 1219 5922 lubentissime
1257 5882 1268 5922 :
1295 5866 1447 5941 quis
1481 5880 1624 5923 vero
1673 5847 2080 5929 ministrorum
2112 5847 2506 5931 sectariorum
2536 5865 2846 5927 tenendam
2873 5862 2992 5920 sibi
3021 5863 3194 5943 plane
3222 5862 3590 5931 contrariam
