3936 6168
285 309 408 374 405
1174 362 1179 366 .
1568 303 1828 367 LIBER
1853 303 1966 366 DE
1996 303 2473 368 MYSTERIIS.
3626 318 3727 388 406

286 507 690 582 delinquendi,
724 507 1118 580 signiﬁcatur,
1153 519 1524 577 nequaquam
1557 507 1715 560 recte
1745 503 2140 558 intellexerint
2171 503 2228 559 in
2260 520 2522 561 errorem
2553 506 2827 564 inductos
2858 509 2930 564 ad
2971 525 3107 566 eum
3143 509 3340 566 locum
3389 512 3722 572 demonstra-

281 597 480 652 bimus
512 597 667 668 (cap.
701 597 755 666 6,
789 613 949 652 num.
980 595 1093 666 32).

355 685 568 740 Ultima
597 685 838 740 Cociani
868 685 1110 741 editoris
1141 683 1288 738 ratio
1319 686 1434 738 tam
1465 682 1650 738 futilis
1680 685 1792 752 est,
1825 685 1888 736 ut
1918 699 1952 736 a
1981 681 2154 736 nobis
2185 681 2392 736 referri
2428 683 2526 738 vix
2546 688 2873 755 mereatur;
2905 686 2984 741 ait
3005 689 3162 743 enim
3193 687 3351 759 quod
3371 689 3431 742 in
3460 689 3727 763 baptismo

283 773 707 845 exprimendas
727 790 864 829 esse
897 780 1027 828 tres
1049 787 1344 845 personas
1371 771 1612 827 divinas
1642 771 1738 825 hic
1770 773 1976 825 auctor
2005 770 2163 837 dicit,
2199 787 2332 825 cum
2364 787 2432 826 eo
2457 789 2722 844 pugnare
2743 775 2901 844 quod
2925 776 2982 829 in
3014 775 3185 831 libris
3206 777 3278 831 de
3308 775 3523 848 Spiritu
3550 785 3731 839 sancto

280 863 592 931 asset-itur,
625 862 698 917 ad
731 862 1098 932 Baptismum
1128 879 1190 916 in
1203 861 1563 915 vocationem
1598 861 1769 914 unius
1787 875 2062 931 personae
2101 859 2164 914 di
2175 860 2322 914 vince
2365 866 2587 914 tantum
2625 863 2926 918 sufficere.
2969 864 3086 919 Sed
3117 865 3172 919 si
3202 864 3594 922 admitteretur
3621 869 3734 926 haec

282 951 648 1021 consecutio,
683 951 724 1006 ii
753 967 961 1006 omnes
994 951 1128 1005 libri
1160 951 1218 1005 in
1249 949 1468 1021 quibus
1496 952 1620 1004 tres
1651 948 1884 1026 divinas
1910 963 2200 1018 personas
2231 948 2290 1002 in
2319 949 2614 1020 baptismo
2648 951 3036 1020 proferendas
3081 953 3349 1024 traditur,
3383 955 3737 1027 abjudicandi

281 1043 488 1096 essent
515 1040 834 1096 Ambrosio
859 1055 872 1095 :
907 1040 1065 1111 quod
1095 1039 1391 1094 afﬁrmare
1421 1038 1514 1093 vel
1547 1037 1662 1108 ipsi
1692 1037 2019 1092 adversarii
2049 1037 2492 1092 erubescerent.
2527 1037 2604 1092 At
2642 1039 2798 1093 enim
2844 1055 3118 1112 quaenam
3145 1042 3206 1096 in
3249 1057 3319 1097 eo
3349 1046 3732 1116 repugnantia,

281 1129 336 1182 si
367 1129 501 1200 quis
533 1128 605 1183 de
637 1129 934 1184 communi
963 1127 1148 1200 hujus
1179 1125 1534 1182 sacramenti
1565 1125 2014 1180 administrandi
2045 1126 2269 1180 ratione
2301 1142 2512 1198 agens,
2545 1127 2909 1183 invocandas
2940 1132 3062 1184 tres
3092 1145 3385 1200 personas
3415 1132 3636 1188 divinas
3663 1134 3738 1188 di-

282 1221 415 1285 cat;
457 1217 610 1272 idem
640 1220 832 1273 tamen
865 1217 1176 1288 disputans
1214 1220 1407 1271 utrum
1448 1215 1806 1286 baptismum
1845 1214 2160 1284 aliquando
2210 1215 2324 1270 sub
2372 1232 2646 1286 personae
2694 1218 2873 1273 unius
2923 1219 3295 1275 invocatione
3339 1221 3605 1276 collatum
3647 1239 3740 1294 pro

279 1305 476 1360 valido
507 1305 714 1360 haberi
745 1307 1030 1376 Oporteat,
1064 1305 1453 1359 affirmantem
1487 1305 1680 1358 teneat
1710 1301 2068 1372 opinionem.
2101 1303 2214 1358 Sed
2249 1319 2317 1359 ea
2347 1305 2418 1359 de
2443 1321 2506 1359 re
2535 1321 2783 1374 agemus
2805 1321 2914 1362 suo
2937 1307 3090 1362 loco.
3110 1308 3350 1364 Interim
3369 1309 3504 1364 illos
3525 1311 3739 1382 pudeat,

281 1395 382 1466 qui
414 1397 531 1448 tam
561 1394 796 1450 levibus
819 1394 1132 1449 momentis
1156 1393 1371 1448 bonam
1394 1392 1774 1463 scriptionem
1799 1395 1854 1445 et
1875 1391 2189 1446 Ambrosio
2213 1391 2450 1446 minime
2467 1393 2770 1465 indignam
2791 1394 3053 1466 legitimo
3071 1396 3300 1466 parenti
3317 1400 3577 1467 ereptum
3597 1403 3740 1470 eunt,

281 1483 459 1554 idque
489 1498 606 1538 non
635 1486 856 1538 tantum
890 1487 1093 1538 contra
1123 1498 1271 1538 mss.
1305 1481 1586 1551 omnium,
1621 1497 1826 1534 verum
1859 1480 2033 1534 etiam
2061 1483 2264 1536 contra
2295 1483 2378 1535 tot
2404 1497 2474 1535 ac
2521 1484 2815 1537 tantorum
2857 1483 3120 1538 virorum
3165 1501 3280 1556 qua
3321 1485 3742 1557 catholicorum,

283 1587 399 1644 qua
429 1573 838 1642 sectariorum,
873 1589 987 1644 qua
1016 1575 1303 1641 veterum,
1341 1587 1457 1643 qua
1487 1571 1810 1625 recentium
1845 1569 2200 1636 testimonia,
2235 1571 2298 1622 ut
2325 1569 2380 1622 si
2410 1568 2596 1624 nolint
2627 1585 2829 1624 eorum
2861 1573 3202 1628 auctoritate
3242 1575 3605 1644 persuaderi,
3636 1575 3743 1629 sal-

281 1663 398 1716 tem
432 1660 800 1716 multitudine
832 1661 1004 1716 obrui
1035 1662 1288 1732 possint.
1322 1660 1448 1714 Nec
1479 1659 1816 1714 dubitamus
1848 1657 1961 1712 hoc
1991 1657 2325 1728 pervidisse
2376 1659 2704 1729 scriptores
2752 1659 2992 1730 multos,
3033 1663 3353 1734 magnique
3403 1663 3650 1718 nominis
3690 1664 3743 1718 in

285 1751 698 1806 communione
727 1750 1068 1806 Calviniana
1097 1749 1411 1820 (Blondel.,
1449 1747 1700 1815 Falcaxa,
1736 1747 1982 1815 Albert.,
2026 1747 2184 1816 etc.);
2215 1746 2694 1818 quandoquidem
2737 1763 3060 1818 paucorum
3091 1765 3124 1804 e
3155 1765 3286 1804 suis
3319 1766 3569 1806 censura
3595 1753 3747 1808 insu-

282 1855 391 1910 per
421 1839 636 1910 habita,
673 1839 1170 1895 calculum'suum
1210 1855 1328 1893 non
1360 1838 1712 1894 subtraxere
1745 1834 1994 1890 veritati.

356 1927 503 1982 Cum
532 1928 714 2001 igitur
744 1928 1126 1984 Ambrosium
1155 1927 1340 1999 hujus
1371 1926 1506 1982 libri
1535 1924 1926 1996 possessione
1945 1921 2090 1976 nihil
2111 1920 2370 1994 dejiciat,
2389 1921 2516 1994 jam
2545 1924 2933 1995 quaerendum
2962 1929 3056 1981 est
3075 1929 3318 1998 quotum
3341 1927 3531 1984 eidem
3553 1944 3750 1984 annum

284 2017 693 2073 attribuamus.
728 2019 792 2072 In
827 2017 958 2088 ipso
989 2017 1186 2072 statim
1216 2014 1610 2086 Operisinitio
1629 2013 1790 2068 illius
1815 2012 2060 2066 innuere
2077 2014 2310 2082 tempus
2333 2011 2568 2068 videtur
2587 2016 2830 2069 sanctus
2853 2015 3138 2086 antistes;
3171 2015 3268 2070 hic
3300 2016 3516 2088 quippe
3540 2018 3680 2089 (cap.
3701 2019 3748 2086 l,

285 2122 448 2161 num.
484 2107 536 2176 1)
567 2108 646 2162 ait
675 2107 748 2162 de
780 2107 1104 2161 moralibus
1136 2105 1540 2177 quotidianum
1571 2117 1908 2158 sermonem
1949 2101 2008 2155 in
2039 2101 2412 2170 exponendis
2440 2102 2908 2172 patriarcharum
2955 2105 3147 2177 gestis
3179 2120 3246 2160 se
3289 2104 3613 2176 habuisse;
3661 2107 3751 2162 ubi

283 2195 474 2250 libros
501 2195 573 2250 de
601 2195 922 2264 Abraham,
957 2195 1124 2249 Isaac
1153 2198 1211 2249 et
1243 2193 1448 2262 Jacob,
1483 2194 1540 2248 et
1569 2191 1722 2246 alios
1754 2191 1827 2245 ab
1860 2205 1930 2246 eo
1961 2188 2210 2261 intelligi
2241 2190 2366 2244 veri
2397 2194 2554 2246 certe
2586 2191 2949 2248 simillimum
2980 2196 3092 2249 est.
3127 2194 3405 2250 Fatemur
3422 2198 3612 2250 tamen
3633 2195 3752 2250 inde

283 2284 505 2355 aliquid
537 2285 760 2340 oboriri
791 2283 1176 2352 difficultatis,
1211 2282 1370 2355 quod
1401 2281 1606 2337 eadem
1635 2279 1707 2335 de
1738 2279 1976 2334 materia
2009 2279 2193 2333 variis
2224 2279 2398 2334 annis
2429 2279 2703 2336 habuerit
2730 2297 3062 2354 sermones,
3095 2285 3254 2356 quod
3287 2287 3346 2340 et
3375 2301 3489 2340 nos
3520 2285 3644 2340 suis
3671 2286 3752 2340 lo-

285 2374 376 2427 cis
407 2373 800 2430 indicavimus
831 2373 914 2444 (in
944 2371 1295 2440 Admonit.).
1331 2371 1746 2432 Verumtamen
1777 2385 1910 2424 cum
1941 2367 2222 2423 credibile
2255 2369 2334 2423 sit
2361 2385 2496 2424 eum
2524 2371 2863 2442 praecipuos
2885 2375 3110 2427 tantum
3141 2373 3507 2444 significare,
3531 2390 3642 2429 non
3662 2391 3756 2444 pu—

283 2463 476 2518 tamus
510 2463 716 2519 eadem
745 2463 928 2519 verba
959 2463 1179 2518 rectius
1212 2461 1284 2515 ad
1315 2461 1466 2516 alios
1497 2459 1708 2514 referri
1739 2473 1920 2530 posse
1950 2472 2124 2530 quam
2155 2457 2228 2512 ad
2277 2463 2672 2531 memoratos;
2713 2461 3080 2533 proindeque
3127 2478 3348 2517 annum
3377 2462 3519 2518 huic
3564 2463 3753 2534 opella

282 2549 390 2605 387
421 2551 658 2608 circiter
686 2551 964 2606 duximus
996 2550 1444 2622 assignandum.
1905 2613 1909 2620 λ

363 2641 546 2696 Porro
578 2639 850 2713 ejusdem
883 2639 1188 2710 inscriptio
1219 2638 1356 2693 alibi
1387 2638 1556 2694 aliter
1584 2636 1898 2692 invenitur.
1933 2635 2178 2708 Legitur
2213 2637 2368 2707 apud
2415 2638 2888 2710 Amerbachium,
2923 2639 3012 2694 De
3053 2641 3370 2713 mysteriis
3418 2641 3752 2696 initiandis:

283 2731 439 2800 apud
471 2730 783 2784 Erasmum
814 2733 870 2784 et
897 2729 1215 2798 Gillotium,
1249 2729 1337 2783 De
1364 2729 1446 2782 iis
1475 2728 1571 2798 qui
1608 2726 1924 2798 mysteriis
1952 2725 2301 2780 initiantur:
2334 2725 2392 2780 in
2416 2727 2585 2782 Rom.
2619 2727 2780 2798 edit.,
2814 2728 2902 2784 De
2933 2729 3257 2784 Initiandis
3279 2749 3298 2794 ;
3330 2729 3393 2784 in
3425 2746 3572 2784 mss.
3595 2729 3754 2802 longe

283 2819 576 2892 plurimis,
611 2818 700 2874 De
729 2819 1040 2889 mysteriis
1060 2817 1192 2872 sive
1214 2815 1569 2880 Initiandis;
1601 2815 1876 2870 nimirum
1907 2813 2090 2884 prima
2109 2815 2451 2870 eorumdem
2472 2817 2890 2886 mysteriorum
2920 2818 3278 2889 cognitione,
3303 2834 3440 2873 nam
3461 2819 3605 2874 alias
3626 2819 3756 2872 scri-

281 2908 542 2964 bendum
571 2909 735 2962 esset
764 2906 839 2961 de
870 2905 1174 2970 Initiatis;
1207 2905 1264 2960 in
1293 2904 1728 2977 antiquissimis
1759 2903 2012 2976 denique
2042 2901 2451 2960 inscribuntur
2487 2905 2574 2961 De
2604 2906 2836 2962 divinis
2872 2908 3218 2980 Mysteriis,
3257 2911 3362 2964 aut
3392 2909 3744 2982 simpliciter,

284 2998 374 3054 De
403 2995 728 3070 Mysteriis
749 3014 768 3053 :
799 3011 951 3067 quos
983 2997 1038 3051 et
1068 2995 1397 3068 sequimur.

888 3368 1790 3552 SANCTI
1853 3448 1863 3455 ·
1929 3370 3162 3548 AMBROSII

1464 3657 2160 3721 MEDIOLANENSIS
2208 3657 2596 3720 EPISCOPI

1358 3854 1595 4008 DE
1671 3848 2664 4008 MYSTERIIS

1599 4141 1919 4220 LIBER
2010 4141 2314 4220 UNUS.
2375 4127 2458 4206 (1)

1977 4325 2073 4336 0——

2002 4495 2065 4559 Δ
2109 4517 2226 4574 quo
2254 4500 2519 4556 renovati
2548 4515 2654 4571 per
2683 4497 3060 4570 baptismum,
3094 4494 3228 4568 ejus
3251 4494 3390 4551 vitae
3413 4507 3587 4549 usum
3617 4492 3759 4546 tene-

2107 4593 2272 4658 retis,
2306 4607 2438 4661 quae
2470 4588 2706 4644 ablutos
2737 4587 2992 4642 deceret.

2178 4681 2231 4735 2.
2274 4680 2446 4734 Nunc
2485 4679 2556 4732 de
2595 4677 2897 4748 mysteriis
2953 4676 3151 4730 dicere
3205 4677 3444 4744 tempus
3483 4669 3753 4733 admonet,

717 4503 866 4570 325
905 4513 1159 4570 CAPUT
1198 4512 1524 4570 PRIMUM.

301 4596 696 4678 Tl'aeitatibus,
713 4622 855 4678 quos
871 4611 1008 4660 ante
1028 4605 1102 4660 de
1113 4604 1380 4660 moribus
1391 4609 1633 4678 sanctus
1645 4598 1954 4658 habuerat,

363 4675 764 4750 subiecturum
787 4693 853 4732 se
874 4678 1296 4750 mysteriorum
1329 4675 1958 4750 expositionemspon-

365 4741 484 4802 det'.
492 4748 723 4821 Deinde
735 4765 840 4803 cur
853 4765 919 4803 ea
932 4741 1046 4804 lion
1055 4749 1228 4821 prius
1235 4741 1418 4820 pate!r
1404 4747 1568 4801 eeeri
1572 4752 1604 4812 ι,
1635 4741 1955 4821 ἀθρζᾳιοᾳιρ,

365 4819 676 4890 mysticam
699 4811 1455 4944 apgrc'ditur'apert'ionem,
1481 4833 1647 4891 quam
1666 4831 1697 4869 a
1717 4811 1962 4868 Christo

365 4889 494 4944 ipso
509 4889 644 4944 olim
663 4907 728 4944 ce
755 4891 1020 4944 ebratam
1035 4892 1424 4944 demonstrat.

363 4889 494 4962 ipso
509 4889 644 4945 olim
663 4889 1020 4946 celebratam
1035 4889 1424 4946 demonstrat.

368 4977 419 5034 l.
455 4979 538 5034 De
567 4978 890 5034 moralibus
930 4979 1330 5050 quotidianum
1381 4991 1717 5033 sermonem
1747 4969 1960 5028 habui-

295 5085 450 5138 mus,
485 5083 620 5122 cum
647 5067 744 5122 vel
772 5067 1236 5137 patriarcharum
1268 5066 1570 5140 gesta,vel
1606 5060 1960 5120 Proverbio-

295 5175 426 5213 rum
457 5157 799 5230 legerentur
838 5160 1173 5228 praecepta;
1223 5160 1286 5211 ut
1315 5157 1410 5210 his
1443 5151 1740 5210 informati
1787 5153 1961 5220 atque

294 5247 547 5302 instituti
597 5245 1035 5302 assuesccrctis
1079 5243 1371 5316 majorum
1421 5241 1654 5315 ingredi
1695 5239 1823 5294 vias
1861 5238 1959 5306 ('92),

294 5352 620 5408 eorumque
643 5335 755 5390 iter
777 5351 1040 5405 carpere,
1064 5351 1132 5388 ac
1161 5333 1380 5388 divinis
1408 5331 1647 5387 obedire
1671 5327 1956 5386 oraculis:

364 5484 440 5552 (l)
473 5482 686 5552 Script.
721 5479 876 5534 circa
909 5494 1002 5532 an.
1035 5477 1158 5532 38⁸7.
1356 5547 1365 5552 _
1534 5543 1545 5552 _
1733 5543 1744 5552 .
1926 5541 1963 5552 Π

365 5541 440 5624 ξ
457 5541 840 5621 Οοά.”Α1ηθι.,
869 5567 940 5624 ne
962 5547 1398 5624 assuesceretis
1425 5541 1960 5624 nmiqrunzingredi

300 5616 446 5683 vias.
468 5627 623 5681 Infra
655 5639 798 5680 vero
828 5616 940 5677 ubi
965 5625 1080 5674 vel.
1121 5619 1258 5692 edit.
1298 5623 1354 5672 et
1380 5616 1576 5672 cuncti
1614 5629 1760 5692 pene
1783 5629 1956 5692 mssz,

294 5700 540 5753 obedire
564 5695 841 5760 oraculis,
883 5695 1052 5749 Rom.
1097 5691 1236 5747 edit.
1279 5705 1412 5745 cum
1451 5685 1720 5762 pauculis
1759 5685 1958 5756 posuit

295 5769 542 5860 gbedire
573 5767 890 5826 mandatis.

2108 4772 2282 4840 atque
2313 4770 2500 4839 ipsam
2533 4769 3038 4822 sacramentorum
3061 4764 3349 4818 rationem
3373 4761 3578 4816 edere:
3603 4771 3760 4830 quam

2109 4863 2241 4914 ante
2270 4858 2627 4928 baptismum
2662 4856 2716 4910 si
2757 4857 3138 4926 putassemus
3181 4849 3595 4906 insinuandam
3624 4861 3757 4901 non-

2109 4949 2247 5004 dum
2297 4946 2560 5014 initiatis,
2616 4944 2954 5014 prodidisse
3011 4943 3208 5012 potius
3264 4955 3444 5011 quam
3514 4935 3755 4992 edidisse

2110 5037 2557 5093 aestimaremur.
2585 5033 2805 5088 Deinde
2823 5031 2978 5104 quod
3003 5028 3447 5102 inopinantibus
3471 5025 3672 5081 melius
3694 5038 3751 5076 se

2109 5126 2238 5197 ipsa
2259 5125 2361 5180 lux
2382 5123 2798 5194 mysteriorum
2821 5119 3119 5189 infuderit,
3145 5133 3318 5190 quam
3349 5116 3403 5170 si
3423 5131 3548 5170 eam
3573 5125 3751 5168 sermo

2111 5215 2324 5288 aliquis
2355 5211 2849 5284 praecucurrisset
2869 5210 2966 5279 (3).

2182 5324 2236 5376 3.
2270 5321 2505 5392 Aperite
2537 5319 2718 5391 igitur
2745 5333 2942 5386 aures,
2978 5319 3034 5370 et
3081 5315 3303 5370 bonum
3345 5313 3584 5379 odorem
3633 5306 3751 5360 vita:

2183 5464 2258 5533 (3)
2289 5463 2437 5518 Mss.
2472 5459 2985 5533 nonnulli,._ali_quo
3010 5451 3610 5533 preeucurrisset.__Et
3637 5449 3754 5533 post

2111 5519 2296 5608 pauca
2320 5535 2377 5588 in
2394 5534 2546 5608 bene
2565 5519 2766 5592 multis
2791 5519 3040 5585 habetur
3061 5528 3328 5608 (illatum,
3345 5527 3404 5580 in
3425 5519 3751 5608 quibusdam

2113 5602 2298 5674 illato)
2321 5605 2487 5658 vobis
2519 5618 2764 5657 munere
2785 5602 3509 5674 sacramentmnm_capite
3531 5613 3548 5654 ,-
3576 5607 3672 5674 pro
3693 5603 3753 5668 eo

2112 5661 2386 5749 quod/est
2409 5677 2466 5730 in
2491 5675 2626 5730 aliis
2657 5677 2713 5730 et
2733 5673 2870 5730 edit.
2895 5672 3192 5744 omnibus,
3218 5661 3538 5724 inhalatum
3579 5661 3750 5724 vobis,

2113 5753 2224 5808 etc.
