4024 6176
273 360 378 470 4oe
968 450 983 453 _
1669 361 1733 422 s.
1768 350 2212 423 AMBROSII.
3611 358 3730 423 404

275 578 379 619 non
405 562 750 619 existimet?
781 563 1067 619 Addimus
1099 563 1272 619 etiam
1303 562 1633 619 orthodoxa
1663 562 1923 635 dogmati
1954 560 2307 616 stabilienda
2338 560 2397 615 in
2445 559 2556 615 hac
2587 560 2776 631 opella
2824 562 3183 633 suppeditari
3215 579 3503 635 expressa
3537 567 3593 620 et
3619 581 3730 637 po-

271 653 448 720 sitiva,
481 656 540 707 ut
567 657 797 719 vocant,
831 653 1212 721 firmamenta,
1246 668 1379 707 cum
1410 655 1604 707 tamen
1634 652 1978 707 Albertinus
2005 650 2473 705 Carentonianus
2504 650 2801 720 quondam
2840 652 3111 707 minister
3139 653 3278 707 hinc
3309 658 3731 725 argumentum

271 742 571 813 probanda
602 759 730 797 sum
760 742 1021 812 opinioni
1049 742 1273 796 nullum
1305 739 1647 811 depramat;
1711 741 1818 795 sed
1849 743 2072 794 tantum
2113 740 2230 793 sibi
2259 742 2547 810 proponat
2584 738 2957 809 objectiones
2989 742 3114 807 (lib.
3168 760 3208 795 ιι
3238 743 3326 797 De
3356 741 3731 801 Sacrament.

271 847 385 901 cap.
425 831 498 901 2),
531 831 748 901 quibus
805 830 1042 885 nonnisi
1092 830 1278 884 futilia
1327 831 1563 899 penitus
1598 846 1667 883 ac
1698 845 1849 883 vana
1898 828 2238 899 respondet.
2272 828 2450 899 Atqui
2482 832 2757 882 constare
2790 832 3019 897 oportet
3047 830 3199 899 apud
3232 847 3439 901 aequos
3470 833 3734 887 aestima-

269 925 416 975 tores
444 937 515 975 ex
546 921 659 975 hac
699 935 876 990 opere
906 920 1008 973 ubi
1040 919 1406 973 familiariter
1436 918 1642 989 primis
1674 917 1991 988 praeceptis
2023 932 2212 971 novos
2235 916 2607 971 Christianos
2623 917 2980 971 Ambrosius
3003 917 3228 986 imbuit,
3251 920 3391 989 quid
3422 921 3735 976 sententiae

269 1026 439 1080 super
468 1008 836 1063 Eucharistia
870 1009 951 1061 illi
995 1008 1190 1076 fuerit,
1222 1008 1420 1077 potius
1453 1007 1823 1075 discendum,
1869 1021 2045 1076 quam
2080 1020 2155 1059 ex
2195 1005 2328 1060 aliis
2368 1005 2640 1076 ejusdem
2668 1005 2876 1074 libris;
2910 1006 3389 1077 quandoquidem
3419 1007 3478 1062 in
3509 1009 3604 1063 his
3661 1009 3736 1064 de

264 1098 534 1153 industria
564 1101 802 1169 propter
832 1097 1101 1151 infideles
1132 1099 1307 1168 atque
1338 1095 1798 1151 catechumenos
1824 1093 1925 1165 qui
1958 1109 2091 1149 eum
2124 1110 2254 1150 eum
2288 1094 2597 1165 baptizatis
2628 1095 2865 1150 confusi
2892 1095 3228 1165 audiebant,
3254 1096 3572 1152 obscurius
3602 1098 3731 1154 elo-

266 1188 557 1258 quebatur.

330 1276 589 1347 Hujusce
629 1275 970 1345 scriptionis
1000 1274 1100 1346 qui
1132 1273 1472 1344 meminere,
1505 1288 1722 1345 magno
1754 1287 2060 1327 consensu
2092 1287 2221 1326 eam
2260 1272 2578 1328 Ambrosio
2611 1289 2849 1344 semper
2894 1274 3280 1329 attribuerunt
3313 1290 3325 1328 :
3361 1274 3469 1329 sed
3498 1275 3734 1330 tandem

265 1365 540 1434 superiori
571 1365 795 1419 saecula
827 1365 1178 1418 exstiterunt
1208 1362 1447 1434 quidam
1476 1361 1844 1429 heterodoxi,
1881 1360 1982 1431 qui
2011 1362 2402 1431 possessione
2432 1364 2551 1415 tam
2581 1362 2854 1417 diuturna
2912 1366 3182 1417 sanctum
3216 1364 3521 1418 doctorem
3559 1364 3730 1418 abdi-

267 1454 499 1506 candum
530 1453 795 1506 arbitrati
829 1455 988 1506 sunt.
1025 1452 1380 1521 cherimus
1430 1450 1587 1504 enim
1643 1449 1824 1503 Henr.
1868 1449 2196 1521 Bullingeri
2238 1450 2312 1503 ad
2354 1450 2559 1505 Joach.
2613 1451 2939 1506 Vadianum
2976 1451 3202 1507 litteras
3250 1454 3406 1523 apud
3461 1456 3733 1508 sanctum

262 1541 473 1596 Gallum
503 1542 536 1595 Ἷ
570 1541 707 1596 Julii
737 1558 831 1595 an.
859 1538 996 1595 1535
1027 1539 1213 1610 datas,
1249 1539 1466 1611 quibus
1516 1539 1674 1593 hunc
1704 1538 1922 1591 librum
1971 1553 2105 1591 cum
2144 1539 2535 1609 sequentibus
2567 1540 2655 1594 De
2701 1540 3114 1595 Sacramentis
3151 1557 3265 1595 una
3298 1542 3723 1613 complectens,

262 1646 380 1684 cum
410 1631 508 1685 illa
544 1645 612 1685 se
643 1631 718 1685 de
749 1634 995 1702 utroque
1025 1644 1202 1700 opere
1234 1629 1455 1683 sentire
1486 1627 1803 1699 significat,
1837 1626 2113 1681 nimirum
2154 1628 2423 1699 stupidas
2448 1629 2556 1683 hos
2596 1645 2954 1702 nequaquam
2979 1646 3114 1685 esse
3147 1632 3410 1685 auctoris
3431 1631 3637 1702 optimi
3671 1636 3732 1685 et

246 1718 453 1790 judicii
507 1719 942 1774 emunctissimi
968 1719 1244 1773 feturam.
1279 1717 1506 1771 Causas
1538 1716 1714 1769 istius
1746 1715 1829 1769 rei
1860 1718 1983 1770 tres
2014 1715 2200 1786 affert,
2234 1718 2370 1789 styli
2404 1716 2811 1788 differentiam,
2849 1719 3069 1773 variam
3099 1719 3197 1773 hic
3227 1723 3283 1774 et
3303 1720 3363 1774 in
3403 1720 3730 1791 exploratis

261 1808 549 1863 Ambrosii
577 1808 745 1863 libris
777 1807 1144 1878 exponendas
1173 1805 1549 1861 eucharistim
1580 1805 1887 1873 rationem,
1921 1807 2327 1861 tractationem
2361 1822 2558 1861 rerum
2588 1806 2956 1879 frigidiorem
2981 1824 3153 1879 quam
3187 1825 3293 1879 pro
3328 1810 3725 1865 Ambrosiana

254 1898 508 1951 acumine
540 1913 610 1950 ac
641 1896 963 1968 diligentia.
1002 1895 1109 1949 His
1132 1895 1289 1948 addit
1322 1893 1634 1947 Erasmum
1664 1893 1778 1948 etsi
1806 1893 2215 1963 dissimularit,
2240 1897 2297 1949 et
2320 1893 2611 1966 judicium
2641 1896 2853 1950 texerit
2876 1913 3071 1965 suum,
3095 1914 3167 1952 ne
3200 1898 3502 1953 videretur
3524 1914 3731 1953 eorum

256 1984 320 2041 de
348 1986 737 2040 sacramentis
759 1985 1109 2040 sententiam
1139 1983 1392 2052 sectari;
1427 1998 1561 2037 cum
1590 1985 1785 2037 tamen
1816 1982 1929 2036 has
1960 1983 2148 2037 libros
2188 1983 2466 2053 rejecerit
2495 1984 2555 2038 in
2594 1988 2960 2054 postremum
3009 1988 3420 2042 Ambrosianae
3453 1987 3730 2041 editionis

256 2078 481 2144 tomum,
526 2091 646 2129 non
676 2074 943 2129 dubitare
975 2090 1045 2128 se
1075 2074 1218 2144 quin
1248 2073 1346 2127 ille
1378 2072 1639 2127 senserit
1694 2070 2009 2143 mangonis
2051 2071 2387 2141 cujuspiam
2444 2071 2587 2126 illud
2619 2088 2757 2127 esse
2816 2089 2989 2143 opus.
3022 2076 3201 2139 Quasi
3260 2092 3402 2130 vero
3444 2076 3732 2129 Erasmus

255 2167 511 2235 quartum
537 2180 713 2218 suum
742 2167 964 2218 tomum
996 2179 1070 2217 ex
1092 2161 1242 2217 salis
1271 2160 1621 2216 adulterinis
1671 2161 2093 2230 composuerit.
2154 2160 2269 2214 Sed
2311 2176 2442 2214 cum
2483 2161 2554 2214 de
2602 2163 2894 2216 sententia
2928 2162 3160 2217 Erasmi
3190 2179 3350 2218 mera
3407 2164 3486 2218 sit
3515 2164 3732 2217 istheec

254 2253 573 2319 hariolatio,
606 2251 973 2323 explodenda
1005 2253 1202 2322 potius
1225 2251 1460 2307 videtur
1487 2265 1662 2322 quam
1696 2249 2040 2305 refellenda.
2076 2248 2295 2303 Tribus
2317 2251 2509 2303 autem
2563 2249 2682 2303 illis
2703 2266 2836 2320 quae
2869 2252 3184 2321 praemissa
3212 2255 3370 2320 sunt,
3404 2267 3520 2305 uno
3544 2252 3729 2307 verba

253 2342 738 2412 respondebimus
770 2342 1129 2396 catechcsim
1163 2355 1322 2410 esse,
1356 2343 1530 2410 atque
1564 2339 1711 2393 adeo
1772 2337 2112 2391 charactere
2154 2336 2271 2391 sibi
2314 2338 2575 2407 propria,
2609 2337 2667 2391 id
2699 2341 2809 2408 est,
2855 2338 3224 2409 simpliciter,
3260 2343 3459 2409 aperte
3483 2356 3551 2393 ac
3596 2340 3729 2394 sine

250 2432 492 2486 motibus
524 2432 739 2486 editam
763 2431 1101 2502 oportuisse
1138 2445 1149 2485 :
1185 2428 1419 2483 interim
1453 2429 1862 2500 Bullingerum
1901 2441 2212 2480 censorem
2233 2425 2765 2481 Ambrosianorum
2782 2427 3140 2497 scriptorum
3170 2444 3290 2483 non
3319 2428 3508 2483 videri
3533 2429 3733 2483 admo-

251 2519 376 2574 dum
407 2521 709 2590 idoneum,
742 2521 845 2592 qui
873 2536 991 2592 qua
1018 2520 1152 2574 loco
1210 2522 1328 2573 tam
1373 2518 1608 2573 levibus
1641 2516 1955 2572 momentis
1996 2515 2323 2588 legitimum
2353 2516 2611 2570 extrudit
2649 2516 2849 2586 fetum,
2882 2518 3311 2571 (lommentaria
3346 2517 3406 2571 in
3437 2518 3723 2589 epistolas

251 2610 404 2664 Pauli
441 2609 695 2664 admittit
739 2626 846 2680 pro
878 2608 1224 2663 indubitata.

320 2697 374 2753 Is
407 2699 590 2771 cujus
623 2714 800 2769 opera
834 2698 1219 2752 Helmcstadii
1256 2697 1522 2750 Censura
1557 2695 1812 2750 Roberti
1855 2695 1994 2749 Coei
2038 2693 2220 2764 praete
2252 2692 2523 2764 subjecta
2560 2697 2653 2749 est
2680 2693 2857 2765 (anno
2892 2693 3071 2763 1635),
3108 2695 3221 2750 hoc
3252 2696 3423 2751 etiam
3454 2713 3606 2767 opus
3654 2712 3730 2752 ex

247 2788 769 2843 Ambrosianorum
802 2787 1069 2858 catalogo
1102 2786 1337 2855 exemit,
1371 2801 1486 2857 qua
1524 2784 1584 2838 in
1624 2800 1687 2838 re
1719 2800 1850 2838 eum
1887 2783 2145 2838 Dallaius
2177 2798 2414 2854 quoque
2447 2783 2506 2836 in
2536 2783 2688 2838 libro
2719 2785 2793 2839 de
2835 2783 3296 2840 Conlirmatioue
3318 2789 3562 2840 secutus
3613 2789 3725 2841 cst.

250 2875 551 2931 Rationem
578 2876 784 2948 judieii
820 2877 914 2931 sui
945 2877 1192 2946 primam
1222 2876 1392 2928 istam
1417 2874 1609 2928 reddit
1639 2890 1651 2928 :
1688 2873 1983 2928 Al'l‘irmat
2006 2879 2228 2935 auctor,
2262 2872 2450 2943 inquit
2478 2872 2596 2938 ille,
2632 2872 3004 2944 Scripturam
3043 2875 3261 2929 testari
3300 2876 3449 2947 quod
3483 2876 3558 2930 ad
3577 2892 3722 2948 pre-

248 2980 338 3019 ces
373 2964 709 3021 Hierobaal
725 2966 885 3037 ignis
901 2964 1287 3019 descenderit
1311 2964 1385 3018 de
1413 2962 1590 3017 Ocelo.
1617 2962 1801 3035 Atqui
1823 2961 1980 3016 nihil
2000 2962 2118 3016 tale
2141 2961 2216 3015 de
2233 2961 2561 3015 Hierobaal
2577 2961 2802 3033 legitur
2832 2963 2893 3016 in
2925 2961 3265 3035 Scriptura.
3289 2964 3405 3019 Sed
3438 2965 3574 3036 quis
3605 2981 3725 3020 non

245 3053 425 3108 videat
446 3054 546 3109 hic
578 3054 737 3109 aliud
758 3053 1084 3126 significari
1116 3053 1283 3122 nihil,
1315 3055 1711 3124 prmterquam
1742 3052 1899 3124 quod
1932 3049 2071 3104 libri
2103 3049 2379 3105 Judieum
2419 3065 2546 3119 cap.
2584 3067 2640 3103 v1
2672 3054 2963 3121 narratur,
2997 3052 3237 3107 Gedeon
3260 3053 3473 3125 angelo
3496 3053 3727 3124 suppli-

245 3158 427 3213 casse,
482 3146 547 3197 ut
594 3143 711 3197 sibi
752 3143 1107 3197 sacrificium
1140 3142 1351 3198 atl‘crrc
1374 3142 1771 3197 concederet:
1816 3156 1932 3212 quo
1974 3142 2287 3207 annuente,
2331 3154 2464 3193 cum
2507 3154 2689 3210 super
2718 3141 2939 3210 azymis
2996 3142 3267 3211 panibus,
3323 3143 3728 3214 carnibusque

245 3231 406 3285 elixis
434 3232 538 3304 jus
572 3231 913 3300 infudisset,
946 3232 1224 3304 angelum
1255 3246 1484 3286 summa
1513 3231 1683 3303 virga
1707 3230 1837 3285 haec
1870 3227 2218 3299 contigisse,
2244 3243 2312 3281 ac
2345 3227 2627 3281 divinitus
2657 3244 2688 3282 e
2720 3232 2904 3298 petra,
2940 3230 3035 3283 cui
3059 3231 3261 3284 eadem
3298 3231 3571 3300 imposita
3595 3231 3728 3285 fue-

244 3325 380 3389 rant,
413 3322 618 3393 ignem
650 3321 943 3391 erupisse.
980 3320 1305 3375 Dicendum
1337 3321 1518 3392 igitur
1545 3336 1677 3391 quia
1710 3320 1764 3374 in
1801 3320 2105 3388 Scriptura
2163 3317 2360 3371 fusius
2416 3321 2836 3387 memorantur,
2883 3334 2950 3373 ea
2991 3320 3352 3374 contractius
3384 3319 3595 3375 referri
3654 3321 3727 3376 ab

245 3410 574 3467 Ambrosio.
610 3411 760 3465 Fieri
790 3426 934 3465 vero
957 3411 1130 3465 etiam
1163 3410 1367 3480 potuit,
1402 3412 1465 3464 ut
1493 3409 1646 3464 hanc
1686 3408 1994 3463 historiam
2026 3407 2087 3461 in
2118 3407 2425 3461 codicibus
2454 3408 2584 3462 suis
2622 3408 2795 3478 paulo
2828 3407 2996 3462 aliter
3021 3412 3196 3479 atque
3229 3409 3287 3463 in
3319 3410 3541 3465 nostris
3589 3428 3730 3465 nar—

246 3501 414 3552 ratam
446 3500 743 3553 invenerit
777 3516 789 3553 :
826 3498 981 3570 quod
1015 3498 1074 3552 in
1105 3499 1237 3553 aliis
1267 3514 1503 3570 quoque
1538 3498 1652 3568 ipsi
1685 3496 2016 3568 contigisse
2046 3513 2164 3551 nan
2204 3497 2409 3566 semel,
2443 3499 2501 3550 at
2532 3496 2829 3566 praecipue
2874 3498 2934 3550 in
2985 3501 3156 3567 caput
3189 3498 3458 3552 ultimum
3488 3499 3623 3553 libri
3655 3499 3730 3553 de
3804 3514 3811 3519 ‘

248 3586 540 3657 Nabuthe,
578 3587 1059 3643 observavimus.
1093 3587 1165 3642 Et
1193 3587 1305 3642 hoc
1336 3602 1481 3641 sane
1521 3588 1732 3641 mirum
1765 3587 1849 3640 illi
1879 3602 1994 3641 non
2028 3586 2341 3655 videbitur,
2376 3585 2474 3657 qui
2498 3586 2816 3641 adverterit
2837 3590 3050 3641 tantam
3085 3587 3223 3641 olim
3256 3588 3526 3642 codicum
3559 3588 3730 3643 Vete-

242 3676 316 3731 ris
354 3677 717 3732 Testamenti
750 3677 940 3733 fuisse
972 3677 1395 3746 diversitatem,
1432 3681 1492 3731 ut
1523 3680 1664 3748 quot
1697 3675 2003 3741 Ecclesiae,
2040 3677 2121 3729 tot
2153 3674 2315 3728 varia
2340 3674 2868 3729 circumferrentur
2899 3675 3282 3745 exemplaria,
3326 3678 3483 3731 sicut
3516 3677 3729 3733 Hiero-

244 3781 442 3834 nymus
483 3768 545 3822 in
579 3766 1036 3821 Praefationibus
1068 3767 1200 3821 suis
1234 3766 1458 3836 passim
1493 3768 1757 3820 testatur.
1790 3765 1948 3819 Idem
1983 3764 2168 3818 ferme
2200 3763 2377 3818 habet
2408 3762 2467 3818 S.
2506 3763 2901 3837 Augustinus.
2938 3765 3024 3819 De
3049 3765 3214 3820 Doct.
3254 3766 3508 3821 Christ..
3534 3766 3637 3821 lib.
3664 3785 3725 3837 ιι,

245 3856 473 3926 cap.ll.

305 3945 576 3999 Secunda
617 3944 1029 4015 expunctionis
1063 3944 1211 3998 ratio
1244 3943 1373 3999 haec
1406 3946 1498 3998 est
1530 3959 1542 3999 :
1583 3942 1749 4009 Quod
1769 3947 1977 3996 auctor
2007 3942 2147 4010 iste,
2172 3940 2378 4013 adjicit
2417 3941 2593 4012 idem,
2636 3942 2977 4016 Paralytici
3014 3944 3196 4000 verba
3233 3961 3244 4000 :
3286 3946 3591 4001 Hominem
3614 3962 3728 4002 non

243 4032 438 4104 habeo,
474 4037 560 4089 ita
586 4035 850 4106 exponit,
886 4035 1059 4107 quasi
1070 4050 1185 4106 per
1206 4034 1498 4089 hominem
1518 4032 1908 4105 Paralj'ticus
1925 4030 2305 4085 intellexerit
2327 4031 2632 4086 Christum
2654 4033 3062 4096 mediatorem,
3097 4050 3381 4106 perquam
3399 4035 3455 4090 lc
3468 4036 3724 4090 viculum

244 4130 326 4176 est
341 4124 529 4191 (Joan.
553 4141 611 4191 v,
634 4124 711 4192 Ἴ).
743 4122 860 4178 Sed
892 4139 1174 4194 perquam
1204 4122 1500 4177 leviculus
1533 4125 1626 4176 est
1656 4121 1755 4193 qui
1805 4120 1895 4175 sic
1927 4119 2143 4191 arguit.
2188 4119 2505 4175 Enimvero
2538 4120 2632 4175 vel
2664 4136 2781 4175 non
2812 4121 3106 4194 intelligit,
3139 4123 3232 4177 vel
3256 4139 3373 4178 non
3396 4124 3728 4196 intelligere

244 4225 303 4264 se
324 4212 488 4284 ﬁngit
509 4212 572 4267 id
611 4212 818 4266 eodem
848 4212 980 4266 loco
1011 4227 1190 4283 agere
1224 4215 1499 4266 sanctum
1520 4210 1863 4278 antistitem,
1895 4211 1958 4262 ut
1989 4208 2050 4262 in
2087 4208 2318 4279 piscina
2349 4209 2602 4281 figuram
2631 4209 3024 4282 baptismatis,
3058 4212 3117 4265 in
3149 4212 3385 4267 homine
3417 4229 3644 4284 aegrum
3666 4213 3728 4266 in

244 4314 359 4354 eam
388 4302 730 4356 demittente
762 4305 961 4372 typum
985 4301 1177 4371 ipsius
1206 4300 1448 4369 Christi,
1475 4300 1535 4354 in
1568 4315 1732 4372 aegro
1747 4299 1982 4353 demum
2000 4297 2258 4353 hominis
2288 4298 2623 4369 peccatoris
2656 4299 2992 4371 symbolum
3024 4302 3331 4356 exstitisse
3362 4303 3723 4368 ostenderet;

243 4391 402 4460 atque
432 4391 584 4445 adeo
606 4390 702 4444 hic
733 4390 1117 4460 paralyticum
1148 4390 1462 4460 mysticum
1487 4390 1636 4457 sive,
1674 4390 1735 4443 ut
1775 4387 1962 4442 sancti
2018 4386 2206 4440 nostri
2264 4390 2498 4441 utamur
2527 4387 2733 4457 verba,
2796 4388 3246 4461 intelligibilem,
3291 4389 3720 4460 accipiendum.

242 4475 393 4540 Quod
417 4480 560 4552 quid
595 4495 725 4533 cum
763 4478 1153 4534 Ambrosiano
1186 4478 1555 4548 exponendas
1577 4478 1898 4547 Scripturm
1929 4476 2102 4530 modo
2137 4477 2328 4547 magis
2352 4492 2683 4549 congruum
2713 4480 2742 4532 ?
3680 4550 3685 4555 ἢ

306 4566 559 4622 Tertiam
591 4567 985 4639 objectionem
1019 4568 1093 4621 ita
1125 4567 1401 4637 exprimit
1435 4584 1445 4620 :
1479 4566 1645 4632 Quod
1674 4568 1736 4621 in
1774 4567 1872 4620 his
1902 4564 2086 4620 libris
2112 4572 2358 4637 peccata
2394 4568 2662 4637 propria,
2707 4566 2758 4620 1.
2796 4566 3227 4638 Actualia,per
3250 4566 3603 4638 baptismum
3627 4584 3726 4624 re-

245 4654 431 4711 laxari
452 4658 616 4712 dicat
656 4674 667 4713 :
707 4657 1092 4711 haereditaria
1138 4673 1275 4710 vero
1318 4657 1361 4710 ι.
1409 4655 1763 4727 Originalia,
1806 4671 1919 4725 per
1949 4654 2226 4709 lationem
2257 4654 2490 4725 pedum,
2518 4660 2683 4708 certe
2705 4655 3050 4708 luereticum
3076 4661 3186 4709 est.
3227 4656 3366 4710 Cum
3408 4656 3722 4729 Theologia

246 4750 298 4796 et
335 4745 628 4799 Ecclesia:
667 4746 939 4800 doctrina
976 4762 1089 4799 non
1144 4746 1442 4811 convenit,
1482 4750 1637 4798 teste
1691 4744 2052 4799 Maldonato.
2104 4743 2173 4797 Et
2220 4742 2333 4797 hoc
2378 4743 2612 4813 quidem
2644 4746 2761 4795 tam
2803 4743 3058 4809 validum
3092 4749 3324 4816 tamque
3348 4745 3723 4802 ineluctabile

245 4838 646 4904 argumentum
700 4835 919 4889 Dallmo
977 4836 1173 4889 visum
1223 4838 1315 4888 est
1352 4834 1479 4903 (lib.
1535 4850 1617 4903 ιιι,
1651 4833 1741 4887 De
1792 4832 2093 4898 Conﬁrm,
2154 4848 2280 4901 cap.
2331 4833 2406 4900 8),
2443 4834 2505 4885 ut
2553 4832 2651 4901 qui
2699 4831 2811 4884 alia
2866 4833 3035 4902 quasi
3068 4833 3252 4905 digito
3282 4827 3542 4890 iudieare
3574 4838 3721 4891 satis

244 4918 537 4990 habuerat,
562 4923 703 4977 illud
735 4924 974 4994 proprio
1007 4923 1257 4978 voluerit
1289 4921 1589 4977 cumulare
1612 4920 1919 4993 suffragio.
1955 4921 2105 4974 Nam
2141 4937 2271 4975 cum
2306 4924 2361 4974 et
2392 4919 2575 4990 hujus
2607 4921 2806 4991 aperis
2840 4924 2895 4975 et
2941 4922 3223 4977 librarum
3255 4924 3327 4978 de
3364 4924 3722 4980 Sacramen-

249 5010 319 5062 tis
350 5015 649 5066 auctorem
680 5012 995 5066 delatione
1028 5013 1241 5083 pedum
1273 5011 1643 5066 incommode
1701 5026 1769 5064 ac
1800 5009 2166 5080 perabsurda
2199 5008 2649 5079 philosophatos
2681 5010 3105 5080 contendisset,
3156 5012 3347 5067 allatis
3380 5014 3451 5068 de
3501 5016 3719 5086 quibus

245 5100 517 5169 agebatur
539 5102 706 5170 locis,
742 5103 853 5155 ista
876 5101 1189 5172 subjungit
1217 5117 1228 5156 :
1259 5101 1580 5172 Utrumque
1598 5099 1921 5163 sommium,
1940 5098 2090 5169 quod
2114 5097 2207 5152 vel
2220 5097 2398 5168 plano
2434 5097 2688 5168 velpene
2713 5098 2869 5153 idem
2906 5106 3018 5169 est,
3047 5100 3329 5172 ineptum,
3354 5110 3412 5157 et
3443 5105 3720 5159 instituto

245 5200 272 5237 δ
297 5186 531 5242 Christo
554 5188 857 5243 hatismati
877 5177 1376 5255 cantumelios‘um,
1404 5191 1555 5243 satis
1576 5188 1837 5243 ostendit
1854 5187 2124 5240 neutrius
2158 5185 2418 5257 opusculi
2442 5193 2742 5241 auctorem
2764 5204 2899 5243 esse
2917 5189 3321 5246 Ambrosium.
3347 5193 3715 5248 Gravissima

249 5278 346 5338 est,
379 5293 486 5332 nec
516 5278 854 5349 diffitemur,
898 5279 1107 5334 isthacc
1158 5279 1479 5333 accusatio.
1510 5278 1629 5333 Sed
1680 5278 1794 5331 hoc
1825 5275 2195 5331 incommode
2228 5292 2295 5329 ac
2327 5276 2693 5345 perabsurde
2725 5280 3176 5335 accusatoribus
3208 5281 3360 5351 ipsis
3392 5284 3622 5351 accidit,
3657 5286 3718 5336 ut

252 5360 390 5418 idem
420 5366 563 5420 illud
587 5369 678 5422 cui
712 5372 824 5421 tam
859 5369 1094 5439 nigrum
1114 5369 1270 5422 theta
1304 5368 1621 5440 pimfigunt
1658 5367 1758 5421 isti
1797 5364 2131 5434 aristarchi,
2167 5380 2285 5418 non
2334 5365 2507 5419 modo
2557 5364 2616 5419 in
2654 5365 2787 5418 aliis
2818 5382 2951 5437 quae
2983 5372 3217 5423 exstant
3240 5371 3536 5425 Ambrosii
3570 5386 3714 5440 ope-

250 5452 404 5505 ribus
436 5471 554 5509 non
585 5459 988 5511 controversis
1014 5457 1278 5511 invenire
1311 5458 1408 5525 sit,
1445 5473 1650 5511 verum
1672 5456 1843 5511 etiam
1874 5455 1935 5508 in
1983 5453 2304 5524 deperditis
2337 5468 2585 5523 quorum
2617 5453 2731 5509 loci
2762 5460 3079 5511 occurrunt
3110 5459 3264 5527 apud
3297 5459 3707 5513 fidelissimum

250 5539 422 5608 ipsius
454 5545 805 5615 discipulum
840 5548 1233 5617 Augustinum
1270 5546 1325 5599 in
1358 5546 1487 5600 suis
1519 5546 1812 5600 adversus
1845 5543 2201 5613 Pelagianos
2232 5542 2786 5613 disceptationibus,
2810 5545 2911 5598 ubi
2945 5545 3184 5599 dubium
3220 5547 3462 5615 dogma,
3496 5547 3714 5599 nedum

249 5626 568 5686 haereticum
600 5651 893 5705 nunquam
936 5636 1173 5705 impune
1204 5635 1642 5705 proposuisset.
1680 5633 1821 5687 Haec
1863 5633 1916 5687 si
1945 5631 2431 5686 considerassent
2454 5632 2536 5685 illi
2566 5632 2910 5702 scriptores,
2947 5634 3008 5688 in
3040 5635 3388 5687 sententiam
3420 5650 3551 5687 cum
3587 5637 3712 5688 tan-

251 5718 422 5774 tarum
486 5721 790 5777 doctorum
816 5766 829 5791 ,
883 5727 1005 5777 tum
1050 5724 1222 5777 etiam
1261 5725 1480 5778 veteris
1531 5722 1819 5776 Ecclesiae
1868 5720 2213 5775 auctoritate
2262 5721 2543 5773 munitam
2575 5720 2730 5773 haud
2766 5721 3237 5776 insurrexissent
3268 5721 3442 5775 tantis
3473 5722 3708 5779 animis.

256 5803 449 5863 Verum
477 5825 583 5866 eos
611 5812 766 5885 quod
809 5828 988 5869 voces
1021 5812 1409 5869 luereclilaria
1444 5818 1687 5888 peccata
1729 5810 1948 5887 quibus
1992 5808 2137 5864 nihil
2187 5808 2302 5867 nisi
2349 5808 2794 5883 concupiscatis
2843 5811 2993 5884 sive,
3035 5812 3095 5866 ut
3125 5810 3254 5884 ipse
3284 5811 3382 5885 ait,
3405 5809 3710 5872 luhrirum
