4024 6176
359 301 478 372 407

1857 303 1925 370 S.
1973 304 2415 375 AMBROSII.

3673 313 3784 382 408

367 516 604 572 aeternas
641 511 966 571 inhalatum
1003 513 1195 574 vobis-
1235 531 1478 572 munere
1527 517 2032 571 sacramentorum
2054 496 2108 560 Α
2147 507 2566 582 omnipotentis
2587 507 2664 578 (9)
2682 506 2959 577 (Malacli.
2985 525 3046 578 ii,
3066 507 3140 580 '7).
3167 507 3298 564 Non
3320 512 3412 565 est
3447 508 3784 582 fallere,non

365 605 606 676 carpite:
640 605 799 676 quod
824 605 998 662 vobis
1029 606 1524 679 signiﬁcavimus,
1557 621 1690 660 cum
1710 603 2032 675 apertionis

365 693 734 748 celebrantes
771 697 1118 766 mysterium
1137 696 1213 766 (4)
1235 695 1570 750 diceremus
1595 710 1606 748 :
1650 693 2025 766 Epliplietlia,

365 781 516 856 quod
555 788 648 840 est
689 782 1032 855 Adaperire
1069 784 1284 850 (Mare.
1327 801 1427 852 vu,
1469 783 1590 852 34);
1643 785 1704 837 ut
1743 786 2030 836 venturus

361 871 778 944 unusquisque
809 872 882 926 ad
915 873 1164 944 gratiam
1194 872 1335 944 quid
1368 873 1850 944 interrogaretur,
1882 862 2028 926 326

365 963 787 1033 cognosceret:
813 961 952 1032 quid
971 961 1376 1032 responderet,
1397 959 1743 1016 meminisse
1765 959 2026 1014 deberet.

436 1051 488 1104 4.
510 1050 640 1105 Hoc
651 1051 995 1121 mysterium
1009 1050 1332 1106 celebravit
1343 1049 1617 1106 Christus
1631 1049 1690 1103 in
1706 1048 2028 1120 Evangelio

365 1147 579 1217 (Marc.
603 1164 704 1217 vu,
737 1147 849 1218 34),
885 1147 1040 1202 sicut
1068 1147 1346 1219 legimus,
1381 1163 1514 1200 cum
1545 1147 1768 1200 mutum
1800 1147 2030 1199 curaret

365 1240 423 1290 et
453 1236 719 1295 sordum.
753 1235 870 1291 Sed
917 1235 1016 1291 ille
1047 1252 1117 1292 os
1165 1235 1356 1308 tetigit
1383 1235 1462 1304 (5)
1489 1250 1504 1304 ;
1550 1235 1688 1306 quia
1719 1236 1775 1289 et
1805 1235 2028 1288 mutum

365 1325 610 1380 curabat
636 1327 694 1381 et
713 1326 904 1380 virum
931 1340 944 1380 :
975 1325 1036 1380 in
1057 1324 1261 1392 altero,
1294 1328 1354 1379 ut
1376 1340 1444 1380 os
1477 1321 1610 1395 ejus
1639 1323 1855 1378 infusae
1877 1339 2027 1377 sono

363 1415 534 1470 vocis
581 1414 874 1486 aperiret;
921 1413 981 1468 in
1020 1413 1225 1482 altero,
1275 1413 1413 1485 quia
1451 1415 1642 1468 tactus
1692 1412 1802 1467 iste
1835 1411 2028 1465 viruin

363 1503 630 1574 decebat,
663 1502 940 1560 feminam
968 1519 1086 1561 non
1118 1502 1384 1558 decebat.

1019 1610 1270 1665 CAPUT
1302 1609 1369 1666 ll.

366 1715 518 1784 Quid
535 1716 819 1772 initiandi
829 1716 1162 1772 Ecclesium
1175 1716 1444 1788 ingressi
1457 1715 1867 1788 promiserint,
1897 1713 2026 1784 qui-

433 1789 622 1844 busve
655 1803 850 1860 coram
882 1787 1158 1860 testibus,
1181 1787 1255 1843 et
1274 1787 1649 1860 quambbrem
1680 1803 1746 1841 se
1769 1801 2026 1840 coni-er-

435 1861 622 1916 terint
643 1859 718 1915 ad
733 1859 1024 1916 orientem
1043 1859 1070 1912 .9

432 1951 486 2005 5.
525 1949 668 2004 Post
695 1947 828 2004 haec
875 1950 1141 2005 reserata
1187 1947 1296 2002 tibi
1337 1951 1477 2003 sunt
1523 1945 1738 2002 Sancta
1785 1948 2026 2002 sancto-

359 2055 492 2095 rum
521 2039 619 2109 (6),
651 2038 971 2110 ingrsssus
1021 2053 1089 2092 es
1138 2037 1610 2110 regenerationis
1658 2037 2022 2091 sacrarium:

359 2130 558 2199 repete
591 2127 733 2199 quid
773 2127 1172 2198 interrogatus
1215 2126 1324 2194 sis,
1356 2141 1725 2198 recognosce
1757 2125 1898 2196 quid
1929 2140 2026 2180 rc-

359 2216 697 2288 sponderis.
733 2216 1102 2272 Renuntiasti
1126 2215 1361 2271 diabolo
1378 2219 1434 2272 et
1455 2214 1736 2286 operibus
1759 2213 1893 2285 ejus
1924 2213 2024 2284 (7),

357 2305 578 2362 mundo
609 2309 667 2361 et
703 2305 954 2362 luxuriae
1005 2304 1140 2377 ejus
1183 2321 1252 2360 ac
1300 2304 1720 2376 voluptatibus.
1770 2304 2028 2359 Tenetur

357 2411 480 2450 vox
504 2397 624 2463 tua,
659 2410 778 2450 non
807 2395 868 2451 in
915 2395 1138 2452 tumulo
1185 2397 1570 2464 mortuorum,
1606 2393 1714 2449 sed
1762 2393 1822 2448 in
1869 2393 2022 2448 libro

356 2484 705 2540 viventium.

428 2573 482 2629 6.
516 2572 730 2628 Vidisti
778 2573 899 2627 illic
943 2571 1226 2641 Levitam,
1265 2572 1469 2628 vidisti
1518 2571 1888 2628 sacerdotem
1923 2572 2020 2642 (8),

359 2660 563 2716 vidisti
581 2677 878 2716 summum
904 2661 1296 2717 sacerdotem.
1322 2661 1457 2716 Noli
1476 2661 1856 2716 considerare
1889 2677 2025 2716 cor-

357 2765 569 2820 porum
601 2750 847 2822 iiguras,
881 2751 989 2805 sed
1021 2751 1435 2822 mysteriorum
1458 2750 1727 2822 gratiam.
1753 2750 2026 2804 Praesen-

358 2837 520 2892 tibus
551 2839 783 2910 angelis
813 2839 1047 2895 locutus
1078 2855 1166 2908 es,
1199 2839 1355 2894 sicut
1384 2839 1670 2910 scriptum
1699 2842 1827 2895 est:
1879 2838 2024 2904 Quia

356 2927 516 2984 labia
551 2927 886 2984 sacerdotis
907 2929 1244 2984 custodiunt
1266 2930 1600 2998 scientiam,
1631 2935 1690 2983 et
1709 2927 1902 3001 legem
1915 2943 2024 2984 ex—

360 3016 600 3090 quirunt
623 3033 703 3073 ex
720 3033 826 3074 ore
845 3018 1055 3090 ipsius,
1083 3019 1350 3090 quoniam
1383 3017 1632 3090 angelus
1667 3023 1760 3072 est
1789 3017 2027 3072 Domini

427 3161 506 3230 (4)
556 3161 640 3216 De
697 3161 808 3234 hac
866 3161 1224 3234 caeremonia
1264 3162 1625 3234 Gregorius
1665 3162 1918 3232 Magnus
1966 3161 2025 3216 in

357 3231 644 3304 Sacram,
695 3232 852 3289 Ordo
903 3235 1055 3290 Rom
1085 3276 1099 3302 ,
1139 3231 1496 3304 Albinus'ct
1535 3233 1633 3287 alii
1683 3235 2020 3304 scripsere:

357 3303 620 3375 ignotam
648 3321 794 3360 vero
813 3305 1040 3360 Graecis
1063 3320 1189 3360 eam
1214 3305 1404 3359 fuisse
1427 3303 1768 3359 observavit
1795 3303 2023 3360 Menar-

357 3375 471 3430 dus
503 3379 709 3431 noster
737 3375 798 3431 in
829 3375 1094 3431 Sacram.
1146 3393 1282 3431 nan.
1318 3376 1440 3430 139.
1478 3376 1661 3430 Porro
1703 3392 1835 3430 cum
1872 3375 2023 3430 intra

401 3391 471 3430 US
503 3391 709 3432 noster
737 3393 798 3431 ιη
829 3391 1094 3432 sacram.
1146 3393 1282 3432 υτιετ.
1318 3391 1440 3430 Ἰδυ.
1481 3391 1661 3430 l’Ol‘l‘O
1703 3392 1835 3430 cum
1872 3391 2023 3430 11111⁸8.

357 3393 471 3430 aus
503 3393 709 3432 noster
737 3393 798 3431 in
829 3393 1094 3432 sacram.
1146 3393 1282 3448 pag.
1318 3393 1440 3430 wu.
1481 3393 1661 3430 rorro
1703 3393 1835 3430 cum
1872 3393 2023 3430 inira

357 3446 624 3502 eamdem
655 3447 994 3504 celebrasse
1025 3447 1299 3503 Christus
1337 3447 1570 3514 dicitur,
1605 3446 1717 3500 hoc
1750 3447 1824 3500 ita
1858 3446 2024 3505 intel-

357 3516 637 3601 ligeunon
675 3519 832 3601 quod
885 3519 1044 3574 illam
1094 3535 1234 3601 vero
1291 3518 1629 3601 instituerit,
1671 3517 1778 3572 sed
1831 3517 2022 3601 ipsius

357 3588 713 3660 institutioni
768 3605 1007 3646 causam
1063 3590 1420 3660 praebuerit:
1481 3589 1697 3660 quippe
1751 3589 2022 3660 quaiiad

358 3659 633 3732 ejusdem
675 3661 944 3716 miraculi
993 3659 1395 3716 celebraretur
1432 3659 1832 3732 imitationem.
1877 3659 2023 3714 Nam

360 3733 750 3790 cmremonias
779 3733 978 3788 varias
999 3733 1073 3787 ab
1095 3733 1226 3787 aliis
1250 3732 1548 3788 institutas
1570 3735 1730 3787 recte
1751 3731 2024 3786 admonet

359 3803 490 3858 Val.
531 3803 743 3860 Strabo
773 3804 876 3859 lib.
909 3805 984 3860 de
1015 3804 1168 3858 Reb.
1202 3803 1460 3866 Eecles.,
1499 3818 1625 3874 cap.
1661 3803 1748 3858 9.6.
1780 3802 2024 3867 Quando

360 3879 556 3948 autem
587 3875 754 3930 ﬂeret
801 3878 858 3948 et
892 3890 1010 3948 quo
1055 3875 1191 3948 ritu,
1224 3875 1576 3946 explicatius
1621 3875 1868 3929 docetur
1914 3874 2017 3927 lib.

361 3944 436 4000 de
461 3945 890 4009 Sacramentis,
909 3944 1052 4016 'cap.
1082 3946 1130 4000 1.

431 4017 509 4086 (5)
543 4017 692 4072 Edit.
727 4017 921 4086 Eras.,
951 4015 1086 4074 Gill.
1119 4020 1176 4073 et
1207 4019 1400 4087 Rom.,
1424 4017 1534 4072 sed
1574 4015 1665 4070 illi
1701 4031 1767 4070 os
1789 4015 2022 4085 tetigit:

358 4087 602 4156 Amerb,
623 4091 680 4144 et
715 4105 923 4144 omnes
946 4104 1118 4158 mss.,
1145 4088 1253 4143 sed
1283 4089 1406 4156 ille,
1430 4091 1542 4142 etc.
1576 4087 2025 4158 Consequenter

359 4161 556 4215 autem
577 4159 676 4216 ubi
695 4160 900 4232 plures
919 4175 1064 4216 mss.
1082 4164 1138 4215 et
1154 4175 1361 4216 omnes
1385 4159 1545 4228 edit.,
1575 4158 1821 4212 curabat
1849 4165 1907 4212 ct
1941 4158 2023 4210 vi-

357 4257 510 4308 rum,
527 4239 746 4315 legitur
765 4241 824 4298 in
845 4257 998 4298 mss.
1031 4241 1271 4314 aliquot,
1293 4239 1538 4296 curabat
1559 4245 1616 4294 et
1639 4239 1902 4293 surdum.
1919 4239 2024 4294 De-

359 4323 538 4394 nique
554 4338 662 4394 pro
685 4337 888 4378 sonum
912 4321 1088 4387 vocis,
1114 4321 1273 4394 quod
1295 4322 1488 4376 exstat
1527 4319 1586 4374 in
1628 4319 1858 4374 cunctis
1881 4319 2019 4374 edit.

359 4405 416 4457 et
444 4419 590 4458 mss.
643 4417 760 4459 non
806 4403 1036 4474 paucis,
1080 4401 1294 4456 melius
1343 4402 1403 4455 in
1449 4399 1602 4469 aliis,
1649 4414 1792 4454 sono
1841 4399 2017 4466 vocis,

357 4483 416 4538 id
445 4485 559 4554 est,
578 4483 665 4554 ad
695 4499 908 4538 sonum
930 4482 1098 4536 vocis
1121 4481 1521 4554 emittendum.

429 4555 509 4623 (6)
544 4551 774 4610 Sancta
821 4561 1176 4617 sanctorum,
1225 4553 1336 4607 hoc
1394 4556 1486 4606 est
1538 4551 2022 4623 regenerationis

357 4621 710 4710 sacrarium,
725 4625 1176 4710 baptisterimn,‘
1185 4623 1316 4710 fons
1327 4640 1532 4710 sacer;
1557 4621 1651 4710 his
1663 4621 1818 4710 enini
1837 4623 2019 4710 norni-

357 4696 536 4752 nibus
578 4693 750 4753 locus
795 4693 892 4752 ille
943 4713 1075 4752 cum
1124 4696 1198 4751 ab
1243 4695 1582 4762 Ambrosio,
1616 4696 1738 4748 tum
1767 4693 1840 4747 ab
1885 4693 2020 4748 aliis

357 4767 635 4822 Patribus
665 4769 1008 4838 appellatur.
1041 4765 1330 4823 Caterum
1363 4770 1704 4822 sanctorum
1739 4763 2018 4836 reliquias

358 4853 493 4893 cum
525 4837 807 4894 Paulinus
829 4839 1001 4909 epist.
1036 4839 1104 4894 2:2
1145 4839 1362 4894 Sancta
1399 4842 1736 4909 sanctorum
1765 4851 2018 4909 vocasse

356 4909 705 4982 reperiatur,
737 4907 912 4982 atque
941 4927 1023 4982 ex,
1047 4909 1524 4982 Ennodio'l‘icin.
1557 4907 1728 4982 epist.
1767 4907 1838 4961 ad
1864 4907 2014 4982 Utal.

356 4977 979 5053 et_Gregorio_Turon.
1014 4981 1116 5053 lib.
1169 4998 1207 5036 x
1245 4981 1402 5035 Hist.
1437 4977 1890 5053 cap._3t,_sacra
1924 4978 2018 5032 illa

355 5050 608 5134 pigngra
638 5052 699 5107 in
729 5051 1102 5134 baptisteriis-
1132 5053 1306 5134 condi
1356 5052 1528 5108 solita
1575 5050 1975 5134 intelligamus
2003 5065 2016 5117 ;

355 5121 468 5178 erit
500 5121 882 5195 fortassequi
935 5123 1044 5178 hac
1090 5125 1216 5194 ipsa
1267 5123 1339 5178 de
1386 5139 1567 5178 causa
1599 5122 1792 5176 locum
1840 5121 2016 5176 istum

354 5198 518 5264 putet
547 5195 620 5250 ab
655 5194 970 5250 Ambrosio
1001 5195 1078 5251 ita
1121 5198 1393 5250 vocatum
1445 5195 1858 5249 Verumtamen
1901 5209 2018 5264 uie-

353 5262 662 5336 taphoram
693 5269 913 5322 tantum
944 5265 1040 5321 hic
1081 5281 1220 5322 esse
1259 5265 1628 5336 probabilius
1660 5266 1769 5318 est.
1809 5265 1889 5318 De
1923 5262 2017 5318 his

353 5341 546 5394 autem
607 5339 883 5394 omnibus
941 5354 1074 5410 quae
1122 5337 1236 5410 hoc
1281 5337 1412 5410 loco
1463 5337 2012 5410 commemorantur,

354 5411 565 5466 consul
578 5410 859 5482 Cyrilium
878 5405 1174 5482 Hierosol.
1189 5405 1426 5482 Catach.
1445 5424 1482 5474 ι,
1499 5406 1751 5482 Mystag.
1767 5409 1823 5460 et
1843 5405 2012 5482 alios.

423 5483 502 5552 ('1)
535 5477 660 5537 Etsi
691 5497 810 5536 non
841 5497 1048 5536 omnes
1068 5479 1347 5552 baptismi
1366 5477 1754 5552 caeremonias
1779 5480 2017 5552 enarret

351 5547 731 5622 Ambrosius,
766 5552 919 5607 hanc
950 5547 1350 5622 tamen—cujus
1381 5564 1553 5604 nemo
1605 5547 1726 5622 fere
1779 5548 2013 5601 Patrum

351 5643 471 5682 non
517 5618 800 5694 meminit,
847 5625 1130 5679 omissam
1180 5621 1386 5688 noluit,
1423 5622 1616 5691 utpote
1667 5618 1816 5674 inter
1863 5635 2009 5689 pra:-

353 5697 558 5766 cipuas
589 5698 1050 5752 annumeratam.

421 5762 498 5840 (8)
532 5769 702 5825 Rom.
734 5767 874 5826 edit.
908 5765 1056 5840 sola,
1087 5763 1298 5822 vidisti
1327 5763 1690 5830 sacerdotes,
1716 5763 1774 5819 et
1790 5762 2010 5826 sanein

2047 4593 2102 4655 D

2148 602 2239 654 est
2289 614 2542 671 negare:
2595 597 2846 670 angelus
2899 592 2992 652 est
3035 597 3137 669 qui
3182 615 3432 671 regnum
3480 598 3691 655 Christi
3734 605 3786 658 et

2145 687 2324 740 vitam
2375 689 2656 740 (sternam
2699 687 3023 740 annuntiat.
3074 686 3205 741 Non
3252 688 3454 758 specie
3509 688 3613 743 tibi
3651 681 3784 747 327

2147 775 2532 829 aestimandus
2565 775 2660 842 sit,
2696 775 2801 828 sed
2845 789 3106 830 munere.
3146 773 3297 840 Quid
3337 776 3636 830 tradiderit
3663 793 3790 833 con-

2147 863 2364 932 sidera,
2387 879 2560 918 usum
2585 862 2718 932 ejus
2738 863 3024 933 expende,
3052 866 3108 918 et
3129 867 3342 918 statum
3367 863 3500 936 ejus
3521 880 3788 937 agnosce.

2215 953 2267 1006 ’7.
2315 953 2636 1024 Ingressus
2695 967 2762 1006 es
2821 951 3005 1024 igitur
3061 955 3123 1007 ut
3177 952 3584 1008 adversarium
3639 958 3788 1010 tuum

2146 1057 2448 1112 cerneres,
2484 1041 2579 1096 cui
2610 1040 3061 1096 renuntiandum
3095 1041 3156 1096 in
3189 1057 3259 1096 os
3287 1041 3516 1112 putaris
3547 1041 3690 1110 (10):
3727 1043 3793 1096 ad

2144 1130 2430 1185 orientem
2469 1129 2874 1198 converteris;
2907 1129 3006 1200 qui
3039 1129 3195 1184 enim
3223 1130 3520 1185 renuntiat
3546 1130 3784 1201 diabolo,

2141 1219 2214 1272 ad
2243 1218 2543 1274 Christum
2575 1217 2954 1288 convertitur,
2991 1219 3152 1274 illum
3200 1219 3426 1274 directo
3477 1219 3661 1274 cernit
3687 1219 3788 1274 ob-

2140 1309 2287 1362 tutu.

2777 1377 3030 1437 CAPUT
3063 1379 3158 1434 III.

2140 1465 2208 1520 In
2241 1483 2385 1540 aqua
2410 1473 2467 1522 et
2485 1467 2679 1540 sacris
2699 1467 3001 1540 ministris
3009 1467 3396 1540 praesentiam
3411 1472 3788 1540 atqueopera-

2215 1537 2430 1610 tionem
2463 1539 2526 1594 di
2537 1537 3328 1610 vinitatisconsiderandam
3354 1537 3510 1610 esse,
3529 1537 3790 1610 pluribus

2209 1608 2424 1681 ﬁguris
2437 1609 2648 1681 quibus
2659 1608 3075 1681 baptismajam
3088 1609 3228 1681 inde
3241 1625 3274 1662 a
3290 1609 3493 1664 mundi
3504 1608 3790 1664 creatione

2209 1679 2277 1735 ac
2301 1679 2508 1753 postea
2530 1679 2992 1752 praenuntiatum
3021 1685 3132 1750 est,
3167 1679 3360 1735 docet.

2207 1771 2260 1825 8.
2293 1769 2442 1834 Quid
2482 1769 2732 1824 vidisti?
2765 1770 2968 1840 Aquas
3021 1768 3242 1840 utique,
3295 1769 3405 1824 sed
3450 1785 3567 1824 non
3604 1769 3785 1825 solas:

2051 1873 2104 1936 Β
2136 1858 2375 1914 Levites
2419 1858 2538 1913 illic
2599 1857 3022 1927 ministrantes,
3081 1873 3381 1914 summum
3437 1858 3788 1913 sacerdotem

2135 1949 2597 2020 interrogantem
2617 1950 2675 2004 et
2695 1943 3292 2018 consecrantem(tt).
3315 1947 3516 2002 Primo
3545 1948 3789 2002 omnium

2133 2037 2334 2093 docuit
2380 2041 2436 2092 te
2483 2035 2806 2107 Apostolus
2854 2051 2973 2091 non
3019 2051 3088 2090 ea
3135 2036 3587 2107 contemplanda
3627 2035 3788 2091 nobis

2137 2142 2261 2200 quae
2289 2124 2582 2192 videntur,
2618 2125 2728 2180 sed
2756 2141 2880 2197 quae
2909 2139 3022 2180 non
3062 2125 3361 2190 videntur,
3391 2125 3655 2198 quoniam
3675 2141 3788 2198 quia

2141 2215 2438 2280 videntur,
2450 2213 2794 2286 temporalia
2808 2219 2944 2268 sunt
2959 2233 2976 2268 :
3001 2229 3126 2286 quae
3143 2219 3338 2268 autem
3361 2229 3476 2270 non
3505 2215 3785 2282 videntur,

2133 2311 2361 2360 wterna
2391 2304 2479 2374 (II
2506 2305 2641 2358 Cor.
2673 2320 2752 2372 iv,
2777 2302 2893 2373 ‘18).
2927 2303 3077 2357 Nam
3108 2305 3165 2357 et
3191 2302 3336 2356 alibi
3377 2303 3602 2358 habes:
3655 2302 3787 2369 Quia

2137 2392 2471 2448 invisibilia
2505 2393 2618 2447 Dei
2647 2408 2679 2446 a
2710 2399 2987 2447 creatura
3017 2391 3222 2446 mundi
3248 2407 3367 2463 per
3388 2409 3457 2447 ea
3494 2408 3617 2466 quae
3643 2392 3788 2447 facta

2134 2488 2272 2537 sunt
2293 2481 2904 2554 comprehenduntur:
2949 2481 3318 2552 sempiterna
3350 2484 3572 2554 quoque
3609 2481 3788 2536 virtus

2135 2571 2263 2643 ejus
2285 2587 2352 2626 ac
2390 2571 2684 2627 divinitas
2705 2569 2988 2640 operibus
3019 2569 3349 2625 aestimatur
3380 2571 3570 2640 (Rom.
3604 2569 3654 2641 1,
3685 2569 3784 2638 20).

2136 2660 2306 2716 Unde
2327 2663 2385 2715 et
2405 2661 2534 2730 ipse
2557 2659 2843 2714 Dominus
2864 2659 2970 2714 ait:
2997 2658 3069 2713 Si
3097 2659 3247 2712 milii
3269 2675 3389 2714 non
3408 2659 3678 2729 creditis,
3707 2657 3795 2712 vel

2135 2749 2418 2820 aperibiis
2435 2748 2872 2816 crcdite(Joan.
2886 2765 2946 2816 x,
2971 2748 3081 2816 38).
3105 2746 3291 2802 Crede
3313 2763 3467 2820 ergo
3488 2747 3792 2803 divinitatis

2134 2838 2252 2893 illic
2290 2838 2504 2893 adesse
2549 2837 2948 2908 praesentiam.
2981 2837 3397 2906 Operationem
3439 2837 3652 2906 credis,
3683 2851 3790 2890 non

2135 2926 2330 2982 credis
2352 2927 2730 2998 praesentiam
2750 2927 2780 2981 ‘2
2814 2925 2980 2982 Unde
3004 2929 3358 2998 sequeretur
3382 2926 3660 2998 operatio,
3683 2925 3788 2980 nisi

2133 3015 2499 3086 praicederet
2526 3019 2659 3071 ante
2692 3014 3008 3086 praesentia
3028 3016 3056 3070 εν

2132 3157 2234 3213 lib.
2270 3176 2285 3212 ι
2320 3158 2404 3213 De
2435 3157 2724 3227 Sacram,
2759 3174 2885 3228 cap.
2921 3157 2972 3227 2,
3004 3156 3318 3228 presbyter
3347 3160 3704 3216 memoratur
3730 3157 3784 3211 in

2059 3233 2110 3296 C
2134 3229 2442 3302 singulari.
2477 3229 2591 3284 Per
2621 3230 2772 3284 hanc
2801 3233 2992 3284 autem
3039 3244 3248 3302 vocem
3279 3245 3404 3284 non
3433 3232 3783 3302 episcopum,

2133 3306 2194 3356 ut
2224 3299 2394 3366 Solet,
2429 3302 2792 3372 designatS.
2843 3299 3085 3372 praesul,
3137 3299 3244 3354 aed
3287 3299 3538 3356 secundi
3571 3299 3783 3356 ordinis

2133 3374 2520 3439 sacerdotem,
2545 3371 2616 3426 ad
2635 3371 2812 3443 cujus
2833 3371 3267 3444 distinctionem
3299 3373 3623 3444 episcopus
3653 3386 3786 3425 con-

2133 3444 2293 3499 tinuo
2341 3447 2476 3500 post
2532 3461 2800 3499 summus
2845 3443 3130 3500 sacerdos
3185 3443 3542 3500 nominatur.
3586 3445 3784 3498 lterum

2130 3530 2274 3570 vero
2309 3513 2408 3570 ubi
2451 3514 2679 3570 Erasm.
2731 3531 2862 3570 cum
2907 3530 3035 3586 seq.
3069 3513 3206 3586 edit.
3253 3517 3310 3567 et
3359 3531 3510 3586 mss.
3556 3515 3780 3586 aliquot,

2132 3589 2554 3659 mysteriorum
2591 3588 2889 3659 gratiam:
2948 3584 3187 3640 Aincrl).
3232 3600 3368 3639 cum
3416 3584 3680 3658 pluribus
3719 3599 3782 3637 ac

2131 3657 2482 3728 petieribus,
2510 3661 2570 3712 ut
2598 3658 2655 3712 in
2685 3661 2869 3712 textu.
3145 3726 3193 3728 μ
3236 3726 3247 3728 ᾼ
3423 3657 3432 3658 ί
3680 3727 3683 3728 ν
3853 3711 3863 3719 .

2203 3729 2279 3796 ('9)
2313 3726 2757 3784 Mss.nonnulli
2789 3745 2922 3784 cum
2951 3730 3113 3783 textu
3145 3726 3402 3783 Hebraeo
3445 3732 3504 3784 et
3535 3727 3778 3784 version.

2136 3799 2308 3871 Vulg.
2334 3803 2390 3854 ct
2409 3800 2612 3854 Chald.
2635 3800 2870 3872 Domini
2901 3801 3288 3872 exercituum.
3315 3799 3550 3872 Reliqui
3575 3803 3628 3856 et
3656 3799 3780 3872 edit.

2133 3869 2340 3926 omn—es
2357 3888 2487 3926 cum
2508 3872 2684 3940 LXX,
2709 3871 2950 3942 Syriaca
2971 3874 3028 3926 et
3045 3869 3316 3938 Arabica,
3341 3869 3582 3926 Domini
3608 3869 3781 3927 omni-

2150 3944 2408 3997 ioteulis.

2150 3959 2408 3997 intentis.

2125 3959 2164 4086 1A
2200 4013 2312 4084 (10)
2345 4015 2564 4070 Omnes
2594 4013 2756 4084 edit.,
2777 4014 2872 4070 cui
2893 4010 3350 4086 renuntiandum
3374 4030 3514 4070 mox
3527 4023 3776 4086 putares.

2129 4083 2347 4140 Omnes
2371 4101 2542 4151 mss.,
2565 4087 2660 4139 cui
2679 4085 3138 4140 renuntiandum
3155 4085 3217 4139 in
3240 4098 3322 4146 os,
3349 4083 3590 4156 quidam
3623 4089 3782 4156 puta-

2131 4172 2250 4223 res,
2277 4156 2476 4226 plures
2488 4157 2744 4227 putaris,
2761 4173 2914 4211 unus
2937 4158 3110 4212 etiam
3133 4157 3417 4228 sputaris.
3435 4158 3497 4211 In
3514 4174 3582 4212 os
3602 4158 3782 4210 autem

2131 4235 2468 4292 renuntiare
2519 4235 2670 4291 idem
2715 4240 2808 4291 est
2862 4253 2932 4291 ac
2978 4235 3166 4306 palam
3224 4243 3282 4295 et
3325 4239 3549 4308 aperte,
3590 4235 3684 4291 Sic
3722 4233 3784 4292 εἰς

2127 4311 2396 4388 πρόσωπον
2444 4316 2697 4372 sumitur
2741 4317 2802 4372 in
2847 4317 3094 4388 Didymo
3139 4321 3197 4372 et
3252 4318 3513 4374 Scholiis
3569 4309 3780 4372 Graacis

2129 4413 2236 4466 pro
2275 4399 2508 4470 φανερῶς.
2564 4397 2825 4452 Sumitur
2881 4399 3054 4452 etiam
3104 4399 3164 4453 in
3210 4401 3342 4454 aliis
3397 4396 3640 4454 scholiis
3686 4409 3780 4465 pro

2130 4475 2483 4550 ᾀναισχὺντως
2504 4477 2914 4550 impudenter:
2949 4494 3066 4550 quo
3097 4479 3244 4550 forte
3275 4495 3462 4534 sensu
3483 4476 3602 4550 {ob
3621 4493 3660 4550 _I,
3698 4471 3774 4550 11,

2131 4547 2444 4624 invenitur.
2468 4547 3045 4624 Nec’etiamnimium
3067 4548 3524 4624 displicetquo'd
3547 4547 3779 4624 habetur

2129 4619 2189 4674 in
2219 4621 2348 4674 cor].
2379 4621 2550 4691 ltcg.,
2571 4622 2852 4692 sputaris,
2875 4621 2987 4675 hoc
3012 4625 3120 4687 est,
3147 4617 3217 4675 os
3235 4617 3403 4676 tibilii
3423 4617 3778 4692 sputoiltini:

2129 4694 2242 4746 tur.
2402 4695 2538 4772 tunc
2579 4691 2843 4772 membra
2871 4693 2960 4746 sic
2986 4699 3190 4772 essent
3229 4691 3774 4772 di_stinguenda,‘cui

2130 4763 2608 4838 renuntiandum.
2633 4763 2702 4838 In
2723 4780 2789 4838 0s
2820 4765 3104 4838 sputaris.
3131 4763 3574 4838 elc.__D_iseimus
3595 4763 3772 4838 autem

2129 4849 2204 4889 ex
2235 4834 2347 4888 hoc
2375 4834 2506 4888 loco
2538 4835 2720 4888 moris
2753 4832 2961 4902 fuisse,
2999 4839 3058 4887 ut
3094 4835 3194 4904 qui
3224 4834 3460 4888 diabolo
3489 4832 3775 4904 renuntia-

2128 4905 2288 4973 bant,
2322 4906 2379 4960 in
2412 4905 2776 4960 occidentem
2817 4899 3282 4972 obverterentur,
3317 4899 3773 4975 quandoquidem

2130 4971 2336 5046 postea
2372 4980 2431 5032 ut
2463 4976 2763 5032 Christum
2801 4977 3069 5047 aspiciat,
3103 4971 3468 5032 convertitur
3497 4974 3554 5028 in
3573 4971 3772 5027 'orien-

2128 5051 2264 5103 tem.

2199 5119 2312 5189 (11)
2357 5120 2439 5174 De
2491 5118 2668 5174 fontis
2715 5119 3164 5174 consecratione
3219 5117 3433 5172 dicitur
3483 5115 3580 5169 lib.
3605 5111 3772 5189 illc'

2131 5184 2398 5246 Sacrani.
2432 5209 2559 5261 cap.
2601 5192 2655 5258 5,
2689 5207 2867 5260 quam
2910 5192 3082 5246 etiam
3117 5192 3344 5261 constat
3375 5192 3566 5243 uotum
3599 5184 3774 5261 fuisse

2129 5280 2243 5318 non
2269 5263 2460 5318 solum
2479 5252 2820 5317 auctoribus
2837 5263 3088 5318 Constit.
3108 5263 3308 5332 Apost.
3330 5260 3427 5332 tib.
3453 5275 3550 5332 vii,
3575 5271 3696 5324 cap.
3721 5252 3768 5332 4,

2128 5338 2183 5388 et
2205 5334 2403 5404 operis
2424 5333 2762 5404 deHierar.
2795 5333 3031 5401 oculos,
3053 5321 3181 5403 cap'.
3216 5333 3290 5386 de
3318 5321 3659 5404 Baptisino,’
3675 5321 3769 5404 sed

2127 5396 2299 5460 etiam
2331 5405 2434 5460 SS.
2487 5403 2778 5474 Cypriano
2833 5396 3275 5474 episthy-nod.
3325 5396 3674 5474 ad'Januar.
3721 5396 3772 5446 et

2127 5480 2378 5530 czctcros
2397 5468 2682 5530 Numidas
2705 5468 2916 5543 episcl;
2946 5468 3162 5530 Basilio
3185 5475 3246 5528 In
3279 5473 3426 5544 psal.
3447 5487 3580 5544 ωερε,
3603 5468 3767 5534 Greg.

2125 5547 2403 5616 Nysseno
2433 5549 2490 5600 et
2528 5546 2679 5598 aliis.
2727 5541 2892 5600 Unde
2930 5547 3134 5600 merito
3170 5541 3613 5616 editorrAnglus
3645 5551 3769 5616 ope-

2128 5611 2256 5673 rum
2287 5618 2562 5688 Cypriani
2597 5617 2724 5671 loco
2749 5617 2944 5684 citato,
2980 5621 3154 5688 negat
3185 5617 3318 5671 illas
3350 5611 3627 5688 formulas
3663 5614 3769 5660 ιευη

2125 5683 2539 5761 ηυρσνᾱδόδεο
2577 5705 2743 5762 quam
2781 5683 3101 5744 navaturos
3139 5688 3261 5742 Sibi
3291 5691 3350 5743 et
3382 5683 3519 5740 aliis
3537 5691 3769 5755 persua-

2125 5763 2274 5819 dere
2305 5765 2611 5818 conantur.
