4024 6176
211 370 286 437 ω
1402 367 1661 434 LIBER
1700 365 1811 433 DE
1853 367 2333 434 MYSTERIIS.

3468 372 3590 439 410

242 572 288 628 9.
324 569 636 628 Considera
666 573 858 627 autem
888 587 1064 643 quam
1106 574 1278 627 vetus
1323 570 1667 643 mysterium
1717 570 1812 641 sit,
1835 552 1888 616 Α
1922 570 2074 626 letur
2105 586 2117 626 :
2151 570 2338 642 pietas
2386 574 2577 626 autem
2629 574 2685 626 et
2732 559 3065 628 innocentia
3112 575 3233 629 tuta
3263 567 3588 646 permansit

187 663 232 717 in
258 662 432 733 ipsius
460 661 658 715 mundi
688 660 1127 732 praeﬁguratum
1157 661 1405 733 origine.
1440 661 1503 714 In
1524 659 1813 729 principio

186 751 310 821 ipso,
341 750 566 821 quando
597 750 734 804 fecit
764 751 923 805 Deus
942 750 1155 805 emtum
1176 753 1232 805 et
1252 754 1487 818 terram,
1522 749 1805 821 Spiritus,

181 840 357 912 inquit,
390 838 879 910 superferebatur
906 856 1088 911 super
1114 855 1295 911 aquas
1324 838 1498 907 (Gen.
1520 857 1557 907 ι,
1590 839 1666 905 2).
1702 838 1811 903 Qui

178 928 629 999 superferebatur
656 944 838 998 super
866 944 1072 999 aquas,
1108 945 1226 982 non
1257 929 1611 999 operabatur
1632 943 1814 997 super

179 1019 374 1088 aquas?
401 1016 511 1071 Sed
544 1017 683 1087 quid
715 1017 905 1071 dicam
954 1016 1307 1086 operabatur
1347 1015 1495 1086 (12)?
1538 1017 1695 1087 quod
1739 1017 1811 1070 ad

176 1105 518 1175 praesentiam
570 1109 814 1175 spectat,
867 1106 1368 1176 superferebatur.
1416 1105 1551 1160 Non
1599 1121 1811 1176 opera-

177 1193 341 1261 batur,
370 1196 467 1265 qui
495 1194 1022 1265 superferebatur?
1052 1195 1365 1267 Cognosce
1414 1196 1547 1266 quia
1598 1210 1809 1264 opera-

176 1282 326 1336 batur
348 1283 405 1336 in
435 1283 531 1337 illa
559 1283 760 1338 mundi
790 1283 1035 1353 fabrica,
1085 1285 1321 1354 quando
1351 1284 1457 1339 tibi
1489 1284 1629 1338 dicit
1660 1284 1809 1337 Pro-

173 1371 321 1440 pheta
353 1387 365 1425 :
408 1370 599 1426 Verbo
627 1372 864 1433 Domini
894 1371 1024 1426 CCBII
1055 1371 1279 1427 ﬁrmati
1306 1378 1460 1437 sunt,
1497 1379 1553 1426 et
1577 1372 1810 1443 Spiritu

176 1461 282 1513 oris
301 1461 418 1531 ejus
437 1462 628 1515 omnis
650 1461 841 1514 virtus
862 1476 1061 1515 eorum
1079 1460 1269 1530 (Psal.
1287 1478 1470 1529 xxx",
1488 1460 1563 1531 6).
1584 1460 1812 1514 Utrum-

177 1564 271 1618 que
310 1547 647 1618 prophetieo
699 1549 1020 1603 subnixum
1067 1551 1159 1604 est
1198 1550 1557 1619 testimdnio,
1588 1553 1643 1603 et
1675 1548 1812 1619 quia

173 1637 623 1707 superferebatur
652 1641 709 1693 et
739 1639 875 1709 quia
904 1638 1272 1708 operabatur.
1306 1638 1452 1704 Quia
1482 1636 1811 1708 superfere-

172 1723 334 1793 batur,
366 1727 610 1798 Moyses
639 1727 780 1781 dicit
814 1743 825 1781 :
862 1729 1000 1798 quia
1032 1728 1404 1798 Operabatur,
1460 1727 1644 1781 David
1683 1729 1807 1781 tes-

171 1813 410 1869 tiﬁcatur.

1923 661 2066 731 (15)?

1994 747 2079 803 13.
2123 749 2309 804 Audis
2338 750 2473 821 quia
2504 749 2616 804 sub
2648 750 2803 804 nube
2853 750 3087 805 fuerunt
3132 756 3330 821 patres
3374 753 3583 820 nostri,

1921 840 1977 891 et
2003 838 2157 892 bona
2191 839 2365 907 nube,
2398 855 2529 910 quae
2562 839 2884 893 carnalium
2912 839 3286 911 refrigeravit
3318 841 3587 895 incendia

1921 927 2286 995 passionum.
2336 928 2496 981 Bona
2544 928 2736 981 nubes
2786 928 3169 982 oburumbrat
3200 944 3351 998 quos
3382 930 3589 983 revisit

1919 1014 2174 1084 Spiritus
2222 1020 2487 1071 sanctus.
2536 1017 2799 1088 Denique
2841 1018 3187 1087 supervenit
3233 1017 3292 1070 in
3346 1017 3589 1072 Mariam

1918 1104 2233 1175 virginem,
2286 1109 2342 1159 et
2386 1106 2577 1160 virtus
2609 1106 2905 1160 Altissimi
2935 1105 3307 1160 obumbravit
3338 1106 3389 1160 ei
3424 1107 3586 1171 (Luc.

1916 1209 1956 1261 ι,
1990 1193 2103 1261 35);
2135 1195 2370 1264 quando
2398 1195 2860 1265 redemptionem
2885 1195 3047 1266 genti
3071 1195 3273 1265 genuit
3296 1195 3587 1249 humanae.

1919 1280 1990 1334 Et
2035 1281 2179 1335 illud
2228 1283 2574 1337 miraculum
2622 1299 2729 1353 per
2777 1284 3021 1354 Moysen
3064 1284 3123 1337 in
3155 1283 3344 1354 ﬁgura
3375 1282 3590 1337 factum

1920 1372 2012 1423 est
2042 1370 2259 1438 (Exod.
2297 1389 2416 1441 XlV,
2449 1373 2558 1441 21).
2590 1372 2650 1426 Si
2684 1388 2827 1444 ergo
2862 1373 2921 1426 in
2950 1373 3139 1443 figura
3183 1371 3367 1426 adfuit
3411 1372 3593 1442 Spiri-

1919 1460 2036 1527 tus,
2069 1475 2187 1514 non
2215 1460 2383 1515 adest
2410 1462 2469 1515 in
2500 1462 2763 1531 veritate,
2798 1477 2931 1515 cum
2964 1460 3266 1531 Scriptura
3282 1461 3389 1515 tibi
3412 1461 3587 1516 dicit:

1923 1547 2067 1612 Quia
2097 1548 2200 1604 [ex
2220 1566 2335 1620 per
2363 1550 2615 1622 Moysen
2646 1550 2781 1604 data
2812 1558 2921 1614 est,
2957 1552 3154 1621 gratia
3187 1556 3379 1605 autem
3410 1555 3468 1603 et
3506 1566 3595 1604 ve-

1916 1636 2072 1691 ritas
2094 1654 2209 1708 per
2236 1638 2435 1692 Jesum
2470 1638 2771 1692 Christum
2803 1638 2958 1692 facta
2991 1646 3081 1692 est
3114 1638 3365 1707 (Joan.1,
3402 1639 3513 1707 1'1).

1994 1726 2079 1780 14.
2123 1727 2357 1781 Meri-ha
2388 1726 2522 1781 fons
2554 1728 2964 1781 amarissimus
2997 1730 3150 1781 erat:
3180 1728 3337 1781 misit
3366 1728 3427 1781 in
3457 1743 3592 1783 eum

1918 1814 2159 1885 Moyses
2188 1816 2436 1888 lignum,
2472 1820 2527 1871 et
2556 1816 2747 1871 dulcis
2777 1820 2869 1871 est
2901 1816 3094 1871 factus
3140 1817 3356 1883 (Exod.
3391 1834 3490 1885 xv,
3523 1816 3591 1871 23

229 1904 303 1957 10.
342 1905 561 1975 Accipe
589 1905 746 1959 aliud
765 1907 1184 1962 testimonium.
1216 1907 1503 1977 Corrupta
1524 1909 1648 1960 erat
1670 1921 1807 1959 caro
1840 1923 1888 1985 Β
1919 1909 1977 1957 et
2009 1905 2179 1976 seq.).
2233 1908 2400 1976 Aqua
2449 1905 2604 1959 enim
2653 1906 2781 1960 sine
2813 1904 3231 1975 praedicatione
3263 1905 3587 1959 Dominicaa

171 1993 334 2047 omnis
362 1994 433 2048 ab
464 1994 874 2065 iniquitatibus
904 1996 1054 2050 suis.
1089 1996 1223 2051 Non
1264 1995 1663 2067 permanebit,
1712 1996 1804 2048 in-

168 2082 271 2149 quit
298 2082 469 2151 Deus,
513 2082 784 2153 Spiritus
812 2100 979 2138 meus
1010 2085 1070 2138 in
1102 2083 1455 2148 hominibus,
1504 2084 1635 2156 quia
1670 2100 1807 2137 ear-

168 2186 258 2224 nes
282 2177 408 2225 sunt
436 2172 618 2240 (Gen.
653 2190 731 2241 vi,
764 2172 839 2241 3).
873 2172 1000 2238 Quo
1032 2174 1290 2228 ostendit
1325 2174 1484 2228 Deus
1515 2173 1651 2245 quia
1682 2188 1809 2227 car-

168 2258 263 2312 nali
293 2260 669 2330 immunditia,
724 2264 781 2316 et
827 2262 1121 2333 gravioris
1166 2262 1296 2317 labe
1345 2263 1571 2332 peccati
1621 2262 1809 2333 gratia

168 2347 421 2416 spiritalis
469 2350 776 2404 avertitur.
845 2350 1011 2405 Unde
1060 2351 1269 2405 volens
1329 2351 1489 2404 Deus
1534 2366 1809 2421 reparare

166 2437 299 2505 quod
327 2438 546 2507 deerat,
580 2437 866 2493 diluvium
894 2440 1054 2509 fecit,
1087 2442 1143 2493 et
1169 2439 1399 2510 justum
1446 2438 1571 2493 Noe
1622 2440 1680 2493 in
1711 2455 1811 2493 ar-

168 2539 274 2578 cam
295 2524 471 2597 jussit
500 2527 831 2582 ascendere
859 2528 1033 2599 (Gen.
1066 2544 1167 2596 vn,
1203 2528 1228 2581 1
1252 2533 1310 2582 et
1331 2528 1481 2599 seq.)
1512 2527 1622 2593 Qui
1644 2529 1803 2597 dum,

167 2612 452 2671 decedente
499 2616 725 2671 diluvio
774 2618 906 2685 (13),
957 2633 1202 2672 corvum
1250 2617 1581 2672 dimisisset
1611 2618 1805 2687 prius,

164 2702 245 2772 qui
272 2719 380 2758 non
399 2708 678 2775 revertit;
712 2707 932 2760 dimisit
950 2706 1301 2775 columbam,
1337 2722 1469 2777 quae
1493 2722 1625 2760 cum
1647 2722 1810 2761 ramo

162 2791 287 2855 328
311 2800 452 2854 oleae
481 2796 704 2866 legitur
723 2797 1045 2850 revertisse
1076 2795 1248 2863 (Gen.
1274 2812 1396 2863 VIII,
1430 2796 1483 2863 7,
1516 2794 1590 2861 8).
1627 2795 1809 2849 Vides

165 2904 364 2960 aquam,
394 2890 572 2944 vides
594 2889 841 2959 lignum,
866 2885 1197 2940 columbam
1218 2884 1461 2955 aspicis,
1494 2886 1551 2938 et
1571 2883 1807 2937 dubitas

167 2979 225 3033 de
248 2980 548 3050 mysterio.

220 3068 294 3122 11.
333 3071 499 3140 Aqua
537 3069 629 3122 est
658 3082 801 3138 ergo
834 3081 948 3137 qua
997 3080 1134 3120 caro
1173 3064 1478 3135 mergitur,
1529 3066 1591 3117 ut
1637 3078 1808 3117 omne

164 3156 401 3212 abluatur
429 3156 670 3212 carnale
700 3158 1007 3226 peccatum
1034 3154 1167 3226 (14).
1199 3153 1496 3223 Sepetitur
1523 3152 1644 3206 illic
1678 3167 1805 3206 om-

166 3261 223 3298 ne
248 3248 541 3318 ﬂagitium.
578 3245 834 3317 Lignum
881 3247 973 3299 est
1015 3244 1075 3297 in
1120 3259 1236 3314 quo
1269 3241 1527 3296 sufﬁxus
1560 3244 1652 3295 est
1684 3240 1802 3294 Do-

166 3335 333 3390 minus
378 3337 583 3403 Jesus,
634 3351 766 3389 cum
812 3335 1110 3403 pateretur
1158 3348 1265 3402 pro
1296 3331 1492 3386 nobis.
1524 3330 1808 3384 Columba

166 3425 316 3478 estin
345 3426 518 3497 cujus
552 3423 754 3494 specie
784 3421 1089 3477 descendit
1120 3420 1374 3491 Spiritus
1406 3423 1672 3487 sanctus,
1725 3419 1808 3471 si-

165 3514 586 3569 cutdidicistiin
621 3528 774 3568 novo
803 3513 1154 3566 testamento
1185 3510 1423 3580 (Matth.
1445 3526 1525 3577 m,
1560 3507 1669 3577 16),
1704 3507 1802 3578 qui

165 3601 251 3655 tibi
276 3620 468 3672 pacem
499 3603 736 3665 anima},
787 3600 1263 3671 tranquillitatem
1294 3599 1506 3653 mentis
1535 3597 1802 3668 inspirat.

165 3689 363 3748 Corvus
391 3697 482 3748 est
516 3694 710 3764 ﬁgura
738 3690 982 3761 peccati,
1018 3689 1175 3761 quod
1207 3689 1345 3755 exit,
1381 3691 1437 3742 et
1468 3704 1583 3742 non
1613 3703 1811 3742 rever-

167 3779 306 3849 titur;
338 3783 388 3837 si
418 3783 476 3837 in
508 3786 565 3837 te
595 3796 830 3853 quoque
856 3779 1002 3850 justi
1039 3778 1305 3832 custodia
1336 3780 1393 3832 et
1441 3777 1629 3832 forma
1671 3792 1804 3831 ser-

166 3873 326 3926 vetur.

218 3956 291 4013 12.
329 3961 591 4016 Tertium
637 3976 870 4031 quoque
918 3957 1318 4013 testimonium
1369 3959 1494 4021 est,
1550 3955 1703 4008 sicut
1751 3958 1805 4008 te

167 4047 453 4117 Apostolus
500 4051 675 4105 docet
721 4066 733 4104 :
785 4048 1065 4114 Quoniam
1103 4053 1315 4118 patres
1362 4045 1554 4099 nostri
1603 4060 1807 4099 omnes

167 4138 255 4190 sub
297 4140 444 4194 nube
476 4140 739 4207 fuerunt,
794 4144 853 4193 et
882 4153 1083 4193 omnes
1111 4152 1276 4190 mare
1310 4135 1699 4197 transierunt,
1750 4138 1808 4186 et

168 4240 337 4281 omnes
363 4230 423 4283 in
454 4230 668 4300 Moyse
698 4226 987 4299 baptizati
1015 4229 1171 4293 sunt,
1205 4225 1265 4277 in
1299 4223 1451 4277 nube
1482 4228 1540 4277 et
1572 4222 1633 4275 in
1655 4221 1810 4275 mari

170 4312 213 4377 (l
235 4315 356 4370 Cor.
389 4335 446 4387 x,
482 4319 532 4386 1,
566 4318 640 4385 2).
692 4317 956 4387 Denique
1002 4318 1060 4370 et
1102 4316 1232 4384 ipse
1278 4313 1520 4382 Moyses
1566 4311 1707 4365 dicit
1746 4310 1806 4364 in

170 4402 376 4460 Cantico
420 4423 433 4462 :
481 4407 717 4461 Misisti
762 4406 1052 4478 Spiritum
1101 4411 1277 4473 tuum,
1328 4408 1385 4455 et
1431 4401 1662 4471 operuit
1706 4414 1807 4453 eos

171 4506 307 4547 mare
332 4496 545 4563 (Exod.
580 4513 677 4563 xv,
710 4495 819 4565 10).
854 4494 1131 4549 Advertis
1164 4491 1320 4563 quod
1352 4492 1410 4544 in
1443 4491 1541 4544 illo
1563 4489 1807 4555 Hebrus:

171 4593 311 4637 orum
344 4586 593 4639 transitu
638 4584 762 4655 jam
808 4587 947 4638 tunc
995 4582 1152 4637 sacri
1194 4578 1566 4650 baptismatis
1616 4578 1805 4649 ﬁgura

1918 1993 2115 2047 crucis
2145 1993 2217 2047 ad
2248 1994 2443 2048 nullos
2477 2010 2626 2048 usus
2655 1994 2867 2049 futurae
2898 1994 3108 2048 salutis
3139 1997 3229 2049 est
3261 1992 3374 2063 (16)
3411 2010 3422 2048 :
3459 2010 3593 2048 cum

1915 2097 2059 2136 vero
2104 2082 2383 2136 salutaris
2431 2082 2607 2137 fuerit
2654 2083 2852 2137 curcis
2901 2082 3183 2153 mysterio
3217 2085 3589 2149 consecrata,

1915 2175 2054 2224 tunc
2083 2171 2154 2224 ad
2187 2186 2360 2225 usum
2392 2171 2675 2240 spiritalis
2724 2171 2945 2225 lavacri
2996 2173 3052 2225 et
3082 2170 3361 2225 salutaris
3394 2171 3593 2240 poculi

1916 2262 2293 2329 temperatur.
2361 2258 2525 2313 Sicut
2571 2275 2715 2332 ergo
2759 2261 2818 2313 in
2866 2260 3029 2314 illum
3080 2259 3300 2313 fontem
3350 2260 3591 2329 Moyses

1915 2348 2076 2402 misit
2106 2349 2352 2420 lignum,
2388 2348 2499 2402 hoc
2531 2351 2623 2402 est
2651 2348 2936 2418 propheta
2964 2349 3100 2417 (l7);
3150 2348 3225 2401 ita
3259 2350 3315 2401 et
3346 2348 3403 2401 in
3435 2348 3592 2400 hunc

1916 2438 2137 2492 fontem
2167 2438 2450 2492 sacerdos
2491 2438 2970 2508 praedicationem
3020 2437 3342 2491 Dominicze
3394 2435 3590 2490 crucis

1916 2527 2103 2595 mittit,
2140 2530 2196 2581 et
2224 2542 2374 2598 aqua
2405 2527 2466 2581 ﬁt
2496 2526 2688 2580 dulcis
2711 2526 2783 2580 ad
2816 2526 3086 2598 gratiam.

1990 2616 2073 2669 15.
2117 2616 2251 2670 Non
2300 2631 2444 2687 ergo
2494 2615 2641 2669 solis
2692 2615 2959 2684 corporis
3008 2615 3092 2669 tui
3134 2614 3345 2669 credas
3376 2612 3589 2683 oculis,

1913 2704 2107 2776 magis
2138 2705 2370 2759 videtur
2398 2704 2555 2775 quod
2587 2719 2704 2759 non
2734 2704 2984 2772 videtur,
3018 2703 3155 2774 quia
3187 2703 3344 2757 istud
3367 2705 3591 2772 tempo-

1915 2794 2057 2862 rale,
2132 2793 2274 2848 illud
2323 2796 2609 2847 aeternum
2655 2792 2960 2862 aspicitur,
3025 2791 3181 2863 quod
3234 2791 3425 2845 oculis
3473 2806 3592 2844 non

1916 2882 2455 2952 comprehenditur,
2508 2883 2702 2935 animo
2751 2884 2944 2934 autem
2985 2896 3054 2933 ac
3086 2883 3276 2934 mente
3312 2879 3592 2933 cernitur.

1990 2969 2075 3025 16.
2120 2971 2385 3042 Denique
2415 2972 2621 3025 doceat
2650 2973 2704 3025 te
2736 2970 2988 3024 decursa
3023 2970 3365 3040 Regnorum
3394 2966 3593 3022 lectio.

1914 3058 2027 3129 (IV
2054 3059 2199 3130 Reg.
2232 3076 2289 3126 v,
2328 3060 2351 3113 1
2388 3065 2445 3112 et
2475 3060 2645 3131 seq.)
2682 3058 2944 3112 Naaman
2974 3057 3178 3128 ‘Syrus
3210 3058 3352 3127 erat,
3403 3060 3459 3110 et
3508 3056 3598 3109 le-

1911 3163 2077 3217 pram
2109 3147 2381 3216 habebat,
2426 3163 2535 3201 nec
2569 3147 2642 3199 ab
2675 3146 2795 3200 ullo
2829 3145 3097 3200 mundari
3139 3147 3384 3215 poterat.
3429 3143 3595 3199 Tunc

1870 3276 1888 3307 ἣ
1913 3238 1991 3290 ait
2013 3236 2204 3307 puella
2227 3237 2372 3301 329
2406 3253 2479 3290 ex
2511 3235 2780 3305 captivis,
2817 3234 3093 3305 quoniam
3122 3235 3285 3288 esset
3307 3232 3594 3303 prOpheta

1912 3326 1972 3380 in
2002 3327 2204 3395 Israel,
2239 3326 2338 3397 qui
2370 3328 2575 3396 posset
2605 3340 2738 3379 eum
2770 3340 2802 3377 a
2833 3324 3013 3393 lepra:
3048 3321 3398 3393 contagione
3435 3335 3599 3374 mun-

1913 3416 2072 3470 dare.
2107 3416 2370 3486 Sumpto,
2405 3413 2610 3485 inquit.
2643 3428 2786 3467 auro
2819 3416 2875 3466 et
2903 3413 3169 3481 argento,
3228 3408 3490 3479 perrexit
3522 3407 3594 3461 ad

1918 3520 2124 3575 regem
2173 3504 2375 3559 Israel.
2427 3502 2559 3572 Qui,
2609 3502 2843 3573 cognita
2886 3501 3177 3554 adventus
3223 3498 3359 3568 ejus
3393 3511 3593 3569 causa,

1913 3594 2089 3647 scidit
2118 3593 2465 3648 vestimenta
2496 3608 2623 3660 sua,
2662 3591 2866 3644 dicens
2900 3589 3057 3660 quod
3102 3589 3425 3641 tentaretur
3474 3602 3602 3639 ma-

1916 3682 2034 3754 gis,
2071 3699 2203 3737 cum
2234 3682 2304 3736 de
2338 3699 2403 3737 se
2435 3698 2501 3736 ea
2534 3696 2665 3751 quae
2690 3695 2806 3733 non
2828 3679 3033 3732 essent
3056 3676 3366 3745 potestatis
3391 3674 3597 3743 regiae.

1912 3775 2305 3843 poscerentur
2339 3787 2351 3825 :
2388 3771 2641 3825 Elisaeus
2692 3771 2886 3823 autem
2935 3766 3064 3837 regi
3110 3763 3399 3818 intimavit
3437 3767 3497 3815 ut
3526 3763 3601 3815 ad

1919 3878 1985 3916 se
2018 3861 2303 3933 dirigeret
2340 3859 2575 3930 Syrum,
2624 3874 2741 3930 quo
2788 3855 3184 3928 cognosceret
3231 3852 3387 3924 quod
3436 3856 3601 3906 esset

1922 3952 2083 4006 Deus
2131 3950 2189 4004 in
2240 3948 2442 4003 Israel.
2491 3947 2561 4001 Et
2605 3962 2736 4001 cum
2784 3944 3068 4011 venisset,
3113 3940 3408 3995 mandavit
3441 3940 3495 3994 ei
3539 3944 3601 3994 ut

1921 4041 2146 4111 septies
2178 4040 2550 4109 mergeretur
2580 4036 2640 4089 in
2672 4034 2927 4089 .lordane
2956 4031 3156 4086 ﬂuvio.

1986 4129 2073 4183 17.
2115 4129 2279 4182 Tunc
2315 4127 2409 4179 ille
2442 4141 2646 4179 secum
2669 4126 2918 4177 tractare
2943 4120 3118 4190 cmpit
3142 4118 3298 4190 quod
3318 4118 3599 4173 meliores

1913 4234 2099 4288 aquas
2132 4217 2372 4271 haberet
2405 4215 2608 4285 patriae
2641 4229 2788 4283 suae,
2822 4213 2881 4265 in
2912 4210 3130 4281 quibus
3161 4224 3227 4262 se
3256 4223 3416 4277 saepe
3439 4222 3586 4261 mer-

1915 4308 2117 4375 sisset,
2163 4308 2219 4360 et
2250 4320 2550 4376 nunquam
2579 4318 2613 4356 a
2643 4302 2804 4372 lepra
2833 4302 2996 4355 esset
3025 4298 3262 4352 ablutus
3295 4294 3405 4364 (18)
3431 4310 3445 4361 ;
3476 4310 3582 4350 eo-

1916 4412 2029 4467 que
2060 4397 2374 4450 revocatus
2408 4408 2524 4447 non
2557 4390 2871 4446 obodiebat
2898 4386 3188 4441 mandatis
3228 4384 3531 4454 prophetae
3566 4397 3579 4436 :

1917 4485 2025 4539 sed
2053 4488 2109 4539 et
2136 4481 2455 4538 admonitui
2486 4484 2543 4535 et
2570 4477 3065 4550 persuasionibus
3101 4472 3475 4527 servulorum
3497 4486 3594 4547 ac-~

1918 4574 2158 4646 quievit,
2211 4589 2279 4627 ac
2328 4570 2554 4625 mersit.
2616 4567 3051 4634 Mundatusque
3108 4561 3266 4615 illico
3317 4550 3602 4611 intellexit

174 4674 536 4742 praecesserit,
574 4644 779 4744 in'quo
811 4672 1131 4743 .IEgyptius
1162 4668 1380 4724 interiit
1428 4673 1485 4722 et
1516 4667 1806 4721 Hebraeus
1843 4644 2032 4718 Dnon
2075 4676 2360 4732 aquarum
2407 4672 2544 4713 esse
2593 4655 2750 4726 quod
2797 4652 3208 4723 unusquisque
3257 4647 3592 4716 mundatur,

173 4762 348 4815 evasit.
379 4763 527 4829 Quid
561 4764 715 4817 enim
745 4762 899 4817 aliud
933 4762 992 4815 in
1022 4761 1134 4815 hoc
1156 4758 1413 4830 quotidie
1435 4758 1805 4811 sacramento

176 4845 439 4922 docemur,
489 4853 609 4908 nisi
656 4853 792 4924 quia
836 4851 1005 4920 culpa
1046 4848 1352 4920 mergitur,
1386 4851 1443 4901 et
1471 4861 1638 4900 error
1668 4844 1808 4898 abo-

232 4990 330 5053 11‘3)
383 4996 548 5050 Rom.
608 4995 743 5049 edit.
794 4994 941 5061 sola,
1009 4992 1132 5047 Sed
1179 4991 1368 5045 dicam
1428 4988 1803 5061 operabatur.

183 5060 314 5120 ‘Juod
332 5067 402 5118 ad
411 5069 793 5137 praesentium
812 5058 1057 5135 spectat,
1093 5058 1607 5137 superferebatur.
1646 5058 1810 5137 Quod

181 5138 337 5208 {vtem
365 5129 736 5208 operabatur,
770 5129 867 5207 qui
890 5129 1386 5207 superferebatur
1403 5134 1462 5186 in
1484 5131 1582 5185 illa
1608 5129 1809 5183 mundi

184 5200 689 5278 ﬂabriL-u'c‘oguuscc
722 5200 1109 5278 quando'tibi,
1145 5210 1256 5259 etc.

238 5274 333 5350 litt)
370 5272 510 5332 Mss.
544 5272 827 5344 nonnulli,
870 5279 1097 5350 quando
1128 5277 1528 5350 descendente
1558 5272 1802 5327 diluvio.

238 5345 333 5415 414)
367 5350 578 5404 Omnes
619 5350 755 5403 edit.
800 5345 1055 5403 ac'mss.
1090 5349 1331 5419 aliquot,
1374 5347 1648 5419 abluatur
1671 5360 1809 5419 pec:-

185 5420 357 5471 catum.
388 5421 693 5491 Sepetitur
723 5436 891 5474 omne
914 5421 1158 5483 vitium;
1189 5415 1405 5488 reliqui
1425 5434 1569 5470 mss.
1595 5415 1807 5491 majori

188 5496 391 5561 nurnero
440 5489 493 5544 et
536 5492 896 5561 antiquitate,
950 5495 1011 5545 ut
1052 5491 1112 5545 in
1158 5494 1350 5560 textu;
1398 5504 1552 5543 unus
1594 5489 1805 5554 tamen,

189 5554 421 5633 abluatur
449 5554 742 5615 eliuritu'le
770 5554 1096 5633 pecratum.

244 5625 337 5695 <15)
373 5631 494 5686 γει.
545 5634 679 5687 edit.
733 5625 799 5687 ac
850 5634 1019 5704 pauci
1069 5649 1240 5699 mss.,
1290 5637 1407 5687 tota
1457 5628 1810 5701 permansit,

191 5692 351 5777 Πρηιξ,
396 5709 511 5756 luta
560 5711 771 5769 manet,
824 5692 972 5760 mss.
1021 5692 1261 5776 aliquot,
1315 5708 1436 5757 tuta
1457 5692 1809 5777 'permanet,

192 5765 376 5841 planas,
409 5780 526 5829 tutu
553 5765 908 5849 permansit.

1916 4754 2427 4910 88118ξζ1ἐέἓζιίοεοθ
2459 4849 2613 4889 nunc
2648 4830 2862 4904 quaesit
2893 4829 2992 4883 illa
3023 4827 3215 4898 puella
3248 4843 3321 4882 ex
3351 4826 3599 4898 captivis

1987 4986 2098 5055 (16)
2140 4981 2446 5055 Videbitur
2478 4978 2627 5055 forte
2661 4975 2913 5044 cuipiam
2947 4973 3003 5053 in
3039 4987 3114 5054 .ea
3164 4972 3476 5055 sententia.
3502 4970 3598 5023 hic

1918 5041 2487 5117 esselAmlirosius,
2561 5052 2620 5101 ut
2679 5041 2891 5120 aquam
2939 5044 3051 5120 nisi
3091 5044 3285 5120 prius
3334 5041 3596 5120 oratione

1919 5129 2279 5181 sanctiﬁcata
2311 5123 2406 5187 sit,
2440 5114 2995 5188 baptismo—penitus
3017 5114 3346 5188 inhabilem
3379 5114 3595 5188 existif

1917 5200 2107 5254 marit.
2157 5197 2267 5251 Sed
2322 5184 2922 5266 eli-servam]umluon
2968 5186 3063 5266 hi9
3096 5186 3193 5266 agi
3226 5186 3297 5238 de
3323 5184 3480 5266 jure,
3518 5185 3596 5266 ‘ut

1917 5272 2096 5337 aiunt,
2131 5286 2198 5322 ac
2230 5265 2524 5337 validitate
2558 5278 2569 5316 :
2603 5278 2675 5337 ac
2709 5261 2899 5315 solum
2951 5254 3159 5310 referri
3201 5254 3593 5337 consuetudi-

1916 5328 2161 5405 nem,'et
2191 5336 2275 5391 illi
2305 5339 2563 5390 veterem
2596 5334 2846 5404 ﬁguram
2874 5328 3329 5405 accommodari.

1989 5399 2101 5480 (Π)
2142 5408 2482 5464 Abstulerat
2512 5399 2856 5480 editiltom.
2908 5415 3110 5480 voces,
3164 5399 3271 5451 hoc
3320 5402 3590 5480 est-p‘ro-

1910 5465 2112 5556 plietri,
2148 5496 2279 5556 quae
2310 5483 2500 5533 tamen
2533 5475 2821 5556 vocabulo
2863 5470 3146 5526 sacerdos
3190 5485 3296 5539 per
3344 5465 3587 5535 antilhc;

1918 5552 2011 5609 sin
2045 5552 2355 5623 quamdam
2389 5552 2783 5623 opponuntur.

1990 5614 2100 5691 (Ἰξξ)
2143 5623 2317 5694 Edit.,
2352 5638 2382 5675 a
2417 5614 2579 5691 lepra
2614 5623 2774 5673 esset
2807 5614 3142 5687 mundatus,
