4024 6176
479 334 598 404 413

477 537 690 607 sanat),
723 553 840 593 non
871 539 1130 610 mundat,
1164 539 1268 597 sed
1299 531 1438 598 331
1473 540 1696 613 polluit.
1745 541 1992 597 Judaeus
2035 557 2133 596 ur-
2165 525 2220 588 Α

477 641 617 680 ceos
647 627 899 698 baptizat
926 632 983 684 et
1014 630 1231 685 calices
1264 631 1476 700 (Marc.
1508 648 1608 701 vn,
1641 631 1716 700 4),
1750 631 1922 702 quasi
1940 630 2134 686 insen-

473 714 669 768 sibilia
718 717 812 770 vel
845 717 1073 788 culpam
1122 721 1356 790 possint
1394 721 1680 790 recipere,
1733 719 1826 775 vel
1857 721 2124 792 gratiam.

472 801 559 856 Tu
579 803 807 874 baptiza
841 805 997 861 hunc
1039 808 1281 863 calicem
1313 812 1472 863 tuum
1505 809 1872 878 sensibilem,
1920 811 1980 863 in
2011 825 2127 880 quo

470 889 625 945 bona
645 907 821 962 opera
843 897 939 948 tua
960 895 1210 966 luceant,
1231 897 1290 952 in
1313 913 1429 969 quo
1461 899 1666 969 gratiae
1697 902 1813 952 tum
1848 898 2132 969 splendor

471 979 714 1052 fulgeat.
766 983 924 1055 Ergo
954 988 1011 1039 et
1039 985 1136 1040 illa
1181 987 1411 1056 piscina
1454 989 1513 1042 in
1561 987 1771 1060 ﬁgura,
1805 991 1868 1042 ut
1917 987 2126 1043 credas

467 1069 606 1143 quia
636 1071 696 1127 in
724 1071 881 1128 hunc
913 1072 1131 1131 fontem
1159 1075 1252 1132 vis
1285 1075 1482 1132 divina
1515 1075 1840 1134 descendit.

538 1195 626 1250 24.
661 1195 924 1268 Denique
953 1199 1312 1270 paralyticus
1340 1200 1436 1255 ille
1455 1202 1802 1271 expectabat
1823 1201 2122 1258 hominem

466 1289 654 1358 (Joan.
697 1309 752 1360 v,
805 1293 879 1360 '7).
931 1291 1114 1358 Quem
1158 1295 1340 1364 illum,
1392 1296 1511 1350 nisi
1559 1297 1871 1352 Dominum
1920 1297 2127 1352 Jesum

465 1381 663 1432 natum
692 1396 767 1434 ex
797 1381 1038 1451 Virgine
1066 1398 1078 1438 :
1114 1383 1289 1454 cujus
1320 1384 1574 1440 adventu
1603 1401 1720 1440 non
1763 1385 1887 1456 jam
1918 1387 2126 1440 umbra

466 1470 701 1522 sanaret
731 1467 1026 1541 singulos,
1073 1472 1179 1526 sed
1209 1473 1428 1528 veritas
1471 1474 1786 1529 universos
1809 1476 1837 1528 ‘?
1885 1475 2002 1528 Iste
2033 1477 2125 1529 est

464 1569 608 1626 ergo
632 1557 732 1626 qui
754 1561 1210 1629 exspectabatur
1239 1564 1302 1615 ut
1335 1562 1743 1634 descenderet,
1778 1563 1850 1618 de
1880 1579 1996 1634 quo
2027 1563 2123 1618 di-

466 1643 551 1697 xit
575 1645 734 1699 Deus
758 1647 930 1702 Pater
950 1649 1023 1702 ad
1047 1649 1332 1706 Joannem
1373 1651 1722 1721 Baptistam:
1751 1651 2122 1724 Superquem

468 1732 698 1788 videris
718 1736 994 1806 spiritum
1017 1738 1478 1794 descendentem
1511 1740 1584 1794 de
1616 1739 1772 1807 ccelo,
1804 1745 1864 1794 et
1889 1756 2129 1796 manen-

464 1827 580 1875 tem
597 1837 779 1894 super
795 1840 942 1893 eum,
969 1826 1066 1880 llic
1089 1831 1181 1880 est
1205 1827 1304 1899 qui
1325 1827 1591 1900 baptizat
1639 1829 1702 1882 in
1737 1828 1971 1899 Spiritu
1993 1845 2128 1882 san-

462 1913 556 1964 cto
598 1910 788 1980 (Joan.
840 1930 878 1982 ι,
925 1914 1038 1979 33).
1075 1915 1157 1969 De
1189 1931 1305 1986 quo
1338 1917 1689 1972 testiﬁcatus
1728 1920 1820 1971 est
1865 1917 2126 1972 Joannes

462 1997 702 2054 dicens:
743 2000 888 2066 Quia
915 2003 1038 2057 ridi
1057 2003 1348 2075 Spiritum
1381 2005 1839 2060 descendentem
1868 2006 1942 2060 de
1983 2005 2128 2061 caelo

473 2089 642 2158 quasi
690 2089 1014 2146 columbam
1037 2100 1094 2146 et
1125 2103 1456 2149 manentem
1479 2111 1659 2166 super
1681 2095 1990 2166 eum(lbid.
2013 2095 2124 2164 8‘2).

460 2177 516 2228 et
540 2175 636 2230 hic
676 2193 858 2248 quare
897 2179 1152 2250 Spiritus
1184 2183 1339 2236 sicut
1369 2183 1640 2237 columba
1673 2183 1999 2252 descendit,
2031 2183 2125 2238 ni-

461 2264 512 2317 si
545 2267 607 2318 ut
635 2268 697 2321 tu
726 2267 984 2338 videres,
1017 2271 1133 2324 nisi
1176 2276 1238 2326 ut
1283 2276 1345 2327 tu
1392 2288 1758 2345 agnosceres
1792 2273 2124 2328 columbam

459 2353 632 2408 etiam
667 2355 822 2411 illam
846 2374 1019 2430 quam
1051 2360 1176 2416 Noe
1202 2361 1406 2433 justus
1437 2363 1633 2417 emisit
1663 2379 1737 2417 ex
1767 2363 2120 2431 arca,istius

461 2442 752 2500 columbae
777 2448 1038 2517 speciem
1071 2449 1280 2521 fuisse,
1315 2455 1376 2506 ut
1404 2454 1602 2523 typum
1633 2466 1998 2523 agnosceres
2022 2467 2124 2505 sa-

459 2535 741 2588 cramenti
773 2536 947 2606 (σει).
979 2555 1097 2602 vm,
1135 2540 1239 2609 8)?

529 2639 620 2694 25.
674 2643 743 2695 Et
786 2643 1042 2699 fortasse
1093 2645 1296 2700 dicas:
1339 2646 1483 2700 Cum
1532 2646 1629 2700 illa
1663 2662 1799 2700 vera
1851 2645 2122 2700 columba

459 2728 634 2782 fuerit
664 2747 796 2802 quae
828 2733 1047 2786 emissa
1079 2736 1190 2802 est,
1228 2734 1322 2788 hic
1353 2735 1524 2806 quasi
1558 2733 1830 2788 columba
1863 2733 2122 2788 descen-

460 2817 640 2878 derit:
678 2820 972 2892 quomodo
1019 2821 1136 2877 illic
1167 2823 1428 2892 speciem
1477 2821 1666 2876 fuisse
1699 2821 1971 2890 dicimus,
2024 2821 2122 2876 hic

457 2907 806 2976 veritatem;
855 2925 989 2963 cum
1037 2911 1364 2965 secundum
1408 2910 1650 2966 Graecos
1683 2911 1741 2964 in
1783 2910 1984 2980 specie
2017 2927 2120 2966 co-

459 2995 678 3052 lumbm
691 2997 972 3068 Spiritum
988 2999 1378 3054 descendisse
1404 2999 1480 3054 sit
1513 2999 1798 3070 scriptum
1820 3000 1932 3069 (2:2)
1953 3000 2117 3070 (Luc.

458 3101 540 3155 ιιι,
583 3085 673 3154 22)
694 3088 722 3140 ‘?
765 3086 882 3142 Sed
915 3088 1052 3159 quid
1083 3091 1200 3143 tam
1229 3105 1436 3144 verum
1475 3105 1649 3162 quam
1679 3088 1956 3143 divinitas
1987 3105 2120 3160 quae

455 3177 651 3230 manet
674 3179 958 3246 semper?
989 3177 1268 3232 Creatura
1298 3182 1491 3233 autem
1523 3178 1636 3247 (23)
1663 3193 1782 3233 non
1811 3181 2006 3248 potest
2022 3193 2120 3232 ve-

1729 341 1986 406 LIBER
2011 339 2136 404 ‘DE
2177 340 2658 407 MYSTERIIS.

3763 344 3874 409 414

2905 575 3156 632 CAPUT
3187 576 3254 632 V.

2251 698 2648 774 Gentii-matur
2676 700 2890 774 adesse
2921 700 3224 774 Christum
3241 702 3303 756 in
3320 700 3697 774 baptismate,
3722 708 3873 774 atque

2318 771 2465 827 adeo
2495 788 2608 828 non
2635 772 3102 828 considerandos
3141 773 3266 843 ejus
3295 771 3620 838 ministros.
3661 771 3874 828 Dem‘um

2319 843 2616 898 confessio
2645 843 2960 898 Trinitatis
2979 860 3011 898 a
3031 843 3356 916 baptizatis
3376 843 3476 898 edi
3501 843 3669 898 solita
3686 845 3871 915 paucis

2319 915 2701 985 expenditur.

2313 1054 2403 1114 26.
2460 1055 2642 1112 Estne
2697 1056 2890 1111 adhuc
2945 1056 3101 1128 quod
3162 1056 3433 1112 dubitare
3487 1055 3699 1110 debeas
3749 1071 3871 1110 cum

2243 1144 2548 1200 evidenter
2575 1145 2679 1202 tibi
2711 1146 2919 1202 clamet
2949 1145 3008 1200 in
3041 1145 3384 1218 Evangelia,
3412 1145 3602 1214 Pater,
3651 1143 3744 1216 qui
3771 1144 3874 1200 ait:

2243 1231 2355 1286 Hie
2385 1238 2477 1287 est
2499 1233 2691 1289 Pilius
2720 1249 2884 1288 meus
2913 1233 2974 1287 in
3025 1249 3133 1306 quo
3170 1214 3492 1306 complacui
3539 1214 3764 1303 (Matth.
3793 1250 3868 1300 ui,

2244 1319 2372 1390 1'7);
2407 1321 2616 1376 clamet
2641 1321 2847 1391 Filius,
2882 1336 3066 1392 super
3111 1337 3288 1392 quem
3333 1321 3490 1376 sicut
3539 1320 3792 1375 columba
3817 1336 3874 1375 se

2242 1408 2665 1467 demonstravit
2693 1409 2948 1481 Spiritus
2989 1413 3273 1480 sanctus;
3320 1409 3531 1464 clamet
3560 1412 3616 1464 et
3643 1408 3870 1480 Spiritus

2243 1500 2506 1567 sanctus,
2539 1499 2639 1570 qui
2683 1499 2840 1577 sicut
2869 1497 3144 1554 columba
3171 1497 3518 1567 descendit;
3551 1497 3749 1554 clamet
3778 1497 3877 1552 Da-

2239 1585 2336 1640 vid
2363 1601 2375 1640 :
2423 1586 2546 1642 Vox
2572 1587 2810 1643 Domini
2838 1603 3022 1658 super
3049 1603 3248 1660 aquas,
3271 1585 3434 1641 Deus
3455 1585 3779 1659 maiestatis
3803 1586 3877 1639 in-

2243 1681 2464 1737 tonult:
2515 1682 2798 1738 Dominus
2840 1700 3022 1755 super
3051 1675 3200 1740 332
3235 1699 3418 1756 aquas
3463 1682 3672 1738 multas
3710 1681 3874 1753 (Psal.

2237 1788 2444 1842 xxvm,
2477 1771 2568 1842 3);
2601 1772 2742 1826 Cum
2775 1773 2878 1826 tibi
2897 1772 3195 1842 Scriptura
3219 1772 3268 1840 (1
3292 1789 3350 1844 q.
3373 1772 3398 1825 1
3423 1787 3474 1826 c.
3498 1771 3636 1827 Cum
3657 1771 3876 1843 Script.)

2156 1900 2207 1962 Β
2241 1863 2490 1915 testetur
2516 1861 2672 1933 quod
2703 1861 2774 1915 ad
2811 1860 3123 1916 llierobaal
3153 1877 3368 1931 preces
3398 1861 3560 1932 ignis
3591 1860 3880 1915 descende-

2238 1949 2313 2003 rit
2343 1949 2415 2004 de
2447 1949 2597 2004 ccelo
2629 1949 2850 2020 (Judic.
2885 1966 2964 2020 vi,
2999 1949 3112 2016 21),
3147 1953 3204 2004 et
3227 1966 3444 2004 rursus
3465 1951 3730 2020 precante
3749 1949 3874 2016 Elia,

2237 2037 2397 2109 ignis
2429 2038 2506 2092 sit
2537 2038 2762 2093 missus
2807 2039 2908 2110 qui
2955 2038 3342 2112 sacrilegium
3395 2037 3755 2094 consecravit
3779 2037 3876 2107 (25)

2237 2125 2354 2195 (III
2377 2126 2522 2198 Req.
2556 2143 2721 2195 xvm,
2755 2125 2847 2196 38)
2869 2128 2897 2181 ἱ)

2308 2251 2396 2306 2'7.
2421 2251 2554 2305 Non
2595 2251 2800 2306 merita
2841 2266 3230 2320 personarum
3268 2250 3640 2318 consideres,
3673 2249 3768 2304 sed
3795 2249 3874 2304 of-

2235 2338 2366 2392 ficia
2430 2339 2824 2394 sacerdotum.
2899 2339 2968 2392 Et
3024 2339 3078 2393 si
3145 2338 3353 2394 merita
3414 2342 3682 2410 spectes;
3738 2339 3871 2392 sicut

2235 2425 2422 2481 Eliam
2472 2427 2840 2496 consideres,
2887 2427 3040 2481 Petri
3087 2443 3327 2498 quoque
3380 2427 3583 2482 merita
3613 2429 3868 2496 spectato,

2233 2515 2328 2570 vel
2359 2515 2522 2570 Pauli
2552 2516 2648 2588 qui
2681 2519 2985 2586 acceptum
3018 2532 3050 2570 a
3096 2515 3349 2570 Domino
3385 2516 3529 2570 Jesu
3581 2515 3689 2570 hoc
3716 2513 3866 2571 nobis

2233 2606 2576 2676 mysterium
2619 2605 3001 2659 tradiderunt.
3051 2604 3214 2676 Ignis
3245 2604 3372 2658 illis
3423 2604 3677 2659 visibilis
3706 2604 3876 2656 mitte-

2231 2693 2404 2748 batur
2433 2693 2508 2764 (1,
2544 2710 2601 2765 q.
2636 2693 2685 2763 1,
2719 2710 2770 2746 c.
2822 2694 2962 2748 Cum
2995 2693 3223 2765 Script.
3273 2693 3306 2766 ἕ
3336 2693 3550 2766 Ignis),
3603 2697 3661 2748 ut
3692 2691 3874 2747 crede-

2231 2786 2395 2837 rent:
2456 2782 2630 2836 nobis
2690 2781 3014 2836 invisibilis
3073 2785 3375 2852 operatur,
3411 2783 3511 2854 qui
3570 2781 3866 2836 credimus:

2232 2870 2351 2924 illis
2408 2870 2480 2924 ad
2511 2871 2784 2942 figuram,
2843 2871 3019 2925 nobis
3059 2870 3131 2925 ad
3191 2872 3707 2926 commonitionem
3756 2866 3870 2936 (26).

2231 2959 2418 3014 Crede
2477 2974 2622 3030 ergo
2670 2958 2888 3014 adesse
2937 2958 3253 3014 Dominum
3305 2959 3520 3015 Jesum
3570 2960 3870 3014 invocatum

2231 3047 2512 3118 precibus
2549 3047 2946 3117 sacerdotum,
2975 3047 3076 3119 qui
3109 3048 3220 3102 ait:
3263 3047 3388 3103 Ubi
3416 3049 3640 3104 fuerint
3668 3049 3769 3103 duo
3797 3043 3880 3100 vel

2235 3141 2382 3205 tres,
2405 3135 2496 3191 ibi
2515 3143 2574 3191 et
2596 3152 2705 3206 ego
2719 3153 2846 3191 sum
2884 3137 3126 3206 (Matt/1.
3170 3153 3335 3205 xvm,
3368 3136 3460 3206 9.0)
3486 3154 3500 3207 ;
3531 3140 3736 3208 quanto
3765 3150 3872 3189 ma-

459 3222 650 3230 ---η-η
674 3222 898 3246 --ητη
937 3222 948 3232 .
994 3222 1268 3232 -...........
1298 3222 1491 3233 πη...
1523 3222 1635 3247 \w,
1663 3222 1782 3233 .-νη
1813 3222 2005 3248 ,ηπ-.-
2034 3222 2090 3232 .ν
2277 3224 2288 3236 .
2442 3224 2454 3236 .
2821 3225 2832 3236 .
3014 3225 3026 3238 .
3289 3225 3299 3236 .
3709 3225 3718 3235 .
3767 3225 3776 3235 .
3842 3222 3852 3233 .

454 3263 601 3318 ritas
630 3280 790 3334 esse,
827 3265 933 3320 sed
979 3267 1238 3336 species,
1271 3282 1404 3338 quae
1437 3266 1610 3322 facile
1663 3267 1916 3321 solvitur
1943 3269 2117 3338 atque
2147 3253 2200 3317 Ο
2230 3224 3489 3338 ξξδῃξξὛ-Ῑξξξῗῖξξαῌεξω
3521 3228 3673 3296 sunt:
3704 3224 3780 3278 'b‘
3805 3223 3873 3277 δι’

453 3355 728 3407 mutatur.
761 3353 944 3409 Simul
991 3355 1126 3426 quia
1177 3370 1382 3410 eorum
1430 3355 1530 3426 qui
1559 3345 1944 3426 baptizantur,
1997 3371 2115 3410 non

452 3441 514 3494 in
544 3443 744 3512 specie
774 3459 912 3498 esse
943 3444 1172 3513 debeat,
1207 3445 1314 3499 sed
1357 3461 1494 3499 vera
1527 3445 1897 3516 simplicitas.
1947 3444 2115 3499 Unde

453 3533 510 3583 et
539 3530 826 3586 Dominus
857 3533 972 3588 ait:
1027 3533 1238 3588 Estote
1269 3535 1455 3588 astuti
1503 3535 1656 3588 sicut
1687 3539 2020 3604 serpentes,
2055 3539 2116 3588 et

452 3618 756 3691 simplices
773 3622 924 3677 sicut
947 3621 1228 3678 columba:
1248 3623 1485 3696 (.llattli.
1509 3641 1564 3689 χ,
1590 3623 1699 3693 16).
1738 3623 1944 3678 Merito
1967 3639 2112 3695 ergo

371 3702 384 3713 ’
451 3709 608 3764 sicut
638 3710 909 3765 columba
932 3711 1258 3781 descendit,
1294 3716 1354 3769 ut
1383 3713 1724 3767 admoneret
1754 3729 1864 3767 nos
1895 3713 2114 3784 simpli-

451 3799 684 3854 citatem
717 3799 1004 3856 columbae
1049 3801 1268 3856 habere
1313 3801 1551 3856 debere.
1595 3800 1866 3872 Speciem
1919 3806 2113 3856 autem

449 3890 506 3941 et
536 3903 642 3957 pro
675 3889 916 3944 veritate
947 3889 1350 3960 accipiendam
1380 3889 1636 3962 legimus
1685 3894 1741 3944 et
1771 3890 1842 3944 de
1873 3889 2110 3968 Christo

449 3974 565 4043 (24)
592 3991 604 4029 :
639 3976 720 4030 Et
751 3977 952 4047 specie
974 3978 1256 4032 inventus
1278 3985 1336 4032 ut
1367 3977 1838 4050 liomo(Pliilipp.
1863 3997 1922 4048 ll,
1955 3979 2032 4048 7),
2057 3983 2114 4034 et

449 4063 522 4119 de
553 4063 722 4119 Patre
752 4065 874 4120 Deo
899 4081 911 4121 :
945 4066 1154 4139 Neque
1183 4068 1441 4141 speciem
1481 4067 1612 4140 ejus
1649 4067 1890 4123 vidistis
1919 4069 2108 4138 (.loan.

447 4169 505 4224 v,
529 4151 644 4224 37).

445 4313 587 4352 num
633 4297 846 4381 Patris,
882 4302 956 4381 et
997 4297 1254 4381 Eilii,_et
1297 4299 1551 4381 Spiritus
1598 4301 1898 4381 sant-titl:
1947 4300 2107 4381 Idem

444 4384 682 4454 quoque
694 4373 828 4440 post
847 4373 1137 4454 narratam
1151 4371 1530 4454 dtemoniac‘ae
1539 4371 1855 4454 usdam
1871 4371 2106 4454 feminae

444 4439 772 4511 historiam,
789 4441 1017 4496 subdit:
1048 4441 1241 4507 «Quid
1265 4441 1524 4514 igiturde
1539 4441 1792 4512 hujusce
1808 4442 2100 4512 baptismo

444 4511 780 4567 dicemus...
817 4513 1068 4566 maxime
1099 4513 1191 4566 cui
1209 4528 1316 4566 nec
1343 4512 1684 4583 Symbolum
1707 4512 1891 4567 defuit
1912 4513 2108 4568 Trini-

441 4584 601 4671 tatis,
640 4588 808 4671 nnetc.
845 4583 1137 4671 Adder‘his
1171 4583 1324 4666 nuod
1354 4600 1476 4671 ‘nec
1513 4585 1714 4671 lintres
1747 4584 1963 4638 Arelat.
1999 4601 2105 4640 nec
2132 4612 2184 4671 ι)

445 4655 817 4726 Augustinus
847 4671 978 4709 cum
1009 4653 1284 4724 Cypriani
1314 4657 1488 4725 atque
1537 4655 1817 4726 Afrorum
1866 4672 2107 4711 causam

441 4725 644 4796 aperte
663 4726 1010 4791 damnarint,
1039 4727 1096 4780 in
1120 4726 1480 4796 Stephanum
1503 4729 1559 4778 ct
1587 4726 1754 4780 Rom.
1776 4725 2106 4782 Ecclesium

487 4794 763 4869 uidquam
810 4797 1062 4869 dixere;
1104 4794 1583 4869 imo'Facundus
1634 4797 1852 4869 diserte
1913 4799 2107 4869 prodit

491 4867 797 4934 yprianum
826 4883 859 4921 a
891 4867 1206 4940 Stephano
1243 4868 1380 4938 jure
1429 4867 1744 4937 culpatum.
1792 4867 2102 4940 Utcunque

441 4951 619 5005 porro
660 4953 726 4990 se
759 4954 857 4992 res
888 4939 1118 5006 habent,
1155 4944 1378 4994 certum
1428 4944 1519 4993 est
1549 4955 1858 5009 perperam
1901 4941 1959 4994 in
1992 4939 2102 4994 hac

442 5009 848 5062 controversia
873 5010 1037 5063 citari
1061 5009 1218 5064 hunc
1249 5010 1543 5064 Ambrosii
1566 5011 1779 5077 locum,
1808 5027 1922 5064 non
1944 5012 2100 5066 enim

442 5077 502 5150 i_n
534 5093 604 5150 eo
626 5078 708 5150 de
740 5079 1172 5146 lmreticorum,
1199 5081 1306 5135 sed
1329 5081 1400 5135 de
1424 5081 1784 5150 Judaeorum,
1811 5085 1909 5135 aut
1927 5083 2102 5136 etiam

442 5147 888 5230 deiplidelium,
951 5167 1095 5230 quae
1113 5153 1280 5230 tertia
1329 5153 1592 5230 acceptio
1626 5157 1736 5230 est,
1772 5147 2101 5230 'baptismis

441 5221 538 5293 agi
561 5222 681 5274 tum
701 5221 826 5291 ipsa
851 5223 1134 5278 orationis
1154 5223 1366 5290 series,
1401 5221 1521 5277 tum
1552 5227 1758 5278 auctor
1797 5221 1995 5293 operis
2029 5224 2103 5280 de

441 5289 737 5361 sacram,
765 5293 864 5354 lib,
900 5312 956 5355 ιι.
994 5311 1045 5349 c.
1083 5313 1119 5364 ι,
1151 5312 1208 5349 n.
1241 5295 1292 5361 2,
1327 5298 1600 5349 testatum
1632 5289 1902 5350 reddunt.

513 5382 1262 5452 (‘22)ApudLucamGra3ce
1295 5383 1571 5438 hiclocus
1613 5383 1690 5437 ita
1713 5384 2060 5453 exprimitur
2088 5400 2100 5440 :

438 5465 712 5534 σωματικῶ
755 5456 872 5515 εῖδει
914 5463 1037 5516 ὠσιί
1075 5461 1398 5537 περιστεράν.

511 5551 625 5620 (23)
655 5549 807 5606 Edit.
846 5549 1138 5607 Creatura
1161 5560 1376 5608 autem.

509 5640 642 5712 (24).
676 5641 824 5695 Mss.
859 5641 1143 5712 plerique,
1177 5658 1245 5696 ac
1276 5641 1412 5696 edit.
1448 5638 1686 5712 Amerb.
1717 5638 1877 5712 hunc
1907 5640 2101 5695 locum

439 5709 811 5783 distinguunt
827 5709 938 5766 alia
956 5709 1200 5780 ratione,
1232 5713 1341 5766 hac
1373 5711 1664 5783 videlicet,
1690 5710 1942 5783 debere:
1971 5729 2103 5783 spe-

439 5780 588 5834 ciem
606 5780 797 5838 autem
815 5787 874 5837 et
884 5799 997 5858 pro
1023 5784 1279 5839 veritate
1307 5781 1728 5859 accipiendam.
1745 5780 2023 5856 Legimus
2043 5790 2103 5840 et

2229 3317 2445 3386 gnatur
2472 3329 2640 3368 suam
2672 3314 2973 3385 impertire
3003 3313 3424 3385 praesentiam!

2298 3439 2387 3494 28.
2423 3439 2800 3494 Descendisti
2842 3439 3059 3510 igitur;
3112 3439 3434 3496 recordare
3464 3439 3604 3513 quid
3653 3451 3873 3509 respon-

2229 3528 2410 3597 deris,
2443 3528 2598 3600 quod
2630 3527 2840 3582 credas
2890 3527 2948 3582 in
2998 3528 3250 3598 Patrem,
3293 3530 3510 3585 credas
3559 3531 3616 3584 in
3663 3527 3867 3592 Filium,

2229 3617 2439 3672 credas
2454 3617 2513 3670 in
2526 3616 2805 3687 Spiritum
2821 3619 3112 3671 sanctum.
3140 3617 3272 3671 Non
3302 3617 3492 3673 habes
3514 3619 3665 3672 illic:
3699 3612 3866 3670 Credo

2226 3704 2285 3758 in
2338 3704 2622 3777 majorem
2671 3707 2726 3759 et
2757 3705 3043 3760 minorem
3095 3709 3151 3760 et
3183 3705 3494 3762 ultimum:
3547 3706 3652 3761 sed
3690 3703 3868 3760 eadem

2223 3795 2393 3850 vocis
2441 3798 2558 3849 tuas
2580 3795 2850 3848 cautione
2882 3793 3336 3865 constringeris,
3376 3798 3439 3850 ut
3468 3795 3730 3850 similiter
3753 3805 3863 3846 rre-

2225 3884 2332 3939 das
2363 3885 2424 3939 in
2455 3883 2667 3938 Filium
2707 3882 2840 3953 (2'7),
2875 3882 3031 3937 sicut
3075 3882 3135 3937 in
3168 3883 3403 3937 Patrem
3452 3883 3682 3939 credis:
3727 3879 3868 3935 simi-

2223 3973 2358 4028 liter
2388 3973 2446 4028 in
2495 3972 2777 4043 Spiritum
2809 3975 3078 4026 sanctum
3131 3971 3364 4042 credas,
3402 3973 3558 4028 sicut
3607 3969 3788 4025 credis
3811 3966 3862 4020 in

2225 4061 2466 4128 Filium;
2520 4061 2631 4116 hoc
2663 4060 2793 4116 solo
2835 4063 3101 4130 excepto,
3138 4059 3293 4131 quod
3328 4060 3390 4114 in
3436 4075 3668 4117 crucem
3696 4057 3863 4112 solius

2226 4151 2457 4206 Domini
2483 4151 2627 4206 Jesu
2663 4150 2866 4204 fateris
2897 4149 3002 4204 tibi
3031 4165 3170 4204 esse
3203 4149 3588 4204 credendum.

2223 4297 2298 4354 de
2331 4297 2593 4352 Christo.
2628 4295 2922 4350 Potiorem
2966 4296 3160 4349 tamen
3200 4293 3447 4350 alteram
3497 4309 3633 4349 esse
3662 4288 3858 4346 subse-

2222 4369 2459 4440 quentia
2492 4367 2661 4438 plane
2692 4366 3010 4421 declarant.

2293 4459 2406 4527 (25)
2432 4457 2600 4512 Rom.
2623 4455 2759 4528 edit.
2783 4455 2936 4528 sola,
2966 4455 3088 4528 qui
3111 4454 3474 4528 sacrificium
3507 4447 3862 4528 consumpsit.

2221 4520 2309 4584 De
2326 4520 2463 4599 igne
2483 4532 2678 4582 autem
2702 4527 2758 4579 in
2781 4520 3094 4599 Hierobaal
3116 4526 3478 4599 sacrificium
3511 4520 3858 4599 descenden-

2220 4604 2295 4670 te,
2329 4595 2480 4654 vidae
2511 4615 2642 4670 quae
2677 4599 2734 4670 in
2766 4597 3178 4670 Admonitione
3209 4597 3492 4670 diximus.
3525 4595 3863 4670 Citaturpor-

2219 4657 2294 4726 ro,
2319 4657 2617 4744 hicgloc'us
2647 4669 2719 4723 ab
2755 4668 2973 4740 Algero
3003 4669 3103 4723 lib.
3135 4685 3196 4722 ιιι
3220 4667 3308 4722 De
3329 4667 3620 4744 Sacram,
3647 4657 3859 4744 capito,

2221 4747 2283 4797 ut
2312 4741 2522 4813 probet
2549 4756 2689 4796 vera
2748 4737 3116 4813 sacramenta
3163 4755 3304 4813 esse
3335 4739 3528 4813 _apud_
3549 4737 3858 4813 haereticos.

2219 4803 2532 4869 Gratianus
2563 4827 2798 4882 quoque
2831 4811 3036 4866 eodem
3061 4811 3312 4865 consilio
3335 4803 3492 4864 hunc
3514 4810 3703 4882 ipsum
3723 4803 3862 4882 adhi:

2218 4884 2318 4939 bet
2339 4884 2398 4938 in
2427 4869 2624 4951 Decrt,
2658 4869 2764 4937 sed
2815 4887 3193 4952 corruptum;
3245 4897 3378 4936 cum
3429 4869 3858 4952 pro-litierobaal

2217 4955 2494 5026 praeferat
2524 4954 2900 5026 Hieroboam.
2933 4951 3222 5026 Observat
3252 4968 3396 5026 vero
3408 4951 3693 5026 ejusdem
3724 4958 3858 5026 ορξη-

2221 5015 2507 5080 mcntator
2538 5025 2672 5080 istic
2713 5040 2828 5079 non
2861 5025 2958 5094 agi
3003 5024 3075 5078 de
3107 5015 3520 5078 sacerdotibus
3568 5015 3854 5094 improbis.

2215 5097 2580 5169 proindeque
2613 5096 2672 5150 in
2703 5112 2770 5150 ea
2803 5087 2981 5150 cau'sa
3007 5095 3154 5150 male
3185 5094 3431 5166 allegari
3477 5094 3590 5147 hoc
3611 5087 3856 5145 testimo-

2218 5185 2400 5224 mum.

2287 5258 2401 5328 (26)
2425 5257 2572 5311 Mss.
2607 5255 2827 5328 aliquot
2857 5271 2972 5309 non
3005 5253 3306 5309 inferioris
3341 5256 3513 5319 notae,
3547 5258 3854 5304 accommu-

2219 5330 2522 5384 nitionem.

2289 5417 2400 5487 (2'7)
2432 5417 2563 5472 Non
2593 5417 2704 5489 alia
2729 5415 3056 5489 Aefﬂcaciori
3088 5414 3432 5489 probatione
3478 5404 3848 5489 omnimodas!

2215 5483 2606 5559 personarum
2623 5487 2955 5559 divinarum
2977 5483 3369 5559 equalitatem
3383 5483 3849 5559 contragAria‘nosg

2215 5551 2483 5632 aliosque
2515 5562 2749 5613 veteres
2781 5551 3095 5632 haereticos
3127 5551 3846 5632 demonstrarunt”antiqul

2217 5619 2442 5696 Patres,
2469 5645 2639 5700 quam
2663 5644 2730 5683 ea
2753 5645 2886 5700 quas
2910 5629 3124 5698 petitur
3153 5644 3228 5683 ex
3260 5628 3446 5700 forma
3477 5619 3849 5700 baptismatis.

2213 5702 2340 5766 Quo
2361 5688 2476 5756 telo
2488 5688 2806 5756 etiamnum
2817 5688 3114 5754 Sociniani
3128 5688 3600 5754 confondiuntur.
3620 5688 3847 5746 Adverlc

2217 5788 2359 5831 vero
2391 5773 2488 5829 hic
2515 5772 2808 5844 baptisma
2840 5771 2966 5826 fieri
2999 5786 3107 5844 per
3133 5771 3586 5829 immersionem.
