4024 6176
194 352 269 417 411

1574 351 1639 419 S.
1686 350 2127 420 AMBROSII.

3466 352 3587 423 412

182 550 353 625 iunior,
403 551 627 607 scilicet
674 566 749 608 ex
796 552 1074 626 gentibus
1125 554 1529 627 congregatio,
1579 552 1639 607 id
1688 554 1798 623 est,
1833 544 2088 608 Ationis
2118 552 2464 626 mysterium
2495 553 2587 609 est
2618 568 2629 611 :
2664 552 2807 609 Nisi
2837 553 2991 610 enim
3024 553 3155 628 quis
3181 559 3428 611 renatus
3455 553 3586 610 fue-

176 640 401 696 Ecclesia
444 642 674 696 Domini
704 642 992 713 depressa
1021 646 1154 699 ante
1186 644 1518 713 captivitate
1548 643 1796 713 peccati,

166 730 363 801 quando
391 731 715 786 libertatem
743 733 935 788 adhuc
970 734 1173 805 gratim
1205 750 1323 788 non
1352 734 1645 802 habebat;
1690 750 1796 788 cu—

159 818 242 890 jus
269 820 509 874 consilio
553 837 740 875 vanus
787 821 886 877 ille
936 823 1190 893 populus
1221 824 1522 878 nationum
1550 822 1799 877 verbum

161 907 351 962 audivit
394 909 819 979 propheticum,
873 911 944 965 de
995 927 1112 982 quo
1164 915 1297 965 ante
1346 912 1446 966 diu
1476 911 1796 979 dubitavit;

158 998 336 1065 postea
378 1000 569 1051 tamen
616 998 717 1055 ubi
763 999 1009 1054 credidit
1057 1000 1525 1071 exsequendum,
1562 1000 1797 1055 ablutus

157 1088 232 1138 est
272 1084 341 1138 ab
384 1086 541 1140 omni
584 1088 935 1160 contagione
986 1089 1279 1145 vitiorum.
1334 1089 1405 1143 Et
1434 1088 1531 1143 ille
1561 1087 1798 1159 quidem

158 1171 410 1227 dubitavit
436 1179 750 1246 antequam
778 1180 1086 1232 sanaretur
1119 1193 1131 1233 :
1167 1180 1230 1232 tu
1258 1177 1382 1249 jam
1412 1180 1655 1232 sanatus
1705 1192 1795 1246 es,

156 1263 198 1314 et
220 1260 340 1317 ideo
368 1262 635 1320 dubitare
664 1281 783 1320 non
811 1266 1020 1322 debes.
1696 1280 1699 1283 '

783 1444 1036 1501 CAPUT
1076 1446 1169 1499 IV.
1216 1397 1233 1412 .

153 1580 354 1660 Aquam
377 1601 488 1639 non
517 1587 806 1660 mundare
854 1590 985 1643 sine
1025 1589 1277 1660 Spiritu.
1323 1588 1570 1644 Joannis
1620 1588 1796 1642 testi-

213 1657 386 1735 ingnio
405 1663 473 1735 et
500 1658 655 1735 ipsis
672 1660 894 1735 quibus
934 1657 1090 1715 idem
1138 1666 1570 1735 sacramentum
1610 1660 1795 1735 admi-

213 1730 490 1781 nistratur
508 1730 715 1784 verbis
736 1731 1095 1785 declaratur.
1127 1732 1290 1797 Quod
1305 1733 1483 1787 etiam
1496 1732 1695 1785 asseri
1701 1736 1797 1784 tur

211 1797 591 1874 signiﬁcatum
614 1817 726 1874 per
747 1803 1177 1874 Evangelicam
1203 1804 1514 1874 piscinam,
1552 1808 1797 1874 etpara-

211 1819 591 1867 signino-acum
614 1819 726 1871 per
747 1819 1177 1874 mvangeucam
1203 1819 1514 1874 piscinam,
1552 1819 1610 1856 et
1671 1819 1793 1856 ara-

209 1867 433 1946 lyticum
465 1887 497 1924 a
531 1872 785 1946 Domino
824 1874 913 1946 ibi
949 1882 1215 1929 sanatum
1251 1894 1268 1928 :
1300 1891 1408 1946 quo
1437 1874 1562 1928 loco
1592 1819 1793 1944 .Sfpiri-

210 1922 292 2016 ᾡς
330 1948 574 2016 sanctus
622 1943 684 1996 in
734 1945 994 2016 ejusdem
1045 1946 1277 2000 Christi
1302 1922 1609 2016 ⁷Ιηιριὶδιιιο
1634 1922 1794 1999 rvere
1818 1922 1870 1984 Β

208 2009 579 2090 descendisse
608 2009 960 2083 ostenditur,
1012 2023 1069 2072 et
1102 2018 1241 2089 quid
1270 2018 1332 2071 in
1363 2009 1471 2072 lioc
1501 2017 1793 2089 mysterio

209 2082 665 2154 intelligendum.

210 2220 283 2277 19.
321 2225 450 2280 Ideo
481 2227 592 2281 tibi
621 2230 753 2283 ante
784 2229 1129 2299 praedictum
1160 2232 1270 2299 est,
1303 2232 1365 2285 ut
1393 2246 1511 2285 non
1541 2231 1654 2285 hoc
1685 2246 1789 2285 so-

149 2308 248 2364 lum
277 2314 551 2371 crederes
581 2317 741 2388 quod
769 2318 1015 2373 videbas
1041 2336 1055 2389 ;
1105 2335 1177 2374 ne
1221 2319 1371 2374 forte
1413 2323 1469 2374 et
1499 2324 1559 2375 tu
1590 2320 1789 2375 disce-

148 2415 229 2454 res
257 2418 269 2457 :
300 2402 419 2457 Hoc
449 2408 548 2459 est
574 2406 716 2460 illud
746 2423 1026 2479 magnum
1056 2409 1422 2479 mysterium,
1471 2410 1621 2481 quod
1650 2427 1785 2465 ocu-

144 2487 222 2542 lus
258 2508 361 2545 non
412 2494 586 2563 vidit,
636 2511 745 2550 nec
775 2498 942 2551 auris
971 2486 1220 2564 audivit,
1256 2498 1403 2562 330
1442 2514 1551 2553 nec
1590 2500 1654 2553 in
1686 2516 1789 2554 cor

148 2577 372 2635 hominis
399 2583 677 2637 ascendit
706 2583 765 2647 (Ι
789 2585 922 2640 Cor.
956 2604 1017 2656 ιι,
1048 2586 1134 2657 9)?
1181 2588 1382 2657 Aquas
1410 2587 1604 2657 video,
1637 2597 1786 2659 quas

150 2667 386 2724 videbam
430 2672 742 2743 quotidie:
778 2674 909 2729 istae
958 2691 1049 2729 me
1098 2675 1315 2730 habent
1352 2677 1664 2747 mundare,
1727 2678 1787 2731 in

149 2772 271 2825 quas
298 2776 454 2830 smpe
483 2762 794 2831 descendi,
844 2767 901 2817 et
930 2781 1231 2835 nunquam
1264 2765 1576 2821 mundatus
1608 2782 1739 2821 sum
1758 2769 1786 2821 ξι

151 2843 272 2901 Hinc
303 2864 604 2921 cognosce
634 2853 789 2922 quod
819 2869 969 2924 aqua
1000 2870 1118 2908 non
1135 2854 1373 2909 mundat
1393 2855 1521 2910 sine
1544 2855 1781 2926 Spiritu.

203 2934 276 2989 ΞΟ.
314 2937 571 3010 Ideoque
619 2939 821 3012 legisti
868 2943 1026 3013 quod
1069 2945 1193 2998 tres
1236 2946 1422 2998 testes
1465 2945 1525 2999 in
1555 2945 1785 3015 baptis-

145 3027 269 3080 mate
295 3043 467 3082 unum
490 3032 654 3099 sunt,
687 3046 857 3101 aqua,
892 3033 1161 3104 sanguis,
1183 3036 1240 3088 et
1258 3032 1511 3104 Spiritus
1545 3034 1602 3104 (Ι
1616 3036 1781 3090 Joan.

148 3128 195 3181 v,
219 3113 295 3184 8);
342 3118 476 3189 quia
528 3118 582 3172 si
626 3118 687 3173 in
725 3135 906 3174 unum
936 3121 1146 3176 horum
1178 3122 1476 3193 detrahas,
1524 3140 1641 3178 non
1673 3127 1789 3179 stat

145 3200 477 3273 baptismatis
512 3212 968 3263 sacramentum.
992 3209 1140 3274 Quid
1174 3215 1265 3266 est
1295 3212 1451 3266 enim
1481 3229 1629 3284 aqua
1653 3213 1783 3268 sine

146 3305 288 3348 cruce
314 3295 574 3351 Christi?
607 3297 973 3354 Elementum
1004 3315 1333 3369 commune,
1368 3302 1497 3356 sine
1528 3302 1646 3357 ullo
1680 3319 1780 3357 sa-
1806 3281 1859 3343 Ο

146 3386 385 3439 cramenti
416 3386 654 3442 effectu.
689 3388 813 3443 Nec
847 3388 1060 3443 iterum
1092 3389 1223 3444 sine
1254 3406 1424 3461 aqua,
1458 3406 1780 3463 regenera-

176 3522 298 3603 ﬂ?)
334 3527 456 3603 D_uo
505 3545 585 3603 ex
623 3529 950 3603 hiSYel‘biS
982 3531 1287 3587 advertere
1318 3536 1410 3586 est
1442 3549 1455 3588 :
1492 3534 1547 3587 1°
1576 3549 1784 3588 neces-

148 3598 343 3677 sitatam
368 3600 651 3677 baptismi
681 3602 753 3656 ad
784 3606 1159 3677 peccatorum
1192 3604 1363 3677 etiam
1404 3605 1463 3658 in
1504 3605 1784 3677 catechu-

150 3670 305 3722 menis
336 3670 715 3740 ablutionem,
763 3670 918 3744 quod
958 3674 1232 3728 similiter
1262 3675 1507 3729 docetur
1533 3677 1593 3729 in
1627 3676 1781 3730 Psal.

149 3751 312 3816 eam],
343 3757 519 3797 serm.
555 3744 610 3816 3,
633 3760 777 3816 pag.
809 3745 934 3813 991,
987 3745 1140 3799 unde
1190 3746 1501 3800 inferimus
1543 3747 1787 3801 Ambro-

149 3811 274 3886 sium
300 3811 355 3865 in
384 3828 449 3867 ea
480 3811 759 3884 Opinione
791 3811 927 3886 quas
955 3816 1069 3886 ipsi
1100 3816 1171 3870 de
1218 3816 1627 3870 Valentiniano
1679 3819 1785 3871 im-

147 3884 374 3962 peratore
421 3886 721 3962 tribuitur,
748 3884 1141 3962 _ne_quaquam
1172 3887 1362 3941 fuisse
1388 3904 1403 3956 ;
1446 3887 1505 3941 2°
1535 3889 1784 3962 adbap-

145 3950 282 4027 tis_mi_
301 3954 542 4009 formam
578 3950 964 4011 tresdivinas
984 3950 1287 4027 'personas
1319 3950 1664 4013 necessario
1688 3950 1787 4014 e3:-

313 4031 583 4110 oportere
581 4043 638 4110 n;_
654 4043 730 4109 ei:
760 4045 878 4110 quo
924 4020 1276 4110 sententiam
1324 4030 1396 4083 de
1428 4032 1784 4110 sacramenti

145 4094 376 4157 ejusdem
408 4099 522 4153 sub
576 4094 797 4153 Christi
844 4103 1069 4155 tantum
1121 4101 1356 4154 nomine
1387 4100 1782 4155 administrati

149 4161 400 4223 validitate
428 4185 741 4226 perperam
774 4171 889 4226 insi
920 4172 1142 4226 imponi
1174 4172 1545 4226 deducimus.
1588 4174 1661 4226 At
1707 4173 1779 4226 de

278 4183 400 4223 uate
428 4185 741 4239 perperam
774 4186 889 4239 1pm
920 4187 1142 4239 imponi
1174 4183 1545 4227 deducimus.
1588 4183 1661 4226 At
1707 4183 1779 4227 de

154 4187 400 4223 “nauale
428 4187 741 4239 perperam
774 4187 889 4241 lpSl
920 4188 1039 4241 imp

150 4234 356 4306 utraque
382 4255 444 4294 re
476 4242 609 4295 suis
640 4241 809 4296 locis.

203 4305 298 4387 (20)
331 4310 507 4387 Βοιιι.Δ
528 4313 668 4387 edit.
701 4328 834 4387 cum
861 4328 981 4368 uno
1013 4315 1111 4368 aut
1139 4312 1322 4387 altero
1352 4329 1525 4382 mss.,
1573 4320 1631 4367 tu
1676 4330 1780 4387 au-

152 4376 242 4427 tem
267 4376 322 4431 in
348 4384 543 4454 gratia
574 4383 911 4454 baptizatus
938 4400 1006 4438 es
1038 4406 1054 4439 .-
1084 4384 1297 4439 melius
1327 4401 1469 4439 vero
1498 4376 1614 4439 vet.
1639 4385 1776 4440 edit.

152 4451 402 4526 (ευρ-ρῳ.
435 4451 683 4526 reliquis
715 4455 1003 4521 omittunt,
1040 4457 1100 4509 in
1130 4457 1347 4526 gratia.

206 4517 303 4597 (Ξῖ)
321 4521 501 4597 ,νοω
520 4517 883 4597 perfidorum
914 4517 1167 4596 primum
1198 4526 1445 4597 intelligi
1469 4530 1720 4596 possunt
1740 4527 1781 4580 ii

150 4590 714 4669 flui__fidem_C'hristo
759 4597 831 4651 de
876 4590 1191 4669 servandis
1229 4597 1363 4668 ejus
1389 4590 1685 4651 mandatis
1718 4599 1775 4651 in

150 4653 400 4742 baptismo
429 4666 619 4721 datam
640 4667 977 4742 fregerunt.
1016 4668 1235 4722 Deinde
1256 4641 1522 4723 strictius
1552 4670 1649 4739 qui
1675 4685 1777 4738 per
1799 4641 1849 4701 D

153 4724 389 4788 heresim
415 4752 446 4789 a
478 4739 729 4807 mystico
746 4724 979 4793 vChristi
1011 4755 1259 4808 corpore
1289 4743 1427 4793 sunt
1449 4755 1515 4793 se
1567 4724 1773 4811 i-egati.

154 4794 438 4863 Postremo.
503 4810 604 4863 aui
651 4809 906 4863 oblatum
952 4811 1087 4863 fidei
1132 4811 1330 4863 lumen
1373 4756 1771 4863 repudiarunt.

154 4794 438 4880 gesti-emo,
503 4794 604 4879 q'ui
651 4809 906 4863 oblatum
952 4811 1087 4864 fidei
1116 4794 1330 4865 llumen
1373 4794 1771 4880 repudiaiyunt,

156 4865 350 4952 Primus
379 4865 594 4952 sénsiis
625 4884 687 4933 ut
715 4881 1035 4952 affingatur
1061 4885 1266 4935 sancto
1317 4865 1578 4951 praesuli,
1632 4865 1774 4936 nihil

159 4943 463 5023 suadet.__E_t
505 4954 664 5023 certe
706 4951 761 5005 is
802 4943 1120 5006 haereticus
1153 4943 1356 5023 negaii
1387 4943 1607 5023 nequit,
1645 4968 1777 5006 cum

160 5005 281 5093 θιιιορ
310 5016 533 5093 \Viclefi
566 5025 834 5092 quartum
865 5005 971 5077 art.
1011 5039 1023 5077 :
1065 5005 1540 5093 «Sie’piscopiis
1564 5005 1657 5077 v'el
1691 5040 1780 5075 sa-

161 5083 332 5162 cerdos
373 5094 461 5143 est
504 5083 856 5162 in-peccato
904 5094 1154 5161 mortali,
1206 5083 1324 5148 non
1374 5083 1625 5162 ordinat,
1660 5110 1777 5148 non

162 5156 369 5235 fonticit,
418 5178 530 5216 non
579 5156 908 5230 consecrat,
960 5181 1077 5219 non
1120 5156 1387 5235 baptizat,
1428 5186 1451 5213 ι
1484 5156 1777 5219 Constan-

163 5222 314 5303 llifnse
343 5222 524 5303 conm,
559 5251 718 5289 sess.
751 5236 803 5303 8,
839 5222 1339 5303 et'Tridcntinum,
1373 5222 1530 5291 sess.
1555 5237 1607 5302 Ἵ,
1644 5252 1772 5289 can.

166 5286 228 5367 l7,
255 5286 773 5371 cogndemn'avéri‘m.
791 5286 1339 5371 ’Qua‘ae‘s'aasi‘g
1358 5286 1530 5362 (Ξὺῖιῗ
1550 5286 1776 5360 Εὲίῖἱὶὶίὶ

166 5374 208 5412 ιιι
233 5368 547 5443 ινβθιιιθιιι.
582 5376 718 5430 dist.
753 5375 804 5443 1,
828 5368 894 5432 vet
937 5378 1342 5432 Mabillonium
1390 5379 1448 5431 in
1493 5393 1672 5431 serm.
1708 5377 1776 5431 66

166 5440 313 5518 ῗέηςὲί
358 5442 647 5518 Bernardi.
699 5440 864 5512 Quod
913 5453 1105 5503 autem
1151 5450 1224 5502 ad
1272 5450 1673 5518 acceptionem
1704 5449 1775 5502 de

164 5497 405 5591 ξιῖιιτιίεηιο
433 5497 859 5591 haereticorum,
895 5521 1191 5591 ingentem
1223 5521 1360 5574 olim
1384 5497 1776 5588 fdissesuper

168 5569 251 5662 hac:
274 5588 487 5662 materia
528 5590 672 5643 inter
720 5569 1073 5659 Cyprianoum
1122 5608 1191 5645 ac
1239 5569 1776 5662 Stephanuchbn-

166 5645 673 5734 ffff'qrsiamnemo
726 5645 947 5731 nescit;
1000 5678 1191 5731 neque
1232 5645 1405 5717 etiam
1437 5678 1570 5734 quae
1603 5660 1778 5715 fuerit

166 5714 407 5806 ξξξίξξὶειιιὶ,
466 5714 860 5806 Afrorumque
880 5714 883 5715 ν
1238 5714 1773 5806 ignotum.

165 5782 293 5848 Quod
320 5782 446 5854 vero
472 5782 553 5858 ad
572 5782 852 5877 segnia;
884 5782 1776 5878 aggressa'agaemaiis;

1911 644 2001 696 rit
2036 659 2114 696 ex
2144 658 2287 715 aqua
2321 648 2379 698 et
2409 641 2660 715 Spiritu,
2698 659 2810 698 non
2833 649 3030 715 potest
3079 645 3336 699 introire
3378 644 3440 697 in
3483 660 3587 699 re-

1907 747 2084 802 gnum
2116 731 2230 785 Dei
2259 731 2451 801 (Joan.
2487 748 2570 799 ιιι,
2604 732 2679 799 5).
2728 731 2925 785 Credit
2970 735 3161 786 autem
3205 733 3376 786 etiam
3426 736 3586 787 cate-

1910 819 2238 873 chumenus
2269 819 2328 873 in
2359 835 2596 873 crucem
2629 820 2860 873 Domini
2892 819 3056 888 Jesu,
3102 836 3218 890 qua
3250 824 3306 874 et
3336 821 3464 891 ipse
3497 822 3586 876 si—

1909 910 2124 979 gnatur
2157 924 2168 961 :
2203 908 2310 962 sed
2342 909 2459 963 nisi
2486 908 2813 978 baptizatus
2835 907 3012 962 fuerit
3032 908 3092 961 in
3110 909 3345 963 nomine
3368 909 3581 978 Patris,

1910 999 1966 1050 et
2010 996 2161 1066 Filii,
2214 999 2269 1051 et
2316 996 2571 1067 Spiritus
2623 997 2811 1050 sancti
2853 996 2986 1065 (19),
3020 997 3437 1051 remissionem
3468 1014 3586 1052 non

1907 1087 2102 1155 potest
2131 1084 2401 1154 accipere
2432 1088 2836 1155 peccatorum,
2871 1100 2980 1139 nec
3011 1085 3337 1156 spiritualis
3371 1086 3577 1157 gratia:

1909 1188 2126 1227 munus
2159 1173 2415 1228 haurire.

1979 1262 2067 1315 21.
2111 1261 2269 1332 Ergo
2301 1262 2397 1315 ille
2428 1262 2616 1332 Syrus
2648 1261 2870 1333 septies
2902 1262 3108 1316 mersit
3150 1262 3210 1316 in
3260 1263 3420 1334 Lege
3472 1262 3531 1332 (1
3544 1261 3591 1315 V

1904 1350 2052 1421 Reg.
2086 1367 2143 1419 v,
2180 1350 2288 1420 14);
2321 1354 2381 1404 tu
2410 1354 2603 1404 autem
2631 1351 2959 1421 baptizatus
2988 1366 3055 1406 es
3084 1350 3199 1421 (20)
3250 1352 3313 1405 in
3346 1352 3583 1406 nomine

1907 1438 2231 1507 Trinitatis,
2266 1439 2584 1493 confessus
2618 1456 2684 1494 es
2718 1440 2969 1509 Patrem,
3001 1440 3316 1494 recordare
3338 1440 3478 1511 quid
3501 1440 3585 1495 fe-

1906 1527 2094 1597 ceris;
2129 1527 2447 1584 cont‘essus
2480 1544 2546 1582 es
2580 1528 2811 1598 Filium,
2846 1528 3166 1583 confessus
3200 1544 3266 1582 es
3297 1528 3584 1598 Spiritum

1905 1618 2194 1671 sanctum.
2227 1617 2384 1671 Tene
2416 1617 2683 1671 ordinem
2715 1633 2913 1672 rerum
2947 1618 3005 1670 in
3040 1617 3148 1670 hac
3183 1617 3329 1685 fide;
3365 1618 3582 1672 mundo

1901 1706 2169 1759 mortuus
2218 1721 2304 1773 es,
2353 1709 2407 1759 et
2453 1706 2574 1759 Deo
2622 1706 3028 1760 resurrexisti.
3084 1706 3153 1759 Et
3185 1707 3358 1777 quasi
3389 1706 3448 1760 in
3481 1706 3581 1762 illo

1900 1793 2099 1846 mundi
2130 1794 2513 1864 consepultus
2544 1794 2852 1863 elemento,
2888 1797 3129 1864 peccato
3161 1798 3451 1864 mortuus,
3501 1796 3573 1849 ad

1900 1881 2078 1935 vitam
2124 1897 2190 1936 es
2240 1883 2631 1938 resuscitatus
2681 1886 2981 1938 aeternam.
3017 1883 3205 1938 Crede
3255 1899 3401 1956 ergo
3434 1885 3575 1956 quia

1900 1986 2019 2024 non
2052 1974 2191 2025 sunt
2218 1988 2422 2026 vacuae
2454 1987 2645 2043 aquae.

1971 2058 2059 2113 22.
2102 2059 2237 2114 Ideo
2269 2060 2372 2113 tibi
2423 2060 2642 2115 dictum
2687 2063 2822 2115 est:
2861 2059 3005 2135 Quia
3048 2062 3297 2135 angelus
3342 2064 3581 2119 Domini

1901 2146 2305 2203 descendebat
2337 2149 2656 2203 secundum
2704 2154 2931 2220 tempus
2977 2150 3041 2203 in
3088 2152 3461 2217 natatoriam,
3516 2159 3575 2206 et

1896 2235 2246 2290 movebatur
2276 2252 2437 2307 aqua,
2474 2243 2531 2291 et
2565 2237 2663 2308 qui
2685 2238 2858 2307 prior
2887 2237 3303 2293 descendisset
3334 2241 3396 2293 in
3420 2245 3576 2293 nata-

1900 2324 2112 2378 toriam
2137 2331 2271 2396 post
2308 2326 2745 2379 commotionem
2776 2342 2953 2397 aquae,
2989 2343 3171 2381 sanus
3200 2326 3380 2382 [iebat
3400 2345 3430 2382 a
3451 2329 3575 2382 lau-

1897 2428 2084 2483 guore
2115 2429 2451 2485 quocunque
2484 2414 2801 2468 tenebatur
2835 2414 3027 2484 (Joan.
3059 2432 3115 2485 v,
3150 2416 3225 2485 4).
3278 2416 3420 2470 Haec
3461 2417 3576 2488 pis-

1901 2502 2028 2554 cina
2060 2501 2119 2555 in
2151 2502 2583 2573 Hierosolymis
2615 2505 2757 2571 erat,
2793 2502 2852 2556 in
2886 2518 2998 2573 qua
3029 2519 3183 2558 unus
3215 2520 3447 2559 annuus
3480 2521 3574 2559 sa-

1896 2590 2148 2645 nabatur
2181 2608 2191 2645 :
2227 2592 2333 2645 sed
2365 2607 2538 2646 nemo
2569 2595 2701 2645 ante
2735 2592 3079 2661 sanabatur,
3112 2608 3288 2664 quam
3319 2593 3573 2647 descen-

1894 2679 2083 2734 disset
2113 2681 2390 2752 angelus.
2427 2681 2503 2734 Ut
2531 2684 2694 2735 esset
2726 2680 3008 2734 indicium
3057 2683 3194 2752 quia
3244 2682 3573 2737 descende-

1892 2771 1981 2821 rat
2028 2770 2300 2840 angelus,
2352 2769 2699 2824 movebatur
2745 2785 2895 2840 aqua
2938 2773 3179 2840 propter
3206 2770 3569 2825 incredulos.

1895 2857 1994 2909 llis
2043 2858 2301 2929 signum,
2353 2858 2459 2912 tibi
2500 2858 2647 2912 ﬁdes
2681 2874 2694 2912 :
2729 2858 2809 2911 illi
2841 2858 3092 2930 angelus
3145 2858 3568 2928 descendebat,

1891 2946 2000 3003 tibi
2051 2945 2306 3016 Spiritus
2355 2950 2600 3001 sanctus
2654 2962 2666 3001 :
2720 2947 2838 3000 illis
2886 2950 3150 3001 creatura
3201 2948 3573 3018 movebatur,

1898 3034 2004 3088 tibi
2033 3034 2307 3089 Christus
2338 3039 2613 3105 operatur
2642 3035 2770 3105 ipse
2802 3035 3090 3092 Dominus
3115 3039 3431 3092 creaturae.

1962 3123 2049 3178 23.
2092 3124 2255 3178 Tunc
2286 3124 2603 3178 curabatur
2631 3140 2807 3193 unus,
2842 3140 2999 3179 nunc
3032 3139 3240 3179 omnes
3271 3128 3525 3180 sanatur
3558 3140 3570 3181 :

1892 3215 1990 3266 aut
2019 3215 2174 3267 certe
2205 3228 2359 3268 unus
2392 3213 2559 3267 solus
2589 3213 2843 3284 p0pulus
2864 3212 3259 3277 Christianus,
3297 3217 3389 3268 est
3410 3213 3567 3269 enim

1894 3302 1954 3355 in
1982 3302 2281 3373 aliquibus
2314 3306 2369 3356 et
2397 3318 2549 3373 aqua
2580 3302 2832 3356 mendax
2861 3302 3109 3369 (Jerem.
3142 3318 3241 3371 xv,
3277 3302 3385 3370 18).
3430 3301 3560 3356 Non

1895 3395 2065 3445 sanat
2105 3392 2438 3462 baptismus
2482 3390 2843 3462 perfidorum
2891 3388 3006 3459 (:21)
3058 3392 3120 3461 (ι,
3170 3406 3228 3462 q.
3261 3388 3311 3459 1,
3346 3406 3399 3445 c.
3433 3390 3568 3446 Non

1893 3537 1982 3589 tra
2025 3534 2325 3602 memoria,
2357 3533 2458 3604 qui
2504 3535 2706 3587 contra
2756 3531 2969 3604 placita
3016 3535 3281 3587 veterum
3329 3548 3461 3586 eum
3511 3532 3571 3587 in

1894 3606 2258 3675 quibuslibet
2287 3603 2610 3659 ab’haeres'i
2641 3603 3046 3671 redeuntibus,
3081 3604 3218 3657 licet
3267 3606 3327 3657 in
3374 3604 3570 3659 Trini-

1893 3674 2030 3730 tatis
2080 3676 2315 3730 nomine
2362 3691 2479 3729 non
2529 3675 2857 3743 baptizatis,
2893 3674 3089 3728 iterari
3134 3675 3423 3744 baptisma
3471 3690 3571 3729 ve-

1894 3747 2084 3801 tuisse
2117 3747 2502 3817 disputarent.
2549 3746 2788 3817 Illorum
2820 3749 3175 3817 momentum
3206 3746 3571 3815 praecipuum

1890 3821 1983 3872 est
2032 3815 2330 3872 decretum
2378 3817 2568 3886 ipsius
2618 3815 2899 3885 Stephani
2946 3831 2979 3869 a
3021 3816 3314 3886 Cypriane
3367 3821 3572 3871 contra

1892 3889 2165 3959 ejusdem
2196 3888 2505 3958 epistolam
2534 3886 2802 3951 relatum,
2829 3887 3093 3959 scilicet:
3125 3909 3147 3937 ι
3177 3888 3238 3959 Si
3262 3887 3402 3959 quis
3423 3903 3569 3959 ergo

1889 3958 2303 4031 a'quacunque
2333 3959 2551 4013 haeresi
2579 3959 2808 4031 venerit
2840 3958 2913 4011 ad
2944 3973 3075 4031 nos,
3106 3958 3289 4031 nihil,
3327 3958 3570 4031 innove-

1888 4028 2003 4099 tur,
2041 4051 2063 4079 ι
2100 4028 2385 4085 θῑοῖιιθιιι
2415 4028 2736 4099 Augustini
2761 4029 2951 4099 locus
2998 4029 3057 4083 in
3105 4029 3207 4083 lib.
3262 4030 3350 4084 De
3385 4030 3571 4085 Unico

1888 4097 2061 4172 Bapt.
2115 4108 2303 4156 contr.
2354 4097 2540 4155 Pctiﬂ
2587 4097 2835 4172 cap._14,
2883 4100 2961 4153 ita
2980 4099 3290 4172 loquentis
3325 4117 3336 4154 :
3374 4122 3395 4150 α
3432 4102 3567 4155 Ste-

1889 4170 2123 4242 phanus
2156 4172 2512 4241 baptismum
2536 4170 2950 4225 haereticorum
2973 4171 3033 4224 in
3054 4171 3214 4225 nullo
3238 4172 3567 4226 iterandum

1890 4259 2029 4297 esse
2057 4245 2357 4298 censebat.
2394 4244 2610 4297 Verum
2642 4242 2792 4296 forte
2822 4258 2896 4295 an
2928 4258 3047 4296 non
3078 4245 3225 4297 satis
3255 4242 3565 4297 advertere

1889 4315 2197 4370 amborum
2225 4315 2406 4369 verba
2436 4330 2511 4369 ex
2540 4329 2656 4368 usu
2673 4313 2774 4383 qui
2794 4328 2910 4384 per
2924 4328 2993 4384 ea
3014 4315 3278 4383 tempora
3300 4312 3562 4384 vigebat,

1888 4385 2290 4457 intelligenda,
2343 4386 2515 4457 sicut;
2545 4381 2842 4438 Eusebius
2901 4381 3154 4457 lib_.Avu,
3193 4381 3456 4457 capt—3,
3510 4386 3568 4437 et

1888 4453 2234 4511 Vincentius
2268 4456 2464 4511 Lerin.
2487 4455 2709 4510 Comm.
2735 4472 2773 4523 ι,
2810 4470 2936 4523 cap.
2972 4453 3058 4516 19.
3095 4454 3241 4507 satis
3264 4453 3561 4507 indicant:

1887 4526 2204 4582 haereticos
2234 4532 2427 4581 autem
2455 4525 2805 4596 rebaptizari
2835 4540 2909 4578 ex
2929 4524 3239 4596 traditione
3262 4523 3565 4596 fere_com-

1888 4599 2049 4651 muni
2080 4614 2186 4653 eos
2218 4599 2385 4653 solos
2418 4594 2617 4652 moris
2637 4597 2846 4659 fuisse,
2898 4596 2998 4664 qui
3030 4595 3189 4647 tincti
3226 4595 3338 4647 sub
3371 4594 3565 4647 Trini—

1886 4670 2021 4722 tatis
2066 4670 2437 4723 invocatione
2483 4684 2600 4721 non
2645 4668 2894 4731 fuerant,
2951 4668 3011 4717 ut
3040 4668 3270 4718 constat
3301 4666 3563 4718 auctori-

1886 4743 2000 4794 tate
2049 4756 2165 4793 non
2212 4741 2383 4794 modo
2433 4739 2798 4792 laudatorum
2847 4739 3173 4799 auctorum,
3227 4735 3333 4789 sed
3389 4737 3564 4790 etiam

1886 4812 2202 4882 Augnstini
2237 4810 2461 4879 passim
2493 4812 2695 4861 contra
2719 4806 3080 4882 Donatistae,
3114 4806 3314 4882 Optali
3339 4806 3559 4882 Mil_e_v.,

1888 4876 2147 4935 Fac'undi
2182 4876 2479 4935 Hermian.
2512 4882 2685 4948 atque
2715 4877 2984 4931 aliorum.
3018 4876 3088 4930 Et
3118 4892 3262 4948 sane
3295 4878 3414 4932 Leo
3434 4876 3562 4932 Ma;

1887 4968 2043 5023 gnus
2088 4952 2353 5006 eamdem
2402 4947 2868 5023 criminationem
2914 4947 3563 5023 nouel‘fugerethnisi

1886 5019 2065 5077 simili
2096 5023 2268 5076 modo
2298 5021 2653 5091 acciperitur
2697 5020 2751 5072 id
2799 5019 3102 5091 quodiait.
3149 5020 3321 5088 epist.
3366 5020 3454 5085 89,
3491 5022 3565 5075 ad

1883 5093 2159 5148 Nicetam
2194 5114 2210 5146 .-
2249 5115 2269 5141 κ
2304 5092 2413 5157 Qui
2438 5090 2802 5161 baptismum
2849 5090 2921 5144 ab
2974 5090 3272 5144 haereticis
3314 5108 3562 5161 recepe-

1885 5168 2040 5233 runt,
2076 5165 2200 5218 sola
2231 5164 2290 5217 S.
2323 5164 2575 5233 Spiritus
2600 5162 2969 5215 invocatione
2992 5177 3098 5230 per
3118 5162 3558 5233 impositionem

1886 5232 2162 5289 manuum
2195 5232 2581 5288 confirmandi
2612 5236 2785 5299 sunt;
2821 5257 2842 5280 »
2878 5233 2997 5286 illic
3020 5232 3173 5287 enim
3198 5232 3353 5286 nulla
3376 5233 3563 5287 haere-

1888 5307 2131 5361 ticorum
2166 5306 2464 5360 disiinctio
2488 5304 2855 5373 exprimitur.
2894 5306 3163 5357 Attamen
3184 5304 3362 5357 multo
3386 5306 3561 5357 etiam

1885 5378 2254 5447 probabilius
2273 5381 2364 5431 est
2384 5378 2778 5431 conditionem
2803 5375 2980 5447 illam,
3002 5375 3172 5447 mode
3194 5375 3483 5447 baptisma
3504 5376 3561 5427 in

1885 5446 2120 5502 nomine
2158 5448 2460 5501 Trinitatis
2486 5448 2761 5501 collatum
2795 5446 2987 5512 fuerit,
3020 5462 3051 5498 a
3082 5446 3379 5515 Stephano
3411 5461 3559 5496 exa-

1884 5523 2068 5572 ratam
2114 5535 2252 5573 esse
2303 5521 2361 5572 in
2410 5535 2518 5572 sua
2567 5517 2836 5587 epistola.
2889 5517 3036 5579 Quid
3072 5514 3227 5569 enim
3256 5515 3411 5587 aliud
3444 5514 3561 5566 sibi

1884 5591 2069 5664 voluit
2092 5591 2497 5664 Firmilianus,
2533 5586 2670 5664 dum
2694 5589 2768 5641 ita
2791 5588 3069 5656 scripsit:
3101 5611 3121 5664 «ς
3153 5586 3297 5639 lllud
3321 5598 3559 5664 quoque

1889 5663 2232 5729 absurdum,
2285 5678 2400 5732 quo
2450 5658 2813 5729 nonlputant
2843 5658 3392 5732 quaerendumessc
3424 5658 3559 5732 quis

1894 5733 1971 5786 sit
2000 5732 2097 5806 ille
2130 5724 2231 5803 qui
2257 5724 2637 5806 baptizaverit
2661 5746 2674 5785 :
2700 5745 2775 5806 eo
2807 5724 3099 5806 quodqui
3118 5725 3442 5806 baptizatus
3459 5724 3556 5805 sit,

1889 5796 2455 5879 gratiam-consequi
2483 5801 2738 5875 potuerit
2756 5796 3029 5855 invocata
3055 5796 3333 5853 'l‘rinitate
3365 5796 3558 5851 nomi-
