4024 6176
176 312 259 375 421
1360 304 1613 370 LIBER
1653 303 1766 370 DE
1808 305 2287 371 MYSTERIIS.
3425 300 3543 376 428
3581 346 3588 352 -

179 513 292 581 caput
316 524 516 575 meum,
550 512 609 562 et
635 507 901 577 poculum
935 512 1090 561 tuum
1123 507 1235 577 (4'7)
1259 506 1572 562 inebrians
1604 523 1770 579 quam
1795 491 1848 558 Α
1881 508 2052 579 panis
2084 507 2257 562 vivus
2289 508 2386 579 qui
2437 508 2744 562 descendit
2789 509 2860 564 de
2909 511 3080 580 cmlo,
3118 512 3255 566 vitae
3305 515 3542 567 mternte

172 596 463 669 praclarum
493 602 582 650 est
614 595 791 662 (Ibid.
822 596 875 663 4,
911 593 1000 665 5)!
1881 597 2273 650 substantiam
2343 596 2751 651 subministrat
2783 614 2796 665 ;
2871 602 2928 652 et
2984 601 3322 671 quicunque
3386 601 3542 655 hunc

209 686 278 738 εΗ.
305 684 468 737 Nunc
497 683 638 737 illud
662 683 1133 752 consideremus,
1172 700 1246 737 ne
1277 684 1410 754 quis
1444 684 1593 739 forte
1625 683 1768 738 visi-
1882 685 2342 753 manducaverit,
2387 701 2505 739 non
2555 686 2838 740 morietur
2880 687 2940 740 in
2983 691 3300 744 aeternum:
3352 694 3408 743 et
3453 692 3544 743 est

158 773 263 826 bilia
302 769 504 825 videns
553 770 852 840 (quoniam
895 787 1027 841 quae
1075 776 1214 825 sunt
1263 771 1604 840 invisibilia,
1655 787 1774 826 non
1883 788 2102 842 corpus
2125 773 2366 827 Christi.

155 860 400 925 videntur,
423 875 531 912 nec
556 864 806 928 possunt
832 860 1105 912 humanis
1129 860 1318 914 oculis
1334 859 1774 930 comprehendi)
1952 861 2040 914 48.
2076 859 2400 916 Considera
2441 877 2595 915 nunc
2626 861 2738 931 (49)
2772 862 2882 931 (De
2926 864 3192 934 Consec.,
3229 865 3363 919 dist.
3400 867 3451 936 2,
3487 881 3538 920 c.

151 949 275 1002 dicat
302 948 472 1001 forte:
507 947 733 1002 Judaais
766 948 926 1002 Deus
959 963 1168 1001 manna
1201 948 1367 1018 pluit,
1409 949 1555 1018 pluit
1584 951 1775 1002 cotur-

147 1039 283 1091 nices
336 1036 548 1104 (Exod.
601 1053 720 1104 xvr,
775 1036 861 1104 43,
916 1036 1040 1103 15):
1097 1036 1384 1091 Ecclesiae
1442 1039 1635 1090 autem
1692 1036 1778 1090 illi

148 1125 342 1178 dilectae
358 1124 484 1178 haec
505 1128 643 1178 sunt
665 1141 797 1194 quas
820 1125 1203 1194 praeparavit;
1229 1125 1300 1179 de
1319 1126 1536 1196 quibus
1558 1126 1778 1180 dictum

148 1216 250 1267 est:
300 1211 454 1278 Quod
501 1212 702 1268 oculus
749 1229 862 1267 non
921 1213 1095 1283 vidit,
1152 1230 1261 1268 nec
1309 1214 1476 1268 auris
1525 1215 1772 1278 audivit,

149 1317 237 1355 nec
264 1302 321 1355 in
351 1318 450 1355 cor
475 1302 735 1356 hominis
764 1303 1055 1372 ascendit,
1083 1319 1206 1374 qua;
1220 1304 1588 1375 praeparavit
1620 1304 1781 1358 Deus

147 1389 509 1461 diligentibus
538 1406 666 1445 eum
698 1391 753 1461 (I
780 1391 915 1446 Cor.
960 1409 1018 1460 ιι,
1053 1391 1130 1460 9).
1165 1391 1324 1463 Ergo
1375 1408 1449 1446 ne
1479 1393 1613 1463 quis
1665 1392 1778 1447 hoc

147 1479 292 1548 dicat,
323 1495 550 1534 summo
580 1479 776 1534 studio
808 1479 1082 1534 volumus
1116 1480 1502 1550 comprobare
1533 1481 1692 1552 quod
1723 1483 1781 1534 et

1880 949 2141 1019 Revera,
2173 948 2203 1020 ἓ
2237 949 2589 1018 Considera)
2621 953 2815 1003 utrum
2863 953 3240 1020 praestantior
3270 954 3345 1006 sit
3374 955 3541 1024 panis

1878 1037 2248 1109 angelorum,
2282 1053 2354 1090 an
2379 1054 2514 1092 caro
2547 1037 2788 1106 Christi,
2812 1055 2945 1109 quae
2977 1041 3176 1111 utique
3209 1057 3426 1111 corpus
3459 1045 3550 1096 est

1880 1127 2036 1181 vitae.
2070 1127 2280 1179 Manna
2310 1127 2453 1180 illud
2484 1142 2514 1180 e
2546 1127 2715 1195 coelo,
2749 1127 2862 1181 hoc
2894 1143 3076 1198 supra
3117 1128 3365 1185 castum:
3405 1130 3549 1184 illud

1888 1215 2040 1284 coeli,
2075 1214 2187 1268 hoc
2228 1214 2456 1268 Domini
2501 1215 2823 1270 oculorum:
2876 1216 3018 1270 illud
3049 1219 3413 1288 corruptioni
3447 1219 3551 1273 ob-

1886 1302 2147 1371 noxium,
2177 1302 2228 1355 si
2263 1303 2322 1356 in
2354 1303 2508 1357 diem
2537 1304 3190 1376 alterumservaretur;
3243 1305 3357 1360 hoc
3398 1307 3545 1362 alie-

1885 1408 2024 1445 num
2071 1392 2144 1446 ab
2193 1393 2351 1446 omni
2408 1393 2801 1462 corruptione,
2835 1384 2983 1446 338
3013 1395 3170 1464 quod
3212 1395 3551 1466 quicunque

1881 1479 2163 1550 religiose
2233 1483 2579 1551 gustaverit,
2653 1482 3088 1552 corruptionem
3151 1484 3372 1538 sentire
3435 1499 3554 1539 non

142 1567 430 1638 antiquiora
463 1571 604 1622 sunt
655 1572 1021 1622 sacramenta
1054 1568 1340 1622 Ecclesiae
1389 1585 1563 1640 quam
1594 1569 1777 1640 Syna-
1879 1569 2110 1638 poterit.
2158 1569 2280 1623 Illis
2323 1585 2473 1639 aqua
2520 1570 2591 1624 de
2641 1574 2804 1640 petra
2853 1571 3020 1625 ﬂuxit
3048 1571 3262 1640 (Exod.
3297 1589 3439 1642 xvu,
3473 1573 3549 1643 6),

141 1671 306 1726 εοεαε,
339 1659 393 1710 et
419 1657 831 1726 praestantiora
863 1673 1039 1728 quam
1067 1672 1279 1711 manna
1307 1660 1418 1712 est.
1882 1656 1986 1710 tibi
2009 1657 2261 1728 sanguis
2285 1673 2315 1711 e
2338 1657 2574 1712 Christo
2597 1659 2785 1723 (Joan.
2821 1677 2898 1727 v1,
2925 1661 3014 1728 55)
3037 1676 3048 1713 :
3092 1660 3228 1714 illos
3251 1661 3322 1714 ad
3346 1661 3553 1715 horam

199 1744 277 1797 45.
308 1745 652 1815 Antiquiora
684 1745 856 1800 docet
885 1746 1061 1800 lectio
1090 1746 1341 1801 Genesis
1373 1763 1504 1818 quae
1527 1748 1778 1801 decursa
1885 1746 2310 1815 satiavitaqua,
2335 1749 2389 1799 te
2413 1747 2664 1817 sanguis
2698 1747 2864 1800 diluit
2886 1749 2946 1800 in
2977 1751 3281 1803 aeternum.
3307 1749 3552 1804 Judaeus

142 1836 247 1901 est;
293 1832 608 1905 Synagoga
659 1834 813 1888 enim
874 1850 950 1888 ex
991 1834 1125 1906 lege
1193 1835 1385 1905 Moysi
1427 1835 1780 1904 principium
1807 1867 1854 1926 Β
1883 1833 2052 1902 bibit,
2089 1837 2144 1886 et
2176 1834 2330 1888 sitit:
2365 1837 2426 1888 tu
2450 1851 2582 1888 cum
2630 1835 2877 1905 biberis,
2913 1836 3078 1890 sitire
3127 1853 3245 1892 non
3287 1838 3551 1908 poteris:

145 1922 397 1990 sumpsit:
449 1921 753 1976 Abraham
783 1938 926 1976 vero
957 1923 1135 1994 longe
1166 1925 1443 1993 anterior,
1477 1923 1578 1994 qui
1607 1923 1780 1976 victis
1808 1921 1847 1926 ⁷
1886 1925 1942 1977 et
1973 1922 2118 1976 illud
2147 1923 2208 1976 in
2241 1922 2467 1991 umbra,
2489 1923 2601 1977 hoc
2631 1924 2691 1977 in
2720 1924 2985 1979 veritate.

142 2008 402 2079 hostibus,
438 2014 496 2064 et
528 2015 741 2080 nepote
771 2011 1012 2081 proprio
1044 2015 1303 2081 recepto,
1337 2028 1470 2080 cum
1499 2012 1784 2082 potiretur
1959 2011 2047 2065 49.
2081 2011 2140 2066 Si
2173 2011 2316 2064 illud
2361 2012 2518 2082 quod
2567 2013 2820 2080 miraris,
2856 2013 3062 2067 umbra
3104 2017 3232 2082 est;
3274 2019 3554 2086 quantum

139 2099 388 2167 victoria;
420 2102 565 2153 tunc
593 2099 680 2153 illi
728 2101 987 2154 occurrit
1036 2100 1499 2169 Melchisedech,
1535 2105 1592 2155 et
1633 2117 1774 2170 pro-
1889 2098 2045 2152 istud
2079 2102 2190 2168 est,
2218 2099 2393 2170 cujus
2427 2104 2481 2153 et
2506 2100 2770 2152 umbram
2802 2101 3065 2156 miraris!
3100 2103 3254 2156 Audi
3275 2104 3410 2174 quia
3431 2120 3557 2158 um-

137 2185 245 2240 tulit
291 2203 355 2241 ea
411 2204 550 2259 quae
599 2188 900 2242 Abraham
945 2191 1263 2244 veneratus
1319 2190 1546 2259 accepit
1603 2190 1780 2258 (Gen.
1882 2187 1989 2241 bra
2010 2191 2252 2258 estquae
2274 2187 2426 2257 apud
2449 2191 2645 2256 patres
2671 2188 2819 2242 facta
2843 2189 3307 2255 estzBibebant,
3337 2191 3545 2262 inquit,

141 2291 242 2343 xiv,
289 2276 390 2346 l8).
443 2276 583 2331 Non
640 2277 940 2331 Abraham
999 2278 1258 2348 protulit,
1311 2278 1418 2332 sed
1463 2277 1783 2332 Melchise-
1886 2276 1960 2330 de
1993 2277 2378 2348 consequenti
2407 2292 2506 2329 eos
2530 2281 2742 2346 petra:
2777 2282 2952 2348 petra
2984 2283 3175 2332 autem
3207 2287 3338 2333 erat
3375 2281 3554 2335 Cbri-

143 2362 304 2432 dech;
334 2365 432 2435 qui
461 2365 766 2419 inducitur
795 2367 926 2420 sine
975 2370 1158 2436 patre,
1194 2365 1323 2420 sine
1355 2369 1559 2435 matre,
1593 2381 1784 2437 neque
1884 2369 2032 2418 stus.
2067 2363 2191 2418 Sed
2223 2380 2334 2419 non
2367 2364 2429 2417 in
2453 2364 2731 2434 pluribus
2777 2381 2975 2420 eorum
3019 2367 3422 2438 complacitum
3463 2375 3556 2423 est

142 2450 342 2506 initium
387 2453 641 2523 dierum,
677 2469 868 2525 neque
908 2456 1084 2508 finem
1135 2455 1382 2524 habens,
1419 2455 1633 2509 similis
1677 2471 1784 2508 au-
1885 2453 2049 2518 Deo;
2104 2469 2234 2506 nam
2257 2452 2556 2524 prostrati
2585 2458 2721 2506 sunt
2767 2455 2829 2508 in
2879 2454 3123 2510 deserto
3153 2456 3208 2524 (1
3237 2456 3372 2511 Cor.
3407 2473 3466 2527 x,
3499 2457 3551 2528 4,

143 2545 236 2593 tem
267 2540 405 2596 Filio
457 2543 598 2597 Dei:
646 2542 718 2596 de
769 2559 885 2613 quo
934 2543 1013 2597 ait
1060 2543 1283 2598 Paulus
1335 2543 1407 2597 ad
1457 2544 1783 2613 Hebrans;
1887 2543 1965 2611 5).
2002 2542 2145 2617 Haec
2175 2545 2369 2596 autem
2398 2542 2456 2594 in
2489 2541 2678 2612 figura
2710 2541 2864 2595 facta
2893 2545 3032 2596 sunt
3059 2547 3282 2599 nostra.
3316 2544 3555 2618 Cogno-

139 2627 257 2692 Quia
285 2638 476 2684 manet
511 2631 805 2686 sacerdos
833 2633 895 2685 in
920 2639 1273 2703 perpetuum
1303 2632 1513 2702 (Hebr.
1551 2650 1649 2700 vn,
1693 2632 1780 2702 3);
1885 2631 2025 2685 visti
2056 2631 2508 2701 praestantiora;
2561 2630 2754 2700 potior
2782 2635 2874 2685 est
2916 2633 3073 2686 enim
3102 2632 3204 2686 lux
3234 2649 3408 2704 quam
3439 2649 3559 2688 um.

138 2718 218 2788 qui
246 2717 724 2789 interpretatione
755 2720 960 2774 Latina
991 2721 1209 2775 dicitur
1237 2737 1345 2776 rex
1368 2721 1644 2793 justitiae,
1679 2737 1787 2775 rex
1888 2719 2015 2788 bra,
2068 2720 2288 2774 veritas
2335 2734 2508 2790 quam
2556 2719 2766 2790 ﬁgura,
2815 2735 3033 2790 corpus
3072 2721 3331 2776 auctoris
3382 2738 3559 2794 quam

137 2807 298 2874 pacis.
1891 2824 2102 2862 manna
2132 2808 2203 2862 de
2245 2807 2416 2862 coelo.

197 2895 271 2949 46.
305 2896 435 2950 Non
465 2898 759 2968 agnoscis
781 2897 915 2968 quis
941 2898 1050 2953 iste
1073 2898 1197 2953 sit?
1228 2898 1430 2953 Potest
1451 2899 1626 2954 homo
1649 2913 1786 2954 esse

135 2999 221 3036 rex
241 2984 502 3054 justitiae,
546 3001 678 3039 cum
710 2987 839 3056 ipse
869 2989 966 3040 vix
997 2987 1200 3058 justus
1243 2989 1320 3041 sit
1371 2988 1534 3058 (48)?
1583 2988 1786 3042 Potest

137 3085 250 3126 esse
281 3090 379 3128 rex
409 3075 606 3144 pacis,
629 3091 760 3128 cum
779 3076 878 3129 vix
900 3077 1093 3146 possit
1114 3092 1250 3131 esse
1281 3077 1566 3146 pacificus
1585 3077 1613 3130 ?
1646 3076 1785 3131 Sine

139 3166 293 3215 matre
343 3163 680 3217 secundum
724 3164 1124 3234 divinitatem;
1176 3165 1310 3235 quia
1343 3181 1418 3218 ex
1461 3165 1632 3218 Patre
1664 3165 1785 3219 Deo

140 3250 347 3319 genitus
370 3256 483 3321 est,
516 3253 693 3306 unius
718 3252 1068 3307 substantiae
1087 3269 1218 3306 cum
1242 3254 1408 3306 Patre
1434 3269 1446 3307 :
1471 3253 1600 3308 sine
1622 3257 1784 3323 patre

144 3341 442 3394 secundum
467 3341 957 3410 incarnationem,
978 3343 1079 3412 qui
1101 3345 1272 3396 natus
1295 3358 1368 3396 ex
1389 3342 1632 3412 Virgine
1655 3345 1746 3395 est
1771 3358 1782 3396 :

2529 2913 2781 2968 CAPUT
2817 2913 2916 2970 IX.

1893 3003 1988 3059 Ne
2019 3004 2149 3075 quis
2181 3009 2432 3075 externa
2460 3002 2773 3075 perculsus
2803 3005 3020 3074 Specie,
3056 3006 3118 3058 in
3149 3004 3266 3060 fide
3293 3006 3552 3072 ﬂuctuet,

1958 3073 2238 3146 plurimis
2267 3073 2574 3142 exemplis,
2622 3073 2842 3143 qmbus’
2878 3082 3156 3129 mutatam
3202 3084 3298 3130 aut
3347 3079 3557 3131 victam

1963 3145 2153 3199 fuisse
2176 3149 2443 3218 naturam
2467 3150 2720 3218 constat,»
2735 3146 2797 3197 in
2813 3147 3082 3218 medium
3097 3146 3322 3218 allatis,
3347 3164 3379 3201 e
3402 3164 3557 3218 pane

1819 3224 1870 3288 ο
1971 3232 2170 3288 veram
2187 3214 2419 3288 Christi
2431 3230 2669 3288 carnem
2682 3216 2819 3288 fieri
2832 3214 3556 3271 evincit.Postremonon-

1965 3286 2146 3341 nullis
2159 3302 2283 3358 quae
2309 3286 2384 3339 ad
2397 3284 2807 3358 elfectusgejus,
2828 3288 3112 3340 utentium
3135 3288 3558 3358 dispositiones

1967 3375 2033 3413 ac
2045 3355 2265 3410 similia
2275 3356 2588 3428 pertinent
2596 3355 2871 3427 ,Iigurate
2877 3355 3556 3428 propositis,tractatum

143 3427 343 3482 initium
367 3434 424 3483 et
448 3430 632 3483 ﬁnem
671 3446 789 3484 non
819 3430 1067 3500 habens,
1093 3431 1230 3501 quia
1263 3431 1394 3500 ipse
1428 3433 1520 3485 est
1558 3430 1786 3484 initium

145 3519 190 3568 et
215 3517 338 3572 finis
370 3520 664 3587 omnium,
699 3519 926 3588 primus
958 3523 1014 3573 et
1041 3521 1428 3574 novissimus.
1449 3519 1581 3573 Non
1609 3519 1790 3590 igitur

144 3603 371 3675 humani,
396 3607 506 3661 sed
532 3607 719 3660 divini
753 3611 844 3661 est
874 3609 1136 3662 muneris
1168 3611 1601 3662 sacramentum
1632 3608 1789 3679 quod

143 3697 416 3765 accepisti,
452 3697 528 3750 ab
553 3711 625 3750 eo
644 3695 932 3766 prolatum
963 3697 1062 3767 qui
1084 3697 1386 3751 benedixit
1416 3697 1550 3751 ﬁdei
1570 3701 1794 3767 patrem

144 3782 434 3853 Abraham,
472 3786 644 3839 illum
678 3783 854 3856 cujus
886 3787 1134 3856 gratiam
1151 3789 1207 3839 et
1237 3789 1406 3857 gesta
1426 3787 1682 3841 miraris.

197 3872 275 3926 47.
308 3874 631 3929 Probatum
660 3877 752 3928 est
778 3874 1109 3945 antiquiora
1131 3890 1269 3928 esse
1294 3874 1580 3929 Ecclesiae
1599 3890 1794 3929 sacra-

146 3966 329 4030 menta,
373 3979 536 4017 nunc
581 3978 882 4033 cognosce
921 3963 1170 4033 potiora.
1226 3964 1455 4018 Revera
1475 3964 1602 4034 {De
1651 3979 1791 4018 con-

146 4063 280 4104 secr.
313 4051 448 4105 dist.
494 4052 551 4120 2,
593 4067 644 4105 c.
683 4051 944 4119 Revera)
976 4052 1243 4106 mirabile
1273 4055 1364 4106 est
1394 4053 1551 4123 quod
1581 4068 1792 4106 manna

144 4135 275 4192 Deus
305 4141 518 4209 pluerit
549 4141 838 4209 patribus,
891 4145 948 4194 et
993 4141 1334 4210 quotidiano
1382 4141 1516 4195 οωΙί
1566 4157 1783 4211 pasce-

144 4223 328 4282 bantur
356 4229 658 4284 alimento.
685 4229 854 4282 Unde
891 4229 1111 4283 dictum
1145 4232 1267 4284 est:
1303 4229 1526 4284 Panem
1550 4230 1794 4301 angelo-

149 4330 257 4368 rum
274 4319 559 4372 manduca
572 4319 653 4370 vit
687 4318 1058 4386 bomo(Psal.
1079 4335 1299 4386 Lxxvn,
1319 4319 1428 4394 9.5).
1455 4318 1571 4373 Sed
1603 4321 1796 4374 tamen

147 4407 512 4470 panemillum
545 4407 647 4478 qui
679 4407 1198 4476 manducaverunt,
1226 4423 1433 4461 omnes
1464 4408 1524 4460 in
1557 4407 1795 4461 deserto

148 4496 335 4548 mortui
377 4500 554 4550 sunt:
606 4496 717 4550 ista
766 4499 959 4550 autem
1001 4511 1139 4549 esca
1179 4511 1357 4566 quam
1399 4495 1644 4565 accipis,
1683 4496 1795 4550 iste

154 4630 348 4708 Fictor.
385 4638 460 4692 de
491 4636 746 4691 Perseo.
780 4637 954 4706 lib.1;
989 4637 1268 4692 Paulinus
1301 4637 1459 4704 Nol.,
1493 4653 1682 4708 poem.
1706 4637 1791 4706 t4,

154 4701 212 4779 de
240 4713 436 4761 sancto
468 4709 668 4762 Felice
696 4725 709 4774 ς
767 4701 1186 4779 Hieronymus,
1239 4710 1409 4778 epist.
1442 4701 1513 4762 ad
1561 4701 1794 4778 Nepoti

155 4776 528 4848 augustinus,
573 4779 674 4832 lib.
701 4797 820 4832 xxxi
845 4779 930 4832 De
951 4776 1132 4833 Civil.
1158 4776 1291 4844 Dei,
1325 4795 1450 4848 cap.
1481 4779 1535 4846 8)
1563 4795 1577 4847 ;
1607 4776 1798 4833 Theo?

156 4845 392 4920 dou-ictus,
429 4845 533 4903 lib.
567 4867 585 4902 ι
615 4849 772 4903 Hist.
808 4850 1066 4916 Eccles,
1102 4866 1226 4920 cap.
1261 4851 1350 4918 3i,
1382 4845 1437 4903 et
1466 4845 1582 4904 alii.

215 4917 314 4987 (47)
341 4920 564 4973 Omnes
593 4921 731 4974 edit.
784 4936 852 4973 ac
894 4922 1066 4990 pauci
1111 4917 1258 4974 mss.
1293 4917 1427 4974 cum
1465 4925 1628 4975 textu
1675 4921 1798 4974 He-

157 4984 302 5062 braeo
325 4995 380 5043 et
413 4991 618 5062 \"ulg.,
654 4999 711 5044 et
739 4984 1002 5060 poculum
1033 5008 1220 5045 meum
1242 5011 1260 5055 ,-
1309 5008 1455 5045 mss.
1488 4992 1584 5044 alii
1620 4992 1798 5045 multo

162 5059 358 5132 plures,
399 5059 576 5132 atque
623 5059 1008 5131 antiquiores,
1060 5068 1118 5116 et
1162 5062 1428 5132 poculum
1480 5069 1653 5116 tuum.
1702 5063 1800 5116 Sic

163 5129 310 5182 etiam
343 5129 502 5186 LXX
525 5135 581 5186 et
603 5133 734 5186 aliae
752 5129 1083 5186 versiones.
1102 5129 1258 5186 Infra
1289 5148 1430 5187 vero
1453 5134 1589 5187 edit.
1629 5134 1795 5187 Rom.

166 5200 290 5269 sola,
323 5219 429 5256 nec
461 5204 525 5255 in
576 5219 680 5257 cor
711 5204 967 5257 hominis
1011 5205 1430 5258 ascenderunt.
1464 5204 1570 5258 Cui
1601 5204 1799 5257 versio

165 5283 370 5336 quoque
395 5274 649 5327 Arabica
683 5274 814 5327 istic
847 5275 1122 5328 concinit.

218 5341 319 5421 (48)
346 5343 498 5421 Mss.
534 5345 820 5421 nonnulli,
846 5362 970 5421 cum
989 5347 1116 5421 ipse
1146 5345 1666 5421 victusjustussit;
1700 5345 1798 5398 alii

167 5409 378 5486 aliquot,
403 5432 533 5469 cum
553 5417 680 5486 ipse
701 5409 817 5470 rex
827 5418 995 5486 pacis
1010 5409 1454 5486 'vixjustus'sit.

174 5547 184 5560 .
228 5483 327 5560 (49)
357 5486 446 5560 {\b
487 5483 654 5541 hisce
701 5483 905 5542 verbis
944 5488 1004 5560 in
1052 5483 1343 5556 superior.
1395 5487 1530 5541 edit.
1566 5488 1737 5556 caput
1761 5485 1800 5560 Δ9

172 5555 496 5630 iP¢iPiebatz
547 5573 723 5630 quam
761 5561 956 5613 autem
984 5555 1333 5630 incongrue,
1365 5573 1537 5613 nemo
1569 5555 1685 5611 non
1717 5557 1802 5630 vi-

173 5621 479 5702 det.'Porro
510 5621 587 5702 ab
615 5629 726 5686 hoc
757 5631 896 5702 ipso
921 5630 1052 5702 loco
1083 5621 1576 5702 adfﬁnemusque
1608 5627 1807 5700 operis

173 5694 243 5758 tot
253 5699 475 5777 tamque
497 5698 762 5762 efﬁcacia
772 5694 1097 5781 probandae
1119 5699 1339 5761 Christi
1359 5701 1421 5761 in
1437 5694 1806 5761 sacramento

1826 4583 1878 4644 D

1968 3429 2209 3483 claudit.

1965 3518 2053 3572 50.
2087 3516 2260 3571 Forte
2290 3516 2486 3571 dicas:
2543 3516 2719 3571 Aliud
2764 3516 2959 3584 video,
2993 3518 3288 3587 quomodo
3325 3520 3387 3572 tu
3415 3516 3561 3572 mihi

1896 3606 2123 3661 asscris
2151 3605 2307 3675 quod
2336 3605 2555 3659 Christi
2586 3621 2802 3675 corpus
2835 3605 3162 3674 accipiam?
3207 3605 3278 3660 Et
3307 3606 3419 3661 hoc
3450 3623 3560 3661 no-

1895 3695 1992 3750 bis
2036 3694 2227 3748 adhuc
2278 3697 2556 3764 superest
2600 3697 2663 3748 ut
2708 3694 3057 3764 probemus.
3106 3695 3350 3758 Quantis
3383 3696 3563 3767 igitur

1897 3784 2116 3839 utimur
2164 3780 2488 3853 exemplisl
2543 3783 2870 3836 Probemus
2915 3797 3033 3836 non
3074 3783 3186 3836 hoc
3234 3799 3371 3838 esse
3405 3784 3563 3855 quod

1897 3877 2103 3928 natura
2136 3872 2428 3940 formavit,
2465 3871 2572 3925 sed
2605 3871 2762 3942 quod
2792 3871 3125 3926 benedictio
3151 3873 3560 3927 consecravit:

1897 3961 2300 4032 majoremque
2322 3960 2442 4013 vim
2457 3975 2597 4013 esse
2636 3958 3068 4013 benedictionis
3101 3975 3277 4030 quam
3297 3964 3521 4014 naturae
3548 3974 3562 4030 ;

1899 4051 2036 4122 quia
2063 4048 2476 4103 benedictione
2509 4048 2682 4102 etiam
2715 4049 2920 4101 natura
2952 4048 3082 4118 ipsa
3110 4051 3383 4102 mutatur.

1969 4138 2057 4192 51.
2108 4137 2348 4207 Virgam
2405 4135 2640 4190 tenebat
2696 4136 2955 4205 Moyses,
3007 4135 3260 4206 projecit
3314 4152 3462 4206 eam,
3510 4137 3568 4191 et

1899 4226 2053 4280 facta
2091 4228 2182 4280 est
2215 4240 2464 4294 serpens
2496 4223 2711 4294 (Exod.
2747 4239 2826 4292 ιν,
2859 4223 2936 4291 3).
2973 4224 3209 4278 Rursus
3256 4225 3568 4293 prehendit

1902 4315 2150 4368 caudam
2169 4312 2551 4382 serpentis,et
2565 4313 2624 4365 in
2641 4311 2828 4382 virgae
2844 4314 3108 4365 naturam
3126 4313 3364 4365 revertit
3386 4312 3563 4381 (Ibid.

1903 4404 1976 4474 1).
2013 4400 2194 4455 Vides
2216 4402 2395 4472 igitur
2416 4400 2759 4470 prophetica
2785 4401 2975 4471 gratia
3005 4400 3100 4453 bis
3124 4403 3398 4452 mutatam
3428 4414 3566 4453 esse

1902 4495 2167 4546 naturam
2200 4493 2256 4544 et
2287 4491 2583 4558 serpentis
2615 4491 2671 4543 et
2697 4490 2930 4559 virgae?
2974 4487 3299 4542 Currebant
3321 4483 3568 4556 z’Egypti

1905 4634 2071 4700 reali,
2107 4635 2170 4686 ut
2198 4633 2428 4698 vocant,
2467 4629 2802 4699 praesentiae
2842 4629 3161 4696 suppetunt
3199 4626 3566 4700 argumenta,

1909 4709 1972 4759 ut
1986 4697 2421 4772 ea'depromere
2442 4697 2614 4770 atque
2640 4700 2932 4775 adversus
2955 4699 3324 4775 temerariam
3340 4697 3569 4775 .Beren-

1907 4776 2057 4846 garii
2111 4767 2426 4846 novitatem
2461 4767 2780 4846 _opponere
2840 4767 3240 4846 strenuissimi
3296 4767 3570 4846 ejusdem

1906 4837 2318 4899 Eucharisticae
2351 4837 2613 4894 veritatis
2658 4842 3129 4909 propugnatores
3171 4837 3563 4909 Lanfrancus,

1902 4914 2317 4980 Guitmundus,
2343 4912 2622 4982 Algerus,
2661 4908 2874 4982 Petrus
2896 4908 3328 4982 Cluniacensis,
3353 4909 3570 4982 aliique

1907 4986 2170 5041 certatim
2203 4980 2628 5037 contenderint.
2662 4981 2867 5050 Neque
2900 4995 3041 5032 vero
3074 4983 3136 5032 ut
3173 4980 3415 5033 easdem
3442 4980 3568 5034 ele-

1906 5060 2112 5110 varent
2128 5059 2226 5107 aut
2247 5053 2550 5107 eluderent
2563 5051 2963 5120 probationes,
2979 5050 3319 5120 segniorem
3333 5063 3583 5119 operam

1908 5128 2271 5181 navaverunt
2318 5123 2683 5176 heterodoxi.
2738 5122 3151 5174 Verumtamen
3199 5121 3436 5188 inanes,
3497 5133 3572 5174 ne

1909 5199 2174 5251 dicamus
2199 5196 2450 5263 ineptas,
2467 5208 2671 5247 eorum
2693 5193 2956 5261 argutias
2978 5191 3572 5263 atquercavillationes

1909 5283 2047 5322 esse
2078 5261 2340 5336 prudens
2379 5265 2582 5336 lector,
2611 5263 2781 5336 facile
2832 5262 3236 5336 deprehendit.
3269 5261 3381 5314 Adi
3415 5261 3573 5336 Aemi-

1909 5330 2286 5394 nent.-Card.
2328 5335 2589 5389 Perronii
2633 5334 2733 5388 lib.
2785 5350 2824 5386 ιι
2874 5333 2961 5386 Ue
3007 5333 3270 5385 Eucbar.
3302 5334 3448 5385 sect.
3483 5330 3570 5398 14,

1909 5427 1978 5464 ac
2010 5413 2149 5464 tom.
2175 5408 2223 5460 ll
2245 5407 2442 5476 operis
2465 5406 2552 5459 De
2572 5404 2988 5476 Perpetuitate
3017 5402 3178 5471 ﬁdei,
3193 5405 3575 5476 _etc.,_verna-

1913 5481 2044 5536 culo
2078 5472 2353 5534 sermone
2374 5476 2652 5549 evulgati,
2677 5472 2734 5549 et
2754 5475 2867 5530 hoc
2903 5473 2985 5527 ibi
2989 5475 3137 5549 _tam
3158 5472 3575 5549 cl_are_d_emon-

1915 5555 2164 5606 stratum
2191 5550 2380 5621 leges,
2419 5551 2481 5621 ut
2516 5541 2646 5619 qui
2677 5547 2958 5621 Romana:
2989 5543 3276 5598 Ecclesiae
3309 5541 3483 5621 fidem
3513 5541 3575 5621 in

1914 5623 2127 5680 iisdem
2156 5607 2512 5678 testimoniis
2544 5607 2671 5674 non
2716 5616 2953 5671 videant
2999 5626 3367 5685 expressam,
3418 5607 3576 5673 haud

1915 5694 2241 5774 vulgariter
2269 5690 2545 5753 caecutire
2574 5687 2976 5753 afﬁrmatum:
3005 5686 3115 5748 eis.
