4024 6176
446 313 566 382 423

1963 288 2028 370 ε.
2078 289 2498 368 AMBRoin

3750 305 3858 370 424

452 515 690 571 ﬂumina
727 526 875 583 puro
923 525 1208 582 aquarum
1261 511 1475 580 meatu,
1509 507 1708 564 subito
1749 507 1822 562 de
1871 485 2200 561 fontiuml
2233 503 2682 560 consecratione
2730 502 2928 558 divina
2960 500 3092 573 (54),
3125 478 3454 556 ubilverba
3480 501 3604 572 ipsa
3647 502 3856 560 Domini

449 603 621 659 venis
653 601 902 672 sanguis
933 599 1110 670 coepit
1138 613 1488 670 erumpere;
1538 601 1595 652 et
1631 611 1750 652 non
1781 599 1905 652 erat
1945 595 2120 666 potus

448 693 510 747 in
539 690 735 746 ﬂuviis
767 689 985 760 (Exod.
1019 705 1118 758 vn,
1151 687 1221 742 20
1250 693 1308 742 et
1341 686 1512 757 seq.).
1550 687 1786 741 Rursus
1807 701 1841 738 a
1868 684 2142 756 prophe-.

451 784 526 834 tae
569 794 746 850 prece
791 777 906 847 (50)
951 791 1130 830 cruor
1177 774 1438 830 cessavit
1480 775 1806 843 ﬂuminum,
1839 788 2124 844 aquarum

453 869 660 924 natura
691 865 993 920 remeavit.
1027 863 1475 918 Circumclusus
1505 862 1766 932 undique
1797 863 1922 916 erat
1947 875 2127 932 popu-

453 955 550 1010 lus
584 954 1000 1022 Hebraeorum,
1019 951 1158 1006 hinc
1192 950 1496 1023 IEgyptiis
1523 949 1797 1019 vallatus,
1821 948 1957 1003 inde
1977 947 2125 1002 mari

456 1043 728 1098 clausus:
753 1041 984 1112 virgam
1007 1041 1225 1095 levavit
1245 1039 1508 1111 Moyses,
1535 1038 1834 1109 separavit
1856 1049 1924 1092 se
1949 1051 2123 1108 aqua,

455 1135 513 1187 et
533 1132 592 1186 in
623 1145 926 1188 murorum
943 1129 1145 1199 specie
1169 1127 1524 1201 congelavit,
1549 1130 1723 1201 atque
1753 1126 1906 1180 inter
1933 1125 2123 1180 undas

437 1221 550 1276 ‘via
580 1218 877 1290 pedestris
905 1198 1172 1289 apparuit
1201 1198 1420 1288 (Exod,
1455 1233 1576 1286 xxv,
1597 1198 1815 1285 20:21).
1846 1213 2124 1269 Jordanis

459 1312 784 1362 retrorsum
817 1321 1148 1361 conversus
1181 1308 1385 1360 contra
1415 1306 1682 1358 naturam
1727 1304 1788 1357 in
1819 1301 1912 1358 sui
1944 1301 2126 1356 fontis

458 1396 699 1452 revertit
744 1395 1056 1450 exordium
1105 1394 1326 1462 (Josue.
1377 1411 1460 1464 ιιι,
1508 1393 1617 1461 16).
1685 1392 1895 1446 Nonne
1946 1390 2130 1444 claret

459 1488 726 1540 naturam
781 1484 876 1539 vel
933 1481 1356 1538 maritimorum
1395 1482 1678 1537 ﬂuctuum
1723 1480 1831 1535 vel‘
1872 1478 2128 1534 ﬂuvialis

463 1589 682 1629 cursus
725 1587 864 1628 esse
907 1571 1234 1626 mutatam?
1277 1569 1524 1626 Sitiebat
1567 1568 1825 1640 populus
1873 1571 2126 1638 patrum,

461 1661 654 1733 tetigit
708 1661 948 1732 Moyses
997 1663 1243 1730 petram,
1293 1661 1351 1714 et
1404 1673 1554 1729 aqua
1599 1657 1671 1712 de
1721 1659 1887 1727 petra
1935 1654 2126 1710 ﬂuxit.

460 1749 760 1820 Numquid
790 1765 907 1804 non
937 1751 1154 1818 praeter
1175 1749 1440 1801 naturam
1459 1749 1695 1816 operata
1717 1747 1808 1800 est
1829 1743 2042 1816 gratia,
2066 1745 2130 1797 ut

2233 593 2558 648 Salvatoris
2618 591 2985 662 operantur?
3039 589 3190 644 Nam
3247 593 3666 645 sacramentum
3715 591 3856 647 istud

2234 681 2392 752 quod
2421 681 2667 750 accipis,
2697 679 2921 734 Christi
2967 693 3242 733 sermone
3282 677 3599 732 conﬁcitur.
3637 677 3789 742 Quod
3815 681 3861 734 si
3889 658 3907 676 “

2231 772 2456 824 tantum
2485 767 2670 822 valuit
2698 783 2895 822 sermo
2927 766 3092 836 Elite,
3126 769 3189 820 ut
3217 767 3414 837 ignem
3442 765 3512 820 de
3543 757 3685 820 σαθιὸ
3713 767 3866 838 depo-

2234 859 2430 926 neret;
2463 871 2583 910 non
2611 855 2831 910 valebit
2860 854 3080 910 Christi
3111 869 3329 924 sermo,
3360 855 3422 908 ut
3450 853 3677 923 species
3705 858 3865 910 mutet

2236 944 2710 1000 elementorum?
2759 943 2844 998 De
2889 943 3068 998 totius
3101 941 3301 996 mundi
3331 941 3607 1012 operibus
3650 941 3881 1014 legisti:-

2239 1033 2384 1098 Quia
2413 1033 2544 1104 ipse
2573 1031 2750 1102 dixit,
2804 1036 2864 1086 et
2909 1031 3068 1086 facta
3096 1034 3266 1084 sunt:
3309 1029 3439 1100 ipse
3483 1029 3788 1100 mandavit,
3817 1039 3868 1084 et

2236 1127 2439 1176 creata
2471 1126 2609 1175 sunt
2636 1119 2826 1189 (Psal.
2861 1135 3096 1188 cxnvm,
3129 1119 3183 1189 5,
3216 1117 3306 1172 De
3341 1117 3638 1186 Consecr.,
3669 1117 3792 1172 dist.
3820 1118 3866 1184 2,

2236 1225 2288 1264 c.
2311 1209 2380 1264 In
2403 1209 2631 1281 quibus,
2667 1208 2895 1281 acu/us
2916 1207 3102 1276 clare)
3123 1225 3141 1270 ;
3177 1221 3376 1260 sermo
3399 1220 3542 1278 ergo
3558 1203 3761 1260 Christi
3783 1206 3870 1277 qui

2234 1297 2426 1368 potuit
2453 1313 2530 1352 ex
2559 1296 2744 1352 nihilo
2765 1295 2962 1351 facere
2991 1295 3150 1367 quod
3167 1311 3286 1350 non
3317 1297 3460 1364 erat,
3486 1309 3601 1349 non
3621 1296 3870 1364 potestea

2237 1402 2370 1457 quin
2402 1388 2542 1440 sunt
2569 1385 2629 1440 in
2659 1385 2718 1439 id
2749 1387 2974 1440 mutare
3005 1384 3161 1456 quod
3193 1399 3313 1439 non
3343 1384 3546 1438 erant?
3581 1381 3708 1437 Non
3737 1382 3869 1436 enim

2238 1475 2434 1529 minus
2453 1476 2544 1529 est
2565 1489 2753 1530 novas
2772 1473 2954 1528 rebus
2975 1473 3114 1528 dare
3137 1473 3274 1543 (55),
3296 1487 3472 1544 quam
3493 1473 3708 1526 mutare
3728 1473 3874 1525 natu-

2237 1578 2336 1618 ras
2346 1605 2357 1617 .

2308 1669 2397 1724 53.
2439 1667 2556 1724 Sed
2599 1668 2742 1740 quid
2781 1667 3148 1740 argumentis
3189 1667 3451 1721 utimur?
3497 1665 3632 1722 Suis
3673 1667 3877 1720 utamur

2240 1756 2550 1828 exemplis,
2569 1755 3114 1826 incarnationisque
3137 1755 3412 1825 exemplo
3431 1757 3875 1824 astruamusmy-

463 1853 676 1908 aqua!“
702 1840 967 1892 νοωθνθῖ
1000 1839 1186 1906 Petra:
1225 1851 1399 1906 quam
1436 1850 1554 1888 non
1590 1833 1844 1888 habebat
1883 1832 2134 1922 nam”?
2162 1859 2216 1922 Β
2240 1845 2407 1902 sterii
2435 1845 2762 1900 veritatem.
2794 1845 3096 1916 Numquid
3125 1847 3353 1899 naturis
3395 1857 3546 1898 usus
3573 1843 3873 1914 praecessit,

467 1925 722 1980 Merrha'
753 1923 973 1978 ﬂuvius
1017 1923 1130 1993 (51)
1179 1922 1592 1976 amarissimus
1639 1923 1781 1991 erat,
1813 1923 1878 1976 ut
1922 1920 2133 1975 sitiens

465 2013 722 2085 populus
775 2012 984 2067 bibere
1034 2026 1152 2066 non
1207 2013 1432 2082 posset.
1485 2009 1645 2065 Misit
1703 2009 1942 2079 Moyses
1985 1998 2131 2062 339

465 2102 698 2174 lignum
725 2101 786 2155 in
815 2116 1047 2170 aquam,
1082 2103 1138 2154 et
1167 2097 1614 2154 amaritudinem
1653 2113 1822 2153 suam
1849 2111 2134 2168 aquarum

467 2193 679 2252 natura
712 2188 988 2259 deposuit
1036 2187 1255 2258 (Exod.
1307 2203 1408 2257 xv,
1460 2187 1671 2255 23-25),
1717 2201 1893 2256 quam
1937 2183 2138 2239 infusa

467 2277 666 2334 subito
723 2277 912 2349 gratia
969 2275 1337 2345 temperavit.
1391 2275 1514 2331 Sub
1575 2274 1794 2329 Elisan
1850 2273 2138 2345 propheta

464 2367 567 2422 uni
615 2381 690 2422 ex
746 2365 886 2420 ﬁliis
935 2363 1356 2436 prophetarum
1403 2377 1730 2418 excussum
1774 2365 1866 2418 est
1913 2361 2138 2416 ferrum

468 2455 540 2510 de
591 2455 810 2522 securi,
865 2457 921 2508 et
977 2452 1174 2507 statim
1221 2467 1485 2506 mersum
1541 2453 1652 2506 est.
1704 2451 1960 2523 Rogavit
2011 2449 2136 2504 Eli-

470 2559 679 2613 saeum,
713 2541 814 2614 qui
851 2541 1132 2596 amiserat
1173 2539 1431 2594 ferrum:
1477 2539 1638 2595 misit
1676 2539 1849 2594 etiam
1880 2538 2138 2594 Elisaaus

469 2632 696 2703 lignum
747 2631 807 2684 in
853 2645 1085 2701 aquam,
1119 2631 1176 2684 et
1221 2628 1444 2684 ferrum
1490 2628 1710 2682 natavit
1737 2627 1853 2697 (IV
1875 2627 2022 2700 Reg.
2055 2644 2135 2698 VI,
2180 2654 2199 2662 κ

471 2720 524 2788 5,
559 2719 636 2787 6).
671 2718 887 2788 Utique
932 2721 988 2772 et
1037 2717 1152 2770 hoc
1196 2719 1414 2786 praeter
1455 2717 1724 2770 naturam
1765 2714 1986 2770 factum
2034 2731 2138 2770 co-

471 2805 860 2878 gnoscimus;
909 2804 1150 2875 gravior
1198 2807 1291 2858 est
1337 2804 1494 2858 enim
1535 2802 1678 2858 ferri
1726 2803 1962 2874 species
2001 2803 2137 2874 (52),

472 2909 646 2966 quam
678 2909 964 2964 aquarum
1001 2893 1214 2964 liquor.

542 3017 632 3072 52.
667 3014 1046 3071 Advertimus
1081 3015 1264 3087 igitur
1289 3015 1536 3088 majoris
1573 3031 1712 3071 esse
1761 3011 1995 3070 virtutis
2025 3013 2139 3085 (53)

471 3107 724 3179 gratiam
743 3121 918 3176 quam
939 3107 1228 3173 naturam,
1255 3107 1312 3160 ot
1333 3103 1527 3159 adhuc
1549 3107 1743 3160 tamen
1777 3103 2140 3176 propheticae

2242 1951 2375 1990 cum
2405 1934 2586 1990 Jesus
2618 1935 2906 1988 Dominus
2927 1949 3003 1988 ex
3032 1931 3215 1987 Maria
3232 1933 3625 1987 nasceretur?
3652 1929 3711 1985 Si
3738 1929 3876 1985 ordi-

2241 2039 2377 2079 nem
2404 2023 2750 2095 quaarimus,
2781 2023 2914 2076 viro
2947 2021 3122 2076 mista
3168 2020 3388 2075 femina
3439 2013 3716 2092 generare
3759 2033 3878 2072 con-

2243 2111 2457 2166 suevit.
2491 2111 2704 2182 Liquet
2732 2110 2916 2182 igitur
2945 2109 3105 2180 quod
3133 2111 3356 2179 praeter
3385 2112 3606 2163 naturae
3643 2107 3876 2161 ordinem

2241 2203 2414 2272 virgo
2447 2199 2770 2272 generavit.
2796 2198 2867 2253 Et
2887 2199 3002 2252 hoc
3023 2197 3182 2270 quod
3205 2197 3557 2252 conficimus
3579 2211 3801 2268 corpus,
3817 2209 3879 2248 ex

2242 2289 2488 2362 Virgine
2519 2290 2650 2343 est:
2697 2287 2841 2359 quid
2888 2287 2986 2341 hic
3029 2285 3252 2357 quaeris
3283 2289 3515 2341 naturae
3545 2285 3794 2340 ordinem
3835 2283 3884 2336 in

2243 2376 2463 2432 Christi
2495 2391 2765 2448 corpore,
2801 2391 2934 2432 cum
2964 2378 3184 2446 praeter
3215 2378 3494 2430 naturam
3531 2374 3607 2429 sit
3635 2373 3754 2444 ipse
3783 2373 3881 2425 Do-

2244 2467 2444 2520 minus
2459 2465 2641 2520 Jesus
2661 2467 2868 2535 partus
2909 2480 2986 2518 ex
3020 2463 3266 2535 Virgine
3286 2464 3315 2518 ?
3356 2463 3517 2518 Vera
3549 2463 3740 2533 utique
3768 2467 3886 2513 caro

2246 2554 2488 2625 Christi,
2521 2569 2656 2624 qum
2695 2552 2979 2607 cruciﬁxa
3020 2555 3132 2622 est,
3175 2567 3309 2622 quae
3347 2551 3584 2622 sepulta
3624 2553 3738 2605 est:
3769 2561 3884 2602 vere

2247 2657 2392 2714 ergo
2423 2642 2622 2696 carnis
2652 2640 2812 2696 illius
2845 2642 3282 2696 sacramentum
3303 2644 3426 2695 est.

2315 2748 2404 2802 54.
2439 2747 2574 2818 Ipse
2603 2747 2812 2802 clamat
2859 2746 3144 2802 Dominus
3184 2745 3355 2802 Jesu.
3409 2747 3531 2802 Hoc
3579 2751 3665 2802 est
3701 2759 3884 2816 corpus

2247 2851 2436 2890 meum
2466 2835 2708 2905 (Matth.
2743 2852 2908 2904 xxvr,
2941 2834 3053 2903 26).
3089 2837 3238 2890 Ante
3276 2835 3742 2892 benedictionem
3767 2849 3883 2887 ver-

2247 2924 2460 2980 borum
2491 2922 2823 2978 caelestium
2851 2923 2966 2977 alia
2997 2922 3111 2994 (56)
3141 2924 3387 2994 species
3405 2925 3747 2992 nominatur,
3768 2923 3885 2993 post

2249 3012 2756 3068 consecrationem
2768 3027 2837 3068 co
2847 3029 2986 3082 rpus
3001 3012 3383 3084 signiﬁcatur
3395 3013 3508 3080 (De
3524 3013 3753 3068 Conscc.
3766 3009 3881 3064 dist.

2251 3103 2338 3169 10,
2358 3100 2389 3174 ἓ
2410 3100 2550 3155 Haec
2579 3107 2638 3155 et
2671 3101 2812 3169 liis).
2833 3101 2968 3170 Ipse
2988 3101 3128 3154 dicit
3157 3100 3518 3172 sanguinem
3548 3092 3688 3157 340
3715 3113 3882 3154 suum.

472 3193 906 3250 benedictionis
939 3207 1318 3250 numeramus
1363 3191 1655 3265 gratiam?
1701 3191 1867 3257 Quod
1916 3193 1970 3246 si
2015 3194 2143 3246 tan-
2179 3207 2233 3272 ο
2255 3191 2400 3246 Ante
2433 3190 2942 3244 consecrationem
2970 3188 3128 3244 aliud
3156 3189 3396 3260 dicitur,
3433 3194 3567 3262 post
3602 3202 3886 3244 consecra-

472 3287 596 3340 tum
626 3281 810 3337 valuit
838 3282 1092 3336 humana
1119 3281 1478 3348 benedictio,
1511 3283 1574 3335 ut
1602 3283 1872 3346 naturam
1901 3295 2144 3336 conver-

473 3375 624 3429 teret
673 3370 790 3442 (ΙΙΙ
803 3371 951 3444 Reg.
999 3385 1163 3440 xvm,
1215 3369 1342 3440 38);
1393 3369 1535 3440 quid
1592 3369 1845 3424 dicimus
1894 3369 1966 3424 de
2011 3369 2144 3440 ipsa

551 3513 663 3583 (50)
694 3512 845 3583 Edit.
879 3526 1108 3580 omnes,
1141 3513 1198 3566 et
1240 3525 1388 3583 mss.
1422 3509 1710 3583 nonnulli,
1739 3511 1816 3566 ad
1838 3511 2145 3583 prophetae

474 3581 734 3658 preces:
782 3582 882 3636 alii
911 3583 1153 3654 aliquot,
1177 3584 1258 3658 _et
1295 3581 1667 3658 Lanfrancns
1707 3581 1863 3658 cum:
1884 3581 2024 3650 illis,
2070 3581 2147 3636 ad

473 3651 783 3729 praplgetae
800 3668 974 3729 voces
991 3651 1294 3729 {omnium
1307 3651 1626 3729 veterrimi,
1642 3667 1674 3706 a
1686 3652 1992 3724 prophetae
1999 3669 2146 3726 pre-

482 3721 662 3796 iee,'id
692 3729 802 3792 est,
835 3721 1236 3796 statimhﬁnita
1266 3721 1401 3794 ejus
1434 3721 1717 3778 oratione.

555 3793 668 3866 (51)
703 3796 948 3850 Veteres
978 3793 1116 3866 edit,
1139 3810 1284 3866 cum
1307 3793 1462 3866 mss.
1489 3809 1606 3848 non
1620 3795 1858 3866 paucis,
1883 3793 2144 3866 Maralb,

482 3863 730 3931 ﬂuvius;
765 3867 935 3920 Rom.
955 3865 1105 3931 sola,
1121 3864 1363 3919 Maratli
1384 3863 1552 3930 fons;
1581 3863 1682 3918 alii
1702 3863 1849 3920 mss.
1873 3863 2150 3936 frequen-

481 3938 722 4000 tissimi,
755 3940 817 3990 ut
845 3936 906 3989 in
933 3939 1118 3990 textu.

555 4008 668 4076 (52)
697 4005 863 4061 Ferri
895 4005 1151 4076 species,
1183 4004 1298 4076 hoc
1329 4006 1440 4076 est,
1483 4004 1624 4060 ferri
1669 4009 1874 4060 natura
1922 4007 1978 4060 et
2009 4006 2150 4060 sub-

379 4083 382 4086 ’
487 4075 721 4158 stantia.
755 4076 1023 4157 Namque
1053 4075 1176 4158 isto.
1197 4075 1774 4158 signiﬂcatu‘vocem
1797 4077 2036 4158 species
2064 4077 2150 4130 in-

484 4149 716 4205 terdum
747 4146 904 4200 sumi
928 4145 1113 4215 supra
1145 4145 1344 4200 docuit
1371 4146 1501 4215 ipse
1533 4145 1908 4201 Ambrosius.

556 4219 674 4288 (53)
706 4217 895 4288 Dictio
931 4216 1177 4288 virtutis
1203 4217 1262 4269 in
1303 4216 1836 4288 mssqes‘ideratur,
1872 4233 2005 4272 cum
2039 4233 2152 4272 nec

488 4285 764 4365 agnoscit
791 4287 1048 4367 Algerus
1079 4286 1182 4341 lib.
1217 4303 1256 4353 ι,
1291 4301 1418 4368 cap.
1538 4285 1746 4342 Exstat
1772 4291 1966 4342 tamen
1995 4288 2151 4358 apud

488 4359 888 4418 Lanfrancum
919 4361 975 4411 et
1019 4373 1078 4410 in
1117 4360 1348 4411 cunctis
1387 4357 1524 4411 edit.
1560 4356 1630 4410 Et
1674 4362 1832 4412 certe
1863 4359 1915 4412 si
1954 4375 2152 4413 remo-

487 4434 716 4500 veatur,
781 4427 1278 4500 subintelligenda
1338 4429 1682 4500 necessario
1733 4429 1862 4498 erit,
1911 4429 2006 4484 vel
2041 4430 2154 4484 alia

489 4519 613 4580 non
633 4498 934 4580 absimilis
966 4498 1440 4580 significationis.

2251 3279 2469 3333 tionem
2509 3278 2758 3350 sanguis
2803 3281 3193 3348 nuncupatur.
3243 3277 3311 3332 Et
3367 3283 3430 3334 tu
3471 3279 3656 3333 dicis:
3704 3279 3883 3343 Amen,

2253 3367 2366 3423 hoc
2415 3370 2526 3438 est,
2561 3367 2778 3422 Verum
2825 3369 2917 3422 est
2945 3365 3080 3438 (57).
3111 3366 3279 3430 Quod
3327 3383 3404 3422 os
3449 3367 3714 3440 loquitur,
3745 3377 3885 3418 mens

2253 3508 2638 3564 admonuisse
2678 3509 2916 3581 omnino
2965 3508 3193 3581 nullum
3231 3524 3306 3564 ex
3345 3511 3622 3581 antiquis,
3649 3505 3889 3581 Pati-ibus

2254 3582 2364 3636 hac
2386 3581 2458 3635 de
2482 3595 2544 3634 re
2564 3580 2941 3652 manifestius
2962 3579 3222 3635 locutum
3245 3595 3412 3651 esse,
3428 3579 3599 3652 quam
3615 3580 3720 3634 hos
3738 3579 3883 3640 duos,

2255 3652 2305 3706 si
2330 3657 2522 3706 tamen
2545 3651 2660 3724 duo
2679 3654 2836 3724 sunt,
2860 3654 3166 3724 auctores;
3185 3651 3592 3724 praemi-caque
3611 3662 3887 3706 consecra-

2253 3724 2473 3778 tionem
2494 3739 2562 3775 ac
2583 3721 3055 3776 benedictionem
3079 3721 3336 3792 hocipso
3353 3721 3660 3778 loco‘idem
3681 3732 3884 3792 sonare.

2326 3793 2442 3863 (55)
2464 3793 2544 3846 Ita
2565 3793 2702 3847 edit.
2728 3808 2957 3864 omnes,
2983 3795 3039 3845 et
3067 3787 3246 3860 mss.,'
3265 3795 3536 3864 exceptis
3567 3809 3678 3848 uno
3707 3790 3787 3845 vel
3815 3787 3895 3860 ιιι--

2256 3867 2406 3931 tero,
2430 3864 2788 3934 quibuscum
2807 3863 3066 3934 Algerus
3095 3864 3331 3934 quoque
3354 3863 3460 3920 lilS.
3497 3882 3514 3918 ι
3541 3865 3626 3919 De
3656 3864 3887 3934 Sari-am,

2260 3951 2387 4004 cap.
2409 3931 2467 4003 9,
2493 3935 2586 3988 sic.
2598 3934 2772 4006 legit:
2795 3931 3008 3988 Nonne
3027 3931 3144 4004 ma'j
3149 3951 3216 3988 us
3233 3931 3324 4006 est
3349 3953 3426 3990 no
3437 3952 3538 3990 vas
3556 3935 3730 4006 rebus
3745 3931 3886 3988 dare.

2259 4009 2370 4060 etc.
2407 4006 2621 4060 Iterum
2664 4005 2805 4059 vero
2846 4008 2981 4075 post
3017 4021 3224 4075 pauca,
3272 4005 3374 4060 ubi
3421 4008 3588 4062 Rom.
3621 4005 3748 4060 edit.
3771 4014 3891 4075 cum

2259 4092 2408 4130 mss.
2441 4073 3058 4147 nonnullis,rcumqu‘e
3096 4073 3452 4147 Lanfranco,
3488 4073 3819 4147 Guitmundo
3845 4073 3890 4122 et

2261 4147 2503 4218 Algero,
2538 4150 2602 4200 ut
2635 4162 2748 4200 nos
2779 4146 2837 4199 in
2871 4144 3034 4200 textu
3061 4161 3076 4215 ;
3103 4152 3218 4200 vet.
3252 4147 3391 4201 edit.
3429 4144 3484 4203 et
3515 4147 3690 4202 multo
3718 4144 3888 4214 plures

2261 4233 2408 4272 mss.
2443 4219 2712 4272 omittunt
2741 4231 2948 4272 vocem
2980 4218 3265 4288 exemplo,
3300 4223 3359 4272 et
3398 4236 3546 4274 mss.
3587 4218 3750 4273 etiam
3795 4225 3890 4267 non

2255 4289 2433 4364 pauci
2451 4304 2558 4364 p139
2589 4289 2924 4364 veritatem,
2951 4289 3240 4364 exhibent
3257 4297 3534 4364 veritate.

2332 4353 2806 4430 (56)'Expuncta
2856 4359 3046 4413 fuerat
3093 4359 3152 4413 in
3207 4361 3376 4415 Rom.
3428 4362 3566 4416 edit.
3617 4374 3728 4413 vox
3770 4353 3886 4430 alia:

2261 4421 2436 4555 Euam
2454 4421 2720 4484 tamenin
2734 4430 2966 4484 caeteris
2999 4433 3054 4484 et
3075 4431 3134 4484 in
3155 4432 3386 4490 cunctis
3417 4449 3565 4487 mss.
3592 4431 3737 4485 sicut
3762 4421 3891 4501 apud

2291 4501 2476 4554 ‘uitm.
2503 4503 2561 4554 et
2589 4500 2790 4555 Aliter.
2825 4501 3024 4555 legere
3056 4505 3167 4555 est.
3191 4505 3263 4554 At
3293 4519 3508 4555 rursus
3529 4519 3644 4555 vox
3666 4499 3888 4555 Christi,

2291 4501 2476 4572 iuitrn.
2503 4503 2561 4572 et
2589 4500 2790 4572 Alger.
2825 4501 3024 4571 legere
3056 4505 3167 4555 est.
3191 4505 3263 4554 At
3293 4519 3508 4558 rursus
3529 4519 3644 4557 vox
3666 4499 3888 4572 Christi,

561 4573 680 4644 (54)
709 4571 819 4625 llic
867 4557 2154 4644 apertissimesacramenmlisﬂconsecratio
2187 4557 2396 4642 unae
2426 4557 2699 4644 habetur"
2723 4571 2784 4644 in
2832 4557 2967 4644 edit.
3015 4572 3291 4644 omnibus
3334 4557 3595 4644 etiapud
3644 4570 3892 4644 Algerum

490 4640 620 4700 ﬁeri
651 4640 900 4697 docetur
927 4640 1201 4710 ipsismet
1229 4640 1461 4694 Domini
1490 4641 1850 4707 verbis,illis
1880 4641 2156 4696 videlicet

491 4729 628 4786 quae
647 4713 708 4786 S.
727 4711 949 4786 praesul
961 4711 1052 4786 int
1053 4727 1114 4764 ra
1122 4713 1416 4786 memorat
1431 4710 1594 4786 ;_Hoc
1615 4717 1708 4786 est
1721 4727 2152 4786 cg'pusmeum.

491 4781 574 4838 Ita
599 4781 772 4838 etiam
794 4782 896 4836 lib.
918 4798 978 4834 1v
1005 4781 1080 4836 de
1109 4781 1515 4850 Sacram.,ubi
1539 4783 1742 4836 eadem
1765 4781 2155 4836 Eucharistiae

495 4851 868 4908 consecratio
895 4851 1220 4922 Dominicis
1251 4853 1426 4906 etiam
1452 4853 1654 4906 verbis
1673 4868 1800 4922 cap.
1825 4853 1858 4906 4
1882 4853 2157 4906 attributa

493 4923 634 4990 fuit;
666 4937 941 4994 quaenam
966 4921 1232 4994 illaqsint,
1267 4937 1396 4994 cap.
1429 4938 1558 4994 seq.
1593 4921 1993 4994 exponitureo
2013 4939 2158 4977 sane

494 4991 703 5059 modo,
716 5006 834 5062 quo
857 4991 1010 5063 nihil
1031 4992 1149 5063 dici
1173 4991 1390 5046 clarius
1419 4991 1633 5063 potest.
1659 4991 1852 5048 Semel
1881 4994 2038 5048 enim
2068 4997 2158 5048 at-

494 5080 611 5136 que
623 5061 836 5118 iterum
851 5061 1108 5136 inculcat
1127 5061 1256 5116 haec
1269 5063 1408 5136 ipsa
1423 5061 1567 5118 esse
1583 5079 1595 5118 :
1612 5065 1824 5136 Accipi
1829 5071 1905 5134 ιο,
1923 5071 1981 5136 et
1996 5065 2095 5136 edi
2100 5069 2158 5118 te

497 5132 577 5192 ex
587 5134 930 5205 hocomnes,
948 5132 1059 5205 [ioc
1073 5138 1164 5186 est
1179 5133 1333 5205 enim
1352 5150 1564 5205 corpus
1583 5132 1774 5189 meum
1784 5154 1803 5200 ;
1827 5132 2014 5190 et’alia
2027 5135 2154 5191 illa:

495 5203 788 5276 Accipite,
813 5201 1084 5276 etliibite
1101 5217 1180 5276 ex
1198 5203 1306 5276 hoc
1335 5201 1556 5275 omnes,
1583 5205 1680 5259 hic
1703 5211 1794 5260 est
1829 5207 1986 5260 enim
2017 5222 2160 5260 san-

495 5271 842 5348 guis'rneus.
855 5271 938 5348 _Et
951 5287 1025 5348 ne
1043 5272 1185 5344 quid
1202 5273 1493 5346 relinquat
1513 5271 1936 5348 ambiguitatis,
1957 5277 2162 5348 adjicit

497 5343 633 5402 ante
651 5343 870 5400 Christi
891 5343 1073 5414 verba
1090 5359 1300 5414 panem
1322 5343 1392 5399 ac
1411 5347 1612 5400 vinum
1630 5343 1801 5414 esse;
1827 5343 1944 5401 illis
1966 5343 2162 5402 autem

495 5415 912 5544 gronuntiatis,
925 5413 1051 5486 jam
1065 5429 1206 5470 esse
1224 5431 1443 5486 corpus
1457 5420 1514 5471 et
1530 5413 1882 5488 sanguinem
1902 5419 2157 5473 Domini.

557 5485 996 5544 onignoramus
1020 5485 1259 5544 quidem
1279 5486 1522 5542 Graecos
1547 5487 1698 5542 inter
1722 5491 1896 5544 atque
1919 5489 2157 5544 Latinos

557 5503 635 5559 on
650 5485 996 5558 ignoramus
1020 5485 1259 5559 quidem
1279 5485 1528 5559 Graecos,
1547 5485 1698 5559 inter
1722 5491 1896 5559 atque
1919 5489 2162 5544 Latinos

498 5556 571 5614 de
601 5556 785 5612 forma
819 5556 1286 5612 consecrationis
1331 5557 1597 5614 nonnihil
1645 5556 2009 5614 intercedere
2039 5560 2163 5615 dis-

501 5626 664 5698 cidii,
696 5641 808 5698 nec
835 5625 1430 5698 Scholasticisetiam
1459 5627 1697 5698 omnino
1741 5629 1896 5686 inter
1924 5645 1991 5686 se
2025 5646 2164 5687 con-

507 5696 714 5770 venire
752 5697 816 5760 in
874 5696 988 5761 hac
1045 5697 1328 5760 materia:
1379 5699 1486 5764 sed
1531 5697 1646 5761 hoc
1710 5699 1844 5762 loco
1907 5701 2165 5764 sufﬁciat

2263 4638 2673 4715 anteverbum
2719 4642 3115 4714 signiﬁcatur,
3171 4643 3231 4698 in
3271 4660 3419 4700 mss.
3453 4638 3509 4699 e't
3529 4642 3678 4715 apud
3707 4638 3890 4696 Guitm.

2265 4712 2656 4767 desideratur.

2333 4782 2447 4853 (5'7)
2478 4783 2694 4838 Primis
2735 4781 3022 4838 Ecclesiae
3072 4783 3450 4840 incunabulis
3493 4785 3552 4840 in
3590 4797 3750 4853 more
3779 4775 3887 4841 fuit,

2262 4851 2437 4928 ut_‘ex
2477 4853 2580 4908 SS.
2614 4854 2821 4928 Jacobi
2869 4858 2927 4908 et
2974 4854 3158 4909 Marci
3205 4856 3466 4928 liturgiis
3515 4851 3889 4928 intelligimus,

2263 4925 2468 4996 missae
2514 4940 2705 4979 canon
2753 4925 2909 4978 clara
2955 4941 3104 4980 voce
3152 4923 3518 4996 recitaretur,
3564 4923 3892 4996 prolatisque

2264 4995 2467 5050 verbis
2499 4996 2988 5063 consecrationis,
3021 4997 3296 5066 populus,
3323 5001 3382 5052 et
3401 4987 3623 5052 secutis
3644 4987 3893 5066 tempori-

2264 5066 2403 5135 bus,
2429 5067 2783 5140 exiliturgiis
2813 5063 3219 5140 Basilii—atque
3251 5063 3894 5140 ChrysostomiLchpruS

2265 5132 2696 5207 responderet:
2709 5153 2898 5190 amen.
2933 5137 3104 5192 Hunc
3124 5132 3199 5191 in
3237 5132 3628 5193 Ambrosiana
3659 5132 3894 5189 Ecclesia

2268 5224 2442 5262 usum
2473 5208 2663 5262 fuisse
2695 5207 2902 5264 probat
2932 5208 3249 5263 Menardus
3293 5210 3352 5264 in
3396 5210 3455 5264 S.
3507 5203 3768 5264 Gregorii
3801 5201 3892 5252 Sa-

2269 5224 2442 5262 usum
2473 5223 2663 5262 ιιιιεεθ
2695 5223 2902 5277 pronat
2933 5223 3249 5263 menaruus
3293 5227 3352 5264 in
3396 5223 3455 5264 δ.
3507 5223 3768 5288 uregoru
3801 5223 3890 5278 qu-

2269 5294 2448 5332 eram.
2492 5293 2628 5349 pag.
2666 5277 2791 5348 385.
2835 5277 3015 5348 hujus
3047 5279 3158 5333 loci
3199 5295 3308 5334 nec
3341 5296 3455 5335 non
3487 5280 3723 5349 alterius
3751 5287 3780 5326 e
3807 5268 3890 5349 Ιιζ).

2270 5366 2329 5403 1v
2361 5349 2450 5404 De
2472 5338 2934 5418 Sacvramq'cap."
2956 5351 3008 5418 5,
3059 5351 3420 5405 auctoritate.
3455 5350 3596 5404 Item
3638 5338 3893 5418 etiam_d'e

2269 5419 2656 5474 orientalibus
2681 5410 2971 5474 Ecclesiis
2996 5410 3168 5475 docet
3195 5422 3353 5477 card.
3377 5422 3538 5476 Bona
3575 5419 3781 5474 Rerum
3808 5410 3895 5464 Li-

2273 5497 2429 5562 turg,
2463 5491 2564 5544 lib.
2598 5508 2659 5556 ιι,
2709 5506 2835 5561 cap.
2887 5491 2954 5545 13
2997 5495 3054 5546 et
3092 5493 3180 5562 25,
3230 5493 3462 5548 laudata
3507 5492 3566 5546 in
3615 5489 3896 5562 hanc_ren}

2271 5549 2748 5635 Dionysiijxlex.
2779 5549 2851 5617 ad
2872 5563 3122 5635 Xystum
3162 5549 3331 5620 Rom.
3377 5565 3542 5620 l’ont.
3585 5549 3899 5635 epistolatgl

2269 5625 2511 5719 Tertull.
2535 5631 2624 5719 De
2646 5625 2950 5719 Spartam,
2965 5650 3092 5708 cap.
3117 5635 3206 5706 25,
3245 5649 3498 5719 quorum
3531 5625 3717 5719 tamen
3729 5625 3898 5719 left}:-

2267 5703 2464 5774 monia
2499 5718 2641 5763 num
2675 5703 2873 5764 statim
2907 5721 2940 5762 a
2960 5703 3406 5770 consecratione
3443 5704 3632 5763 Amen
3653 5703 3897 5758 succine-
