4024 6176
295 267 510 345 425’

1540 272 1798 341 LIBER
1825 276 1936 342 DE
1967 271 2447 341 MYSTERIIS.

3607 280 3729 343 426

294 486 501 540 interna
531 482 816 538 fateatur:
869 482 1028 553 quod
1060 496 1257 537 sermo
1290 484 1484 551 sonat,
1519 479 1771 536 aﬂ‘ectus
1805 462 2032 535 sen-A
2063 480 2122 534 in
2173 480 2348 535 nobis
2399 480 2597 553 legisti
2653 480 2792 552 quia
2849 480 2910 536 in
2966 496 3206 536 carcere
3264 496 3405 537 esse
3462 496 3528 536 se
3585 482 3731 537 dicit

298 575 403 628 tiat.

359 662 439 715 55.
466 661 572 714 His
602 660 786 732 igitur
808 660 1198 714 sacramentis
1222 659 1415 729 pascit
1432 659 1760 713 Ecclesiam
1784 674 1953 713 suam

299 750 576 818 Christus,
612 748 830 819 quibus
861 747 1072 802 animae
1111 748 1376 803 ﬁrmatur
1407 748 1774 802 substantia:
1826 763 1952 802 me-

302 839 515 909 ritoque
545 837 758 891 videns
789 835 1118 906 profectum
1141 836 1275 907 ejus
1295 836 1499 908 gratiae
1532 836 1947 905 continentem,

303 927 430 981 dicit
460 926 530 979 ad
561 941 727 980 eam:
767 924 947 989 Quam
979 925 1193 979 decora
1222 924 1381 979 facta
1430 931 1567 978 sunt
1613 924 1795 979 ubera
1834 932 1950 994 tua,

296 1031 455 1069 soror
480 1029 610 1069 mea
633 1029 847 1085 sponsa
871 1014 892 1067 !
924 1012 1102 1079 Quam
1125 1014 1340 1069 decora
1371 1012 1527 1067 facta
1551 1019 1688 1067 sunt
1720 1029 1751 1067 a
1780 1014 1913 1067 vino
1936 1033 1952 1066 .-

300 1110 351 1159 et
381 1103 520 1158 odor
554 1103 1041 1157 vestimentorum
1074 1108 1301 1156 tuorum
1318 1117 1498 1172 super
1519 1102 1710 1156 omnia
1732 1118 1955 1156 aroma-

302 1193 385 1246 ta.’
411 1190 489 1246 Fa
502 1207 608 1245 vus
640 1189 945 1245 distillans
974 1190 1087 1261 (58)
1117 1190 1276 1244 labia
1311 1196 1427 1260 tua,
1447 1207 1479 1246 ο
1506 1207 1740 1262 sponsa,
1762 1190 1881 1244 mel
1899 1195 1957 1245 et

297 1281 380 1335 lac
407 1280 515 1335 sub
546 1279 748 1350 lingua
781 1285 901 1345 tua,
936 1285 996 1334 et
1028 1279 1173 1334 odor
1216 1281 1701 1335 vestimentorum
1730 1286 1957 1335 tuorum

298 1370 439 1424 sicut
488 1367 637 1423 odor
686 1367 922 1422 Libani.
973 1366 1199 1421 Hortus
1239 1367 1564 1432 conclusus,
1614 1383 1789 1423 soror
1831 1382 1958 1422 mea

297 1473 522 1529 sponsa,
558 1456 769 1512 hortus
806 1455 1133 1524 conclusus,
1167 1455 1303 1510 fons
1339 1457 1614 1528 signatus
1650 1456 1844 1525 (Cant.
1878 1473 1956 1525 iv,

300 1545 493 1617 10-12).
519 1543 646 1610 Quo
669 1544 968 1617 signiﬁcat
989 1543 1289 1614 signatum
1320 1544 1537 1600 debere
1560 1545 1717 1615 apud
1739 1549 1794 1599 te
1825 1561 1959 1599 ma—

298 1650 429 1689 nere
457 1632 825 1704 mysterium,
859 1648 933 1687 ne
963 1632 1218 1687 violetur
1258 1633 1541 1703 operibus
1584 1634 1752 1687 malae
1801 1634 1957 1703 vitae,

2062 570 2300 640 (Matth.
2336 586 2477 639 xxv,
2516 569 2626 639 36),

2131 658 2219 712 58.
2286 658 2454 712 Unde
2514 661 2571 712 et
2630 656 2899 713 Ecclesia
2942 659 3152 714 videns
3192 663 3408 715 tantam
3457 660 3727 732 gratiam,

2061 746 2330 801 hortatur
2361 746 2518 801 ﬁlios
2549 761 2716 816 suos,
2749 746 3016 802 hortatur
3058 749 3384 819 proximos,
3433 753 3495 803 ut
3523 749 3597 803 ad
3628 764 3730 802 sa-

2065 837 2360 889 cramenta
2393 838 2766 905 concurrant,
2802 836 3035 890 dicens:
3074 836 3277 906 Edite,
3299 838 3563 908 proximi
3591 837 3725 901 mei,

2066 930 2123 978 et
2154 923 2366 991 bibite,
2408 930 2466 977 et
2495 923 2887 978 inebriamini
2915 923 3147 978 fratres
3179 927 3297 978 mei
3327 924 3522 994 (Cant.
3556 942 3615 996 x,
3655 926 3732 995 1).

2063 1012 2212 1076 Quid
2245 1013 2510 1082 edamus,
2545 1012 2684 1083 quid
2718 1012 3014 1082 bibamus,
3046 1012 3186 1066 alibi
3208 1012 3314 1067 tibi
3341 1028 3449 1083 per
3465 1014 3734 1084 Prophe-

2064 1105 2180 1155 tam
2211 1100 2465 1171 Spiritus
2498 1104 2742 1155 sanctus
2773 1102 3075 1172 expressit
3102 1102 3308 1155 dicens
3334 1116 3347 1157 :
3394 1100 3641 1157 Gustata
3673 1109 3733 1159 et

2072 1190 2270 1245 videte
2289 1192 2556 1261 quoniam
2577 1205 2682 1243 sua
2695 1190 2784 1243 vis
2819 1197 2911 1245 est
2942 1190 3228 1245 Dominus
3252 1211 3268 1245 :
3298 1190 3509 1245 beatus
3532 1192 3739 1263 quui

2067 1284 2269 1349 sperat
2300 1279 2362 1331 in
2393 1294 2461 1333 eo
2490 1276 2906 1347 (I’sal.xxxm,
2929 1278 3005 1348 9).
3038 1279 3100 1332 In
3122 1279 3219 1334 illo
3233 1282 3604 1334 sacramento
3626 1281 3741 1347 (De

2070 1368 2314 1421 Consec.
2348 1367 2485 1420 dist.
2511 1367 2563 1436 2,
2598 1383 2725 1436 cap.
2762 1366 2828 1420 In
2862 1366 2964 1421 illo
2987 1369 3264 1436 sacram).
3296 1366 3574 1423 Christus
3604 1371 3733 1424 est:

2068 1455 2205 1526 quia
2239 1470 2459 1525 corpus
2492 1458 2582 1509 est
2612 1454 2865 1510 Christi:
2901 1471 3018 1510 non
3048 1471 3193 1528 ergo
3218 1456 3546 1526 corporalis
3577 1472 3740 1527 esca,

2070 1544 2177 1598 sed
2208 1544 2493 1614 spiritalis
2524 1547 2635 1598 est.
2670 1545 2839 1599 Unde
2870 1547 2927 1600 et
2956 1544 3280 1615 Apostolus
3322 1544 3397 1600 de
3428 1548 3566 1617 typo
3598 1546 3734 1618 ejus

2069 1634 2175 1688 ait:
2216 1632 2364 1697 Qnia
2379 1638 2592 1704 patres
2613 1634 2808 1687 nostri
2843 1648 3036 1687 escam
3068 1632 3402 1705 spiritalem
3431 1635 3746 1690 manduca-

294 1727 455 1795 atque
476 1721 766 1777 adulterio
799 1721 1109 1791 castitatis,
1134 1736 1207 1775 ne
1228 1721 1570 1793 divulgetur
1596 1722 1814 1793 quibus
1839 1738 1957 1777 non
1990 1711 2042 1773 Β
2078 1727 2309 1791 verunt,
2336 1728 2394 1775 et
2413 1728 2612 1792 potum
2649 1721 2983 1793 spiritalem
3016 1721 3304 1776 biberunt
3342 1721 3398 1792 (I
3427 1722 3561 1777 Cor.
3594 1741 3654 1793 χ,
3687 1724 3743 1794 3,

299 1811 596 1881 convenit,
658 1826 733 1865 ne
783 1809 1021 1882 garrula
1068 1810 1422 1881 loquacitate
1474 1811 1855 1882 dispergatur
1902 1811 1961 1865 in

298 1902 574 1972 perﬁdos.
608 1900 771 1955 Bona
820 1916 964 1971 ergo
1012 1899 1186 1954 debet
1235 1915 1373 1953 esse
1415 1900 1551 1953 ﬁdei
1596 1903 1713 1955 tuae
1755 1903 1960 1955 custo-

297 1991 405 2061 dia,
437 1994 499 2045 ut
535 1991 877 2045 intemerata
912 1989 1049 2043 vitae
1094 2005 1163 2042 ac
1209 1988 1427 2043 silentii
1478 1990 1788 2061 integritas
1822 2005 1962 2060 pcr-

298 2083 551 2136 severet.

362 2170 449 2223 56.
484 2168 658 2223 Unde
690 2171 747 2221 et
778 2166 1045 2222 Ecclesia
1078 2167 1445 2222 altitudinem
1473 2182 1725 2222 servans
1756 2170 1967 2238 myste-

295 2259 516 2312 riorum
550 2256 900 2324 ccelestium,
935 2255 1179 2326 rejicita
1210 2271 1277 2310 se
1308 2258 1620 2327 graviores
1641 2256 1803 2311 venti
1822 2272 1963 2327 pro-

298 2347 494 2416 cellas,
548 2348 604 2399 ct
642 2344 851 2399 invitat
888 2343 1192 2399 vernantis
1223 2344 1431 2416 gratiae
1473 2345 1858 2399 suavitatem:
1910 2348 1967 2399 et

296 2435 492 2491 sciens
514 2433 673 2504 quod
695 2434 905 2487 hortus
928 2448 1076 2487 suus
1094 2431 1333 2488 Christo
1355 2433 1674 2504 displicere
1697 2450 1814 2488 non
1835 2449 1970 2503 pos—

298 2523 389 2589 sit,
414 2525 615 2593 ipsum
638 2522 886 2576 advocat
904 2521 1201 2591 Sponsum
1226 2522 1461 2577 dicens:
1492 2522 1796 2593 Exsurge,
1814 2522 1970 2594 aqui-

295 2610 377 2667 lo:
401 2618 460 2665 et
498 2612 656 2675 veni,
685 2616 909 2677 auster,
927 2610 1118 2681 perita
1141 2611 1373 2664 hortum
1394 2626 1602 2677 meum,
1632 2618 1690 2665 et
1708 2610 1969 2666 defluant

297 2705 593 2772 unguenta
624 2715 751 2753 mea
773 2698 951 2768 (Ibid.
990 2698 1101 2767 16).
1138 2698 1477 2753 Descendat
1508 2699 1705 2754 frater
1720 2716 1886 2754 meus
1907 2701 1969 2753 in

295 2790 536 2843 hortum
557 2804 742 2857 suum,
770 2794 827 2842 et
849 2788 982 2842 edat
1002 2786 1257 2841 fructum
1283 2787 1710 2859 pomiferarum
1732 2804 1969 2843 suarum

293 2877 404 2947 (59)
437 2878 640 2946 (Cant.
676 2893 733 2945 v,
768 2874 842 2945 1).
870 2876 1065 2930 Bonas
1089 2876 1245 2930 enim
1275 2875 1522 2931 arbores
1554 2880 1609 2930 et
1633 2876 1971 2932 fructiferas

295 2966 489 3033 habet,
532 2981 665 3036 quae
698 2964 931 3019 radices
963 2980 1107 3018 suas
1138 2965 1419 3019 tinxerint
1442 2967 1601 3019 sacri
1631 2965 1811 3019 fontis
1835 2965 1974 3019 irri-
2004 2939 2052 3000 Ο

297 3071 433 3126 guo,
471 3057 536 3109 et
566 3054 625 3106 in
657 3053 849 3107 bonos
872 3053 1102 3107 fructus
1123 3069 1293 3108 novae
1314 3053 1689 3108 fecunditatis
1707 3054 1975 3125 germine

294 3141 761 3214 pullulaverint;
821 3145 884 3195 ut
932 3158 1051 3195 non
1100 3140 1225 3211 jam
1283 3141 1627 3212 prephctica
1674 3142 1978 3197 caedantur

299 3233 496 3287 securi
532 3230 642 3285 sed
676 3229 1033 3301 Evangelica
1066 3230 1330 3285 ubertate
1349 3230 1759 3285 fecundentur.

367 3339 461 3393 5’7.
506 3338 778 3408 Denique
840 3336 1138 3391 fertilitate
1195 3352 1398 3391 carum
1456 3337 1631 3392 etiam
1691 3338 1976 3392 Dominus

297 3428 629 3482 delectatus
681 3425 1037 3495 respondet:
1090 3425 1413 3496 Ingressus
1457 3442 1582 3480 sum
1638 3427 1699 3479 in
1745 3427 1978 3479 hortum

298 3532 511 3585 meum,
560 3531 737 3569 soror
780 3530 908 3568 mea
957 3529 1212 3585 sponsa:
1269 3514 1631 3569 vindemiavi
1671 3515 1980 3587 myrrham

300 3620 489 3658 meam
557 3620 686 3656 eum
753 3602 1070 3675 unguentis
1132 3602 1302 3672 meis,
1373 3602 1725 3657 manducavi
1788 3603 1980 3657 cibum

298 3709 489 3748 meum
523 3709 654 3747 eum
701 3691 877 3745 melle
908 3707 1054 3761 meo,
1089 3691 1223 3745 bibi
1245 3698 1441 3763 potum
1473 3708 1659 3746 meum
1681 3708 1807 3745 cum
1826 3691 1981 3746 lacte

300 3798 428 3837 meo
457 3782 661 3850 (Cant.
704 3797 761 3848 v,
797 3780 870 3849 1).
905 3779 1096 3844 Quare
1147 3780 1344 3834 cibum
1394 3783 1450 3835 et
1495 3784 1697 3851 potum
1743 3780 1977 3850 dixerit,

301 3870 499 3925 ﬁdelis
562 3869 829 3940 intellige
890 3869 1023 3939 (60).
1096 3869 1243 3923 Illud
1300 3872 1493 3924 autem
1550 3885 1668 3923 non
1714 3869 1977 3939 dubium,

304 3958 463 4029 quod
494 3958 559 4012 in
592 3956 769 4012 nobis
799 3948 939 4012 341
987 3958 1118 4027 ipse
1165 3957 1479 4011 manducet
1528 3960 1583 4012 et
1627 3957 1795 4027 bibit,
1829 3960 1984 4013 sicut

305 4104 491 4169 retur,
527 4116 605 4154 an
636 4102 858 4153 tantum
888 4104 1023 4170 post
1052 4100 1325 4154 recitatos
1349 4099 1495 4154 alias
1530 4101 1986 4170 orationes,non

2070 1810 2163 1879 4):
2197 1826 2416 1880 corpus
2449 1810 2603 1864 enim
2657 1810 2764 1864 Dei
2812 1826 3031 1880 corpus
3061 1812 3154 1864 est
3185 1810 3479 1881 spiritale:
3525 1827 3744 1883 corpus

2071 1899 2289 1953 Christi
2338 1915 2556 1969 corpus
2605 1902 2698 1953 est
2728 1899 2913 1953 divini
2963 1898 3260 1970 Spiritus;
3310 1901 3449 1972 quia
3489 1900 3745 1972 Spiritus

2072 1987 2350 2044 Christus
2380 1988 2514 2057 (61),
2545 1990 2608 2042 ut
2634 1987 2892 2058 legimus
2918 2003 2930 2043 :
2964 1988 3232 2059 Spiritus
3262 1993 3399 2044 ante
3417 1988 3631 2044 faciem
3652 2005 3748 2044 no-

2075 2084 2262 2131 stram
2288 2076 2569 2131 Christus
2589 2077 2874 2131 Dominus
2893 2080 2911 2146 (
2927 2076 3142 2132 Thren.
3164 2093 3246 2142 iv,
3266 2076 3378 2147 20).
3413 2077 3484 2131 Et
3505 2077 3566 2131 in
3588 2077 3747 2133 Petri

2074 2165 2337 2235 Epistola
2370 2164 2686 2219 habemus:
2726 2163 3007 2219 Christus
3031 2181 3143 2235 pro
3161 2164 3334 2219 nobis
3366 2170 3633 2220 mortuus
3652 2171 3747 2221 est

2076 2254 2131 2323 (Ι
2144 2254 2318 2308 Pelr.
2342 2271 2405 2323 II,
2429 2253 2540 2321 21).
2582 2253 2850 2324 Denique
2873 2268 2978 2307 cor
2996 2256 3268 2307 nostrum
3288 2269 3430 2308 esca
3463 2254 3577 2308 ista
3600 2270 3748 2309 con-

2076 2342 2284 2407 ﬁrmat,
2318 2345 2374 2396 et
2404 2345 2579 2411 potus
2617 2340 2730 2395 iste
2764 2331 2912 2396 342
2944 2340 3201 2396 laetiﬁcat
3231 2357 3336 2397 cor
3363 2341 3643 2414 hominis,
3684 2346 3749 2397 ut

2081 2431 2369 2500 Propheta
2409 2430 2756 2485 memoravit
2794 2428 2982 2502 (Psal.
3016 2446 3136 2501 cm,
3172 2431 3282 2500 15).

2147 2536 2235 2591 59.
2271 2536 2438 2590 Unde
2468 2535 2660 2607 adepti
2693 2536 2907 2606 omnia,
2943 2537 3612 2608 sciamusregeneratos
3637 2554 3749 2594 nos

2080 2641 2221 2681 esse
2247 2640 2261 2681 :
2294 2640 2403 2680 nec
2434 2625 2725 2693 dicamus,
2757 2617 3052 2697 quomodo
3099 2627 3441 2699 regenerati
3490 2643 3700 2683 sumus
3722 2628 3752 2682 ?

2083 2714 2381 2785 Numquid
2414 2714 2474 2768 in
2503 2718 2772 2769 ventrem
2802 2716 3007 2769 matris
3027 2719 3249 2770 nostris
3270 2715 3667 2786 introivimus,
3696 2719 3754 2770 et

2083 2804 2270 2858 renati
2303 2804 2554 2858 sumus?
2582 2819 2700 2858 non
2731 2819 2997 2876 agnosco
3028 2820 3201 2859 usum
3224 2807 3471 2861 naturae.
3491 2804 3608 2860 Sed
3626 2805 3755 2859 nul-

2084 2892 2180 2947 lus
2211 2892 2307 2946 hic
2328 2895 2552 2948 naturae
2572 2893 2738 2962 ordo,
2763 2893 2865 2948 ubi
2887 2893 3234 2948 excellentia
3260 2895 3466 2966 gratiae
3497 2899 3608 2949 cst.
3634 2895 3753 2950 De-

2086 2981 2264 3052 nique
2298 2996 2416 3036 non
2466 2997 2704 3052 semper
2741 2998 2890 3037 usus
2931 2985 3156 3037 naturae
3187 2984 3631 3054 generationem
3662 2983 3754 3038 fa-

2088 3071 2166 3123 cit
2186 3069 2298 3138 (62)
2329 3085 2340 3124 :
2374 3073 2719 3141 generatum
2741 3085 2816 3124 ex
2838 3070 3081 3141 Virgine
3112 3071 3411 3126 Christum
3442 3072 3755 3127 Dominum

2089 3158 2458 3227 conﬁtemur,
2507 3161 2565 3212 et
2614 3161 2843 3213 naturae
2894 3159 3158 3213 ordinem
3205 3159 3591 3231 denegamus.
3626 3160 3762 3215 Non

2090 3246 2245 3302 enim
2275 3262 2352 3301 ex
2381 3247 2511 3301 viro
2544 3246 2726 3300 Maria
2758 3249 3048 3317 concepit,
3082 3248 3189 3301 sed
3211 3247 3283 3302 de
3304 3247 3525 3318 Spiritu
3544 3247 3761 3304 Sancto

2090 3336 2150 3390 in
2181 3339 2348 3390 utero
2378 3336 2625 3406 accepit,
2663 3339 2725 3390 ut
2762 3336 2904 3391 dicit
2939 3336 3279 3391 Mattbaeus:
3326 3336 3472 3402 Quia
3516 3338 3761 3393 inventa

2093 3431 2185 3480 est
2206 3427 2268 3478 in
2294 3431 2462 3479 utero
2479 3424 2708 3479 habens
2728 3425 2803 3479 de
2824 3425 3060 3496 Spiritu
3081 3432 3287 3479 sancto
3320 3426 3565 3495 (Matth.
3588 3443 3626 3497 ι,
3650 3426 3760 3495 18).

2092 3514 2152 3569 Si
2186 3529 2331 3585 ergo
2349 3514 2782 3583 superveniens
2798 3513 3053 3584 Spiritus
3077 3518 3321 3587 sanctus
3345 3515 3407 3569 in
3431 3515 3762 3587 Virginem,

2095 3602 2540 3672 conceptionem
2572 3606 2849 3673 eperatus
2882 3606 2992 3672 est,
3025 3605 3082 3656 et
3110 3604 3514 3674 generationis
3547 3620 3763 3659 munus

2095 3691 2394 3761 implevit:
2448 3706 2566 3745 non
2596 3692 2798 3763 utique
2829 3691 3214 3746 dubitandum
3245 3694 3336 3747 est
3367 3693 3525 3763 quod
3557 3708 3766 3764 super-

2095 3780 2343 3834 veniens
2374 3779 2433 3832 in
2465 3779 2706 3849 fontem,
2752 3779 2846 3834 vel
2891 3796 3075 3851 super
3123 3796 3229 3835 eos
3268 3782 3373 3853 qui
3408 3781 3767 3852 baptismum

2098 3871 2577 3940 consequuntur,
2649 3869 2955 3924 veritatem
3024 3871 3496 3942 regenerationis
3561 3887 3769 3947 opere-

2098 3961 2214 4013 tur.

2100 4101 2235 4174 ejus
2291 4084 2541 4174 tormam
2600 4101 2797 4174 locum
2855 4100 3381 4158 accommodavere
3440 4103 3769 4174 scriptores

304 4171 536 4247 liquido
559 4172 1201 4247 _exponunt.AApe_rtior
1246 4175 1440 4247 autem
1479 4175 1571 4225 est
1600 4170 1760 4225 Flori
1791 4172 1983 4247 locus,
2013 4186 2067 4246 ι)
2098 4170 2347 4247 librarii,
2380 4173 2535 4247 quod
2556 4188 2717 4242 saepe
2750 4173 3046 4227 factumin
3069 4189 3216 4228 mss.
3245 4175 3443 4245 quivis
3471 4170 3589 4230 non
3611 4192 3773 4247 aegre

348 4241 483 4315 nem
519 4242 678 4315 idem
708 4243 863 4295 citat.
896 4241 1061 4315 Quod
1093 4258 1235 4296 vero
1267 4242 1336 4295 ad
1373 4258 1595 4315 morem
1624 4259 1740 4312 quo
1763 4243 1987 4315 singuli

358 4313 749 4368 ucharistiam
808 4313 1168 4381 accipientes
1243 4313 1713 4383 respondebant,
1771 4313 1982 4378 Anien,

309 4384 445 4455 ejus
507 4384 831 4455 meminere
889 4387 1095 4455 auctor
1141 4383 1389 4437 Constit.
1448 4386 1657 4452 Apost.
1720 4401 1846 4455 cap.
1896 4386 1983 4453 13,

309 4453 575 4526 Cyrinus
610 4454 846 4508 Hieros.
879 4453 1215 4526 Catech.5;
1242 4455 1646 4526 Augustinus,
1682 4453 1877 4510 Serm.
1916 4458 1991 4509 ad

309 4525 607 4591 infantes,
640 4529 696 4578 et
732 4529 937 4578 auctor
975 4525 1173 4594 operis
1213 4525 1287 4578 de
1334 4529 1599 4579 Sacram.
1636 4526 1736 4580 lib.
1771 4531 1825 4580 et
1858 4544 1986 4596 cap.

310 4595 777 4667 supralaudatis.
811 4595 929 4649 Ubi
961 4596 1073 4649 hoc
1105 4597 1356 4650 maxime
1388 4596 1633 4667 dignum
1669 4601 1760 4650 cst
1791 4595 1992 4652 obser-

307 4673 470 4734 vatu,
509 4667 722 4720 ﬁdeles
771 4667 831 4719 in
863 4668 992 4737 ipso
1024 4667 1272 4721 articulo
1313 4683 1431 4737 quo
1462 4668 1553 4721 vel
1590 4669 1990 4723 consecraba-

311 4743 409 4792 tur
458 4756 492 4792 a
542 4738 872 4804 sacerdote,
924 4737 1015 4792 vel
1066 4738 1139 4791 ab
1191 4738 1262 4791 iis
1308 4738 1709 4808 accipiebatur
1761 4740 1993 4794 Domini

312 4824 564 4879 corpus,
597 4823 757 4862 verae
806 4809 964 4862 illius
1015 4809 1350 4877 praesentiae
1391 4825 1748 4878 expressum
1792 4812 1991 4864 reddi-

313 4881 483 4935 disse
515 4879 943 4951 testimonium.
978 4879 1154 4951 l’lura
1198 4880 1270 4934 de
1322 4880 1417 4934 bis
1468 4880 1681 4934 ritibus
1728 4883 1993 4951 reperies

315 4966 453 5005 cum
504 4950 664 5021 apud
707 4950 1622 5023 scriptoreshjamq(memoratos,
1675 4950 1811 5005 tum,
1842 4953 1995 5023 apud

314 5023 644 5078 Beronium
675 5022 747 5075 ad
780 5037 872 5075 an.
907 5021 995 5089 5'7,
1028 5021 1348 5075 Pamelium
1381 5026 1439 5076 et
1467 5022 1637 5076 alios.

384 5095 503 5161 (58)
544 5092 842 5166 γεμράίι.
878 5108 1012 5166 cum
1044 5108 1192 5147 mss.
1226 5093 1500 5166 pluribus
1522 5093 1994 5166 potioribusque,

317 5162 402 5255 lia
415 5163 881 5255 vnsndistillans‘i
901 5164 1072 5255 Rom.
1108 5162 1241 5255 cum
1264 5162 1539 5255 i‘eli‘qu‘is,
1555 5164 1638 5220 Fa
1651 5181 1779 5255 rum
1798 5162 1999 5255 distil:

321 5235 471 5292 lant.
502 5234 717 5291 Primae
750 5235 988 5291 lectioni
1021 5234 1177 5292 favet
1205 5235 1333 5293 sola
1358 5234 1532 5311 Vulg.
1559 5252 1573 5311 ς
1606 5236 1713 5293 sed
1746 5236 1895 5295 forte
1928 5237 2002 5296 ad

628 5585 883 5656 PATROL.
924 5584 1081 5656 XVI.

2101 4244 2523 4312 deprehendet.

2173 4314 2285 4387 (59)
2307 4314 2555 4378 Quidam
2580 4331 2732 4387 mss.
2766 4313 3022 4387 fructum
3046 4332 3347 4387 pomorum
3370 4332 3627 4371 suorum.

2172 4386 2287 4454 (60)
2322 4387 2493 4440 Rom.
2527 4386 2664 4440 edit.
2691 4386 2838 4455 sola,
2868 4386 3287 4441 manducaham
3318 4404 3530 4457 panem
3561 4404 3771 4456 meum,

2190 4457 2321 4511 bibi
2356 4457 2550 4509 vinum
2581 4473 2837 4511 meum...
2881 4457 3075 4521 Quare
3106 4473 3317 4527 panem
3355 4464 3413 4511 et
3452 4458 3643 4511 vinum
3680 4459 3777 4512 di-

2103 4528 2319 4595 xerim,
2346 4528 2556 4581 ﬁdeles
2580 4527 2941 4597 intelligunt.
2980 4528 3105 4581 Vct.
3132 4532 3189 4580 et
3215 4529 3411 4581 cuncti
3442 4544 3589 4582 mss.
3626 4532 3688 4583 ut
3717 4530 3780 4584 in

2105 4602 2298 4665 textu;
2322 4599 2439 4670 nisi
2460 4599 2614 4668 quod
2630 4598 2894 4670 nonnulli
2909 4598 3229 4670 praeferunt
3247 4598 3455 4667 partim
3468 4599 3776 4670 dixerunt,

2102 4670 2312 4742 partim
2332 4669 2591 4742 dixerim
2610 4688 2628 4733 ,-
2646 4669 2782 4736 duo,
2804 4668 3013 4722 ﬁdeles
3029 4668 3352 4739 intelligite
3364 4689 3384 4742 ί
3424 4685 3602 4742 unus,
3628 4668 3780 4727 fide-4

2105 4739 2187 4795 lis
2218 4739 2532 4811 intelligis.

2112 4809 2453 4937 “(clausa
2474 4810 2697 4881 aliquot
2716 4825 2833 4864 non
2852 4809 3152 4864 inferioris
3168 4813 3343 4881 notae,
3362 4813 3493 4885 quia
3513 4813 3783 4887 Spiritus

2180 4898 2293 4936 II'IS
2326 4900 2363 4934 ι.

2144 4882 2363 4936 ἴΙιΓίειί.

2181 4951 2541 5028 (δὴοῃιηθε
2575 4951 2712 5028 edit.
2744 4954 2800 5006 et
2846 4968 2993 5028 mss.
3030 4953 3315 5028 nonnulli,
3362 4958 3784 5028 regeneratio—

2112 5038 2246 5101 nem
2275 5022 2451 5101 facit;
2489 5024 2722 5101 caeteri,
2753 5024 2873 5101 _qui
2919 5028 2976 5077 et
3024 5022 3785 5101 probatiores,_'regenera-

2117 5095 2354 5168 tionem.
2391 5094 2722 5168 Melius,_ut
2746 5092 2879 5168 ipse
2910 5092 3130 5168 sensus
3161 5101 3361 5168 aperte
3406 5092 3624 5168 docét;
3676 5116 3797 5155 ncc-

2118 5166 2274 5222 enim
2322 5166 2815 5294 il'egenerationis,
2867 5166 2974 5224 sed
3020 5166 3425 5244 generationis
3468 5166 3788 5248 subjicitur

2118 5251 2326 5294 exemp
2355 5253 2470 5294 um.
2582 5248 2589 5257 '

2117 5248 2470 5313 exemplum.
2582 5248 2589 5257 '

3417 5589 3482 5677 tt
