4024 6176
321 284 442 346 4ἓ7
1796 275 1862 342 S.
1907 271 2350 344 AMBROSII.
3657 279 3770 348 428

833 614 948 712 ΙΝ
1025 611 1424 693 LIBROS
1504 615 1646 691 DE
1730 612 2534 692 SAGRAMENTIS
2621 614 3260 725 PBJEFATIO,

953 731 1099 840 UBI
1145 733 1258 794 DE
1301 733 1684 796 EJUSDEM
1731 731 2039 794 OPERIS
2079 731 2486 797 AUCTORE
2525 733 3120 797 DISCEPTATUR

1986 869 2082 878 -ιη

379 921 536 974 Idem
565 921 736 990 plane
768 919 950 991 hujus
983 922 1182 992 operis
1212 923 1623 994 argumentum
1652 924 1744 976 est
1772 935 1840 976 ac
1870 922 2200 993 superioris
2219 921 2352 976 libri
2375 921 2464 976 De
2479 921 2820 994 Mysteriis.
2847 923 2958 977 Hie
2986 923 3142 978 enim
3164 921 3309 977 nihil
3331 921 3446 976 nisi
3466 936 3766 977 sermones

309 1011 684 1065 continentur
711 1009 929 1079 quibus
961 1010 1290 1080 neophytos
1321 1012 1825 1066 sacramentorum
1863 1027 1996 1082 qua:
2034 1009 2222 1080 pridie
2259 1009 2568 1065 Paschatis
2604 1016 2973 1082 acceperant,
2999 1013 3055 1066 id
3081 1015 3192 1081 est,
3233 1011 3532 1082 baptismi,
3559 1011 3769 1082 contir-

306 1099 601 1167 mationis,
636 1101 690 1152 et
721 1097 1095 1152 eucharistiae
1127 1099 1390 1153 doctrina
1438 1099 1715 1154 informat
1758 1099 2098 1170 episcopus.
2141 1097 2274 1152 Tria
2321 1101 2543 1153 tantum
2575 1101 2951 1155 considerata
2983 1101 3163 1173 digna
3195 1100 3291 1154 hic
3323 1099 3606 1170 reperias,
3643 1115 3768 1170 qua:

305 1204 424 1242 non
455 1187 744 1241 habentur
773 1187 832 1240 in
863 1189 1349 1242 commentatione
1379 1188 1466 1243 De
1495 1189 1560 1242 Μ
1562 1188 1819 1260 ysteriis
1832 1208 1848 1242 .-
1882 1189 2157 1242 nimirum
2186 1186 2339 1241 libro
2372 1205 2433 1241 ιιι
2463 1186 2614 1258 (cap.
2650 1187 2704 1248 1)
2725 1188 3003 1244 lotionem
3035 1189 3248 1259 pedum
3265 1203 3399 1260 qum
3428 1187 3488 1241 in
3511 1186 3772 1242 Ecclesia

305 1292 412 1331 sua
443 1276 704 1329 instituta
736 1278 878 1343 erat,
911 1275 970 1329 in
1003 1277 1263 1330 Romana
1296 1275 1469 1330 tradit
1497 1275 1687 1330 fuisse
1731 1275 2106 1346 inusitatam;
2155 1275 2308 1330 libro
2341 1279 2398 1329 xv
2436 1276 2587 1346 (cap.
2621 1277 2655 1330 5
2685 1281 2740 1332 et
2770 1277 2824 1345 6)
2873 1280 2936 1332 ut
2975 1278 3195 1350 quibus
3241 1275 3448 1332 verbis
3489 1275 3769 1330 mirabilis

301 1365 402 1419 illa
431 1365 602 1434 panis
635 1364 694 1417 in
725 1379 942 1434 corpus
974 1364 1204 1418 Domini
1237 1365 1528 1419 efficiatur
1556 1364 1891 1434 conversio,
1924 1364 2158 1436 planius
2191 1364 2541 1434 innotescat,
2574 1381 2701 1421 eam
2731 1366 2988 1438 liturgim
3015 1369 3258 1437 partem,
3284 1380 3464 1437 quam
3494 1379 3770 1420 canonem

303 1453 576 1522 dicimus,
602 1451 878 1522 exponit:
913 1453 1166 1522 denique
1196 1452 1348 1508 libro
1380 1470 1417 1506 v
1445 1454 1596 1524 (cap.
1629 1453 1704 1522 4).
1740 1452 2060 1508 Dominicte
2090 1453 2376 1508 orationis
2407 1469 2582 1524 quam
2630 1455 2720 1509 eis
2755 1469 2893 1510 sese
2932 1455 3361 1526 explicaturum
3393 1453 3584 1508 fuerat
3611 1452 3770 1524 polli-

302 1542 476 1611 citus,
519 1541 984 1596 enucleationem
1014 1542 1414 1613 prosequitur.
1445 1541 1570 1606 Quo
1603 1541 1838 1614 quidem
1869 1544 2217 1614 argumento
2267 1541 2480 1596 iterum
2531 1541 2644 1596 sub
2685 1542 2821 1598 libri
2851 1559 2911 1596 vx
2959 1545 3112 1614 (cap.
3145 1544 3201 1613 5)
3251 1541 3477 1597 exitum
3511 1540 3770 1612 repetito,

299 1630 580 1702 precandi
613 1630 885 1697 formam,
917 1630 1122 1684 eadem
1148 1630 1423 1685 Oratione
1455 1629 1760 1684 Dominica
1789 1632 1847 1684 et
1874 1629 2102 1700 psalmo
2133 1647 2234 1684 VIII
2265 1629 2838 1700 perfectissimorum
2869 1631 3292 1702 exemplarium
3322 1631 3515 1685 instar
3559 1645 3771 1700 propo-

300 1720 454 1789 sitis,
479 1718 684 1789 aperit,
701 1718 1045 1790 singillatim
1060 1719 1336 1791 quomodo
1348 1719 1637 1790 incipere,
1656 1734 1764 1790 quo
1777 1719 1988 1773 ordine
2009 1717 2406 1790 distinguere,
2436 1718 2576 1792 quid
2591 1718 2941 1786 subtexere,
2958 1719 3098 1792 quid
3110 1719 3396 1792 allegare,
3414 1717 3772 1791 quemadmo-

299 1809 434 1862 dum
465 1807 763 1876 claudere,
782 1823 892 1879 pro
917 1824 1024 1880 quo
1045 1822 1221 1862 orare
1244 1807 1468 1862 debeas
1483 1807 1828 1862 edisserens
1867 1807 2018 1878 (cap.
2038 1806 2114 1876 3).
2141 1807 2354 1861 Ultima
2377 1806 2506 1862 hmo
2541 1823 2700 1878 pars,
2735 1807 2836 1862 ubi
2877 1809 2948 1863 de
2989 1808 3251 1864 oratione
3290 1807 3618 1880 generatim
3655 1806 3771 1878 agi-

295 1900 410 1967 tur,
442 1897 616 1967 petita
639 1896 748 1951 fuit
785 1911 863 1950 ex
899 1896 1199 1951 Ambrosii
1246 1895 1469 1966 scripto
1508 1895 1597 1951 De
1627 1896 2006 1950 institutione
2051 1896 2310 1968 virginis
2343 1896 2495 1968 (cap.
2532 1897 2582 1967 1,
2608 1897 2838 1966 num.7,
2865 1901 2921 1952 et
2939 1912 3066 1968 cap.
3091 1897 3221 1967 2,n.
3244 1897 3278 1951 8
3307 1899 3367 1952 et
3397 1895 3589 1968 seq.):
3622 1895 3769 1951 unde

294 2001 440 2040 vero
473 2001 605 2056 quae
635 1985 786 2039 libro
816 2001 854 2037 v
883 1986 1034 2052 (cap.
1067 1985 1123 2055 4)
1153 1985 1212 2038 in
1242 1984 1641 2054 precationem
1670 1984 1846 2039 nobis
1887 2000 1922 2038 a
1969 1983 2208 2038 Christo
2241 1985 2705 2039 commendatam
2753 1985 3047 2056 dicuntur,
3080 1987 3382 2040 mutuatus
3428 1985 3508 2039 sit
3538 1985 3767 2052 Auctor,

297 2091 409 2130 nos
439 2090 689 2144 prorsus
713 2073 884 2146 fugit.
907 2074 1075 2142 Nam,
1100 2073 1236 2128 licet
1268 2073 1424 2127 illam
1458 2073 1613 2128 haud
1643 2073 1827 2128 semel
1856 2089 1889 2126 a
1921 2073 2161 2128 doctore
2193 2075 2398 2128 nostro
2428 2073 2777 2143 explicatam
2807 2077 3058 2143 constet,
3091 2073 3226 2144 ejus
3269 2076 3468 2128 tamen
3499 2073 3559 2126 in
3588 2071 3768 2144 legiti-

294 2165 411 2218 mis
441 2179 574 2234 quae
603 2166 838 2217 exstant
866 2163 1172 2233 operibus,
1203 2163 1316 2217 ista
1345 2177 1464 2217 non
1493 2163 1786 2233 reperitur
1815 2161 2128 2233 expositio.
2165 2161 2228 2214 In
2262 2161 2508 2232 reliquis
2565 2165 2761 2215 autem
2805 2161 2882 2215 ita
2910 2161 3166 2216 imitatur
3195 2160 3652 2231 disputationem
3689 2159 3770 2214 De

295 2252 640 2325 Mysteriis,
669 2254 731 2306 ut
761 2256 978 2322 praeter
1008 2267 1228 2322 paucas
1255 2253 1644 2306 caeremonias
1673 2267 1822 2323 quas
1857 2255 1954 2306 aut
1976 2251 2172 2305 fusius
2201 2249 2274 2304 ab
2306 2250 2625 2305 Ambrosio
2655 2250 2937 2305 enodatas
2966 2249 3277 2320 contrahit,
3311 2253 3414 2304 aut
3441 2249 3676 2304 discutit
3703 2247 3770 2302 ab

295 2357 365 2396 eo
397 2341 858 2412 praetermissus,
881 2341 1002 2396 fere
1025 2343 1248 2394 tantum
1268 2340 1544 2412 ejusdem
1563 2341 1748 2395 libelli
1767 2339 2071 2396 ratiocinia
2102 2338 2546 2410 sententiasque
2567 2338 2901 2410 amplificet.
2929 2338 3146 2393 Verum
3167 2341 3230 2392 ut
3250 2337 3350 2392 ille
3375 2336 3766 2405 Ambrosium,

294 2432 370 2484 ita
404 2431 578 2484 etiam
609 2430 773 2484 illum
803 2429 900 2482 alii
931 2432 1378 2498 expresserunt.
1411 2428 1716 2500 Siquidem
1747 2429 1806 2482 in
1840 2427 2179 2499 Appendiee
2198 2427 2551 2483 Sermonum
2575 2429 2830 2500 August.
2863 2442 3034 2482 novae
3056 2427 3194 2482 edit.
3229 2427 3331 2498 qui
3355 2428 3693 2482 numeratur
3707 2423 3770 2480 84

292 2521 454 2574 totus
484 2533 558 2572 ex
587 2518 701 2572 hoc
731 2533 909 2588 opere
943 2517 1152 2571 iisdem
1184 2533 1334 2587 pene
1365 2517 1568 2571 verbis
1601 2517 1916 2588 decerptus
1941 2517 2068 2572 fuit.

365 2607 450 2660 De
482 2609 720 2660 auctore
743 2605 928 2675 hujus
960 2607 1158 2675 cperis
1187 2607 1390 2659 nostra
1419 2609 1476 2660 et
1505 2605 1799 2675 superiori
1831 2608 1999 2660 aetate
2029 2607 2281 2677 quaestio
2310 2606 2418 2660 fuit
2448 2605 2762 2660 admodum
2793 2607 3197 2661 controversa.
3222 2603 3376 2659 Cum
3401 2619 3575 2675 porro
3606 2603 3767 2658 nobis

293 2711 402 2766 per
429 2698 698 2748 nostrum
728 2694 1060 2748 institutum
1087 2710 1204 2748 non
1236 2694 1411 2749 liceat
1439 2709 1569 2748 eam
1599 2694 1991 2765 quaestionem
2041 2695 2238 2750 sinere
2279 2695 2702 2765 indiscussam,
2735 2711 2860 2750 rem
2892 2683 3386 2770 examinabimus
3403 2709 3473 2749 eo
3504 2693 3766 2762 candore,

295 2785 359 2836 ut
388 2781 647 2836 studium
671 2781 922 2852 partium
953 2796 1124 2836 omne
1157 2781 1394 2836 omnino
1424 2785 1764 2851 seponatur.
1797 2782 2098 2838 Habemus
2129 2786 2325 2838 autem
2353 2784 2495 2838 illud
2526 2800 2902 2856 persuasum,
2935 2783 3209 2855 quisquis
3249 2783 3469 2838 horum
3496 2783 3768 2837 librorum

293 2874 501 2926 auctor
547 2871 792 2939 dicatur,
832 2870 976 2924 nihil
1014 2870 1152 2924 hinc
1187 2870 1493 2924 veritatem
1533 2870 1882 2926 catholicam
1912 2871 2107 2926 damni
2148 2887 2496 2942 passuram;
2541 2873 2686 2927 certi
2719 2873 3013 2942 videlicet,
3047 2872 3098 2927 si
3130 2871 3398 2942 scriptor
3427 2872 3524 2926 ille
3555 2870 3626 2926 ad
3655 2886 3766 2925 sm-

297 2961 492 3016 culum
537 2977 636 3028 vn,
687 2962 749 3014 ut
794 2959 918 3012 vult
965 2959 1308 3014 Albertinus
1354 2959 1478 3030 (lib.
1531 2977 1572 3013 ιι
1622 2959 1710 3014 De
1755 2959 1927 3014 Sacr.
1973 2959 2163 3014 Eucli.
2215 2977 2350 3032 pag.
2395 2961 2544 3031 509),
2591 2961 3012 3033 retraheretur,
3064 2963 3163 3014 aut
3204 2961 3386 3015 etiam
3436 2961 3498 3014 in
3554 2977 3671 3029 vm,
3711 2961 3769 3013 ut

293 3051 554 3106 Dallacus
585 3049 710 3119 (lib.
741 3065 802 3101 xu
831 3048 920 3102 De
951 3047 1169 3102 Conlir.
1206 3064 1256 3102 c.
1291 3049 1366 3117 8),
1399 3063 1467 3102 ea
1497 3048 1721 3102 ratione
1751 3049 1926 3102 nobis
1973 3048 2206 3104 futuros
2241 3053 2426 3104 testes
2457 3050 2790 3105 traditionis
2833 3050 2985 3105 duos
3017 3049 3366 3120 episcopos,
3401 3065 3608 3120 nempe
3640 3049 3764 3102 Am-

293 3140 562 3194 brosium
596 3137 682 3192 I)e
708 3137 778 3192 Μ
777 3137 1050 3210 ystcriis,
1085 3139 1142 3191 et
1169 3137 1416 3190 alterum
1448 3136 1537 3191 De
1559 3137 1971 3192 Sacramentis
2001 3139 2482 3194 concionuntem:
2517 3139 2774 3210 quicum
2804 3139 2998 3194 tribus
3027 3141 3126 3193 aut
3155 3141 3416 3210 quatuor
3445 3137 3678 3194 saeculis
3699 3135 3765 3190 ab

291 3230 548 3284 invicem
579 3231 784 3282 essent
816 3225 1094 3297 sejuncti,
1129 3229 1542 3297 argumentum
1573 3225 1850 3280 omnibus
1899 3225 2399 3282 heterodoxorum
2425 3228 2656 3282 cavillis
2687 3226 2942 3282 validius
2993 3227 3353 3298 praeberent.
3393 3229 3538 3283 Rem
3569 3228 3768 3298 itaque,

294 3319 564 3388 deposito
595 3315 857 3387 quolibet
891 3313 1258 3386 praejudicio,
1293 3315 1536 3384 perinde
1570 3314 2064 3385 examinabimus,
2095 3333 2163 3370 ac
2193 3317 2247 3372 si
2276 3333 2432 3372 nunc
2460 3317 2716 3387 primum
2745 3317 3070 3388 agitaretur
3097 3332 3166 3370 ea
3205 3317 3485 3387 quaestio.
3521 3315 3681 3382 Quod
3709 3317 3766 3370 ut

295 3407 531 3464 clariori
560 3405 840 3476 procedat
872 3404 1098 3474 ordine,
1131 3405 1498 3475 argumentis
1531 3407 1704 3475 atque
1733 3404 2045 3473 responsis
2068 3405 2251 3474 partis
2275 3405 2583 3476 utriusque
2606 3406 2760 3459 inter
2780 3420 2847 3459 se
2877 3403 3244 3474 compositis,
3269 3403 3626 3476 adjiciemus
3641 3419 3764 3476 qua:

293 3497 470 3554 nobis
503 3494 598 3550 vel
630 3493 1162 3548 Ambrosianarum
1193 3494 1750 3548 commentationum
1782 3491 1956 3548 lectio
1988 3493 2452 3565 suppeditaverit
2483 3493 2574 3548 vel
2592 3495 2769 3548 etiam
2789 3493 3022 3548 aliunde
3042 3491 3364 3566 contigerit
3380 3510 3562 3566 super
3576 3493 3766 3550 eadem

301 3587 413 3642 hac
445 3585 686 3640 materia
717 3598 1078 3654 comparare.

368 3675 606 3730 Luridis
634 3676 808 3744 atque
843 3672 1070 3727 odiosis
1102 3671 1415 3726 admodum
1449 3671 1751 3727 coloribus
1785 3674 1904 3727 tum
1937 3687 2088 3742 Opus
2116 3671 2332 3742 ipsum,
2356 3675 2477 3726 tum
2507 3673 2809 3727 auctorem
2830 3669 2964 3743 ejus
2999 3671 3329 3744 depingunt
3365 3672 3764 3728 haereticorum

295 3763 586 3820 nonnulli.
639 3761 1022 3832 Bullingerus
1071 3761 1288 3832 (Epist.
1340 3760 1416 3816 ad
1459 3760 1660 3816 Joacli.
1719 3761 1982 3828 Vallian.)
2027 3761 2137 3816 hos
2176 3761 2364 3816 libros
2413 3761 2686 3831 stupidos
2726 3765 2919 3828 vocat,
2963 3775 3156 3832 neque
3195 3761 3427 3816 dubitat
3471 3761 3762 3817 Erasmum

297 3855 591 3920 sensisse,
623 3851 933 3921 mangonis
956 3849 1279 3922 cujuspiam
1309 3851 1418 3904 lioc
1452 3866 1588 3906 esse
1617 3866 1776 3924 opus.
1812 3849 2016 3904 Editor
2035 3849 2308 3905 Cocianaa
2338 3866 2610 3905 censurae
2634 3850 2876 3905 eosdem
2900 3851 3073 3904 etiam
3095 3850 3488 3906 describens:
3534 3850 3681 3906 Nam
3708 3849 3766 3902 in

296 3946 395 3999 liis
424 3941 624 4010 libris,
651 3939 856 4010 inquit,
881 3939 1178 3992 habentur
1198 3938 1378 3992 multa
1406 3938 1578 4009 lalsn,
1605 3939 1865 4011 quaedam
1883 3939 2159 4008 ridicula,
2189 3956 2358 3994 unum
2384 3939 2690 3994 indubiam
2727 3941 3094 4009 lizereticum,
3118 3938 3375 3994 alterum
3415 3940 3566 4013 quod
3591 3955 3758 4010 repu-

293 4037 438 4106 gnat
469 4029 729 4102 dogmati
755 4027 1481 4095 Ambrosmno(Hclmest.
1513 4043 1650 4082 ann.
1687 4027 1864 4095 1655).
1909 4027 2035 4082 Nec
2083 4044 2224 4084 vero
2269 4029 2538 4083 eumdem
2587 4032 2884 4084 auctorem
2937 4029 3302 4083 clementiori
3351 4046 3528 4085 manu
3569 4029 3761 4084 tractat

295 4119 641 4177 Albertinus
667 4133 682 4186 ;
716 4118 773 4170 in
805 4117 907 4170 illo
938 4115 1093 4170 enim
1124 4115 1347 4187 ingenti
1381 4131 1558 4186 opere
1589 4116 1743 4187 quod
1779 4117 2216 4172 consarcinavit
2244 4117 2331 4172 De
2363 4117 2752 4174 Sacramenta
2779 4118 3204 4188 Enclzaristim,
3238 4119 3314 4172 ita
3355 4119 3614 4190 loquitur
3643 4115 3755 4186 (lib.

292 4229 354 4281 υ,
379 4227 437 4281 p.
463 4209 516 4278 i,
533 4225 584 4262 c.
618 4205 774 4275 507.):
811 4204 1122 4259 Ambrosii
1143 4205 1315 4259 simia
1339 4209 1449 4275 est,
1493 4204 1894 4259 barbarismis
1935 4211 2142 4270 scatet,
2169 4206 2346 4261 multa
2366 4206 2544 4261 habet
2567 4223 2807 4278 quorum
2830 4206 3104 4262 nonnulla
3128 4213 3187 4261 et
3218 4207 3494 4274 ridicula,
3519 4205 3759 4262 Ambro-

293 4303 577 4370 sianaque
605 4297 909 4370 gravitate
936 4310 1187 4366 prorsus
1228 4294 1493 4365 indigna,
1543 4293 1816 4349 nonnulla
1855 4295 2246 4366 repugnantia
2277 4301 2335 4350 et
2365 4295 2848 4364 contradictoris,
2885 4294 3160 4350 nonnulla
3194 4295 3373 4350 etiam
3396 4295 3759 4368 simpliciter-

292 4387 445 4443 falsa
468 4407 488 4452 ;
519 4387 719 4457 inepte
750 4383 1064 4449 concludit,
1091 4398 1357 4436 crassum
1377 4381 1572 4436 ell‘utit
1595 4383 1961 4436 mendacium
1985 4403 2002 4436 :
2035 4384 2203 4438 sicne
2221 4384 2525 4456 desiperet
2545 4383 2944 4438 Ambrosius?
2973 4384 3114 4438 Haec
3144 4387 3282 4439 sunt
3301 4385 3564 4440 auctoris
3585 4380 3759 4438 nostri

291 4478 446 4548 apud
475 4475 782 4530 ministros
816 4473 950 4527 illos
985 4471 1198 4544 elogia,
1231 4488 1364 4542 quae
1397 4471 1455 4524 in
1489 4487 1670 4525 unum
1703 4471 1946 4525 collecta
1977 4471 2261 4526 lectorum
2299 4471 2490 4526 oculis
2525 4475 3047 4541 repraesentamus.
3079 4470 3542 4543 Quantacunque
3575 4473 3755 4524 autem

291 4565 582 4622 Albertini
602 4563 856 4636 ejusque
889 4562 1087 4632 operis
1110 4560 1493 4615 admiratione
1517 4563 1826 4615 teneantur
1853 4559 2198 4625 Calviniani,
2223 4561 2560 4630 neutiquam
2583 4563 2776 4615 tamen
2800 4559 2925 4616 fore
2949 4560 3268 4629 credimus,
3290 4564 3352 4614 ut
3373 4576 3576 4616 eorum
3595 4555 3754 4630 paulo

290 4655 685 4710 modestiores
707 4652 888 4723 hujus
911 4668 978 4704 ac
997 4650 1277 4705 similium
1301 4651 1656 4719 scriptorum
1681 4649 2058 4719 intemperies
2082 4649 2384 4718 probaturi
2403 4649 2540 4704 sint.
2566 4649 2714 4702 Nam
2737 4648 2876 4704 licet
2897 4649 3168 4704 minister
3187 4649 3282 4703 ille
3302 4649 3472 4703 unico
3495 4645 3756 4703 veritatis

292 4758 490 4799 amore
528 4744 590 4796 in
622 4759 689 4795 eo
723 4741 998 4794 inductus
1037 4740 1207 4808 (Ibid.
1244 4739 1356 4793 col.
1403 4739 1456 4808 1)
1491 4739 1631 4792 velit
1661 4738 1869 4807 videri,
1919 4737 2117 4792 nullus
2167 4738 2268 4808 qui
2317 4739 2444 4791 haec
2479 4737 2710 4808 legerit,
2754 4753 2888 4792 eum
2925 4737 3106 4792 multo
3133 4736 3558 4792 vehementiori
3586 4736 3754 4790 sectas

291 4850 418 4889 sua)
452 4847 690 4902 quoquo
724 4829 896 4884 modo
920 4828 1238 4898 epitulandi
1264 4827 1579 4897 cupiditate
1616 4830 1943 4898 permotum
1981 4842 2100 4880 non
2139 4825 2558 4896 deprehendet.
2597 4825 2660 4880 Si
2695 4827 2850 4880 enim
2888 4826 3080 4897 qualis
3120 4827 3178 4880 in
3210 4827 3322 4880 ista
3355 4825 3565 4880 tabella
3594 4821 3754 4878 exhi-

287 4923 460 4978 betur
490 4922 584 4976 hic
615 4922 838 4987 auctor,
875 4918 1007 4971 talis
1037 4933 1242 4972 revera
1267 4915 1618 4985 exstitisset,
1654 4915 1711 4970 id
1741 4919 1852 4984 est,
1889 4915 2155 4986 ignarus,
2189 4915 2496 4985 impostor,
2519 4915 2760 4986 ingenio
2789 4915 3051 4970 absurdo
3083 4917 3140 4969 et
3160 4914 3445 4982 ridiculo;
3478 4913 3614 4985 quid
3644 4914 3752 4965 sta-

285 5011 568 5067 tuendum
599 5009 670 5062 de
703 5011 782 5062 tol
814 5007 1108 5076 tantisque
1138 5006 1306 5076 viris,
1340 5005 1437 5076 qui
1471 5005 1712 5060 easdem
1744 5004 2267 5059 commentationes
2298 5019 2405 5074 per
2458 5007 2541 5058 tot
2585 5003 2806 5058 saecula
2856 5003 3082 5058 doctori
3116 5008 3322 5058 nostro
3359 4998 3749 5065 attribuerint;

288 5118 421 5155 cum
455 5099 684 5154 interim
715 5111 920 5150 eorum
953 5095 1172 5149 nemini
1205 5110 1410 5148 crassa
1441 5095 1538 5147 illa
1589 5095 1914 5161 mendacia,
1950 5109 2168 5164 graves
2218 5092 2740 5161 contradictiones,
2775 5091 3100 5147 deridicula
3149 5094 3495 5159 commenta,
3530 5089 3749 5160 penitus

286 5189 681 5246 Ambrosiano
712 5185 988 5253 candore,
1022 5184 1311 5252 acumine,
1343 5199 1412 5236 ac
1439 5182 1664 5253 judicio
1703 5183 1944 5255 indigna
1967 5197 2105 5237 esse
2127 5181 2489 5236 subolevcrit
2509 5183 2538 5236 ‘?
2567 5180 2777 5236 Nonne
2800 5195 2944 5234 vero
2967 5180 3138 5234 etiam
3158 5178 3520 5235 Albertinum
3541 5175 3748 5248 pudere

286 5280 588 5347 debuerat,
623 5276 779 5348 quod
810 5277 1111 5328 auctorem
1143 5288 1258 5326 non
1294 5272 1468 5326 modo
1501 5270 1898 5342 proletarium,
1934 5271 2041 5326 sed
2072 5271 2245 5326 etiam
2293 5273 2533 5341 propter
2581 5273 2662 5324 tot
2695 5269 2935 5341 flagitia,
2977 5269 3030 5324 si
3063 5285 3176 5340 qua
3223 5268 3340 5340 ipsi
3369 5266 3536 5336 fides,
3575 5261 3749 5333 capite

285 5369 654 5434 diminutum,
688 5365 748 5418 in
777 5363 1133 5418 sententiam
1164 5378 1334 5416 suam
1366 5361 1610 5415 invitum
1642 5360 1985 5431 pertrahere
2014 5364 2174 5415 tanto
2207 5362 2420 5415 conatu
2451 5359 2690 5414 molitus
2723 5358 2948 5414 fuerit?
2977 5357 3146 5412 Illum
3174 5357 3248 5412 ab
3289 5373 3357 5412 eo
3385 5354 3555 5427 plane
3584 5366 3744 5423 aper-

281 5461 456 5529 teque
487 5454 776 5526 rejectum
809 5453 1149 5524 Oportebat;
1183 5467 1483 5523 nunquam
1513 5451 1670 5506 enim
1701 5451 2018 5522 quisquam
2049 5449 2286 5504 inducet
2315 5449 2374 5503 in
2405 5449 2662 5503 animum
2694 5447 2915 5519 aliquid
2947 5445 3213 5502 utilitatis
3243 5462 3318 5502 ex
3356 5445 3458 5500 illo
3487 5445 3632 5498 teste
3646 5453 3748 5529 Ie-

283 5525 539 5602 diturum
558 5525 640 5598 ad
669 5543 1044 5607 Calvinistas,
1079 5557 1256 5612 quem
1279 5556 1412 5595 cum
1443 5539 1501 5594 in
1533 5538 1734 5594 verbis
1771 5537 2148 5612 Evangelicis
2182 5538 2487 5593 mentitum
2515 5536 2716 5606 velint,
2753 5551 2922 5608 aeque
2969 5535 3200 5592 mentiri
3248 5535 3518 5607 potuisse
3560 5529 3617 5584 in
3645 5525 3750 5582 Eu-

285 5635 564 5691 charistia
592 5633 834 5688 dubium
863 5648 984 5687 non
1017 5631 1114 5686 sit.
1147 5629 1435 5696 Quoniam
1463 5631 1656 5684 autem
1686 5643 1894 5684 eorum
1923 5628 2098 5684 etiam
2127 5642 2231 5684 ore
2262 5627 2363 5700 qui
2385 5624 2697 5682 atl‘ectibus
2727 5624 3152 5698 impensissine
3173 5623 3582 5700 obsequuntur
3604 5615 3744 5686 suis,

283 5722 635 5808 quandoque
663 5721 885 5778 veritas
915 5718 1252 5800 profertur;
1281 5717 1572 5778 Albertini
1604 5717 1998 5799 objectiones,
2028 5717 2092 5776 in
2121 5717 2340 5798 quibus
2369 5716 2470 5776 ille
2515 5714 2757 5778 Coeiani
2799 5714 3042 5777 editoris
3092 5715 3317 5796 (supra.
3373 5710 3518 5788 cit.),
3563 5702 3745 5770 κενου
