4024 6176
318 236 428 307 429
1341 233 1453 304 DE
1483 234 2094 303 SACRAMENTIS.
2136 269 2215 287 -—
2242 233 2746 305 ADMONITIO.
3667 238 3789 301 430

325 444 491 515 (Crit.
524 458 718 498 sacra.
741 441 846 497 lib.
880 458 963 512 ιιι,
997 457 1049 496 c.
1083 440 1173 508 18)
1203 443 1262 495 et
1290 441 1539 497 aliorum
1571 440 1908 511 complures
1939 456 2007 493 ac
2037 438 2370 509 praecipuas
2401 441 2494 493 est
2524 437 2889 508 complexus,
2915 437 3157 507 perinde
3190 436 3685 507 examinabimus,
3720 453 3789 491 ac

325 535 374 589 si
403 535 602 604 pacato
634 531 830 585 animo
862 533 919 585 et
948 530 1201 584 maxime
1232 529 1420 584 libero
1442 533 1932 600 proponerentur.

391 623 586 692 Itaque
623 620 862 691 petitam
893 635 971 674 ex
998 619 1168 673 hisce
1215 618 1421 673 verbis
1454 634 1468 673 :
1499 619 1639 673 Ideo
1672 619 1869 673 Romae
1916 616 2127 672 fideles
2166 618 2462 687 dicuntur,
2498 619 2632 686 etc.,
2686 615 3078 687 objectionem
3120 617 3207 671 sic
3240 617 3335 671 ille
3364 618 3537 688 urget
3568 615 3692 685 (lib.
3725 632 3786 683 ιι,
3830 670 3843 679 _

322 727 448 782 pag.
480 707 605 778 507,
652 708 763 763 col.
788 708 842 777 Ξ)
878 724 890 762 :
931 707 1114 772 Quasi
1155 723 1297 762 vero
1343 707 1469 762 haec
1505 705 1820 778 appellatio
1850 706 2048 760 Romae
2079 705 2409 777 peculiaris
2451 711 2633 760 esset.
2669 706 2749 758 At
2780 704 2990 776 ubique
3025 706 3346 759 communis
3380 705 3509 758 suis
3550 708 3701 771 crat,
3730 704 3790 755 in

328 797 583 867 Oriente,
598 797 661 851 in
679 796 965 866 Meridie,
989 797 1054 850 in
1076 795 1520 867 Septentrione,
1546 798 1607 848 in
1633 795 1973 850 Occidente.
1994 794 2352 849 Ambrosius
2366 796 2611 865 ipsemet
2633 793 2960 847 Mediolani
2981 793 3089 847 hac
3115 794 3391 847 utebatur
3416 794 3474 846 in
3514 792 3794 864 genuims

319 889 436 942 suis
470 887 737 959 scriptis.
789 885 1132 955 Respondet
1163 885 1254 940 vir
1303 885 1375 939 cl.
1410 885 1541 939 Nat.
1577 884 1913 938 Alexander
1952 884 2131 949 (Hist.
2155 882 2320 937 Eccl.
2356 898 2477 937 saec
2510 899 2587 952 IV,
2621 898 2676 950 ρ.
2712 882 2762 950 1,
2797 880 2827 951 ἒ
2856 882 2907 950 ‘2,
2938 897 3074 951 pag.
3110 882 3235 947 503)
3254 897 3362 935 nec
3394 882 3453 934 in
3485 880 3792 935 codicibus

325 977 577 1032 melioris
610 979 764 1031 nota:
787 977 946 1045 (puta
973 990 1180 1029 eorum
1210 990 1362 1046 quos
1395 974 1709 1029 consulere
1760 974 1887 1043 ipse
1939 972 2124 1039 licuit)
2162 987 2272 1024 nec
2320 971 2379 1024 in
2410 970 2768 1025 editionibus
2801 969 3293 1036 arcuratioribus,
3329 985 3538 1037 nempe
3581 984 3656 1022 ex
3704 969 3792 1021 eis

324 1083 446 1138 quae
478 1065 553 1120 ad
585 1066 866 1120 Romanae
898 1064 1147 1119 formam
1177 1079 1487 1134 expressae
1510 1065 1667 1132 sunt,
1693 1061 1898 1116 haberi
1930 1076 2138 1115 vocem
2166 1059 2363 1114 Romae
2398 1077 2409 1115 :
2444 1060 2503 1113 in
2533 1059 2954 1128 manuscriptis
2986 1062 3180 1112 autem
3212 1058 3312 1111 ubi
3344 1057 3611 1125 habetur,
3648 1056 3796 1109 illud

322 1154 449 1209 hinc
472 1154 710 1224 factum,
745 1153 901 1225 quod
931 1169 1039 1223 pro
1071 1152 1299 1223 syllaba
1330 1152 1433 1206 Rae
1462 1151 1521 1205 in
1544 1166 1746 1206 eorum
1784 1149 2083 1205 nonnullis
2105 1148 2612 1219 ascriptaquidam
2631 1147 2882 1218 legerint
2906 1146 3122 1216 Romae,
3159 1162 3292 1200 cum
3323 1146 3524 1217 legere
3557 1145 3797 1199 debuis-

324 1246 448 1299 sent
477 1248 678 1312 recte;
712 1257 903 1312 neque
933 1256 1076 1295 vero
1099 1239 1421 1311 quidquam
1448 1238 1687 1294 obstare
1718 1238 1876 1310 quod
1906 1237 2099 1308 posita
2129 1237 2206 1291 sit
2236 1237 2640 1308 diphthongus
2665 1252 2770 1307 pro
2802 1235 3078 1306 simplici,
3113 1236 3328 1306 quippe
3371 1250 3620 1304 quarum
3655 1248 3797 1302 pro-

325 1332 584 1387 miscuus
613 1346 766 1386 usus
796 1333 1071 1385 occurrat
1111 1329 1172 1383 in
1219 1329 1461 1399 scriptis
1490 1327 1684 1382 libris.
1738 1328 1904 1381 Hanc
1947 1326 2185 1397 quidem
2216 1329 2439 1396 partem
2471 1326 2847 1381 verissimam
2877 1340 3015 1379 esse
3047 1341 3165 1379 non
3198 1324 3536 1389 difﬁtemur,
3570 1324 3711 1393 quin
3743 1327 3798 1378 et

323 1419 701 1476 addimustoti
737 1418 1018 1474 solutioni
1059 1417 1257 1472 favere
1290 1417 1446 1471 haud
1476 1416 1872 1485 mediocriter,
1906 1415 2064 1486 quod
2093 1414 2225 1470 loco
2260 1415 2455 1469 Romae
2484 1416 2544 1469 in
2576 1414 2765 1469 tribus
2798 1414 3126 1483 codicibus,
3189 1413 3464 1467 nimirum
3494 1412 3795 1481 Vaticano,

326 1511 530 1582 Regio,
565 1524 634 1563 ac
664 1508 967 1578 Thuaneo,
1000 1506 1218 1578 legitur
1248 1512 1414 1561 recte
1432 1506 1664 1560 nomine
1700 1521 1714 1574 ;
1748 1520 1853 1574 pro
1885 1520 2001 1575 quo
2044 1504 2307 1557 Romana
2352 1503 2529 1557 editio
2560 1503 2904 1557 adverbium
2935 1508 3102 1556 recte
3153 1501 3537 1556 substitutum
3559 1502 3797 1557 maluit:

325 1601 725 1654 verumtamen
756 1612 828 1651 ne
861 1595 999 1650 huic
1029 1595 1291 1666 opinioni
1321 1595 1560 1649 omnino
1592 1593 2067 1662 subscribamus,
2102 1592 2241 1646 facit
2272 1593 2830 1661 manuscriptorum,
2864 1592 2923 1645 in
2953 1591 3171 1661 quibus
3201 1607 3321 1645 vox
3342 1590 3540 1644 Romae
3569 1591 3802 1661 integra

321 1691 527 1755 exstat,
561 1701 846 1741 numerus
877 1687 1051 1756 atque
1081 1684 1423 1756 antiquitas.
1458 1682 1689 1738 Etenim
1705 1698 1779 1737 ex
1810 1682 1964 1737 omni
1998 1681 2365 1735 multitudine
2381 1680 2556 1751 cujus
2579 1681 2919 1750 paravimus
2950 1680 3288 1749 varietates,
3317 1679 3585 1749 exceptis
3610 1680 3801 1734 tribus

323 1776 685 1845 memoratis,
722 1790 954 1829 necnon
982 1773 1115 1827 aliis
1146 1773 1401 1840 duobus,
1434 1771 1495 1826 in
1517 1772 1736 1844 quibus
1768 1771 2081 1841 antiquarii
2103 1770 2276 1839 lapsu
2306 1769 2594 1839 scriptum
2611 1772 2703 1824 est
2733 1776 2980 1837 rotome,
3016 1768 3113 1821 alli
3147 1767 3451 1822 sexdecim
3481 1782 3633 1837 quos
3653 1767 3805 1822 inter

323 1864 747 1937 Benignianus,
775 1862 1093 1919 Rcmensis
1125 1866 1181 1917 et
1210 1862 1699 1916 Claromontanus
1740 1864 2022 1930 superant
2071 1874 2258 1912 annos
2308 1857 2431 1923 800,
2481 1859 2798 1912 dictionem
2822 1858 3020 1912 Romae
3049 1856 3179 1910 suis
3210 1856 3423 1910 litteris
3454 1872 3805 1925 expressam

317 1970 435 2025 prie
456 1970 527 2008 se
560 1952 776 2007 ferunt.
804 1951 957 2005 Huic
988 1951 1162 2004 etiam
1193 1949 1442 2018 accedit,
1475 1948 1632 2019 quod
1661 1948 2164 2002 abbreviationem
2196 1947 2314 2017 isti,
2348 1947 2419 2000 de
2453 1963 2567 2018 qua
2596 1947 2813 2018 agitur,
2848 1946 3101 1999 similem
3134 1961 3426 2015 nusquam
3448 1945 3801 2015 reperimus.

320 2041 629 2096 Credimus
659 2041 841 2112 igitur
860 2038 1125 2093 eamdem
1158 2038 1315 2091 illam
1344 2053 1552 2093 vocem
1604 2036 1699 2091 hic
1739 2042 2017 2117 ἐμφατικῶς
2058 2050 2196 2089 esse
2226 2034 2498 2104 positam,
2556 2038 2617 2088 ut
2647 2034 2781 2104 plus
2826 2034 3198 2105 signiﬁcetur
3227 2049 3402 2103 quam
3433 2034 3800 2103 exprimitur.

325 2130 522 2201 Itaque
552 2130 711 2183 idem
740 2129 869 2196 erit,
901 2127 1099 2181 Romae
1128 2125 1340 2181 fideles
1368 2126 1667 2195 dicuntur,
1702 2140 1771 2179 ac
1805 2126 1858 2179 si
1898 2125 2152 2179 dixisset
2198 2140 2318 2179 non
2349 2124 2542 2179 solum
2590 2124 2649 2177 in
2690 2124 2801 2177 hac
2832 2126 2930 2177 aut
2985 2124 3046 2175 in
3075 2122 3187 2176 alia
3220 2122 3481 2193 qualibet
3512 2122 3802 2190 Ecclesia,

322 2234 531 2274 verum
563 2218 737 2272 etiam
765 2217 827 2271 in
867 2214 1128 2270 omnium
1174 2214 1548 2269 nobilissima
1594 2213 1868 2283 baptizati
1897 2213 2104 2269 fideles
2149 2215 2543 2268 nominantur.
2606 2212 2675 2265 Et
2707 2212 2845 2266 huic
2895 2214 3116 2265 nostrae
3148 2211 3615 2280 interpretationi
3649 2211 3809 2265 favet

320 2305 606 2377 particula
638 2310 717 2373 et,
750 2318 925 2374 quam
956 2301 1247 2356 vocabulo
1276 2300 1473 2355 Romae
1520 2301 1894 2370 praemissam
1926 2300 2268 2357 observavit
2296 2302 2356 2356 in
2386 2301 2693 2356 codicibus
2743 2300 2967 2371 aliquot
3006 2300 3162 2353 idem
3194 2299 3550 2368 Alexander,
3575 2315 3807 2369 nosque

322 2396 379 2449 in
405 2394 683 2465 pluribus
715 2395 1054 2447 nostrorum
1085 2388 1603 2460 deprehendimus.

383 2482 530 2547 Quae
562 2481 721 2536 idem
751 2479 1095 2535 Albertinus
1127 2478 1335 2548 objicit
1352 2478 1509 2549 (loco
1539 2479 1659 2547 cit.,
1691 2494 1827 2550 pag.
1862 2478 1987 2549 508,
2024 2480 2136 2535 col.
2174 2479 2226 2550 1)
2252 2480 2452 2533 contra
2475 2478 2910 2547 expositionem
2932 2477 3253 2532 verborum
3277 2475 3529 2546 Domini,
3560 2476 3807 2546 Oportet

322 2573 475 2627 enim
494 2586 606 2624 nos
621 2568 874 2641 implere
896 2582 1121 2623 omnem
1133 2567 1454 2639 justitiam,
1480 2582 1590 2621 nec
1621 2582 1739 2622 non
1771 2571 1973 2622 contra
2004 2568 2332 2623 doctrinam
2362 2568 2433 2622 de
2464 2567 2714 2621 secretis
2746 2566 3025 2637 precibus
3058 2566 3130 2621 ab
3164 2566 3375 2621 eodem
3405 2568 3645 2620 auctore
3676 2582 3810 2636 pro—

320 2660 599 2730 positam,
632 2658 780 2712 adeo
811 2657 967 2712 levia
998 2658 1155 2726 sunt,
1189 2658 1252 2710 ut
1281 2655 1409 2710 sola
1437 2655 1706 2711 locorum
1742 2657 2111 2728 inSpectione
2142 2658 2336 2728 possit
2365 2656 2558 2712 evinci
2580 2672 2690 2712 nec
2726 2657 2920 2727 inepte
2955 2656 3331 2726 concludere,
3367 2670 3477 2709 nec
3507 2654 3807 2725 desipere,

322 2764 499 2820 quem
525 2746 616 2801 sic
638 2745 883 2800 deridet.

389 2836 647 2891 Gravior
667 2837 759 2888 est
788 2849 932 2888 sane
964 2850 1098 2905 quae
1135 2833 1405 2904 sequitur
1431 2834 1731 2889 accusatio
1747 2833 1807 2889 in
1823 2834 1918 2889 illa
1954 2835 2132 2890 verba
2167 2851 2179 2890 :
2218 2837 2499 2890 Crassum
2521 2833 3113 2904 etl'utitmendacium,
3134 2835 3218 2888 ait
3240 2834 3395 2888 enim
3420 2833 3727 2889 Dominum
3751 2834 3812 2887 in

318 2923 923 2980 OrationeDeminica
942 2938 1053 2978 non
1077 2921 1466 2977 dixissezNe
1483 2938 1590 2977 nos
1607 2924 2367 2988 indueasintentationem;
2392 2924 2519 2993 sed,
2559 2924 2653 2978 Ne
2688 2921 2946 2994 patiaris
2983 2938 3088 2977 nos
3152 2923 3355 2977 induci
3402 2923 3463 2975 in
3514 2923 3799 2977 tentatic~

322 3028 450 3067 nem
473 3011 661 3081 (Ibid.
717 3012 830 3065 col.
864 3011 940 3080 2).
966 3009 1089 3074 Qua
1122 3010 1528 3066 criminatione
1559 3000 1699 3082 quid
1738 3012 1799 3065 in
1849 3012 2273 3084 Evangelicum
2306 3028 2640 3082 praeconem
2672 3011 2933 3067 atrocius
2967 3011 3226 3066 conferri
3256 3013 3452 3081 potest
3482 3012 3509 3064 ἱ)
3539 3013 3810 3065 Attamen

317 3103 638 3156 accusator
678 3099 738 3154 in
788 3115 858 3154 eo
906 3099 1113 3153 infelix
1145 3098 1271 3167 fuit,
1305 3099 1463 3170 quod
1510 3100 1609 3154 teli
1650 3103 1808 3155 tanto
1854 3102 1991 3155 nisu
2040 3101 2315 3155 destinati
2362 3104 2536 3172 atque
2582 3101 2792 3155 vibrati
2833 3117 3047 3155 cassus
3087 3101 3258 3170 plane
3289 3117 3358 3154 ac
3388 3100 3613 3153 inutilis
3654 3101 3808 3154 ictus

324 3189 558 3244 cecidit.
597 3188 744 3242 Nam
769 3203 903 3241 cum
931 3187 1061 3257 ipse
1090 3191 1379 3259 agnoscat
1407 3188 1615 3243 eodem
1640 3189 1812 3243 modo
1845 3189 2069 3261 legisse
2100 3189 2476 3261 Cyprianum,
2510 3190 2668 3260 quod
2711 3190 2930 3243 ibidem
2962 3189 3274 3260 subjungit
3318 3205 3329 3243 :
3370 3188 3494 3242 Sed
3516 3188 3678 3242 aliud
3713 3195 3806 3242 est

319 3280 400 3333 ita
414 3278 645 3350 legere,
691 3276 852 3332 aliud
873 3276 1198 3346 afﬁrmare,
1220 3276 1525 3331 Dominum
1543 3278 1633 3331 sic
1665 3294 1800 3333 esse
1820 3278 2092 3348 locutum,
2137 3295 2249 3334 non
2271 3278 2471 3346 aliter,
2504 3294 2662 3332 mera
2695 3278 3081 3348 sycophantia
3113 3281 3222 3331 est.
3259 3277 3370 3341 Qui
3404 3278 3562 3331 enim
3596 3278 3810 3331 oratio-

325 3384 458 3422 nem
493 3366 733 3438 qualem
763 3383 796 3420 a
824 3364 1061 3420 Christo
1092 3366 1356 3420 instituta
1388 3368 1481 3421 est
1502 3382 1860 3438 memorans,
1893 3371 2124 3422 sextam
2153 3368 2313 3422 illius
2341 3368 2682 3437 petitionem
2710 3365 2876 3421 effert
2920 3366 3015 3421 hic
3051 3367 3251 3420 verbis
3296 3382 3308 3421 :
3341 3366 3424 3419 Et
3462 3382 3535 3419 ne
3551 3367 3813 3437 patiaris

326 3472 429 3511 nos
451 3455 662 3510 induci
682 3455 743 3507 in
768 3455 1172 3523 tentationem,
1205 3470 1400 3510 annon
1422 3456 1687 3509 eamdem
1716 3455 1951 3511 diversa
1973 3457 2263 3510 sententia
2295 3472 2644 3526 expressam
2662 3456 2757 3509 sin
2777 3455 2973 3510 minus
2997 3471 3118 3523 ore,
3155 3456 3366 3509 saltem
3380 3454 3554 3509 animi
3591 3455 3812 3527 cogita-

324 3544 484 3598 tione
516 3542 752 3597 abunde
783 3544 999 3613 negat‘?
1029 3541 1235 3612 Neque
1267 3542 1530 3612 profecto
1562 3542 1866 3597 incurrere
1906 3543 2003 3597 hic
2036 3548 2237 3599 ructor
2265 3545 2466 3599 debuit
2487 3545 2834 3598 temeritatis
2866 3548 2964 3598 aut
2996 3544 3285 3598 mendacii
3320 3544 3573 3613 crimen;
3595 3545 3812 3615 quippe

328 3633 421 3686 cui
450 3631 737 3703 prmsidio
761 3634 965 3685 essent
989 3631 1325 3700 complures
1358 3630 1700 3685 Latinorum
1732 3632 2100 3701 codicum,ut
2120 3633 2303 3704 liquet
2325 3633 3002 3705 Augustiniauctoritate
3026 3633 3135 3701 (Dc
3163 3633 3321 3688 Dono
3357 3634 3612 3688 Persev.
3637 3650 3687 3687 c.
3709 3634 3807 3703 6.).

402 3719 606 3792 Atqui,
642 3719 791 3774 forte
825 3719 1317 3790 instabitaliquis,
1346 3736 1479 3774 cum
1508 3721 1731 3775 Auctor
1760 3720 2042 3791 alibi(lib.
2070 3738 2122 3791 ν,
2148 3738 2275 3792 cap.
2313 3722 2369 3791 4)
2402 3722 2737 3776 consultum
2766 3722 2873 3776 abs
2897 3739 2963 3776 se
2990 3722 3262 3777 Graecum
3299 3722 3513 3776 idioma
3537 3722 3815 3776 testifice-

331 3809 423 3864 tur
456 3825 470 3865 :
496 3825 609 3863 cur
637 3808 750 3862 hoc
780 3808 912 3862 loco
930 3808 1072 3862 illud
1096 3808 1189 3863 vel
1221 3808 1517 3878 inspicere
1557 3809 1836 3880 neglexit,
1879 3811 1969 3864 vel
2010 3811 2382 3881 comtempsit
2418 3812 2750 3881 inspectum
2770 3813 2799 3864 ‘?
2829 3813 3203 3883 Augustinus
3235 3811 3392 3865 enim
3409 3811 3618 3865 eodem
3640 3811 3813 3865 citato

329 3897 481 3952 libro
515 3896 827 3967 proﬁtetur
859 3896 972 3950 sibi
998 3912 1117 3950 non
1145 3896 1393 3951 licuisse
1425 3897 1581 3951 aliud
1605 3898 1922 3969 quidquam
1957 3900 2218 3969 reperire
2243 3902 2303 3953 in
2331 3900 2558 3955 Grmcis
2590 3900 3051 3970 exemplaribus,
3087 3901 3205 3954 nisi
3227 3900 3320 3954 Ne
3354 3916 3458 3955 nos
3495 3899 3728 3954 inferas
3752 3902 3815 3953 in

330 3987 741 4041 tentationem.
766 3983 1047 4049 Quamvis
1079 3987 1272 4039 autem
1303 3985 1357 4039 ei
1380 3985 1700 4056 objectioni
1718 3987 1882 4042 color
1897 3988 2189 4043 obductus
2220 3989 2489 4044 videatur
2508 3989 2681 4059 paulo
2704 3990 3105 4058 verisimilior,
3128 3990 3514 4044 nihilominus
3543 3990 3817 4059 expedita

329 4074 651 4145 responsio
683 4076 793 4128 est.
829 4073 1146 4128 Enimvero
1177 4091 1311 4129 cum
1333 4075 1405 4129 de
1427 4075 1575 4130 solis
1606 4076 1724 4131 illis
1751 4076 2059 4133 codicibus
2090 4095 2242 4150 quos
2272 4079 2401 4149 ipse
2433 4079 2633 4150 legere
2655 4081 2942 4148 potuerat,
2964 4078 3238 4149 loquatur
3265 4078 3818 4150 Augustinus‘,quid

335 4166 495 4219 vetet
533 4162 855 4234 quominus
878 4162 1115 4233 quidam
1146 4162 1389 4218 alterius
1421 4165 1744 4235 provincias
1776 4165 2015 4221 codices
2056 4166 2292 4221 diverse
2333 4167 2645 4221 habuerint
2680 4166 2831 4220 hanc
2860 4168 3254 4221 sententiam?
3297 4167 3421 4221 Nec
3462 4170 3653 4220 tamen
3686 4167 3812 4235 fuit,

335 4268 442 4307 cur
478 4251 753 4306 adeunda
776 4250 892 4305 sibi
928 4254 1158 4321 putaret
1191 4252 1397 4307 Graeca
1433 4253 1810 4325 exemplaria,
1837 4270 1969 4310 cum
2004 4256 2077 4309 ad
2111 4256 2588 4328 persuadendum
2622 4271 2756 4311 eum
2778 4259 2860 4311 tot
2894 4256 3233 4311 Latinorum
3275 4270 3611 4311 consensus
3643 4255 3816 4309 suffi-

337 4345 517 4396 ceret.
2891 4400 2893 4403 -

406 4429 572 4484 Idem
590 4444 733 4484 vero
771 4429 869 4483 ille
899 4428 1186 4496 minister,
1220 4431 1479 4486 auctoris
1527 4431 1658 4487 loco
1700 4432 1770 4486 de
1804 4433 2019 4503 pedum
2052 4433 2270 4490 lotione
2308 4436 2502 4491 fusius
2541 4435 2860 4505 exscripto,
2884 4436 2979 4489 illa
3001 4434 3245 4505 subjicit
3273 4435 3427 4501 (loco
3448 4434 3566 4502 cit.,
3601 4451 3657 4504 p.
3691 4435 3815 4502 508,

339 4517 451 4573 col.
490 4519 543 4588 1)
584 4535 597 4572 :
626 4518 812 4590 Atqui
831 4518 893 4571 in
928 4518 1036 4572 hoc
1072 4519 1349 4573 discursu
1380 4526 1606 4590 praeter
1624 4521 1939 4576 locutionis
1960 4522 2305 4578 barbariem
2331 4524 2608 4593 (fatemur
2628 4526 2898 4577 autemin
2927 4525 3038 4577 hoc
3061 4524 3338 4576 discursu
3359 4522 3561 4576 inesse
3600 4522 3819 4576 barba-

339 4607 506 4677 riem,
544 4608 653 4661 sed
683 4606 1015 4676 Albertini),
1041 4608 1237 4678 primo
1257 4608 1495 4663 falsitas
1516 4617 1628 4663 est.
1659 4610 1801 4675 Quis
1823 4612 1977 4664 enim
1996 4612 2201 4666 dicere
2228 4619 2434 4684 posset
2466 4613 2885 4666 Ambrosius...
2912 4628 2978 4665 se
3002 4612 3276 4665 Romanae
3308 4610 3599 4665 Ecclesiae
3624 4617 3819 4683 typum
3908 4614 3921 4623 ⁵

339 4702 396 4750 et
418 4695 670 4750 formam
691 4697 754 4750 in
775 4696 1045 4751 omnibus
1060 4697 1247 4769 sequi,
1270 4714 1395 4751 cum
1414 4699 1837 4770 exAugustino
1872 4707 2100 4754 constet
2120 4701 2358 4755 Romam
2381 4708 2437 4755 et
2453 4700 2850 4755 Mediolanum
2870 4701 2930 4751 in
2946 4700 3319 4753 caeremoniis
3332 4699 3639 4771 plerisque
3655 4701 3823 4755 inter

340 4800 406 4839 se
435 4785 765 4840 variasse?.
791 4785 1022 4840 Deinde
1039 4792 1096 4840 et
1118 4787 1543 4851 contradictio;
1562 4804 1691 4841 nam
1704 4794 2009 4859 pestpuam
2032 4789 2290 4843 dixisset
2322 4806 2333 4843 :
2370 4789 2437 4842 In
2460 4788 2729 4843 omnibus
2750 4788 2916 4858 cupio
2939 4788 3106 4858 sequi
3124 4787 3456 4841 Ecclesium
3480 4789 3815 4855 Romanam,

338 4872 503 4928 illico
525 4880 720 4928 tamen
744 4874 1283 4946 quasipalinodiam
1301 4891 1485 4945 agens
1506 4878 1585 4946 (et
1613 4876 1724 4931 hoc
1755 4877 1927 4930 etiam
1960 4893 2135 4947 quam
2160 4878 2427 4930 Latinum
2460 4878 2520 4930 in
2550 4866 2831 4930 Censoris
2855 4876 3001 4930 adeo
3030 4876 3223 4929 severi
3256 4877 3587 4932 elocutione
3606 4875 3668 4945 l),
3712 4878 3823 4931 sed

342 4967 540 5017 tamen
563 4969 621 5017 et
639 4978 747 5018 nos
766 4963 1054 5031 homines,
1085 4963 1294 5035 inquit,
1320 4979 1557 5018 sensum
1580 4965 1884 5033 habemus,
1910 4965 2044 5019 ideo
2075 4966 2224 5037 quod
2261 4966 2408 5019 alibi
2435 4966 2664 5019 rectius
2694 4973 2996 5033 servatur,
3026 4971 3083 5019 ct
3109 4982 3211 5019 nos
3235 4973 3400 5019 recte
3437 4967 3817 5021 custodimus.

336 5050 427 5105 Ac
460 5068 701 5105 rursum
727 5058 1033 5123 postquam
1058 5052 1318 5106 dixisset
1339 5073 1355 5105 .-
1377 5052 1501 5107 Hoc
1522 5053 1658 5107 ideo
1679 5053 1810 5107 dico
1848 5069 1960 5107 non
2004 5054 2152 5125 quod
2184 5054 2333 5109 alios
2365 5055 2820 5125 reprehendam,
2846 5055 3044 5109 subito
3075 5055 3211 5109 illos
3243 5056 3655 5126 reprehendit,
3706 5060 3818 5110 etc.

343 5138 563 5194 Verum
585 5140 645 5195 in
675 5140 770 5194 his
800 5140 1077 5195 omnibus
1108 5141 1267 5212 quod
1298 5141 1414 5195 sibi
1444 5143 1806 5196 contradicat
1836 5142 1980 5196 nihil
2012 5143 2302 5213 invenias,
2330 5144 2383 5197 si
2414 5144 2587 5197 modo
2619 5160 2687 5198 ea
2719 5144 2986 5211 candide,
3021 5146 3193 5215 atque
3225 5161 3298 5199 ex
3323 5145 3565 5199 humani
3594 5161 3820 5199 sermo-

341 5228 436 5282 nis
468 5229 899 5283 consuetudine
931 5230 1302 5300 interpretari
1333 5230 1618 5285 volueris.
1652 5230 1795 5295 Quis
1827 5231 1982 5285 enim
2022 5235 2115 5285 eat
2153 5232 2384 5285 inficias
2418 5232 2518 5285 ubi
2549 5232 2761 5285 dicitur
2793 5248 2805 5286 :
2842 5232 3023 5302 Cupio
3053 5234 3222 5304 sequi
3242 5233 3577 5287 Ecclesium
3616 5234 3822 5288 Roma-

345 5316 637 5381 nam;sed
657 5324 851 5371 tamen
883 5323 943 5371 et
974 5334 1079 5372 nos
1128 5318 1399 5372 homines
1446 5335 1667 5385 sumus,
1701 5324 1837 5389 etc.,
1890 5336 2007 5374 non
2053 5320 2381 5390 simplicem
2422 5323 2521 5374 aut
2550 5321 2907 5390 absolutum,
2940 5324 3003 5374 ut
3034 5324 3267 5391 vocant,
3301 5323 3407 5375 sed
3460 5321 3823 5375 conditiona-

343 5403 458 5458 lem
497 5420 636 5459 esse
676 5406 1259 5478 sententiam;atque
1298 5408 1446 5462 adeo
1486 5408 1607 5462 illic
1637 5412 1831 5463 mente
1862 5412 1919 5463 et
1957 5408 2314 5480 cogitatione
2372 5408 2799 5478 supplendum,
2848 5415 3120 5481 quantum
3160 5408 3437 5476 licuerit,
3490 5414 3587 5461 aut
3638 5408 3822 5459 risum

346 5490 534 5547 fuerit
566 5494 870 5566 expedire.
904 5494 1003 5550 Sic
1032 5494 1093 5549 in
1111 5496 1201 5550 eis
1231 5512 1468 5568 quoque
1505 5496 1709 5551 verbis
1741 5513 1876 5568 qua}
1907 5497 2340 5567 praemittuntur
2373 5514 2385 5553 :
2429 5498 2511 5553 Se
2540 5497 2815 5552 Romanae
2854 5497 3146 5552 Ecclesiae
3189 5504 3383 5570 typum
3407 5500 3465 5549 et
3492 5495 3738 5549 formam
3761 5495 3822 5549 in

350 5580 621 5639 omnibus
647 5583 835 5657 sequi,
884 5583 1030 5640 nihil
1058 5583 1197 5640 falsi
1228 5584 1487 5641 subesse
1524 5584 1932 5656 confitebitur,
1965 5584 2240 5661 quisquis
2268 5586 2399 5659 ipsa
2428 5602 2547 5643 non
2577 5586 2950 5659 detorquebit
2979 5602 3012 5641 a
3058 5586 3319 5660 legitimo
3366 5598 3570 5653 sensu,
3612 5596 3822 5652 nempe

351 5668 578 5732 morali.
608 5670 875 5753 Denique
904 5673 1063 5757 quod
1093 5689 1200 5735 eos
1222 5673 1658 5756 reprehendere
1675 5674 1963 5755 arguitur,
1994 5690 2148 5755 quos
2186 5678 2505 5759 negaverat
2535 5675 2644 5735 abs
2667 5690 2734 5738 se
2763 5675 3137 5753 reprehendi,
3172 5689 3319 5749 pura
3352 5673 3489 5749 puta
3519 5670 3825 5749 νίιὶιὶιίεαη
