4024 6176
281 257 403 322 431
1720 254 1786 318 S.
1833 250 2273 318 AMBROSII.
3577 252 3688 320 432

231 457 310 513 tio
340 459 454 512 est.
487 455 634 520 Quid
668 453 825 510 enim
856 454 1152 509 communi
1183 453 1464 526 loquendi
1496 453 1632 508 usui
1653 454 1847 526 magis
1881 469 2231 527 congruum,
2265 469 2439 526 quam
2469 456 2531 510 ut
2577 454 2875 526 quispiam
2923 455 3023 510 ubi
3057 455 3280 510 crimen
3309 470 3341 510 a
3369 471 3433 511 se
3461 456 3691 528 propul-

229 561 364 600 sare
397 546 668 614 nequeat,
695 543 815 595 nisi
845 541 990 596 illud
1022 542 1341 596 transferat
1370 543 1429 596 in
1461 542 1659 612 alium,
1696 543 1754 596 id
1785 543 1990 596 eadem
2021 543 2247 598 ratione
2276 543 2628 614 prmmolliat
2654 545 2684 598 ?

297 633 427 687 Jam
458 646 602 686 vero
636 631 811 684 istam
859 630 1330 685 criminationem
1380 646 1652 701 quaenam
1697 632 1984 704 excipiat,
2037 633 2508 688 consideremus.
2542 632 2769 701 Aliam,
2817 631 3005 704 inquit
3035 631 3378 687 Albertinus
3407 633 3540 703 (loc.
3576 635 3690 704 cit.,

223 736 360 792 pag.
402 719 528 788 508,
579 719 692 773 col.
728 718 804 788 9.),
839 718 912 772 ab
943 734 1012 773 ea
1043 735 1157 790 qua
1184 719 1458 773 utebatur
1489 717 1866 788 Ambrosius,
1899 725 2106 776 auctor
2134 721 2344 776 horum
2375 721 2662 776 librorum
2685 721 2958 792 sequitur
2983 721 3344 775 versionem.
3377 721 3438 774 Id
3468 722 3696 792 quidem

221 807 538 864 verissime
564 807 784 861 dictum
805 822 924 861 non
954 807 1270 862 abnuimus
1305 823 1316 862 :
1353 807 1460 860 sed
1485 823 1563 860 ex
1591 822 1829 878 operum
1853 811 2050 863 sancti
2079 809 2392 864 Ambrosii
2411 810 2667 864 lectione
2689 815 2940 872 constat,
2969 812 3031 863 ut
3060 809 3570 880 Alexander(loco
3600 827 3696 865 su-

219 912 328 968 pra
359 896 482 965 cit.)
511 897 659 951 scite
689 896 940 966 reponit,
967 911 1094 950 eum
1110 911 1222 949 non
1243 895 1458 950 iisdem
1477 910 1713 966 semper
1741 895 1947 952 verbis
1963 897 2200 952 eosdem
2225 897 2557 968 Scriptura)
2573 913 2764 951 sacra:
2787 896 2946 966 locos
2966 895 3262 951 laudasse.
3285 897 3436 950 Huic
3450 912 3695 967 reapon-

227 985 385 1040 sioni
418 985 797 1040 brevissimae
821 983 994 1056 juxta
1025 999 1096 1038 ac
1145 983 1498 1038 certissimae
1545 985 1768 1038 tantum
1813 984 2120 1054 addemus,
2174 1000 2308 1040 cum
2355 986 2488 1040 sine
2519 1001 2732 1057 magna
2761 985 3190 1054 praeparatione
3220 987 3516 1040 auctorem
3548 980 3698 1040 hunc

219 1078 492 1129 nostrum
527 1074 754 1127 dixisse
793 1089 912 1128 non
945 1072 1022 1126 sit
1052 1071 1314 1140 dubium,
1348 1073 1687 1143 neutiquam
1718 1087 1860 1126 sane
1894 1074 2106 1127 mirum
2146 1073 2354 1140 videri,
2409 1073 2460 1127 si
2493 1071 2855 1142 Scripturam
2884 1089 3002 1128 non
3045 1087 3282 1144 semper
3311 1071 3460 1141 suis,
3495 1073 3596 1128 sed
3629 1073 3698 1127 iis

218 1177 354 1233 quae
379 1161 460 1215 illi
495 1177 570 1216 ex
599 1165 863 1232 tempore
905 1161 1174 1232 sugessit
1215 1161 1518 1229 memoria,
1553 1159 1756 1215 verbis
1803 1161 2004 1215 citavit
2035 1175 2046 1214 :
2085 1162 2357 1214 constare
2390 1163 2584 1214 autem
2622 1161 2959 1230 ipsummet,
3005 1175 3139 1214 cum
3170 1159 3490 1232 vulgatam,
3514 1163 3576 1214 ut
3603 1175 3701 1214 vo-

220 1253 374 1318 cant,
401 1265 698 1320 nusquam
731 1248 1084 1317 adhibuerit,
1118 1247 1404 1302 Albertini
1439 1247 1720 1318 opinione
1749 1248 2137 1320 antiquiorem
2159 1248 2472 1309 dicendum
2495 1263 2654 1303 esse.

291 1339 384 1392 Ad
416 1341 744 1392 extremum
774 1337 921 1390 alias
953 1336 1240 1408 quasdam
1272 1336 1547 1391 minutias
1571 1341 1867 1409 oggerunt
1893 1353 1907 1407 ;
1941 1341 2002 1392 ut
2029 1341 2166 1408 puta
2197 1338 2354 1409 quod
2393 1339 2556 1392 aiunt
2581 1341 2882 1392 auctorem
2912 1337 3123 1392 ludere
3151 1336 3320 1392 vanis
3356 1335 3661 1408 allegoriis
3683 1357 3700 1391 :

214 1441 426 1482 verum
457 1441 607 1497 quas
638 1425 736 1479 alii
767 1440 952 1478 vanas
992 1423 1309 1495 allegorias
1354 1423 1638 1494 dictitant,
1690 1424 1804 1480 hoc
1843 1425 2039 1495 ipsum
2071 1429 2163 1481 est
2199 1442 2316 1498 quo
2344 1427 2610 1481 redditur
2641 1426 3051 1482 Ambrosianae
3084 1425 3403 1481 elocutioni
3437 1425 3700 1482 vicinior.

211 1515 453 1570 Addunt
491 1515 552 1568 in
584 1513 715 1568 solo
747 1513 946 1567 libello
989 1513 1079 1568 De
1115 1513 1440 1585 il‘lysteriis
1467 1513 1716 1583 reperiri
1754 1529 1822 1568 ea
1851 1515 2206 1585 testimonia,
2251 1531 2384 1586 quae
2430 1515 2601 1586 quasi
2635 1529 2710 1569 ex
2742 1529 2920 1584 opere
2969 1514 3058 1568 De
3090 1513 3506 1569 Sacramentis
3524 1514 3696 1584 petita

212 1604 412 1659 laudat
445 1603 820 1658 Ratramnus.
872 1602 946 1655 At
992 1615 1134 1656 vero
1167 1600 1309 1672 quid
1341 1600 1393 1655 si
1434 1600 1816 1670 imperfectus
1869 1603 2056 1657 codex
2101 1603 2188 1657 illi
2235 1603 2562 1674 imposuit?
2591 1601 2742 1668 Quid
2773 1603 2828 1657 si
2855 1602 3052 1656 labilis
3075 1603 3360 1658 memoria
3390 1604 3421 1657 ?
3463 1602 3533 1657 Et
3556 1617 3695 1658 sane

212 1692 312 1747 hic
341 1707 509 1747 error
539 1707 609 1747 eo
649 1690 842 1744 fuerat
873 1689 1214 1760 proclivior,
1249 1689 1412 1760 quod
1442 1692 1688 1760 uterque
1737 1692 2016 1745 tractatus
2057 1691 2344 1764 conjungi
2375 1692 2529 1746 solet
2555 1692 2616 1746 in
2647 1691 3090 1762 mauuscriptis.
3115 1691 3382 1747 Clamant
3409 1694 3701 1762 postremo

209 1781 342 1852 ipsa
372 1779 507 1851 styli
531 1778 870 1833 diversitate
899 1780 1202 1832 auctorum
1233 1792 1466 1854 quoque
1499 1777 1899 1833 diversitatem
1915 1779 2086 1851 prodi
2108 1780 2639 1852 demonstrarique.
2672 1780 2787 1836 Sed
2819 1781 2948 1834 hzec
2989 1779 3247 1852 objectio
3269 1779 3530 1852 alicujus
3559 1795 3698 1850 pon-

211 1869 372 1924 deris
390 1869 791 1939 negaturesse
813 1881 825 1919 :
847 1864 990 1930 Quia
1006 1872 1216 1936 patres
1233 1865 1478 1920 diverso
1497 1866 1738 1921 dicendi
1751 1883 1978 1938 genere
1990 1885 2101 1941 pro
2126 1875 2603 1940 argumentorum
2636 1869 2998 1924 diversitate
3043 1873 3286 1924 utuntur
3301 1869 3699 1942 (Alex.ibid.).

211 1955 398 2022 Quam
427 1953 882 2024 responsionem
923 1955 1215 2024 quatenus
1245 1953 1479 2008 extendi
1512 1954 1732 2009 veritas
1769 1955 1944 2028 sinat,
1984 1957 2136 2012 infra
2191 1958 2560 2029 expendetur
2593 1973 2605 2013 :
2640 1974 2799 2012 nunc
2831 1963 3026 2013 autem
3058 1957 3376 2014 contrariae
3408 1957 3700 2029 opinionis

210 2044 484 2100 audiendi
517 2045 1012 2114 propugnatores.
1952 2058 1958 2066 ·

288 2132 551 2187 l'rimum
617 2131 876 2184 educunt
923 2129 1003 2184 illi
1039 2129 1360 2200 (Bellarm.,
1388 2129 1814 2204 Sanctiboeuv.,
1853 2133 2024 2188 Alex.
2060 2139 2117 2190 et
2147 2135 2272 2205 alii)
2302 2151 2658 2190 numerosos
2717 2151 2786 2189 ac
2834 2137 3217 2206 pervetustos
3259 2133 3504 2190 codices
3535 2151 3703 2190 manu

211 2223 509 2292 exaratos,
547 2235 798 2291 cumque
837 2219 932 2274 his
964 2220 1156 2274 editos
1189 2235 1398 2274 omnes
1427 2219 1646 2292 quibus
1677 2225 1812 2292 post
1843 2223 2140 2286 inventam
2162 2224 2610 2296 typographiam
2637 2223 2812 2278 iidem
2835 2223 2972 2279 libri
2999 2223 3261 2295 evulgati
3291 2228 3454 2278 sunt.
3490 2223 3702 2278 Deinde

209 2311 386 2384 quasi
441 2311 945 2366 succenturietum
996 2325 1211 2381 agmen
1273 2309 1627 2364 submittunt
1681 2311 1924 2366 maximi
1965 2313 2225 2368 nominis
2273 2313 2438 2367 viros
2484 2313 2866 2367 Hincmarum
2911 2313 3288 2381 Remensem,
3339 2312 3704 2368 Deoduinum

207 2400 630 2470 Leodienscm,
691 2398 979 2452 Paschas.
1036 2398 1399 2452 Radbertum
1442 2398 1680 2470 Corbei,
1718 2400 2010 2472 abbatem,
2047 2403 2428 2456 Ratramnum
2459 2399 2730 2473 ejusdem
2753 2401 3024 2457 asceterii
3060 2401 3439 2456 monachum.
3473 2399 3704 2457 Florum

210 2491 526 2545 diaconum
558 2487 856 2560 Lugdun.,
892 2486 1288 2541 Lanfrancum
1317 2528 1332 2557 ,
1371 2486 1819 2559 Berengarium,
1861 2489 2166 2562 Algerum,
2197 2490 2636 2556 Guitmundum,
2693 2490 3032 2545 Durandum
3067 2489 3344 2558 'l‘roarn.,
3394 2491 3703 2563 Hugonem

208 2579 489 2652 Lingonu,
523 2578 760 2631 lvbnem
787 2575 1050 2645 Carnut.,
1083 2576 1444 2646 Gratianum,
1498 2577 1848 2648 Magistrum
1897 2577 2182 2649 Sentent.,
2216 2595 2286 2634 ac
2335 2579 2570 2634 demum
2601 2581 2888 2652 quotquot
2917 2579 2990 2634 ab
3022 2579 3260 2634 ineunte
3290 2595 3452 2634 nono
3489 2579 3703 2635 sreculo

209 2668 286 2722 ad
305 2670 572 2722 nostrum
602 2664 696 2718 vel
725 2666 954 2734 patrum
983 2663 1348 2732 memoriam,
1383 2665 1728 2720 eorumdem
1760 2665 2050 2721 librorum
2077 2668 2420 2738 meminere,
2445 2683 2516 2722 ne
2549 2667 3041 2723 dissentientibus
3073 2667 3336 2739 quidem,
3367 2669 3420 2722 si
3443 2683 3702 2738 nuperos

211 2756 436 2827 aliquot
456 2752 744 2824 excipias,
795 2751 1200 2806 licterodoxis.
1255 2753 1330 2805 At
1385 2751 1523 2807 licet
1555 2752 1668 2808 hoc
1715 2757 2129 2826 argumentum
2181 2755 2442 2810 omnium
2482 2771 2614 2826 quae
2658 2755 2719 2808 in
2750 2755 3017 2810 eamdem
3047 2770 3173 2810 rem
3204 2756 3458 2826 proponi
3489 2756 3698 2821 solent,

207 2841 648 2898 validissimum
679 2855 817 2894 esse
849 2842 1014 2892 extra
1044 2837 1288 2892 dubium
1317 2839 1415 2910 sit,
1443 2855 1559 2894 non
1587 2843 1784 2896 tamen
1803 2841 2022 2897 invicte
2044 2848 2100 2898 et
2127 2843 2473 2899 necessario
2507 2843 2824 2898 concludit.
2851 2843 3173 2910 Quotenim
3189 2859 3374 2914 opera
3398 2847 3706 2917 postquam

212 2931 546 2988 diutissime
567 2929 680 2984 sub
713 2932 1020 2983 auctorum
1051 2927 1440 2998 quorumdam
1472 2929 1639 2984 titulo
1669 2933 1990 3002 pervagata
2020 2935 2243 3002 essent,
2279 2947 2350 2987 eo
2379 2931 2616 2986 tandem
2645 2934 2820 2986 exuta
2865 2935 3024 3002 sunt,
3058 2933 3447 3004 quotidieque
3479 2949 3699 2988 exuun-

213 3019 672 3076 tur?Caeterum
693 3017 1019 3087 scriptores
1078 3016 1160 3070 illi
1195 3031 1315 3070 rem
1351 3017 1467 3088 ipsi
1497 3034 1604 3088 per
1631 3034 1698 3072 se
1738 3035 1806 3074 ac
1845 3020 2134 3075 destinata
2189 3020 2440 3076 consilio
2482 3037 2602 3076 non
2650 3003 3091 3090 discusserunt,
3119 3021 3226 3075 sed
3268 3003 3368 3076 vel
3418 3021 3516 3076 alii
3557 3003 3710 3076 alios

217 3109 409 3166 secuti
440 3111 598 3177 sunt,
623 3106 716 3161 vel
740 3107 916 3160 fidem
947 3105 1207 3160 habuere
1239 3105 1368 3160 suis
1383 3107 1823 3178 manuscriptis,
1850 3108 1908 3162 in
1926 3108 2144 3180 quibus
2167 3109 2429 3164 eamdem
2449 3108 2700 3178 opellam
2721 3107 2861 3162 alibi
2883 3109 3119 3181 quidem
3144 3109 3454 3164 Ambrosii
3470 3124 3706 3165 nomen-

217 3199 468 3254 clatione
499 3195 864 3266 inscriptam,
899 3194 1041 3248 alibi
1061 3209 1204 3248 vero
1228 3195 1497 3249 tractatui
1526 3195 1705 3250 alicui
1739 3197 2005 3252 eamdem
2053 3197 2500 3268 inscriptionem
2541 3197 2880 3267 praeferenti
2917 3197 3186 3270 junctam
3229 3213 3542 3268 reperere.
3564 3196 3710 3252 Nam

217 3305 351 3344 cum
382 3283 783 3357 antiquissimi
806 3283 1024 3355 quique
1058 3283 1298 3338 codices
1331 3283 1554 3338 nullum
1585 3285 1847 3340 auctoris
1879 3301 2094 3340 nomen
2123 3285 2462 3354 exhibeant,
2495 3285 2598 3356 qui
2625 3285 3043 3341 exscribendis
3067 3287 3143 3341 iis
3172 3289 3554 3342 navaverunt
3583 3301 3714 3357 ope-

215 3393 362 3447 ram,
389 3391 521 3430 cum
553 3373 935 3428 Ambrosium
970 3373 1080 3426 hac
1111 3373 1241 3442 ipsa
1292 3372 1364 3426 de
1413 3373 1655 3428 materia
1686 3375 2012 3445 scripsisse
2052 3373 2500 3446 cognovissent,
2531 3389 2649 3428 non
2677 3374 3020 3430 dubitarunt
3050 3375 3242 3430 eidem
3269 3374 3452 3446 ipsos
3481 3373 3712 3448 adjudi-

217 3481 353 3520 care
387 3479 399 3518 :
434 3463 534 3517 alii
566 3466 760 3516 autem
789 3461 903 3515 etsi
933 3461 1364 3515 Ambrosianos
1396 3475 1535 3517 esse
1556 3477 1674 3516 non
1705 3461 2148 3534 arbitrarentur,
2185 3463 2336 3518 libro
2367 3467 2563 3518 tamen
2594 3463 2680 3520 De
2716 3463 3044 3537 Mysteriis
3065 3464 3140 3519 ob
3171 3465 3517 3536 argumenti
3545 3463 3710 3520 simi-

213 3553 522 3610 litudincm
553 3551 848 3606 duxerunt
885 3549 1364 3622 subjungendos.

289 3641 648 3714 Proponitur
673 3639 938 3695 secundo
963 3639 1268 3694 character
1289 3639 1589 3710 dictionis,
1621 3657 1796 3712 quam
1826 3640 1884 3696 in
1907 3641 2228 3713 scriptione
2247 3641 2336 3698 De
2352 3642 2421 3696 Μ
2419 3641 2698 3715 ysteriis,
2733 3643 2908 3714 atque
2931 3641 2990 3697 in
3011 3641 3126 3698 hoc
3149 3657 3326 3713 opere
3345 3643 3705 3698 simillimam

217 3748 356 3788 esse
385 3730 740 3802 portendunt
773 3745 784 3784 :
811 3727 1139 3782 adversarii
1171 3743 1312 3783 vero
1344 3729 1488 3784 illud
1521 3729 1738 3784 obnixe
1769 3729 2122 3784 inﬁciantur.
2175 3730 2329 3785 Sane
2359 3729 2599 3800 quidem
2631 3729 2789 3784 haud
2812 3730 3138 3800 immerito;
3197 3731 3276 3785 ita
3321 3733 3489 3786 enim
3509 3734 3708 3786 auctor

217 3824 464 3877 conatur
494 3819 826 3890 exprimere
857 3833 990 3872 eum
1020 3817 1303 3887 libellum,
1337 3820 1399 3871 ut
1430 3817 1612 3872 ferme
1645 3818 1838 3873 omnia
1870 3817 1929 3872 in
1951 3819 2166 3889 stylum
2199 3835 2396 3884 suum,
2429 3819 2543 3874 hoc
2593 3821 2704 3886 est,
2756 3818 2938 3874 multo
2971 3819 3344 3890 deteriorem,
3388 3819 3708 3876 transferat

216 3911 659 3978 convertatque.
693 3907 809 3961 Sed
839 3921 913 3960 ex
943 3906 1150 3960 eodem
1182 3905 1296 3960 hoc
1327 3907 1458 3961 loco
1491 3907 1604 3977 ipsi
1635 3907 1720 3960 illi
1765 3907 2092 3963 adversarii
2139 3907 2512 3962 ratiocinium
2545 3907 2767 3962 ducunt
2804 3908 2976 3977 plane
3011 3909 3396 3963 contrarium.
3433 3909 3584 3964 Nam
3615 3906 3706 3962 cui

209 3997 537 4056 verisimile
571 3997 666 4064 sit,
692 3995 983 4066 inquiunt,
1017 3995 1399 4050 Ambrosium
1428 3995 1584 4066 quod
1615 3997 1674 4048 in
1697 3996 2092 4066 disputatione
2114 3995 2202 4049 De
2239 3995 2567 4067 Mysteriis
2583 3994 2706 4066 jam
2749 3998 3160 4066 tranctaverat,
3190 3996 3406 4050 iterum
3425 3996 3706 4052 recudere

212 4093 388 4162 atque
422 4099 744 4156 recoquere
775 4085 836 4137 in
883 4083 996 4137 alia
1025 4085 1051 4138 ?
1100 4083 1517 4138 Verumtamen
1562 4083 1674 4138 hoc
1718 4085 2128 4156 argumentum
2177 4083 2361 4138 nihilo
2405 4083 2638 4138 ﬁrmius
2683 4086 2783 4138 aut
2819 4083 3126 4138 efficacius
3165 4087 3276 4152 est,
3315 4100 3498 4156 quam
3527 4083 3701 4140 aliud.

211 4180 601 4249 Nequaquam
633 4174 788 4228 enim
817 4172 1142 4226 inauditum
1172 4175 1282 4241 est,
1316 4175 1378 4227 ut
1409 4173 1616 4227 eadem
1643 4174 1885 4227 materia
1917 4173 1978 4227 in
1999 4171 2158 4226 binis
2181 4172 2565 4226 sermonibus
2595 4174 2694 4226 aut
2725 4172 2896 4227 libris
2928 4171 3218 4243 explicata
3253 4172 3435 4228 fuerit
3463 4189 3498 4228 a
3530 4172 3702 4228 Patri-

208 4266 326 4322 bus
358 4281 374 4337 ;
406 4279 538 4318 cum
569 4261 713 4316 illud
745 4261 940 4330 ipsum
969 4259 1109 4312 alibi
1131 4276 1162 4313 a
1195 4259 1370 4313 nobis
1395 4259 1774 4315 observatum
1807 4260 1884 4314 sit
1915 4261 1976 4315 in
2007 4260 2345 4316 Ambrosio.

280 4355 425 4420 Qum
445 4353 504 4408 in
535 4351 706 4406 tertio
739 4349 942 4404 ordine
974 4349 1120 4402 ratio
1144 4348 1483 4413 collocatur,
1520 4348 1614 4402 his
1643 4348 1844 4402 verbis
1878 4349 2206 4419 concipitur
2240 4365 2252 4404 :
2289 4349 2671 4405 Ambrosium
2701 4349 2965 4405 edidisse
2997 4366 3148 4420 opus
3181 4350 3270 4405 De
3291 4349 3706 4407 Sacramentis

208 4446 384 4502 testis
416 4446 509 4498 est
536 4440 930 4513 Augustimus
960 4439 1084 4507 (lib.
1119 4455 1178 4506 ιι,
1215 4437 1419 4492 Contr.
1454 4437 1569 4492 Jul.
1596 4453 1722 4506 cap.
1756 4438 1789 4491 5
1819 4441 1874 4492 et
1905 4453 2033 4508 seq.
2070 4441 2161 4506 ;et
2195 4438 2364 4494 Retr.
2400 4438 2504 4493 lib.
2541 4457 2600 4508 ιι,
2636 4454 2687 4492 c.
2728 4439 2800 4507 4),
2837 4439 3204 4510 proindeque
3233 4442 3332 4493 aut
3352 4439 3500 4494 illud
3531 4440 3702 4494 nobis

209 4535 367 4590 aiunt
396 4531 876 4603 repraesentetur,
903 4532 1001 4581 aut
1033 4527 1390 4582 concedatur
1424 4527 1536 4581 hoc
1568 4528 1763 4598 ipsum
1795 4542 1932 4582 esse
1963 4527 2034 4580 de
2064 4543 2182 4598 quo
2218 4529 2474 4598 agimus.
2508 4528 2727 4582 Verum
2777 4528 2836 4582 in
2867 4531 3143 4599 promptu
3193 4529 3516 4598 responsio
3551 4531 3642 4582 est
3688 4542 3700 4582 :

218 4637 412 4692 neque
443 4621 598 4674 enim
639 4619 950 4686 utriusque
968 4615 1122 4670 idem
1145 4617 1556 4686 argumentum
1586 4613 1858 4684 refertur,
1893 4631 2084 4686 neque
2108 4616 2262 4670 idem
2294 4616 2520 4670 titulus.
2555 4614 3045 4686 Quandoquidem
3087 4615 3144 4669 id
3178 4615 3354 4687 cujus
3393 4617 3615 4672 mentio
3644 4615 3706 4670 ﬁt

207 4711 283 4766 ab
314 4709 676 4780 Augustino,
698 4722 814 4760 non
838 4705 1187 4775 simpliciter
1216 4703 1654 4758 inscribebatur
1671 4704 1758 4758 De
1781 4703 2191 4758 Sacramentis
2223 4721 2236 4761 :
2271 4704 2380 4758 sed
2421 4703 2814 4774 adjiciebatur
2845 4704 2979 4758 sive
3015 4703 3104 4758 De
3125 4703 3536 4775 Philosophia,
3572 4719 3703 4758 cum

206 4802 424 4867 autem,
449 4797 659 4850 eodem
689 4795 1024 4865 Augustino
1065 4797 1236 4863 teste,
1289 4792 1680 4864 compositum
1731 4797 1894 4848 esset
1940 4795 2234 4849 adversus
2265 4792 2623 4863 Platonicos,
2658 4791 2959 4847 diversam
2989 4793 3049 4848 in
3082 4808 3152 4848 co
3183 4795 3488 4848 tractatam
3519 4797 3704 4848 mate-

205 4889 356 4945 riam
379 4885 702 4940 obscurum
730 4898 847 4936 non
879 4886 988 4936 est.

278 4977 592 5032 Postremo
615 4971 886 5044 quaedam
915 4971 1029 5026 alia
1057 4973 1116 5026 in
1153 4971 1410 5026 medium
1449 4969 1701 5042 proferri
1739 4973 2012 5041 possunt,
2046 4973 2107 5024 ut
2143 4969 2196 5024 si
2233 4969 2458 5024 dixeris
2491 4972 2790 5024 auctorem
2825 4969 2950 5038 (lib.
2987 4987 3026 5037 ι,
3052 4985 3103 5026 c.
3135 4969 3192 5039 6)
3223 4969 3294 5024 de
3325 4969 3496 5024 vocis
3527 4965 3698 5040 queri

205 5063 546 5138 fragilitate,
579 5063 650 5116 de
682 5078 795 5133 qua
827 5061 1076 5132 ipsemet
1108 5061 1462 5116 Ambrosius
1492 5061 1553 5115 in
1581 5059 1870 5132 Apologia
1903 5059 2102 5114 Dat-id
2141 5060 2400 5114 secunda
2445 5058 2759 5129 quiritatur
2804 5060 2956 5129 (cap.
3001 5059 3052 5123 ὗ,
3080 5075 3241 5112 num.
3274 5057 3382 5130 28),
3407 5071 3702 5130 quamque

199 5157 290 5212 illi
318 5155 492 5210 facile
528 5153 794 5216 obtundi,
849 5151 1081 5206 solitam
1113 5155 1470 5204 memoratus
1520 5149 1795 5220 ejusdem
1843 5152 2091 5203 testatur
2137 5147 2451 5218 discipulis
2476 5147 2600 5216 (lib.
2635 5161 2693 5200 vi
2722 5145 2914 5216 Con/2,
2950 5161 3080 5216 eap.
3113 5147 3166 5214 3,
3202 5162 3362 5200 num.
3395 5145 3473 5214 3).
3508 5144 3572 5200 Si
3596 5143 3701 5198 ad-

201 5245 426 5302 dideris
457 5242 728 5298 eumdem
761 5240 1028 5296 conﬁteri
1085 5239 1208 5310 (lib.
1240 5255 1318 5308 γι,
1380 5255 1507 5308 cap.
1577 5239 1632 5308 5)
1665 5253 1798 5310 quae
1830 5237 1960 5308 ipse
1991 5253 2112 5292 non
2134 5238 2427 5306 didicerit,
2462 5252 2601 5292 sese
2635 5236 2852 5291 docere
2905 5250 2917 5290 :
2975 5235 3134 5308 quod
3193 5235 3369 5290 etiam
3404 5233 3564 5289 haud
3594 5248 3700 5305 pa-

197 5351 333 5393 rum
365 5332 654 5390 familiare
677 5336 768 5386 est
789 5329 1129 5385 Ambrosio.
1164 5327 1226 5382 Si
1279 5327 1514 5381 tandem
1548 5326 1836 5382 institeris
1861 5327 2185 5382 Dominicae
2221 5325 2518 5381 Orationis
2549 5325 3004 5396 expositionem,
3048 5339 3224 5396 quam
3255 5321 3528 5395 ejusdem
3563 5323 3700 5376 Am-

197 5424 390 5482 brosii
421 5422 480 5476 in
502 5422 723 5478 Lucam
754 5419 1094 5492 postulabat
1121 5414 1553 5484 commentatio,
1579 5430 1697 5470 non
1731 5415 1806 5470 ob
1823 5414 1983 5471 aliud
2011 5415 2148 5470 istic
2179 5415 2487 5484 omissam,
2519 5415 2637 5470 nisi
2677 5413 2835 5486 quod
2877 5412 3018 5467 alibi
3036 5411 3308 5467 traditam
3335 5411 3408 5467 ab
3441 5426 3512 5466 se
3543 5409 3699 5465 idem

197 5513 589 5572 meminerat?
619 5511 765 5567 Cum
822 5511 1018 5564 autem
1075 5522 1152 5562 ex
1183 5505 1458 5561 omnibus
1516 5519 1650 5576 quas
1681 5504 1876 5574 ipsius
1935 5504 2172 5560 nomine
2210 5503 2714 5559 circumferuntur
2760 5501 3064 5574 operibus,
3097 5500 3158 5556 in
3190 5500 3304 5556 hoc
3334 5497 3463 5555 solo
3505 5496 3697 5568 expli-

199 5609 328 5660 eata
358 5603 646 5660 habeatur
675 5598 881 5654 eadem
905 5596 1112 5666 oratio,
1145 5610 1253 5650 cur
1279 5593 1440 5649 illius
1469 5592 1622 5648 hanc
1657 5606 1797 5648 esse
1836 5608 1956 5648 non
1987 5609 2391 5666 agnoscamus
2424 5594 2453 5648 ‘?
2491 5591 2608 5648 Sed
2645 5591 2862 5664 opponi
2895 5593 3092 5662 potest
3111 5590 3317 5661 prima
3355 5585 3695 5658 objectioni,

197 5695 594 5766 praeterquam
614 5687 773 5762 quod
802 5683 1120 5758 Ambrosio
1161 5682 1311 5757 male
1351 5680 1532 5740 tribui
1568 5681 1815 5760 alteram
1839 5681 2244 5754 illam_David.
2275 5681 2638 5755 Apologiam
2687 5680 3060 5754 probabilius
3107 5683 3220 5752 est,
3261 5675 3598 5766 complures
3641 5677 3698 5734 et

204 5779 345 5846 olim
375 5778 567 5840 fuisse
606 5780 664 5842 et
708 5790 847 5841 esse
879 5774 1057 5839 etiam
1095 5788 1274 5856 nunc,
1317 5771 1419 5856 qui
1460 5771 1760 5838 debilitate
1791 5770 1962 5836 vocis
1991 5786 2062 5833 ac
2103 5769 2452 5852 pulmonum
2485 5768 2690 5842 labore
2735 5784 2804 5830 se
2858 5767 3014 5833 inter
3053 5765 3528 5837 concionandum
3575 5777 3698 5833 non
