4024 6176
363 402 478 465 433
1326 397 1437 463 DE
1482 397 2106 463 SACRAMENTIS.
2153 432 2226 444 —-
2271 395 2783 462 ADMONITIO.
3670 387 3793 456 434

315 600 699 657 dissimulent.
733 598 878 655 Cum
908 604 1101 654 autem
1130 614 1237 653 nec
1271 597 1467 653 desint
1496 598 1668 652 etiam
1698 598 1799 670 qui
1828 598 2107 668 materite,
2139 613 2315 669 quam
2344 597 2583 670 agressi
2611 600 2768 667 sunt,
2818 597 3143 653 enodandas
3192 598 3454 669 impares
3478 594 3788 652 modestiae

311 707 483 745 causa
519 706 585 744 se
617 684 927 756 fateantur,
959 689 1217 743 indidem
1251 703 1485 759 quoque
1516 688 1589 742 ad
1620 688 1943 742 secundam
1974 687 2377 741 difficultatem
2420 689 2577 757 patet
2622 702 2999 756 responsum.
3032 685 3199 750 Quod
3246 701 3389 741 vero
3437 684 3511 739 ad
3556 684 3789 739 tertiam

312 779 576 848 pertinet,
614 778 697 831 illi
730 778 1002 832 similiter
1030 793 1311 831 occurras
1342 777 1496 843 licet,
1531 777 1583 831 si
1616 777 1995 830 Ambrosium
2029 776 2312 846 quidquid
2344 791 2488 830 voce
2519 775 2937 845 pronuntiavit,
2971 775 3193 843 scripto
3227 774 3563 843 mandasse,
3611 772 3786 844 quid-

312 868 445 938 quid
476 870 667 921 autem
700 868 921 935 scripto
956 866 1269 934 mandavit,
1305 866 1376 918 ad
1410 868 1671 919 nostram
1703 866 2051 933 pervenisse
2084 867 2313 918 aetatem
2344 864 2685 935 negaveris.
2739 863 2822 917 Eo
2864 866 3066 916 forsan
3097 866 3153 917 et
3183 863 3295 917 hoc
3326 863 3572 931 accedit,
3626 860 3788 933 quod

313 971 443 1009 cum
495 955 554 1008 in
601 955 760 1009 illam
810 955 1133 1008 orationem
1180 953 1522 1007 Tertulliani
1574 956 1631 1006 et
1677 953 1949 1023 Cypriani
2001 952 2133 1005 libri
2167 954 2468 1006 exstarent
2500 952 2844 1006 Latinorum
2876 951 3134 1020 Patrum,
3166 952 3237 1005 ab
3270 952 3385 1006 isto
3418 951 3619 1006 labore
3652 953 3785 1005 tan-

312 1059 479 1114 quam
501 1059 706 1113 parum
729 1044 1071 1097 necessario
1095 1045 1185 1096 est
1206 1044 1519 1096 revocatus
1546 1057 1556 1095 :
1592 1041 1748 1095 sicut
1766 1042 1939 1095 etiam
1963 1040 2034 1094 de
2057 1056 2123 1094 se
2145 1042 2395 1095 testatur
2423 1040 2687 1094 Hilarius
2725 1040 3047 1094 Comment.
3083 1040 3143 1093 in
3171 1040 3534 1109 Matt/neum,
3561 1056 3691 1095 can.
3724 1040 3783 1093 5.

376 1131 556 1186 Porro
586 1148 661 1186 ex
690 1132 764 1186 iis
796 1148 928 1203 quae
959 1132 1245 1185 hactenus
1279 1147 1310 1184 a
1341 1130 1514 1185 nobis
1547 1129 1838 1199 disputata
1868 1132 2024 1196 sunt,
2058 1130 2172 1183 duo
2203 1132 2549 1184 noscuntur.
2605 1127 2836 1183 Etenim
2866 1128 3145 1183 adhibitae
3177 1129 3569 1183 sectariorum
3598 1144 3786 1201 argu-

307 1221 514 1275 mentis
544 1220 873 1275 solutiones
904 1220 1095 1290 palam
1127 1219 1348 1273 faciunt
1378 1219 1751 1273 contumeliis
1782 1218 1901 1271 illis
1932 1234 2000 1271 ac
2032 1219 2268 1287 probris
2299 1234 2550 1289 quorum
2582 1220 2699 1272 tota
2732 1217 2994 1287 plaustra
3026 1217 3122 1271 isti
3175 1216 3482 1271 offundunt
3528 1217 3589 1271 in
3622 1217 3780 1271 hunc

308 1313 624 1377 auctorem,
657 1309 800 1363 nihil
832 1308 1092 1378 probari,
1126 1308 1243 1362 nisi
1275 1307 1758 1362 molestissimam
1787 1307 1937 1376 ipsis
1968 1322 2106 1361 esse
2137 1310 2310 1378 atque
2344 1307 2786 1361 odiosissimam
2818 1306 2951 1377 ejus
2982 1307 3329 1361 doctrinam.
3368 1306 3607 1361 Rursus
3640 1320 3783 1360 vero

308 1413 434 1469 quae
466 1414 578 1451 nos
608 1398 985 1467 reposuimus
1020 1397 1445 1451 catholicorum
1478 1396 1591 1451 hoc
1621 1395 1815 1465 ipsum
1845 1410 1995 1464 opus
2028 1395 2344 1449 Ambrosio
2384 1395 2810 1449 vindicantium
2859 1395 3209 1461 rationibus,
3259 1411 3325 1449 ea
3379 1395 3787 1449 demonstrant

304 1489 522 1557 partem
555 1488 869 1558 negantem
899 1486 1051 1540 haud
1085 1486 1278 1539 minus
1310 1484 1676 1555 probabilem
1704 1499 1841 1537 esse
1872 1498 2046 1552 quam
2078 1482 2496 1552 affirmantem;
2544 1483 2910 1554 proindeque
2956 1499 3073 1537 non
3122 1483 3412 1537 immerito
3462 1483 3572 1537 hac
3617 1482 3677 1536 in
3708 1496 3772 1535 re

306 1575 609 1629 dubitasse
654 1574 972 1629 nonnullos
1021 1575 1485 1629 orthodoxorum
1534 1572 1791 1641 (Cardin.
1846 1571 2008 1625 Bona
2055 1572 2180 1626 Her
2228 1572 2461 1643 Liturg.
2511 1572 2614 1626 lib.
2664 1589 2705 1641 ι,
2760 1588 2887 1642 cap.
2923 1571 2976 1641 '7,
3023 1588 3080 1625 n.
3114 1572 3166 1626 4.
3201 1571 3444 1625 Arnald.
3478 1570 3567 1624 De
3597 1569 3780 1641 Freq.

302 1662 596 1718 Commun.
631 1679 686 1733 p.
720 1680 759 1733 ι,
795 1678 924 1735 cap.
960 1663 1061 1732 13;
1098 1664 1439 1729 llermann.,
1477 1662 1634 1729 etc.).
1668 1660 1785 1714 Sed
1816 1676 1888 1714 ne
1920 1661 1980 1713 in
2013 1660 2288 1715 omnibus
2318 1660 2679 1730 pendeamus
2729 1660 2930 1729 animi,
2978 1661 3090 1714 tria
3137 1660 3312 1715 nobis
3361 1660 3475 1713 hoc
3521 1659 3654 1713 loco
3685 1658 3783 1713 in-

305 1754 589 1824 quirenda
621 1754 1063 1824 proposuimus,
1099 1753 1374 1806 nimirum
1410 1767 1541 1822 qua:
1573 1750 1748 1804 fuerit
1779 1749 2049 1820 ejusdem
2079 1749 2339 1803 auctoris
2370 1748 2649 1820 dignitas,
2682 1764 2798 1819 quo
2829 1751 3094 1819 tempore
3135 1749 3368 1818 vixerit,
3422 1764 3537 1819 qua
3580 1747 3640 1802 in
3689 1764 3783 1802 re-

310 1841 505 1912 gione.

374 1928 561 1983 Primi
591 1944 734 1984 sane
765 1928 974 1999 capitis
1009 1930 1066 1983 in
1096 1932 1368 1999 promptu
1403 1926 1662 1981 definitio
1693 1929 1803 1981 est.
1836 1926 2079 1981 Constat
2108 1926 2401 1997 siquidem
2435 1925 2594 1979 illum
2626 1925 2815 1981 fuisse
2845 1927 3185 1995 antistitem,
3220 1927 3318 1997 qui
3352 1925 3683 1996 ncophytos
3724 1927 3782 1980 et

306 2017 593 2072 creditum
623 2034 780 2072 curae
812 2033 941 2071 suae
970 2017 1251 2087 populum
1272 2015 1602 2070 erudiebat.
1638 2014 1867 2085 Ubique
1899 2014 1959 2068 in
1986 2018 2249 2083 apertum
2280 2015 2531 2084 erumpit
2561 2031 2628 2069 ea
2659 2016 2938 2086 dignitas.
2974 2016 3045 2069 Et
3075 2020 3137 2070 ut
3166 2016 3277 2069 alia
3316 2016 3564 2070 deesent
3610 2015 3783 2086 queis

301 2107 674 2175 probaretur,
722 2106 893 2161 locus
939 2106 1035 2159 ille
1076 2110 1190 2159 tam
1240 2106 1584 2159 decantatus
1634 2104 1727 2158 vel
1771 2104 1939 2157 solus
1972 2102 2295 2172 sufficeret,
2330 2119 2540 2173 nempe
2575 2104 2673 2157 ubi
2706 2104 2922 2158 dicitur
2955 2121 2966 2160 :
3007 2106 3073 2161 In
3107 2105 3378 2160 omnibus
3408 2104 3575 2176 cupio
3608 2105 3779 2176 sequi

296 2194 630 2250 Ecclesiam
661 2194 997 2263 Romanam,
1035 2195 1144 2248 sed
1174 2210 1298 2262 nos,
1334 2196 1443 2248 etc.
1476 2192 1620 2258 Quis
1651 2192 1807 2246 enim
1836 2193 1912 2246 ita
1943 2192 2300 2262 loqueretur,
2336 2193 2453 2245 nisi
2484 2193 2805 2262 episcopus
2825 2196 2853 2247 ἱ)

366 2283 534 2348 Quod
566 2286 762 2338 autem
792 2283 1043 2353 pertinet
1073 2283 1145 2337 ad
1178 2283 1505 2337 secundum
1548 2284 1737 2351 caput,
1789 2297 1863 2335 ex
1911 2281 2250 2335 memoratis
2298 2281 2641 2334 auctoribus
2673 2281 2976 2350 probabile
3027 2282 3089 2335 fit
3137 2282 3490 2352 scriptorem
3541 2281 3613 2335 de
3663 2297 3779 2352 quo

305 2372 678 2443 inquirimus,
711 2376 842 2427 ante
874 2375 1143 2426 octavum
1175 2372 1461 2424 sacculum
1492 2371 1769 2423 floruisse
1804 2386 1815 2423 :
1850 2372 1907 2422 at
1937 2386 1967 2423 e
2000 2369 2203 2423 codice
2234 2368 2670 2435 San-Gallensi,
2706 2368 3056 2438 majusculis
3086 2370 3298 2424 litteris
3331 2373 3463 2424 ante
3495 2385 3685 2424 annos
3718 2372 3782 2423 ut

303 2461 679 2516 Mabillonius
712 2466 917 2516 noster
946 2461 1178 2529 (Musca
1209 2460 1399 2514 Italic.
1430 2476 1487 2529 p.
1522 2460 1575 2525 ’7)
1608 2460 1779 2512 testis
1813 2460 1903 2512 est
1932 2457 2459 2527 locupletissimus,
2495 2458 2732 2513 circiter
2759 2458 2914 2513 mille
2947 2463 3187 2513 exarata
3239 2459 3533 2514 evincitur
3582 2460 3781 2529 ipsum

301 2551 550 2619 septimo
581 2549 755 2604 etiam
786 2549 1010 2604 saeculo
1041 2548 1451 2619 antiquiorem.
1490 2548 1780 2601 Praeterea
1810 2563 1953 2601 vero
1985 2547 2098 2600 hoc
2127 2547 2282 2601 idem
2314 2562 2463 2616 opus
2504 2548 2871 2619 argumentis
2918 2548 3175 2618 propriis
3224 2551 3452 2602 aetatem
3503 2549 3780 2603 remotio-

298 2654 421 2692 rem
469 2638 593 2692 sibi
640 2638 916 2695 vindicat.
969 2637 1198 2692 Etenim
1240 2653 1371 2691 cum
1419 2636 1527 2691 has
1575 2637 1894 2691 conciones
1941 2635 2013 2689 ad
2062 2636 2391 2706 ncophytos
2445 2652 2553 2690 nec
2601 2652 2826 2706 paucos
2873 2651 3037 2703 sane,
3081 2636 3315 2708 quando
3347 2635 3443 2690 hic
3472 2636 3692 2706 praesul
3725 2640 3782 2691 et

294 2727 505 2781 multos
534 2730 595 2781 et
623 2726 908 2787 {anxi/iam
942 2726 1316 2780 candidatum
1351 2726 1483 2779 illos
1519 2725 1735 2778 vocitat
1768 2724 1891 2793 (lib.
1928 2740 1984 2791 v,
2020 2741 2070 2777 c.
2103 2723 2179 2790 3),
2213 2723 2444 2778 habitas
2478 2727 2739 2793 constet;
2780 2724 2915 2778 inde
2945 2723 3243 2795 intelligas
3294 2725 3547 2779 necdum
3596 2725 3783 2779 omni-

297 2831 369 2869 no
400 2817 701 2884 receptam
733 2814 923 2869 fuisse
956 2814 1435 2883 baptizandorum
1469 2813 1777 2867 infantium
1811 2812 2319 2866 consuetudinem.
2354 2812 2423 2865 Et
2452 2828 2521 2867 eo
2553 2812 2789 2884 quidem
2820 2815 3052 2882 tempus
3083 2814 3387 2886 designari
3428 2814 3544 2868 hau
3600 2814 3781 2868 multo

301 2903 617 2976 Augustini
652 2905 819 2957 {etate
846 2903 1146 2971 posterius
1178 2903 1351 2957 nobis
1386 2902 1635 2955 videtur.
1674 2901 1891 2955 Deinde
1921 2900 2051 2968 (lib.
2085 2916 2164 2968 vx,
2199 2915 2325 2968 cap.
2360 2899 2391 2952 σί
2425 2901 2481 2952 et
2512 2900 2564 2969 ὅ)
2598 2900 2743 2954 satis
2778 2900 2965 2955 innuit
2993 2902 3307 2957 Gentilium
3341 2904 3559 2957 cultum
3605 2902 3781 2958 etiam

298 2994 432 3046 tunc
464 2992 525 3046 in
560 2991 804 3046 ditecesi
839 3006 944 3044 seu
976 2991 1266 3062 viguisse.
1307 2992 1390 3044 Ad
1425 2991 1553 3045 hiL‘C
1586 2990 1737 3043 ide.n
1771 3005 2005 3060 quoque
2037 2988 2420 3051 confirmatur
2462 2988 2535 3041 iis
2585 2989 2933 3059 rationibus,
2980 2990 3136 3061 quod
3182 2990 3456 3045 videlicet
3505 2990 3771 3045 haeretici

298 3083 514 3150 praeter
562 3080 819 3134 Arianos
864 3082 921 3136 et
968 3095 1073 3133 eos
1122 3080 1220 3151 qui
1271 3078 1489 3134 Christi
1537 3078 1956 3149 oppugnabant
2005 3077 2386 3141 divinitatem,
2435 3077 2577 3131 nulli
2620 3078 2970 3133 refelluntur
3011 3096 3024 3134 ε
3060 3080 3333 3150 quodque
3378 3095 3453 3133 ex
3496 3079 3774 3135 versione

299 3184 407 3240 qua
440 3184 596 3223 usus
627 3168 918 3239 reperitur
947 3168 1043 3223 hic
1075 3172 1298 3239 auctor,
1334 3168 1480 3223 satis
1512 3168 1803 3222 indicatur
1833 3168 2102 3239 Vulgata)
2134 3165 2186 3219 id
2222 3166 2506 3236 temporis
2538 3167 2795 3221 nondum
2828 3168 2979 3238 apud
3013 3184 3219 3223 omnes
3269 3169 3602 3222 attributam
3641 3184 3779 3223 auc-

306 3258 618 3312 toritatem.

364 3345 449 3400 De
482 3344 654 3400 tertia
686 3344 919 3399 demum
949 3345 1278 3416 quaestione
1312 3345 1400 3399 sic
1432 3345 1763 3399 statuimus.
1800 3344 1978 3397 Extra
2011 3345 2477 3399 controversiam
2501 3347 2591 3398 est
2614 3345 2822 3400 horum
2846 3346 3129 3400 librorum
3150 3349 3582 3416 parentemnon
3598 3346 3786 3401 fuisse

299 3434 603 3489 subditum
638 3435 916 3489 Romanae
947 3435 1252 3503 metropoli
1289 3450 1301 3488 :
1337 3450 1447 3488 nec
1479 3435 1675 3487 minus
1705 3437 1897 3487 tamen
1929 3436 2151 3487 certum
2184 3434 2376 3503 ipsius
2410 3435 2611 3487 sedem
2661 3436 2733 3488 ab
2790 3436 2948 3490 Urbe
2991 3436 3144 3489 haud
3192 3436 3437 3489 multum
3486 3435 3782 3504 dissitam,

298 3524 510 3594 quippe
547 3522 723 3594 cujus
756 3524 1144 3577 caeremonias
1175 3526 1231 3576 et
1260 3527 1604 3592 perspectas
1636 3522 1889 3576 habebat
1918 3525 1973 3576 et
2003 3522 2364 3591 sequebatur
2393 3523 2449 3576 in
2480 3523 2771 3592 pluribus.
2807 3524 2953 3578 (lum
2986 3540 3128 3578 vero
3162 3525 3334 3578 etiam
3367 3524 3577 3579 iisdem
3603 3540 3783 3579 caere-

295 3612 508 3666 moniis
541 3627 792 3682 quarum
822 3612 1042 3665 mentio
1075 3612 1136 3664 tit
1166 3611 1225 3664 in
1260 3612 1372 3665 hoc
1406 3627 1604 3681 opere,
1641 3627 1773 3664 eum
1806 3611 2025 3664 veteris
2058 3611 2345 3665 Ecclesiae
2377 3610 2693 3665 Gallicanae
2725 3612 2879 3665 sicut
2908 3615 2962 3666 et
2996 3627 3130 3665 eum
3162 3611 3620 3667 Mediolanensis
3651 3614 3776 3667 ritio

295 3698 406 3756 bus
434 3696 756 3771 plurimum
788 3700 1110 3755 intercedat
1140 3701 1463 3768 affinitatis,
1499 3700 1636 3753 hinc
1668 3700 2014 3753 deducimus
2045 3700 2297 3753 vicinam
2344 3700 2576 3769 utrique
2625 3701 2890 3755 eamdem
2942 3701 3249 3755 dioecesim
3303 3702 3630 3757 exstitisse.
3678 3703 3785 3757 Mi-

297 3788 447 3844 nime
481 3793 679 3843 tamen
709 3788 1162 3860 refragabimur,
1196 3788 1246 3842 si
1280 3789 1413 3859 quis
1445 3805 1577 3842 cum
1610 3788 1957 3843 doctissimo
1991 3787 2114 3842 viro
2146 3789 2447 3857 (llerman.
2496 3788 2637 3844 Vitze
2668 3790 2877 3843 Ambr.
2915 3790 3148 3844 Elncid.
3182 3807 3237 3860 p.
3274 3791 3363 3860 30)
3395 3792 3638 3846 eosdem
3670 3807 3791 3846 ser-

296 3892 500 3932 mones
534 3880 636 3931 aut
668 3877 919 3932 Venerio
952 3881 1047 3931 aut
1076 3878 1172 3931 alii
1205 3877 1458 3947 cuipiam
1493 3876 1789 3931 Ambrosii
1819 3877 2131 3947 discipulo,
2184 3877 2285 3948 qui
2335 3893 2451 3931 non
2492 3878 2674 3933 multo
2718 3881 2853 3949 post
2901 3880 3097 3950 ipsum
3148 3879 3453 3950 priefuerit
3496 3880 3787 3935 Ecclesite

298 3965 748 4033 Mediolanensi,
782 3965 1037 4021 tributos
1069 3966 1248 4020 malit.
1285 3966 1345 4020 td
1376 3982 1553 4020 unum
1588 3966 1700 4020 hoc
1732 3965 1845 4020 loci
1877 3965 2190 4036 adjicimus
2223 3980 2295 4018 ex
2330 3965 2402 4019 iis
2450 3982 2582 4036 quae
2633 3967 2703 4021 de
2756 3983 2926 4021 sacra
2980 3968 3412 4036 communione,
3469 3985 3602 4023 eum
3632 3969 3788 4039 apud

299 4054 614 4109 orientales
645 4055 918 4125 populos,
955 4060 1074 4109 tum
1106 4055 1256 4124 apud
1293 4072 1438 4110 suos
1472 4055 1657 4110 semel
1692 4059 1909 4109 tantum
1945 4054 2202 4126 singulis
2235 4054 2406 4108 annis
2438 4055 2564 4109 tieri
2595 4055 2766 4109 solita
2801 4060 3082 4111 memorat
3112 4060 3318 4111 auctor
3364 4058 3488 4127 (lib.
3532 4075 3589 4127 v,
3624 4074 3674 4111 c.
3710 4059 3785 4126 tl,

298 4143 617 4211 prudenter
648 4143 862 4214 conjici
897 4143 1049 4198 haud
1101 4144 1277 4198 dubie
1310 4148 1445 4214 post
1484 4142 1894 4214 (Ilii-ysostomi
1925 4145 2185 4214 tempora
2220 4143 2414 4213 ipsum
2462 4144 2725 4215 vixisse;
2779 4146 2885 4200 sed
2941 4150 3252 4218 antequam
3303 4147 3361 4201 in
3409 4147 3788 4202 Occidentem

303 4231 604 4286 Romanus
635 4232 780 4287 ordo
811 4236 868 4286 et
897 4233 1269 4287 caaremouiaa
1303 4234 1728 4303 reciperentur.

360 4320 655 4375 Caeterum
687 4322 1005 4392 quominus
1038 4322 1365 4376 secundum
1398 4338 1504 4377 eos
1535 4339 1564 4376 a
1598 4322 1817 4393 quibus
1858 4320 2172 4375 Ambrosio
2204 4321 2316 4375 hoc
2348 4338 2497 4392 opus
2530 4322 2921 4395 adjudicatur,
2972 4326 3211 4379 omnino
3262 4325 3523 4379 feramus
3560 4308 3787 4377 .sutl'ra-

300 4409 476 4479 gium,
511 4425 582 4464 ea
612 4410 910 4479 praecipue
944 4411 1287 4480 scrupulum
1320 4415 1576 4467 movent.
1616 4413 1808 4467 Primo
1841 4411 2156 4466 diversitas
2189 4410 2572 4480 elocutionis;
2624 4429 2757 4467 nam
2809 4413 2921 4467 etsi
2973 4414 3190 4485 stylum
3230 4412 3445 4467 variari
3475 4412 3546 4466 ab
3579 4414 3786 4467 aucto-

303 4498 489 4565 ribus,
522 4502 583 4553 et
611 4515 719 4569 pro
752 4514 815 4552 re
845 4515 913 4552 ac
944 4502 1207 4569 tempore
1241 4502 1415 4556 modo
1445 4502 1653 4571 attolli,
1692 4502 1863 4556 modo
1896 4500 2143 4570 deprimi
2175 4515 2289 4553 non
2314 4500 2683 4571 ignoremus;
2719 4517 2954 4571 semper
2984 4490 3176 4555 tamen
3207 4501 3517 4570 scriptoris
3545 4503 3789 4570 apparet

300 4584 601 4658 ingenium
652 4590 707 4641 et
752 4589 919 4658 quasi
968 4588 1344 4644 intermicat:
1380 4591 1596 4661 quique
1644 4590 1824 4645 nobili
1877 4592 1933 4643 et
1976 4588 2229 4658 eleganti
2260 4589 2514 4643 dictione
2552 4590 2632 4643 uti
2673 4592 3002 4659 consuevit,
3044 4591 3114 4643 ad
3160 4590 3437 4643 humilem
3485 4605 3785 4660 nunquam

304 4673 545 4729 demittit
590 4692 730 4730 sesc
773 4692 785 4730 :
825 4679 879 4729 at
916 4692 1057 4729 veto
1098 4676 1332 4747 frigidis
1372 4678 1488 4731 illis
1529 4681 1581 4731 ct
1615 4679 1942 4747 puerilibus
1982 4677 2383 4747 interrogatis,
2422 4694 2555 4748 (μιτο
2598 4678 2733 4731 huic
2774 4678 3081 4747 scriptioni
3122 4678 3376 4732 subinde
3419 4680 3786 4750 inspergun-

303 4766 409 4830 tur,
453 4767 623 4820 caute
659 4765 935 4833 abstinct,
982 4769 1041 4818 ut
1083 4765 1138 4818 iu
1183 4766 1332 4819 libro
1375 4767 1460 4820 De
1505 4767 1846 4838 .llj'steriis,
1885 4766 2155 4838 ejusdem
2212 4766 2347 4819 licet
2404 4766 2756 4836 argumenti,
2809 4767 2945 4820 fecit
3000 4767 3375 4821 Ambrosius.
3430 4768 3675 4823 Accedit
3730 4770 3787 4821 et

302 4850 459 4919 illud,
500 4853 659 4923 quod
707 4854 1084 4907 Ambrosium
1119 4872 1234 4908 non
1270 4860 1382 4908 tam
1425 4856 1722 4909 serviliter
1762 4856 1947 4909 libros
1982 4872 2127 4909 suos
2162 4855 2515 4907 imitaturum
2558 4854 2747 4907 fuisse
2780 4855 3232 4925 existimamus;
3274 4857 3381 4911 ista
3421 4858 3575 4911 enim
3619 4873 3783 4911 rom-

304 4942 572 4995 mentatio
611 4944 725 4995 tota
767 4941 887 4996 fere
924 4958 994 4996 ex
1037 4944 1330 5013 superiori
1371 4944 1455 4997 Ite
1490 4943 1831 5014 .llysteriis,
1874 4944 2081 5013 partim
2129 4944 2300 4997 etiam
2347 4959 2420 4995 ex
2473 4943 2622 4995 libro
2654 4943 2740 4995 Ue
2775 4942 3148 4999 Institutione
3196 4947 3454 5017 Virginis
3495 4963 3781 5017 expreSsa

304 5024 404 5080 fuit
430 5027 582 5098 (cap.
622 5027 670 5098 l,
724 5046 779 5082 n.
814 5028 867 5095 '7,
916 5033 971 5083 et
1003 5047 1130 5100 cap.
1167 5032 1218 5099 9.,
1270 5048 1426 5085 ninu.
1463 5032 1537 5097 8).
1582 5031 1865 5084 Addimus
1909 5047 2143 5101 quoque
2182 5031 2612 5084 communionis
2652 5035 2765 5085 tam
2803 5031 3194 5104 infrequentis
3238 5036 3711 5090 Mediolaneuscs
3750 5052 3782 5088 τι

305 5120 502 5171 sancto
558 5118 815 5187 praesule
870 5118 927 5171 in
987 5120 1169 5172 certis
1216 5119 1344 5173 suis
1386 5120 1557 5173 libris
1599 5135 1891 5189 nusquam
1932 5120 2213 5175 incusari.
2264 5120 2525 5189 Denique
2563 5122 2718 5190 quod
2760 5124 2967 5176 auctor
3008 5124 3183 5178 tantis
3219 5126 3432 5178 animis
3472 5128 3527 5179 in
3571 5124 3781 5178 Eccle-

304 5203 445 5257 siam
469 5206 788 5259 Romanam
814 5209 1354 5279 prOpterlotionem
1380 5209 1591 5279 pedum
1615 5208 1894 5280 insurgit,
1934 5209 2107 5262 nobis
2134 5209 2508 5262 Ambrosiani
2553 5224 2691 5263 esse
2733 5211 2980 5266 instituti
3020 5212 3256 5267 minime
3299 5213 3549 5267 videtur.
3592 5212 3781 5267 Novi-

307 5308 429 5346 mus
458 5295 676 5366 quippe
698 5296 857 5349 illum
884 5312 1030 5350 suos
1053 5298 1372 5369 unicuique
1399 5298 1798 5353 I'Icclesiarum
1824 5312 1969 5352 usus
1992 5314 2060 5351 ac
2082 5298 2230 5351 ritus
2254 5298 2399 5353 adeo
2424 5299 2644 5354 liberos
2665 5315 2802 5354 esse
2826 5301 3111 5368 voluisse,
3152 5305 3215 5356 ut
3251 5301 3318 5355 ad
3364 5316 3776 5372 quamcunque

308 5379 448 5436 forte
486 5384 878 5454 pervenisset,
931 5387 984 5439 ei
1039 5403 1125 5453 se,
1185 5388 1675 5457 quemadmodum
1714 5387 2087 5458 Augustinus
2127 5388 2299 5441 tradit
2335 5390 2530 5457 (epist.
2573 5390 2661 5458 5t,
2717 5390 2862 5443 alias
2904 5390 3045 5459 118'),
3107 5391 3602 5443 accommodaret.

370 5470 779 5527 Verumtamen
810 5475 1086 5545 quoniam
1116 5475 1225 5529 hac.
1256 5475 1313 5529 in
1346 5477 1690 5547 deregatum
1721 5477 1996 5531 nolumus
2030 5477 2286 5547 opinioni
2319 5477 2693 5549 cujusquam,
2728 5497 2837 5533 nec
2868 5481 3039 5535 etiam
3094 5496 3303 5533 sumus
3351 5478 3537 5531 nescii
3596 5476 3777 5546 pluri-

309 5574 428 5613 mos
460 5561 583 5616 fore
614 5562 714 5633 qui
751 5564 1129 5633 seriptionem
1172 5581 1277 5634 pro
1317 5566 1707 5618 Ambrosiana
1745 5565 1943 5619 tandiu
1981 5567 2274 5619 communi
2296 5583 2445 5637 pene
2469 5582 2769 5621 consensu
2794 5568 3051 5621 habitam
3072 5567 3245 5621 solito
3270 5580 3378 5619 suo
3404 5565 3531 5617 loro
3556 5564 3776 5633 privari

308 5648 543 5704 moleste
565 5650 910 5718 ferrent;eo
930 5655 1287 5723 propensius
1308 5654 1461 5706 illam
1489 5655 1545 5706 in
1580 5654 1784 5707 ordine
1826 5671 1935 5707 suo
1972 5658 2026 5706 et
2064 5656 2451 5723 possessione
2492 5657 2771 5709 duximus
2808 5656 3299 5721 conservandam,
3334 5652 3491 5721 quod
3534 5669 3665 5705 cum
3703 5669 3778 5705 ex

310 5734 593 5794 Ambrosii
628 5741 938 5795 sententiis
968 5746 1023 5796 et
1061 5742 1406 5813 plerumque
1445 5742 1616 5797 etiam
1653 5742 1855 5801 verbis
1890 5742 2120 5800 condita
2165 5744 2356 5816 fuerit,
2393 5745 2502 5800 hac
2542 5746 2748 5805 saltem
2784 5747 3008 5802 ratione
3046 5760 3177 5818 qua)
3216 5743 3631 5800 Ambrosianis
3674 5759 3775 5800 ac-

313 5830 620 5902 cesseatur,
659 5830 902 5901 indigna
936 5848 1053 5889 non
1092 5834 1203 5887 est.
