4024 6176
317 312 432 374 437

1505 307 1614 369 DE
1644 304 2242 371 SACRAMENTIS
2276 258 2441 368 LIB.
2473 305 2521 367 ι.

3650 299 3769 367 438

315 516 372 567 ut
402 511 621 567 bonum
648 510 889 565 odorem
949 508 1208 580 accipias
1255 508 1489 580 pietatis
1540 511 1799 573 aeternae,
1836 509 1891 561 et
1922 509 1984 561 ut
2016 491 2068 552 Α
2102 506 2315 561 faciem
2374 513 2550 575 tuam,
2610 511 2667 561 et
2717 505 3086 578 praeparabit
3149 504 3297 559 riam
3338 508 3491 558 tuam
3525 508 3665 558 ante
3708 508 3766 559 te

328 601 488 655 dicas
521 616 533 654 :
570 599 802 655 Christi
823 600 977 654 enim
996 599 1184 653 bonus
1220 598 1364 653 odor
1384 614 1585 652 sumus
1608 597 1749 666 Deo,
1777 612 1984 667 quem-

321 689 630 743 admodum
660 689 806 752 350
839 688 986 742 dixit
1019 687 1342 757 Apostolus
1375 690 1619 741 sanctus
1651 685 1736 763 (Il
1765 685 1899 740 Cor.
1924 702 1981 753 ιι,

319 776 446 844 15);
497 778 553 829 et
608 776 685 830 sit
735 777 794 830 in
862 779 917 830 te
964 776 1101 831 fidei
1148 775 1599 846 devotionisque
1649 774 1820 844 plena
1864 773 1985 827 fra-

304 866 557 941 grantia.

967 990 1219 1047 CAPUT
1260 990 1327 1044 ΙΙ.

312 1135 656 1192 Unctionem
675 1134 913 1191 athletae
933 1134 1268 1190 Christiani
1290 1133 1549 1205 exponit,
1572 1147 1737 1205 quem
1752 1136 1813 1205 ut
1832 1130 1982 1186 exci-

375 1214 460 1261 tet
518 1207 595 1261 ad
626 1208 986 1261 servandam
1028 1204 1202 1260 [idern
1247 1203 1823 1267 abrenuntiationis,
1862 1208 1987 1255 tes-

378 1279 522 1332 tium
546 1278 1174 1349 quibusprarscntibus
1195 1293 1261 1349 ea
1300 1276 1456 1330 facta
1487 1283 1600 1349 est,
1628 1274 1982 1349 dignitatem

370 1342 690 1420 ampliﬁcat
709 1368 729 1413 ;
752 1342 819 1403 ac
846 1350 1075 1403 demum
1101 1350 1196 1403 rei
1217 1348 1406 1402 lucem
1431 1345 1598 1401 addit
1621 1342 1909 1415 exemplo.

378 1491 431 1545 4.
463 1490 752 1545 Venimus
784 1491 855 1544 ad
908 1490 1128 1545 fontem
1170 1490 1281 1559 (De
1316 1489 1584 1556 Consec.,
1618 1487 1755 1542 dist.
1812 1487 1867 1555 4,
1928 1501 1980 1539 c.

315 1578 555 1634 Venisti
573 1580 648 1634 ad
668 1580 914 1649 fontem)
953 1598 965 1634 :
992 1580 1309 1651 ingressus
1340 1594 1406 1633 es
1441 1595 1452 1631 :
1490 1576 1804 1631 considera
1832 1590 1983 1646 quos

305 1669 550 1737 videris,
579 1669 720 1739 quid
751 1668 985 1723 locutus
1015 1670 1104 1722 sis
1137 1667 1469 1734 considera,
1503 1669 1703 1736 repete
1734 1664 1983 1735 diligen-

310 1760 418 1811 ter.
483 1757 757 1811 Occurrit
817 1757 919 1811 tibi
972 1757 1219 1825 Levita,
1285 1755 1545 1810 occurrit
1602 1754 1915 1825 presbyter
1967 1766 1979 1806 :

2102 597 2340 665 (Matth.
2364 613 2444 665 χι,
2471 596 2579 665 10).
2603 595 2818 665 Accipe
2834 596 2991 649 aliud
3008 594 3313 649 Malachiaa
3336 594 3412 662 ('7)
3436 593 3761 663 propheth

2104 685 2247 751 Quia
2269 684 2425 739 labia
2440 686 2781 740 sacerdotis
2801 684 3135 739 custodiunt
3153 684 3485 751 scientiam,
3504 689 3561 736 et
3574 682 3765 754 legem

2100 776 2421 847 exquirunt
2443 791 2522 829 ex
2543 791 2646 830 ore
2668 774 2858 844 ipsius
2881 793 2898 837 ;
2924 772 3170 844 angelus
3208 779 3297 826 cst
3337 773 3491 826 enim
3513 772 3628 826 Dei
3648 788 3766 825 om-

2099 864 2422 935 nipotentis
2444 862 2722 933 (.tlalacli.
2750 880 2808 931 ii,
2833 863 2910 931 7).
2937 862 3079 915 Haec
3103 862 3233 915 ideo
3256 861 3547 922 dicuntur,
3583 864 3645 913 ut
3677 876 3769 913 sa-

2099 953 2635 1023 cerdotisgloriam
2696 952 2772 1021 (8)
2827 951 3247 1021 praedicamus,
3301 965 3418 1003 non
3449 952 3510 1003 ut
3541 949 3765 1020 aliquid

2099 1041 2514 1111 personalibus
2548 1041 2774 1095 meritis
2805 1042 3140 1111 arrogctur.

2167 1148 2200 1204 8
2234 1149 2391 1220 Ergo
2422 1147 2847 1202 abrenuntiasti
2882 1145 3099 1200 mundo
3127 1186 3139 1214 ,
3183 1143 3608 1197 abrenuntiasti
3644 1159 3764 1197 sae-

2099 1238 2251 1307 culo,
2287 1242 2414 1292 esto
2448 1236 2761 1298 sollicitus.
2808 1235 2918 1299 Qui
2959 1234 3268 1305 pecuniam
3301 1232 3493 1299 debet,
3529 1247 3768 1301 semper

2097 1330 2426 1381 cautionem
2450 1342 2618 1380 suam
2655 1324 2993 1380 considerat
3028 1340 3038 1377 :
3076 1326 3131 1376 et
3162 1325 3222 1376 tu
3256 1321 3354 1392 qui
3380 1322 3552 1374 fidem
3579 1321 3763 1374 debes

2094 1416 2351 1485 Christo,
2378 1416 2550 1469 {idem
2584 1430 2789 1482 serva,
2823 1430 2955 1483 quae
3006 1412 3185 1465 multo
3220 1410 3538 1481 pretiosior
3594 1425 3769 1479 quam

2094 1502 2343 1573 pecunia
2374 1506 2464 1557 est
2490 1518 2505 1571 ;
2538 1503 2685 1557 ﬁdes
2718 1503 2872 1556 enim
2905 1506 3190 1556 aeternum
3221 1499 3633 1569 patrimonium
3653 1504 3764 1566 est,

2093 1592 2342 1662 pecunia
2396 1591 2715 1661 temporale
2762 1592 2860 1659 (9).
2916 1590 2988 1643 Et
3033 1593 3097 1643 tu
3127 1605 3271 1660 ergo
3304 1604 3541 1657 semper
3570 1603 3769 1642 recor-

2094 1681 2233 1735 dare
2277 1681 2418 1752 quid
2461 1679 2847 1750 promiseris;
2895 1685 2952 1733 et
2994 1678 3114 1732 eris
3166 1678 3409 1731 cautior.
3458 1677 3519 1730 Si
3562 1679 3767 1731 teneas

2092 1770 2206 1840 (10)
2261 1771 2723 1842 promissionem
2781 1771 2977 1838 tuam,
3034 1768 3268 1823 tenebis
3320 1769 3376 1821 et
3434 1766 3767 1822 cautionem

301 1850 520 1900 unctus
552 1850 644 1900 est
682 1846 853 1917 quasi
900 1846 1117 1900 athleta
1149 1845 1370 1899 Christi
1420 1846 1516 1914 (3),
1566 1843 1736 1915 quasi
1769 1842 1981 1895 luctam
2014 1860 2269 1932 Βιυεω,

301 1934 489 2006 hujus
522 1935 731 1989 saeculi
764 1935 1125 2002 luctaturus,
1175 1934 1490 2005 professus
1540 1947 1607 1987 es
1648 1930 1983 1986 luctaminis

301 2023 384 2078 tui
439 2023 784 2077 certamina.
834 2022 945 2087 Qui
995 2024 1267 2092 luctatur,
1302 2023 1479 2077 habet
1524 2021 1682 2094 quod
1733 2022 1979 2090 speret:

302 2112 400 2166 ubi
432 2115 757 2181 certamen,
793 2113 874 2166 ibi
907 2127 1146 2167 corona.
1182 2111 1455 2167 Luctaris
1499 2111 1561 2165 in
1589 2109 1836 2179 saeculo,
1874 2108 1983 2163 sed

303 2201 617 2256 coronaris
661 2218 693 2255 a
722 2201 995 2268 Christo,
1045 2206 1099 2256 et
1131 2218 1235 2273 pro
1295 2200 1719 2256 certaminibus
1776 2197 1982 2253 saeculi

302 2290 615 2344 coroneris
646 2291 674 2345 ξ)
704 2290 852 2343 Nam
884 2290 998 2345 etsi
1026 2291 1086 2344 in
1143 2290 1293 2346 coelo
1318 2290 1645 2360 praemium,
1674 2288 1770 2342 hic
1788 2291 1983 2341 tamen

303 2380 581 2434 meritum
612 2378 838 2449 praemii
871 2380 1195 2433 collocatur
1224 2380 1321 2449 (1i).

368 2487 422 2540 5.
457 2484 710 2550 Quando
757 2489 813 2540 te
843 2486 1229 2557 interrogavit
1265 2502 1276 2540 :
1313 2483 1706 2539 Abrenantias
1747 2482 1982 2538 diabolo

301 2578 357 2629 et
387 2574 680 2646 operibus
711 2573 846 2645 ejus
868 2616 881 2642 ,
934 2575 1073 2646 quid
1115 2575 1477 2645 respondisti
1505 2576 1534 2628 ἲ)
1590 2573 1979 2628 Abrenuntio.

300 2663 709 2717 Abrenuntias
731 2663 956 2719 saeculo
987 2667 1044 2717 et
1072 2664 1473 2734 voluptatibus
1519 2661 1675 2733 ejus,
1711 2661 1851 2731 quid
1883 2677 1982 2715 re-

299 2752 648 2822 spondisti?
669 2753 1055 2807 Abrenuntio.
1082 2753 1307 2806 Memor
1336 2756 1463 2806 esto
1488 2750 1784 2805 sermonis
1815 2749 1983 2815 tui,et

298 2857 607 2912 nunquam
639 2841 744 2894 tibi
778 2841 1009 2894 excidat
1038 2844 1153 2895 tua:
1186 2841 1378 2895 series
1412 2840 1724 2894 cautionis.
1759 2838 1821 2891 Si
1852 2838 1981 2892 chi-

300 2928 671 3001 rographum
710 2915 932 2983 homini
968 2930 1227 2999 dederis,
1280 2930 1500 2983 teneris
1552 2928 1868 2995 obnoxius,
1922 2930 1984 2981 ut

301 3019 619 3087 pecuniam
651 3017 785 3089 ejus
818 3019 1077 3088 accipias
1105 3035 1115 3074 :
1139 3020 1359 3074 teneris
1382 3018 1682 3085 astrictus,
1705 3021 1761 3071 et
1793 3017 1981 3071 reluc-

300 3110 522 3161 tantem
545 3111 603 3162 te
636 3106 932 3162 fenerator
960 3109 1237 3180 astringit
1271 3124 1282 3163 :
1318 3109 1369 3161 si
1406 3123 1672 3175 recusas,
1711 3105 1879 3160 vadis
1909 3104 1982 3159 ad

295 3195 564 3266 judicem
599 3198 693 3265 (5),
726 3201 900 3267 atque
931 3198 1049 3252 illic
1082 3202 1175 3253 tua
1208 3198 1478 3253 cautione
1512 3195 1906 3251 convinceris.

367 3302 402 3357 6
430 3307 490 3358 et
520 3302 576 3357 7.
615 3303 727 3358 Ubi
748 3304 1097 3373 promiseris
1130 3304 1463 3371 considera,
1498 3304 1590 3357 vel
1615 3303 1832 3373 quibus
1855 3318 1984 3371 pro-

300 3392 565 3447 miseris.
592 3392 853 3446 Levitam
875 3393 1209 3462 vidisti,sed
1234 3393 1501 3447 minister
1521 3396 1612 3447 est
1629 3392 1870 3445 Christi.
1891 3391 1987 3444 Vi-

301 3480 436 3535 disti
470 3482 645 3535 illum
676 3484 808 3535 ante
840 3482 1043 3535 altaria
1076 3483 1430 3536 ministrare.
1478 3481 1638 3553 Ergo
1672 3481 1982 3551 chirogra-

298 3570 480 3639 phum
497 3574 669 3624 tuum
686 3572 916 3624 tenetur
941 3586 1056 3624 non
1073 3571 1130 3625 in
1145 3574 1298 3626 terra
1314 3572 1419 3625 sed
1436 3572 1494 3624 in
1514 3570 1684 3625 ccelo.
1704 3569 1985 3624 Conside-

300 3674 361 3713 ra
382 3659 487 3713 ubi
517 3659 725 3730 capias
747 3664 1115 3714 sacaamenta
1133 3661 1417 3716 ccelestia.
1443 3660 1506 3715 Si
1524 3660 1618 3713 hic
1641 3676 1863 3730 corpus
1889 3662 1981 3713 est

300 3746 547 3815 Christi,
575 3747 673 3802 hic
695 3751 751 3803 et
783 3748 977 3821 angeli
1002 3750 1300 3804 constituti
1333 3752 1489 3803 sunt.
1519 3749 1635 3803 Ubi
1655 3747 1985 3819 corpus,ibi

301 3841 357 3891 et
379 3837 622 3909 aquilae,
644 3837 843 3909 legisti
867 3838 924 3891 in
945 3838 1266 3910 Evangelia
1286 3839 1523 3909 (Matth.
1550 3854 1711 3906 xxxv,
1737 3837 1848 3905 €23).
1868 3836 1982 3891 Ubi

301 3941 523 3998 cinus
558 3925 811 4006 _Christi,
847 3927 930 3980 ibi
959 3930 1015 3981 et
1043 3928 1257 3998 aquilae
1287 3928 1485 3982 volare
1516 3928 1898 3995 consuerunt,
1923 3928 1986 3980 ut

300 4017 534 4069 terrena
571 4013 821 4086 fugiant,
856 4017 1120 4070 caelestia
1164 4020 1384 4086 petant.
1427 4016 1617 4081 Quare
1648 4016 1760 4069 hoc
1792 4015 1924 4068 dico
1953 4016 1981 4069 ἱ)

298 4103 443 4168 Quia
474 4108 534 4158 et
555 4103 830 4159 homines
848 4106 1041 4175 angeli
1066 4147 1079 4171 ,
1107 4106 1245 4168 351
1286 4106 1622 4176 quicunque
1636 4104 1983 4157 annuntiant

299 4192 632 4260 Christum,
666 4195 721 4246 et
742 4193 799 4246 in
813 4194 1160 4266 angelorum
1184 4194 1444 4248 adscisci
1463 4194 1734 4247 videntur
1763 4192 1977 4246 locum.

298 4279 900 4352 Quomodo?Accipe
935 4284 1211 4354 Baptistae
1246 4284 1549 4337 rationem.
1588 4283 1849 4338 Joannes
1882 4297 1983 4335 na-

300 4372 392 4423 tus
425 4374 555 4425 erat
580 4385 653 4424 ex
683 4371 812 4425 viro
844 4375 900 4426 et
942 4373 1186 4426 muliere
1227 4373 1302 4441 (6)
1330 4388 1343 4441 ;
1394 4374 1646 4426 attamen
1677 4372 1813 4425 audi
1843 4372 1982 4441 quia

297 4459 551 4531 angelus
587 4463 763 4515 est-et
786 4461 946 4530 ipse:
977 4461 1132 4515 Ecce
1151 4463 1318 4515 mitto
1338 4461 1608 4534 angelum
1628 4478 1814 4515 meum
1843 4467 1981 4514 ante

2740 1964 2991 2019 CAPUT
3031 1965 3126 2020 lll.

2092 2075 2263 2130 Licet
2286 2075 2507 2130 fontem
2538 2080 2711 2146 atque
2735 2072 3048 2126 ministros
3078 2077 3297 2126 tantum
3342 2071 3606 2146 vii/crint
3627 2087 3768 2125 neo-

2158 2148 2355 2218 pliyti,
2382 2142 2818 2214 mafora'tamcn
2858 2159 2992 2198 esse
3018 2160 3142 2214 quae
3161 2159 3271 2196 non
3311 2142 3610 2211 videntur,
3635 2158 3769 2196 auc-

2168 2224 2260 2271 tor
2282 2218 2563 2272 ostendit.

2163 2324 2216 2377 9.
2253 2323 2476 2378 Deinde
2507 2322 2820 2377 acccssisti
2853 2320 3137 2391 prOpius:
3175 2319 3377 2373 vidisti
3410 2318 3651 2388 fontem,
3676 2321 3768 2372 vi-

2094 2413 2232 2467 disti
2263 2416 2319 2467 et
2341 2412 2714 2467 sacerdotem
2744 2427 2925 2481 supra
2957 2410 3195 2464 fontem.
3231 2409 3355 2462 Nec
3386 2408 3497 2462 hoc
3522 2424 3769 2477 possum

2094 2503 2382 2571 dubitare,
2409 2502 2566 2573 quod
2598 2503 2656 2555 in
2685 2501 2942 2555 animum
2972 2502 3234 2553 vestrum
3258 2513 3376 2552 non
3404 2498 3661 2567 potuerit
3683 2513 3772 2550 ca-

2095 2592 2255 2661 dere,
2305 2591 2464 2662 quod
2522 2590 2733 2645 cecidit
2788 2591 2849 2643 in
2897 2589 3061 2643 illum
3109 2589 3320 2658 Syrum
3356 2587 3619 2639 Naaman
3662 2585 3779 2655 (IV

2096 2680 2243 2752 Reg.
2276 2697 2333 2748 v,
2368 2679 2454 2747 11,
2488 2680 2611 2749 12);
2661 2680 2818 2750 quia,
2875 2679 2985 2733 etsi
3028 2677 3345 2732 mundatus
3375 2679 3487 2744 est,
3519 2678 3652 2728 ante
3680 2677 3770 2728 ta-

2096 2786 2227 2824 men
2262 2769 2564 2824 dubitavit.
2598 2767 2788 2833 Quare
2816 2770 2844 2822 ?
2891 2768 3113 2835 Dicam,
3150 2767 3374 2834 accipe.

2169 2857 2253 2912 10.
2288 2859 2610 2929 Ingressus
2634 2872 2721 2925 es,
2755 2857 2955 2911 vidisti
2986 2872 3219 2926 aquam,
3251 2853 3453 2908 vidisti
3486 2853 3769 2907 sacerdo-

2095 2950 2230 3016 tem,
2262 2947 2463 3000 vidisti
2489 2947 2769 3000 l.evitam.
2806 2946 2892 3000 Ne
2917 2947 3064 2999 forte
3098 2944 3311 3015 aliquis
3343 2943 3556 2996 dixerit
3595 2957 3606 2995 :
3642 2942 3769 2994 Iloc

2097 3040 2188 3091 est
2229 3040 2410 3090 totum
2442 3038 2469 3089 ἰ)
2517 3037 2637 3090 Imo
2678 3039 2770 3089 est
2815 3038 3019 3089 totum.
3062 3034 3213 3087 Vere
3254 3036 3456 3100 totum,
3492 3032 3593 3085 ubi
3654 3034 3769 3084 tota

2096 3126 2450 3194 innocentia,
2484 3128 2599 3179 tota
2624 3124 2830 3194 pietas,
2882 3126 2996 3177 tota
3031 3122 3237 3193 gratia,
3282 3125 3398 3174 tota
3432 3120 3769 3173 sanctificat-

2013 3220 2073 3291 α
2098 3216 2196 3270 tio.
2239 3216 2450 3270 Vidisti
2479 3232 2612 3286 quae
2635 3215 2836 3268 videre
2860 3214 3099 3283 potuisti
3134 3212 3323 3266 oculis
3360 3212 3438 3263 tui
3475 3210 3763 3280 corporis,

2096 3310 2152 3361 et
2182 3306 2456 3360 humanis
2479 3304 2899 3374 conspectibus
2934 3319 2944 3356 :
2980 3318 3095 3355 non
3120 3301 3319 3354 vidisti
3339 3300 3435 3353 illa
3467 3315 3599 3369 quae
3622 3314 3767 3367 ope-

2095 3399 2299 3450 rantur
2328 3395 2462 3466 quia
2508 3410 2625 3449 non
2674 3393 2948 3446 videntur
2994 3391 3127 3461 (lt).
3181 3390 3281 3443 llla
3323 3388 3500 3442 multo
3542 3387 3766 3457 majora

2096 3488 2234 3539 sunt
2262 3501 2394 3555 qum
2425 3499 2542 3538 non
2573 3483 2865 3551 videntur,
2899 3497 3072 3552 quam
3104 3496 3237 3551 quae
3268 3479 3576 3545 videntur;
3614 3492 3766 3547 quo-

2095 3573 2249 3627 niam
2283 3589 2415 3644 qua)
2451 3573 2742 3641 videntur,
2774 3569 3119 3640 temporalia
3151 3571 3290 3623 sunt
3323 3583 3333 3622 :
3361 3584 3493 3638 qua}
3526 3582 3644 3621 non
3674 3565 3765 3617 vi-

2097 3662 2335 3732 dentur,
2389 3665 2609 3716 wtcrna
2670 3660 2755 3730 (II
2776 3660 2909 3714 Cor.
2938 3676 3015 3728 iv,
3048 3658 3157 3728 18‘).

2732 3783 2985 3841 CAPUT
3021 3783 3119 3840 IV.

2094 3913 2482 3968 Sacramenta
2510 3912 2986 3967 Christianorum
3011 3908 3310 3965 diviniora
3335 3915 3392 3963 et
3398 3909 3605 3979 priora
3630 3923 3765 3963 esse

2167 4019 2334 4127 qua?
2360 4003 2692 4057 Judzeorum
2717 4022 2732 4055 :
2757 4007 2929 4074 atque
2949 3999 3104 4054 inibi
3127 3999 3200 4054 de
3229 3998 3398 4053 vobis
3419 3999 3642 4069 pascha
3676 3998 3765 4051 si-

2167 4076 2270 4127 ani
2292 4081 2466 4127 lentu.

2162 4076 2466 4146 gniﬁcatu.

2166 4199 2251 4254 11.
2276 4199 2435 4271 Ergo
2460 4199 2724 4253 dicamus
2763 4198 3035 4269 primum,
3068 4200 3201 4252 tene
3233 4197 3563 4250 cautionem
3594 4194 3761 4247 vocis

2092 4305 2260 4354 meae,
2294 4293 2349 4343 et
2379 4289 2573 4361 exige.
2600 4288 2882 4342 Miramur
2913 4288 3195 4357 mysteria
3228 4287 3591 4352 Judicorum,
3628 4300 3760 4353 quae

2091 4378 2359 4447 patribus
2391 4379 2614 4432 nostris
2646 4378 2775 4431 data
2826 4382 2986 4445 sunt,
3036 4376 3289 4446 primum
3338 4376 3627 4428 vetustate
3660 4387 3760 4425 sa-

2092 4469 2551 4537 cramentorum,
2605 4467 2814 4520 deinde
2874 4466 3175 4518 sanctitate
3222 4460 3561 4533 praestantia
3620 4460 3758 4529 (12,).

367 4602 445 4673 (3)
480 4601 686 4677 Hujus
717 4604 1015 4658 unctionis
1069 4605 1125 4659 in
1165 4605 1365 4660 libello
1400 4605 1484 4659 De
1507 4605 1828 4677 .tlj'storiis
1861 4620 1976 4659 non
2009 4584 2068 4649 D
2092 4608 2237 4663 fides
2270 4610 2329 4663 in
2370 4626 2435 4662 sc
2486 4608 2762 4675 continet,
2798 4608 3192 4677 cognitionem
3226 4609 3281 4660 et
3313 4604 3755 4677 obsituritatem.

303 4672 362 4725 tit
396 4672 645 4728 mentio.

363 4745 441 4812 (ί)
472 4746 613 4799 Gill.
661 4746 717 4799 in
765 4762 953 4817 marg.
999 4748 1135 4801 edit.
1188 4749 1356 4802 Rom.
1408 4748 1466 4801 in
1509 4763 1670 4817 corp.
1707 4751 1763 4802 et
1805 4746 1974 4816 pauci

299 4830 486 4888 mss,
506 4818 787 4870 meritum
819 4820 1053 4885 przmnii
1070 4818 1393 4888 exillii/itur.

369 4888 448 4959 (ᾖ)
470 4887 554 4940 Ita
578 4888 889 4954 edit.(‘iill.,
920 4891 1086 4943 ltom.
1105 4895 1161 4942 et
1181 4887 1326 4944 mss.
1354 4890 1554 4958 plures
1577 4907 1644 4943 ac.
1669 4890 1929 4959 potiores
1960 4911 1970 4947 :

304 4959 357 5008 at
386 4958 443 5030 in
477 4959 729 5030 reliquis
761 4959 896 5014 edit.
932 4978 999 5014 ac
1033 4976 1179 5015 mss.
1221 4962 1583 5028 omittuntur,
1621 4958 1681 5015 si
1706 4979 1973 5017 recusas.

310 5029 477 5083 vadis
498 5029 875 5097 adjurlicem.

369 5099 448 5168 (6)
476 5100 624 5174 Cod.
658 5102 836 5170 Clam,
870 5103 1112 5174 Accipe,
1137 5104 1405 5174 Baptista
1432 5110 1560 5159 erat
1584 5111 1842 5159 Joannes
1864 5122 1972 5159 na-

309 5174 399 5223 tus
415 5187 495 5225 ex
521 5173 669 5225 viro.

368 5242 622 5316 (7)3133.
659 5244 944 5316 plerique,
971 5245 1327 5306 .tlalacliiel;
1358 5247 1594 5316 quidam
1633 5247 1827 5316 etiam,
1864 5247 1971 5302 sed

305 5315 691 5388 recentiores,
727 5315 931 5388 legunt
952 5318 1035 5370 ait
1057 5317 1123 5371 .l!
1140 5315 1392 5373 ilacliic/
1413 5318 1722 5388 propheta.

376 5385 453 5459 (8)
484 5384 767 5459 Quasdam
796 5384 958 5452 edit,
986 5395 1042 5441 ut
1066 5389 1392 5443 sacerdotii
1413 5384 1690 5459 'gloriam.

376 5458 451 5523 t9)
492 5458 741 5529 Quaeres
765 5474 896 5511 cum
918 5459 1101 5513 Deum
1127 5476 1231 5529 per
1251 5458 1699 5515 tiileniobsciii'e
1729 5465 1972 5528 tantum,

312 5529 500 5595 atque,
551 5524 611 5580 ut
647 5528 862 5583 Paulus
892 5524 1169 5599 loquitur,
1220 5548 1300 5585 cx
1332 5539 1505 5601 parte
1538 5524 1974 5599 cognoscamus.

315 5612 416 5650 nec
447 5614 566 5652 non
598 5615 667 5652 ex
701 5602 908 5655 eodem
932 5603 1216 5674 Apostolo
1249 5603 1519 5657 θγιιοιιιιιὶ
1548 5607 1810 5665 oporteat
1831 5603 1979 5674 quod

315 5682 385 5718 ex
400 5676 575 5747 parte
590 5677 702 5747 est,
730 5673 1023 5747 quomodo
1057 5673 1204 5727 ﬁdes
1239 5677 1520 5747 internum
1554 5674 1781 5747 dicatur
1803 5673 1977 5747 patri-

319 5741 614 5796 monium?
655 5740 770 5799 Sed
793 5744 1063 5815 expedita
1096 5748 1187 5800 est
1220 5746 1553 5817 responsio.
1592 5740 1818 5803 Etenim
1858 5746 1973 5803 duo

2091 4680 2255 4734 Hanc
2290 4682 2526 4750 quidem
2574 4675 3028 4747 superveniente
3079 4678 3233 4730 clara
3272 4681 3329 4730 et
3377 4675 3661 4750 intuitiva,
3700 4679 3761 4729 ut

2086 4748 2324 4819 vocant,
2346 4752 2576 4804 visione
2597 4750 3003 4817 expellendum
3023 4751 3251 4801 constat
3287 4765 3297 4802 :
3337 4748 3596 4817 cognitio
3616 4763 3758 4800 vero

2089 4839 2206 4876 non
2257 4823 2632 4889 destruetur,
2685 4820 2792 4873 sed
2836 4820 3075 4873 luminis
3116 4820 3371 4874 beatitici
3424 4819 3760 4887 perficietur

2087 4908 2369 4957 accessu;
2401 4892 2556 4962 quod
2590 4891 2755 4959 pueri
2788 4892 2907 4960 qui,
2942 4890 3248 4960 dissipatis
3283 4892 3547 4961 pueritiae
3572 4891 3753 4957 vitiis,

2087 4964 2315 5017 virilem
2368 4964 2788 5031 perfectionem
2845 4963 3076 5015 demum
3128 4965 3499 5032 assequitur,
3553 4977 3757 5015 exem-

2085 5035 2245 5104 plum
2275 5035 2511 5101 ibidem,
2545 5033 3013 5088 nimirumltior.
3039 5051 3162 5104 xm,
3187 5035 3575 5104 propositum,
3609 5034 3755 5085 satis

2086 5107 2363 5160 ostendit.

2157 5178 2268 5243 (lO)
2305 5178 2427 5231 Vet.
2464 5176 2600 5230 edit.
2639 5179 2695 5229 et
2745 5191 2890 5230 mss.
2944 5192 3063 5230 non
3112 5178 3322 5246 pauci,
3358 5176 3752 5230 Promiscris.

2090 5248 2352 5315 Cautior,
2396 5249 2451 5301 si
2484 5255 2731 5307 teneas;
2773 5249 2943 5302 liom.
2986 5248 3380 5302 Promiseris.
3423 5250 3492 5301 Si
3517 5254 3753 5308 teneas;

2084 5319 2295 5389 reliqui
2328 5336 2475 5373 mss.
2512 5324 2573 5372 ut
2606 5320 2663 5372 in
2696 5321 2879 5387 textu,
2933 5319 3047 5373 nisi
3096 5320 3254 5390 quod
3296 5318 3659 5388 conjunctio,
3695 5323 3754 5370 ct.

2086 5390 2255 5443 abest
2286 5406 2315 5443 a
2348 5391 2639 5458 pluribus.

2156 5462 2270 5530 (lt)
2303 5463 2448 5515 Mss.
2482 5462 2723 5532 aliquot,
2762 5478 2885 5533 quw
2906 5468 3247 5533 operantur,
3273 5461 3524 5530 scdqure
3546 5459 3753 5512 viden-

2088 5539 2204 5586 tur.

2156 5605 2269 5673 (1'2)
2304 5605 2377 5657 lta
2414 5620 2560 5657 mss.
2610 5605 2829 5674 aliquot
2873 5605 3132 5658 melioris
3168 5606 3358 5669 nota);
3416 5615 3488 5652 ex
3535 5601 3753 5668 quibus

2086 5678 2276 5728 tamen
2310 5675 2561 5729 Clarum.
2590 5675 2764 5728 habet
2787 5675 3005 5729 deinde
3028 5675 3346 5727 sanctitate
3364 5674 3717 5740 pivrslanlia
3738 5690 3755 5734 ;

2087 5747 2284 5802 caeteri
2302 5750 2495 5804 autem
2527 5749 2710 5803 etvet.
2746 5746 2884 5801 edit.
2903 5747 3159 5822 primum
3190 5748 3540 5799 vetustatem
3563 5758 3761 5800 sacra‘
