4024 6176
233 363 340 427 441

1418 360 1530 425 DE
1573 360 2172 426 SACRAMENTIS
2214 362 2373 426 LIB.
2421 362 2473 426 Ῑ.

3518 366 3637 433 442

224 565 272 620 in
293 566 491 636 specie
530 564 821 622 columbae
851 564 1159 621 descendit
1206 565 1278 620 de
1326 564 1498 621 coelo.
1537 564 1698 637 Ergo
1730 564 1876 620 vidit
1904 544 1965 608 Α
1996 580 2360 622 murmurare
2391 568 2695 638 coeperunt
2722 566 2938 640 (Exod.
2973 586 3094 640 xxv,
3127 568 3161 626 9
3190 571 3400 645 seqq.).

221 657 484 725 Joannes,
521 658 579 710 et
611 656 882 710 credidit.

272 744 358 798 18.
393 744 719 799 Descendit
775 744 1071 813 Christus,
1131 744 1444 800 descendit
1501 748 1559 799 et
1614 745 1877 815 Spiritus

204 836 443 887 sanctus
474 834 589 903 (De
623 833 886 900 Consec.,
924 834 1060 888 dist.
1094 833 1147 902 4,
1183 850 1234 888 c.
1269 834 1397 888 Per
1427 851 1653 907 aquam,
1704 834 1735 904 ἓ
1764 834 1879 886 Dc-

200 923 483 991 scendit).
544 922 735 989 Quare
765 924 929 994 prior
980 922 1257 978 Christus
1291 923 1619 992 descendit,
1672 925 1879 992 postea

197 1010 454 1081 Spiritus
487 1016 769 1081 sanctus;
811 1028 944 1066 cum
974 1012 1163 1067 forma
1204 1012 1580 1082 baptismatis
1628 1014 1685 1065 et
1721 1024 1870 1064 usus

198 1101 311 1155 hoc
342 1101 579 1168 habeat,
610 1103 673 1156 ut
702 1103 836 1156 ante
882 1100 1019 1156 fons
1051 1103 1457 1170 consecretur,
1503 1104 1561 1155 et
1605 1103 1744 1155 tunc
1776 1100 1875 1154 de-

195 1190 446 1244 scendat
504 1190 602 1260 qui
641 1189 1028 1259 baptizandus
1077 1192 1215 1245 est?
1272 1190 1422 1243 Nam
1453 1190 1554 1244 ubi
1611 1189 1866 1258 primum

199 1279 533 1350 ingreditur
559 1279 864 1347 sacerdos,
898 1279 1301 1334 exorcismum
1346 1277 1491 1333 facit
1537 1278 1869 1333 secundum

205 1370 478 1422 creatura
520 1384 691 1439 aquae
734 1366 867 1437 (19),
920 1368 1353 1422 invocationem
1396 1371 1604 1438 postea
1657 1370 1713 1422 et
1740 1384 1872 1438 pre-

205 1471 329 1512 cem
364 1456 556 1511 defert
581 1472 595 1525 ;
626 1461 691 1511 ut
718 1457 1122 1512 sanctificatur
1150 1456 1306 1526 fons,
1341 1460 1397 1510 et
1428 1457 1582 1511 adsit
1602 1472 1873 1527 praesen-

208 1545 283 1597 tia
332 1545 638 1600 Trinitatis
688 1548 964 1599 aaternaa:
1018 1544 1293 1600 Christus
1323 1548 1519 1600 autem
1564 1549 1699 1600 ante
1730 1546 1872 1601 des-

203 1633 418 1703 cendit,
450 1636 695 1689 secutus
739 1636 831 1688 est
859 1633 1135 1703 Spiritus.
1169 1633 1292 1698 Qua
1338 1634 1563 1689 ratione
1585 1636 1613 1689 ?
1648 1634 1724 1689 Ut
1752 1649 1871 1689 non

200 1722 375 1793 quasi
417 1723 552 1792 ipse
583 1738 763 1794 egere
822 1722 1109 1777 Dominus
1143 1723 1323 1778 Jesus
1380 1724 1869 1779 sanctificationis

201 1811 487 1882 mysterio
515 1812 849 1867 videretur:
882 1812 991 1866 sed
1021 1813 1417 1867 sanctificaret
1445 1813 1594 1883 ipse,
1651 1813 1870 1867 sancti—

197 1900 402 1955 ﬁcaret
425 1904 483 1954 et
512 1900 788 1970 Spiritus.

267 1990 356 2045 19.
392 1989 555 2062 Ergo
578 1990 886 2046 descendit
915 1992 975 2045 in
1004 2006 1218 2063 aquam
1247 1991 1544 2061 Christus,
1588 1994 1646 2047 et
1678 1991 1868 2062 Spiri-

193 2082 291 2133 tus
340 2082 589 2134 sanctus
628 2080 785 2135 sicut
828 2081 1100 2135 columba
1147 2081 1457 2136 descendit
1500 2080 1739 2149 (Matth.
1776 2098 1867 2150 Ill,

197 2166 307 2234 16).
343 2168 519 2223 Pater
548 2185 785 2240 quoque
822 2169 981 2225 Deus
1013 2185 1045 2225 e
1069 2169 1218 2226 ccelo
1249 2170 1484 2225 locutus
1515 2172 1626 2225 est.
1663 2170 1867 2224 Habes

190 2259 581 2327 praesentiam
609 2258 933 2314 Trinitatis.

839 2382 1091 2439 CAPUT
1121 2384 1215 2440 VI.

186 2506 256 2561 In
289 2509 454 2581 mari
484 2508 684 2581 Rubro
713 2508 996 2580 baptismi
1023 2508 1271 2581 figuram
1298 2509 1691 2581 pi'wcessisse
1721 2524 1866 2580 par-

264 2580 415 2651 tium
447 2579 815 2651 singularum
846 2579 1377 2635 accommodatio’ne
1399 2579 1863 2634 demonstratur.

260 2650 439 2723 Idem
478 2650 719 2723 quoque,
754 2652 863 2706 sed
900 2651 1288 2723 paucioribus
1324 2651 1548 2723 verbis,
1597 2651 1866 2705 ostendi-

263 2728 369 2775 tur
415 2721 740 2777 in’diI’uvro
762 2743 778 2776 :
823 2721 970 2795 post
1008 2723 1158 2794 quod
1188 2721 1454 2777 absoluto
1494 2723 1691 2794 primo
1729 2737 1867 2776 ser-

259 2808 461 2863 mone,
498 2809 755 2865 sequens
775 2794 1171 2866 promittitur.

260 2920 357 2975 20.
397 2921 464 2975 In
494 2921 642 2974 mari
672 2923 866 2976 autem
914 2921 1118 2977 Rubro
1167 2922 1418 2994 figuram
1464 2920 1638 2975 istius
1680 2921 1868 2991 bapti-

177 3010 407 3063 smatis
438 3009 746 3065 exstitisse
781 3009 859 3065 ait
889 3010 1211 3081 Apostolus
1258 3010 1501 3069 dicens:
1537 3009 1688 3074 354
1721 3010 1865 3076 Quia

2065 673 2151 727 21.
2212 674 2377 742 Vide,
2414 690 2530 729 non
2586 678 2640 729 te
2684 679 2966 746 provocet
3013 678 3149 748 quia
3181 679 3440 734 exauditi
3490 681 3647 735 sunt.

1992 762 2119 816 Etsi
2151 763 2451 817 exaudivit
2496 764 2802 833 Dominus,
2835 768 3028 819 tamen
3067 767 3236 836 culpa
3278 783 3395 822 non
3425 770 3646 837 carent,

1991 851 2088 921 qui
2122 857 2653 907 murmuraverunt.
2706 854 2895 907 Tuum
2926 856 3018 907 est
3067 854 3163 907 ubi
3196 857 3648 926 constringeris,

1992 939 2235 994 credere
2276 941 2432 1011 quod
2463 942 2701 1011 evadas,
2753 957 2871 996 non
2903 940 3302 997 murmurare:
3351 944 3647 1013 invocare,

1990 1043 2224 1101 rogare,
2259 1045 2377 1084 non
2407 1031 2706 1101 querelam
2729 1046 3100 1101 expromere.

2059 1136 2147 1189 22.
2181 1136 2442 1190 Tenebat
2470 1136 2701 1208 virgam
2731 1138 2991 1209 Moyses,
3014 1137 3339 1192 etducehat
3369 1138 3653 1208 populum

1987 1222 2378 1279 Hebraeorum
2424 1226 2485 1279 in
2514 1229 2705 1295 nocte,
2749 1226 2809 1280 in
2842 1227 3112 1281 columna
3161 1227 3338 1295 lucis,
3374 1227 3434 1280 in
3467 1227 3560 1281 die
3593 1226 3653 1281 in

1988 1312 2259 1367 columna
2317 1313 2513 1369 nubis.
2560 1315 2692 1369 Lux
2735 1316 2876 1386 quid
2914 1319 3006 1370 est
3052 1316 3167 1370 nisi
3211 1316 3466 1370 veritas:
3517 1315 3654 1387 quia

1986 1404 2250 1470 apertum
2282 1404 2337 1456 et
2364 1402 2601 1471 plenum
2644 1401 2761 1474 (21)
2792 1405 2990 1459 lumen
3032 1403 3319 1458 elfundit‘?
3367 1404 3653 1459 Columna

1986 1490 2137 1544 lucis
2168 1492 2308 1561 quid
2340 1495 2449 1560 est,
2501 1492 2617 1546 nisi
2665 1492 2940 1548 Christus
2990 1494 3295 1557 Dominus,
3331 1494 3431 1564 qui
3477 1496 3646 1547 tene-

1985 1579 2127 1633 bras
2157 1579 2517 1634 intidelitatis
2550 1581 2789 1651 depulit,
2822 1583 3013 1636 lucem
3044 1583 3307 1637 veritatis
3354 1585 3409 1637 ct
3440 1583 3646 1653 gratia)

1986 1667 2270 1738 spiritalis
2300 1667 2609 1724 affectibus
2640 1670 2852 1725 infudit
2883 1671 3157 1725 humanis
3180 1674 3207 1726 ‘2
3257 1673 3327 1726 At
3358 1687 3499 1727 vero
3533 1688 3638 1726 co-

1983 1755 2179 1811 lumna
2212 1757 2387 1811 nubis
2417 1761 2509 1812 est
2539 1758 2792 1829 Spiritus
2825 1764 3089 1814 sanctus.
3126 1762 3187 1814 In
3219 1762 3365 1814 mari
3396 1763 3520 1815 erat
3551 1776 3649 1831 po-

1901 1856 1954 1919 B
1986 1845 2182 1916 pulus,
2218 1847 2274 1899 et
2302 1846 2549 1916 praeibat
2581 1848 2850 1902 columna
2880 1848 3069 1917 lucis;
3105 1849 3316 1904 deinde
3349 1849 3650 1920 sequeba-

1985 1935 2083 1987 tur
2113 1934 2383 1989 columna
2413 1935 2610 2005 nubis,
2645 1938 2816 2008 quasi
2848 1937 3140 1993 umbratio
3158 1938 3412 2008 Spiritus
3435 1938 3647 1993 sancti.

1988 2022 2169 2077 Vides
2199 2024 2356 2094 quod
2401 2040 2507 2094 per
2554 2024 2833 2095 Spiritum
2883 2029 3152 2081 sanctum
3200 2030 3257 2082 et
3286 2043 3394 2098 per
3443 2043 3655 2098 aquam

1986 2113 2185 2182 typum
2216 2111 2587 2181 baptismatis
2619 2113 3131 2169 demonstraverit.

2056 2217 2145 2271 23.
2179 2218 2243 2272 In
2272 2217 2492 2272 diluvio
2525 2235 2759 2290 quoque
2801 2220 2909 2275 fuit
2933 2220 3057 2291 jam
3092 2224 3229 2276 tunc
3259 2222 3449 2294 figura
3498 2222 3647 2291 bap-

1986 2306 2260 2375 tismatis,
2311 2309 2367 2361 et
2397 2308 2588 2361 adhuc
2622 2309 2820 2379 utique
2870 2326 2988 2364 non
3020 2314 3184 2364 erant
3216 2311 3495 2380 mysteria
3543 2311 3614 2363 Ju
3640 2338 3652 2350 -

1987 2396 2271 2450 daeorum.
2297 2395 2357 2450 Si
2387 2411 2532 2467 ergo
2555 2396 2737 2468 hujus
2759 2398 3132 2468 baptismatis
3163 2398 3349 2453 forma
3383 2414 3650 2468 praeces-

1986 2484 2082 2554 sit,
2116 2484 2286 2538 vides
2318 2484 2429 2553 (2'2)
2463 2486 2773 2555 snperiora
2817 2487 3099 2558 mysteria
3152 2487 3646 2556 Christianorum,

1985 2588 2159 2644 quam
2194 2571 2411 2626 fuerint
2439 2573 2803 2629 Judaeorum.

2054 2678 2143 2735 24.
2167 2679 2282 2737 Sed
2305 2678 2537 2735 interim
2568 2683 2894 2736 secundum
2921 2682 3298 2755 fragilitatem
3317 2681 3486 2738 vocis
3510 2697 3654 2737 nos—

1986 2770 2091 2824 trae
2114 2768 2250 2839 (23,),
2285 2774 2342 2827 et
2370 2772 2699 2827 secundum
2752 2772 3039 2842 temporis
3068 2773 3355 2827 rationem
3385 2772 3532 2826 satis
3579 2770 3657 2825 sit

1985 2858 2161 2914 hodie
2190 2861 2364 2915 etiam
2396 2862 2467 2916 de
2497 2877 2670 2916 sacro
2703 2860 2861 2915 fonte
2894 2861 3119 2915 libasse
3142 2860 3445 2930 mysteria.
3480 2860 3653 2913 Cras-

1988 2947 2106 3001 tina
2137 2948 2250 3019 die,
2283 2951 2335 3003 si
2382 2950 2668 3005 Dominus
2701 2949 2927 3004 dederit
2970 2950 3248 3021 loquendi
3301 2951 3652 3019 potestatem

1986 3036 2080 3090 vel
2113 3037 2360 3107 copiam,
2385 3039 2620 3108 plenius
2643 3038 2943 3093 intimabo.
2964 3038 3126 3108 Opus
3158 3040 3248 3091 est
3274 3040 3334 3091 ut
3365 3037 3655 3091 sanctitas

168 3100 635 3198 patrespostri
665 3115 867 3198 omnes
911 3101 1203 3198 b-aptiaatl:
1225 3112 1387 3198 _Slmt
1418 3106 1480 3160 in
1528 3107 1683 3163 mle
1713 3113 1772 3162 0t
1804 3108 1866 3161 ίιι
1904 3137 1957 3198 C
1987 3100 2205 3179 vestra.
2242 3100 2418 3181 aures
2470 3130 2705 3197 paratas
2765 3100 3033 3196 habeat;
3057 3126 3480 3197 promptiorem
3524 3125 3653 3179 ani-

176 3189 352 3242 mari
380 3188 442 3259 (I
468 3188 605 3243 Cor.
639 3206 697 3257 x,
734 3189 785 3257 1,
818 3190 894 3259 2).
927 3190 998 3244 Et
1027 3191 1329 3248 subdidit:
1363 3194 1504 3249 Ilaec
1533 3202 1728 3252 autem
1757 3213 1869 3251 om-

178 3278 294 3332 nia
325 3278 526 3350 figura
543 3277 699 3332 fac.a
729 3285 867 3333 sunt
897 3279 1022 3333 illis
1050 3281 1228 3351 (Ibid.
1263 3284 1354 3353 6):
1404 3284 1524 3339 illis
1555 3285 1615 3339 in
1646 3286 1863 3357 figura,

178 3367 303 3421 sed
334 3366 518 3422 nobis
550 3368 611 3421 in
640 3367 903 3423 veritate.
959 3368 1124 3424 Tunc
1154 3370 1395 3442 Moyses
1440 3374 1670 3445 virgam
1702 3378 1869 3430 tene-

175 3455 310 3524 bat,
347 3456 681 3511 conclusus
714 3460 838 3513 erat
872 3458 1127 3528 populus
1177 3459 1557 3516 Judaeorum:
1612 3462 1871 3518 instabat

178 3545 530 3617 J‘Egyptius
562 3562 697 3599 cum
743 3547 925 3601 armis
973 3563 1049 3603 ex
1098 3564 1211 3602 una
1242 3552 1426 3620 parte,
1471 3554 1527 3606 et
1558 3567 1632 3606 ex
1689 3552 1872 3607 altera

178 3637 359 3704 parte
393 3634 509 3704 (ΞΟ)
542 3635 689 3689 mari
733 3635 1156 3691 claudebantur
1182 3638 1475 3708 {Hebraei;
1521 3655 1713 3712 neque
1744 3652 1872 3696 ma-

178 3723 277 3776 ria
306 3724 572 3778 transire
604 3726 892 3795 poterant,
926 3740 1117 3797 neque
1150 3726 1209 3781 in
1240 3726 1471 3783 hostem
1517 3745 1827 3785 recurrere
1859 3746 1870 3786 :

262 3883 333 3939 19
365 3883 590 3939 Omnes
621 3884 757 3939 edit.
790 3901 861 3939 ac
894 3902 1039 3958 mss.
1075 3888 1362 3956 nonnulli,
1407 3888 1571 3958 limit,
1608 3890 1871 3945 secundo

185 3970 380 4029 super
411 3961 748 4029 creaturam
781 3973 960 4029 aquae,
989 3957 1420 4012 invocationem
1450 3957 1674 4029 postea,
1710 3964 1821 4015 etc.
1854 3978 1868 4026 ς

184 4026 326 4080 aliis
361 4042 512 4080 mss.
548 4027 728 4081 multo
771 4028 998 4097 plures,
1035 4029 1179 4082 facit
1229 4026 1486 4084 secundo
1534 4038 1871 4085 creaturam

190 4113 362 4168 aquae
430 4099 885 4171 invocationem,
930 4100 1182 4171 quidam
1240 4116 1357 4171 per
1412 4101 1866 4166 invocationem,

194 4172 349 4235 etc.;
414 4169 803 4241 commodius
834 4170 1064 4241 reliqui,
1122 4169 1259 4225 licet
1307 4172 1640 4241 pauciores,
1700 4176 1762 4226 ut
1808 4175 1871 4227 in

195 4242 503 4304 contextu,
536 4238 924 4308 [Diversitatis
962 4238 1160 4296 autem
1194 4238 1432 4296 causam
1482 4243 1540 4296 in
1588 4243 1870 4299 adverbio

196 4311 524 4384 secundum
553 4311 920 4384 arithmetica
950 4316 1087 4384 nota
1114 4314 1175 4367 in
1208 4314 1337 4368 cod.
1373 4331 1489 4367 non
1509 4315 1714 4383 paucis
1740 4330 1871 4384 per-

197 4398 405 4451 peram
434 4382 700 4435 breviato
746 4383 919 4437 sitam
969 4383 1158 4438 fuisse
1190 4382 1566 4438 manifestum
1616 4382 1871 4439 estw—At—

196 4442 296 4522 qui
330 4452 653 4507 secundum
711 4453 806 4508 hic
852 4470 1043 4525 neque
1101 4455 1329 4509 numeri
1382 4472 1574 4525 neque
1636 4457 1864 4510 ordinis
1901 4442 1955 4503 D

197 4524 551 4578 adverbium
601 4527 711 4591 est,
766 4525 874 4579 sed
922 4524 1143 4580 tantum
1186 4527 1339 4581 loci:
1394 4543 1460 4579 ac
1480 4524 1665 4595 plane
1716 4528 1870 4581 idem

199 4596 508 4668 significat
534 4610 604 4648 ac
634 4611 835 4668 prope,
871 4597 999 4650 sive
1032 4597 1090 4650 in
1120 4597 1410 4667 proximo,
1446 4602 1503 4651 ut
1538 4600 1707 4668 pueri
1758 4615 1868 4652 no-

195 4670 355 4719 runt.
399 4667 463 4719 ln
498 4667 895 4738 memorandis
944 4671 1136 4721 autem
1169 4669 1443 4738 baptismi
1494 4667 1868 4723 caeremoniis

200 4754 316 4811 non
351 4752 593 4811 semper
621 4753 753 4811 cum
785 4737 1049 4811 Sacram.
1078 4742 1136 4793 ὃ.
1169 4737 1464 4811 Gregorii,
1512 4756 1703 4810 nequc
1737 4756 1870 4793 cum

200 4809 444 4878 gothico
504 4808 745 4881 missali
788 4809 1080 4881 congruit,
1135 4811 1242 4864 sed
1291 4808 1481 4881 magis
1517 4808 1746 4865 accedit
1792 4811 1865 4865 ad

200 4880 446 4952 missale
494 4883 668 4952 vetus
718 4880 925 4952 Gallic.
955 4881 1216 4952 itemque
1259 4882 1330 4935 ad
1379 4880 1640 4936 Sacram.
1699 4882 1873 4936 etiam

199 4951 401 5004 Gallic.
438 4950 603 5020 quod
648 4951 820 5022 nobis
870 4950 1133 5022 vulgavit
1179 4953 1581 5009 Mabillonius.
1614 4953 1738 5018 Qua
1800 4953 1871 5007 de

201 5038 259 5075 re
302 5022 432 5094 jam
483 5036 596 5075 nos
644 5021 861 5092 aliquid
910 5021 1371 5079 in’l’rtefationc
1430 5025 1500 5079 ad
1553 5025 1739 5079 hosce
1796 5024 1871 5077 li-

1986 3230 2179 3284 mum;
2213 3217 2274 3268 ut
2302 3231 2370 3269 ea
2393 3231 2525 3286 quae
2557 3230 2667 3269 nos
2701 3215 2982 3286 colligere
3013 3230 3338 3285 possumus
3371 3215 3443 3269 de
3496 3215 3654 3269 serie

1987 3303 2441 3373 Scripturarum,
2475 3307 2531 3358 et
2560 3304 2733 3358 vobis
2767 3304 3255 3371 intimaverimus,
3288 3305 3490 3356 tenere
3514 3318 3655 3371 pos-

1986 3392 2142 3462 sitis,
2174 3395 2237 3447 ut
2268 3393 2532 3448 habeatis
2566 3392 2814 3463 gratiam
2848 3392 3057 3460 Patris,
3093 3395 3149 3446 et
3178 3391 3329 3459 Filii,
3373 3394 3429 3444 et
3458 3390 3650 3459 Spiri-

1986 3484 2082 3535 tus
2114 3482 2323 3535 sancti.
2355 3481 2463 3535 Cui
2510 3481 2779 3534 Trinitati
2825 3484 3170 3551 perpetuum
3203 3483 3296 3533 est
3342 3494 3593 3550 regnum
3622 3495 3655 3532 a

1987 3570 2250 3625 saeculis.
2285 3572 2341 3625 et
2384 3586 2544 3624 nunc
2588 3572 2645 3625 et
2693 3584 2948 3639 semper,
2992 3572 3047 3623 et
3078 3569 3134 3623 in
3184 3567 3380 3623 omnia
3427 3566 3651 3622 saecula

1989 3658 2368 3714 saeculorum.

1986 3890 2153 3945 bros.

2058 3961 2172 4032 (20)
2204 3960 2268 4015 In
2301 3959 2529 4032 cunctis
2562 3960 2701 4015 edit.
2736 3962 2793 4014 et
2823 3975 2969 4014 mss.
3004 3974 3119 4014 non
3150 3957 3357 4032 paucis
3408 3956 3653 4032 deside-

1987 4029 2210 4102 rantur,
2247 4039 2304 4087 ct
2337 4049 2412 4086 ex
2441 4031 2821 4103 alteraparte
2845 4051 2861 4085 :
2894 4047 3024 4102 quae
3049 4031 3228 4085 verba
3251 4045 3281 4083 e
3306 4029 3503 4083 multis
3524 4029 3654 4083 cod.

1986 4103 2120 4157 aliis
2153 4103 2545 4158 restituimus.

2059 4174 2171 4242 (9.1)
2206 4175 2353 4228 Mss.
2389 4173 2670 4238 nonnulli,
2705 4179 2970 4244 apertum
3004 4177 3062 4227 et
3089 4172 3345 4244 planum.

2058 4246 2175 4313 (“22)
2205 4246 2422 4299 Omnes
2455 4245 2592 4298 edit.
2627 4261 2693 4297 ac
2728 4241 2993 4315 plerique
3025 4241 3197 4312 mss.,
3231 4243 3334 4297 Sic
3369 4257 3514 4315 ergo
3548 4241 3658 4294 Im-

1974 4315 2082 4387 jus
2101 4315 2256 4387 bapt.
2283 4317 2470 4370 forma
2484 4313 2820 4387 praet-essu.
2859 4313 3036 4387 Vides
3059 4330 3221 4386 ergo,
3248 4317 3339 4369 etc
3365 4329 3379 4384 ;
3412 4313 3519 4367 sed
3542 4328 3658 4367 om-

1989 4386 2150 4440 nium
2176 4386 2577 4457 antiquissimi
2610 4386 2922 4440 nobiscum
2954 4386 3196 4440 faciunt.

2061 4458 2174 4534 (23)
2236 4453 2379 4534 llaec
2436 4460 2508 4534 de
2558 4458 2870 4534 fgagilit‘atc
2920 4458 3087 4534 vocis
3133 4454 3374 4534 querela
3422 4453 3659 4534 videtur

1989 4522 2226 4598 quidem
2257 4530 2355 4596 iis,
2387 4532 2450 4583 ut
2479 4529 2539 4582 in
2574 4522 2925 4581 Praefatione
2972 4522 3190 4581 dictum
3223 4529 3332 4593 est,
3386 4522 3655 4598 nonnihil

1991 4599 2209 4663 favere,
2247 4601 2345 4675 qui
2376 4599 2560 4675 hosce
2592 4599 2779 4675 libros
2812 4599 3132 4675 Ambrosio
3164 4598 3461 4675 assertum
3492 4597 3652 4675 eunt:

1990 4686 2195 4724 verum
2243 4666 2282 4723 6
2308 4670 2601 4723 contrario
2635 4669 2784 4738 ipsis
2835 4668 2989 4721 haud
3030 4683 3233 4738 parum
3264 4666 3653 4738 (adversatur,

1990 4742 2144 4810 quod
2178 4745 2382 4795 auctor
2404 4742 2514 4794 iste
2547 4735 2692 4793 suos
2724 4735 3228 4810 auditores'paulo
3260 4737 3431 4810 intra,
3457 4739 3514 4788 ct
3552 4735 3657 4789 lib.

1987 4807 2069 4878 vi,
2105 4808 2230 4880 cap.
2284 4813 2335 4877 ὖ,
2389 4810 2772 4879 compellans,
2825 4810 3133 4873 sanctitas,
3188 4807 3395 4880 inquit,
3457 4812 3658 4859 vestra

1991 4879 2192 4944 aures,
2220 4886 2330 4936 etc.
2366 4881 2550 4945 Quam
2600 4880 2955 4934 locutionem
3007 4879 3463 4932 Ambrosianum
3513 4893 3656 4933 esse

1989 4969 2108 5007 non
2140 4953 2310 5006 facile
2356 4952 2455 5005 isti
2504 4950 2902 5021 probaverint,
2957 4950 3112 5003 sicut
3143 4965 3252 5003 nec
3304 4948 3530 5002 incisas
3569 4949 3663 5002 in-

1989 5024 2421 5096 terrogationes
2453 5022 2679 5093 passim
2713 5021 2988 5075 insertas.
