3936 6168
455 267 574 332 443

1927 256 1994 321 S.
2036 253 2477 321 AMBROSII.

459 439 3671 468 ,ΜΝ

1626 582 2002 667 LIBER
2071 577 2804 660 SECUNDUS..

2087 759 2229 774 Μ

839 996 987 1062 355
1017 1002 1268 1059 CAPUT
1299 1000 1624 1057 PRIMUM.

458 1111 727 1168 Resumit
749 1111 1202 1183 explicationem
1233 1109 1472 1183 diluvii,
1495 1124 1602 1183 quo
1633 1107 1948 1183 ﬁguratum
1969 1120 2126 1183 esse

527 1184 752 1239 asserit
781 1177 981 1237 verum
1004 1182 1354 1253 baptismum
1375 1223 1389 1251 ,
1413 1177 1519 1234 ubi
1534 1179 1608 1235 de
1627 1177 1765 1234 aliis
1811 1177 2127 1250 baptismis

524 1270 705 1328 pauca
728 1253 1054 1326 subjungit.

529 1361 582 1432 1,
607 1362 670 1415 In
688 1361 908 1416 diluvio
929 1376 1164 1432 quoque
1189 1360 1439 1433 ﬁguram
1460 1357 1830 1430 baptismatis
1860 1372 2126 1428 praeces-

458 1449 617 1505 sisse
636 1449 916 1504 hesterno
940 1449 1228 1520 capimus
1249 1447 1554 1518 disputare
1579 1447 1712 1518 (24).
1739 1445 1889 1512 Quid
1912 1447 2002 1500 est
2033 1444 2126 1498 di-

456 1537 682 1594 luvium
701 1537 876 1608 (Gen.
902 1555 1003 1592 vn.
1031 1537 1118 1608 l7)
1139 1537 1254 1592 nisi
1293 1537 1354 1592 in
1377 1553 1493 1608 quo
1514 1535 1720 1608 justus
1751 1535 1823 1590 ad
1859 1534 2121 1590 semina-

456 1627 610 1682 rium
623 1626 872 1698 justitiae
885 1629 1559 1696 reservatur,peccatum
1572 1625 1819 1680 moritur
1829 1623 1972 1694 (25)?
1989 1623 2125 1677 Ideo

459 1715 746 1771 Dominus
768 1719 830 1770 ut
846 1715 992 1770 vidit
1009 1715 1310 1770 hominum
1333 1715 1622 1786 pullulare
1644 1714 1876 1782 delicta,
1895 1711 2124 1784 justum

459 1804 652 1860 solum
687 1820 820 1859 cum
843 1820 951 1859 sua
982 1804 1266 1876 progenie
1289 1803 1654 1858 reservavit:
1690 1818 1900 1874 aquam
1931 1805 2126 1855 autem

458 1907 638 1964 supra
667 1895 898 1948 montes
931 1909 1166 1964 quoque
1218 1893 1381 1947 exire
1433 1892 1735 1962 praecepit.
1780 1891 1850 1945 Et
1899 1890 2031 1944 ideo
2063 1890 2124 1943 in

459 1981 560 2036 illo
594 1981 815 2036 diluvio
864 1981 1057 2043 omnis
1099 1981 1429 2052 corruptela
1480 1981 1676 2035 carnis
1707 1979 1942 2047 interiit,
1995 1978 2123 2033 sola

455 2068 603 2140 justi
632 2069 908 2140 prosapia
939 2073 996 2124 et
1026 2069 1213 2125 forma
1254 2070 1596 2141 permansit.
1629 2070 1838 2123 Nonne
1887 2068 1999 2122 hoc
2031 2070 2124 2122 est

457 2157 764 2228 diluvium,
796 2158 954 2230 quod
985 2160 1076 2213 est
1105 2159 1430 2229 baptisma;
1491 2173 1606 2229 quo
1639 2160 1876 2228 peccata
1925 2156 2122 2212 omnia

457 2245 778 2316 diluuntur,
813 2247 941 2302 sola
967 2245 1113 2318 justi
1146 2263 1314 2302 mens
1365 2250 1421 2302 et
1450 2247 1636 2319 gratia
1683 2246 2124 2301 resuscitatur?

527 2333 582 2390 2.
621 2335 799 2390 Multa
855 2339 994 2391 sunt
1051 2352 1272 2407 genera
1301 2336 1742 2406 baptismatum,
1805 2335 1911 2390 sed
1945 2350 2126 2388 unum

456 2423 770 2494 baptisma,
803 2424 1014 2478 clamat
1045 2425 1366 2494 Apostolus
1387 2425 1632 2496 (Ephes.
1668 2442 1745 2492 1v,
1783 2425 1858 2494 5).
1891 2423 2128 2488 Quare?

458 2511 608 2569 Sunt
631 2513 980 2584 baptismate
999 2514 1282 2586 gentium,
1307 2513 1413 2568 sed
1437 2529 1554 2568 non
1584 2517 1722 2568 sunt
1753 2514 2122 2584 baptismate.

461 2602 722 2656 Lavacra
754 2606 912 2672 sunt,
943 2603 1296 2674 baptismate
1323 2619 1462 2658 esse
1507 2619 1622 2657 non
1655 2605 1929 2673 possunt.
1977 2599 2127 2655 Caro

461 2689 708 2761 lavatur,
742 2706 860 2746 non
919 2691 1092 2763 culpa
1135 2691 1410 2762 diluitur;
1467 2691 1585 2746 imo
1617 2691 1675 2745 in
1734 2691 1834 2746 illo
1891 2691 2128 2744 lavacro

463 2779 845 2834 contrahitur.
901 2779 1080 2836 Erant
1126 2783 1320 2835 autem
1365 2779 1717 2851 baptismate
1761 2779 2125 2848 Judaeorum,

462 2867 699 2937 (Matth.
736 2886 834 2938 vn,
865 2869 941 2938 8),
971 2869 1084 2924 alia
1114 2869 1432 2940 superflua,
1464 2869 1577 2922 alia
1611 2869 1668 2922 in
1711 2868 1920 2940 ﬁgura.
1956 2867 2026 2922 Et
2051 2867 2126 2921 ﬁ-

463 2972 612 3029 gura
639 2957 770 3029 ipsa
801 2958 976 3014 nobis
1017 2958 1268 3030 proﬁcit,
1301 2957 1436 3030 quia
1472 2957 1736 3012 veritatis
1775 2959 1868 3012 est
1899 2957 2122 3012 nuntia.

1114 3063 1366 3120 CAPUT
1396 3065 1466 3120 ll.

463 3151 726 3210 Piscinae
753 3152 1096 3209 Probaticae
1129 3153 1204 3208 ab
1226 3153 1436 3224 angelo
1471 3160 1786 3222 commotae,
1829 3170 1896 3208 ac
1937 3153 1994 3207 ei
2029 3153 2128 3224 qui

526 3224 759 3297 primus
779 3225 840 3279 in
862 3225 1022 3282 illam
1041 3225 1454 3297 descendisset
1471 3226 1788 3297 sanitatem
1811 3225 2130 3297 restituen-

537 3295 652 3369 tis;
701 3297 954 3368 itemque
983 3296 1310 3369 paralytici
1363 3296 1438 3352 ad
1477 3296 1780 3351 Christum
1816 3295 2128 3367 responsio

535 3367 974 3422 edisseruntur.

534 3471 588 3528 3.
621 3474 770 3539 Quid
812 3474 1026 3529 lectum
1058 3477 1149 3529 est
1199 3474 1376 3529 heri?
1422 3474 1710 3546 Angelus,
1763 3474 1970 3546 inquit,
2025 3489 2126 3530 se-

467 3561 721 3616 cundum
753 3565 984 3634 tempus
1034 3563 1433 3619 descendebat
1477 3564 1590 3633 (36)
1623 3565 1683 3618 in
1729 3565 2039 3634 piscinam,
2073 3567 2129 3618 et

465 3651 934 3724 quotiescunque
993 3653 1406 3708 descendisset
1461 3653 1733 3724 angelus,
1781 3653 2128 3708 movebatur

465 3755 652 3812 aqua;
686 3745 742 3795 et
771 3741 869 3812 qui
897 3741 1060 3812 prior
1087 3741 1521 3810 descendisset,
1558 3741 1879 3796 sanabatur
1907 3741 1980 3796 ab
2004 3758 2127 3796 om-

467 3829 526 3884 ni
558 3829 843 3899 languore
865 3845 1219 3902 quocunque
1241 3831 1547 3884 tenebatur
1569 3830 1757 3898 (Joan.
1785 3847 1840 3899 v,
1865 3831 1940 3898 4).
1960 3829 2128 3895 Quod

469 3917 767 3990 signiﬁcat
795 3919 1045 3990 ﬁguram
1074 3921 1379 3974 venturam
1412 3919 1640 3973 Domini
1671 3919 1782 3990 (26)
1815 3919 2002 3974 nostri
2024 3917 2125 3974 Je-

467 4021 540 4060 su
571 4005 812 4062 Christi.

487 4091 498 4107 ’
536 4095 594 4152 4.
626 4097 894 4170 Angelus
926 4099 1151 4168 quare?
1181 4097 1314 4167 Ipse
1347 4101 1438 4152 est
1476 4098 1630 4151 enim
1661 4098 1860 4169 magni
1895 4097 2129 4152 consilii

469 4185 736 4258 Angelus
767 4185 910 4256 (Isa.
950 4203 1029 4256 ιχ,
1053 4185 1128 4254 6).
1187 4185 1522 4242 Secundum
1567 4189 1818 4257 tempus,
1869 4187 2024 4258 quod
2055 4187 2129 4242 ad

541 4329 655 4398 (2-1)
689 4329 860 4384 Rom.
915 4329 1051 4384 edit.
1085 4329 1233 4398 sola,
1295 4329 1601 4400 disputare
1654 4346 1946 4384 sermone.
1978 4330 2130 4384 Nam

470 4402 629 4474 quid,
677 4405 788 4455 etc.
847 4401 964 4456 Sed
1009 4401 1192 4456 nihilo
1243 4401 1503 4456 deterius
1550 4401 1965 4472 subintelligas
2011 4403 2128 4472 die,

467 4488 640 4544 quam
673 4488 966 4544 sermone.

537 4542 656 4614 (25)
689 4543 820 4598 Non
869 4543 1040 4614 pauci
1091 4559 1259 4613 mss.,
1303 4549 1582 4614 peccator
1621 4543 1892 4598 moritur.
1941 4543 2007 4598 Et
2039 4544 2132 4598 in-

469 4613 587 4687 fra,
603 4613 996 4687 solajustitim
1018 4631 1202 4670 mens.

541 4683 651 4747 (26.
686 4683 849 4740 Hanc
887 4687 1192 4758 Evangelii
1233 4685 1543 4758 lectionem
1592 4685 1751 4758 intra
1790 4685 2131 4755 paschalem

471 4758 736 4810 octavam
784 4759 1016 4812 recitari
1066 4757 1461 4812 consuevisse
1509 4757 1666 4811 nulla
1718 4757 1973 4828 liturgia,
2021 4772 2132 4812 nec

473 4829 990 4882 sacramentarium
1015 4829 1208 4882 tradit.
1245 4829 1370 4883 Hoc
1413 4827 1888 4882 tamenim-sitan
1939 4827 2135 4882 innui-

471 4895 654 4971 t_ur_in
684 4896 784 4951 lib.
837 4899 1298 4971 Deﬁﬂysleriis,
1347 4899 1448 4953 ubi
1499 4899 1996 4971 (llt‘lllll‘iﬁiltleo
2030 4899 2134 4952 tibi

471 4965 692 5040 dictum
712 4971 821 5040 est,
846 4969 978 5038 quia
1002 4965 1251 5040 angelus
1275 4971 1502 5024 Dom‘ni
1527 4970 1944 5037 descendebat,
1976 4990 1996 5018 ι
2021 4975 2132 5024 etc.

473 5037 611 5110 ξθᾶ⁸
630 5038 946 5110 peculiaris
995 5037 1107 5093 1m;
1139 5057 1285 5094 usus
1336 5058 1474 5095 esse
1525 5043 1708 5110 potuit
1751 5041 2136 5110 quarumdam

474 5107 898 5181 E_cclesial‘um,
933 5110 1026 5164 vel
1059 5110 1242 5164 inseri
1276 5112 1404 5165 haec
1436 5107 1612 5166 verba
1645 5107 1980 5181 baptisma“
2013 5113 2134 5165 cui-

473 5178 1018 5252 piamqprecationi:
1055 5185 1276 5252 etitunc
1325 5182 1633 5236 dicendum
1668 5178 1830 5236 esset
1881 5183 2010 5252 ipso
2042 5182 2134 5235 die

476 5249 784 5304 Paschalis
814 5251 1072 5305 habitum
1107 5251 1297 5305 fuisse
1331 5254 1599 5306 eumdem
1649 5249 2006 5319 sermonem,
2043 5252 2136 5306 cui

475 5321 738 5394 opinioni
769 5321 967 5394 favere
999 5325 1212 5394 potest,
1247 5323 1401 5392 quod
1437 5323 1496 5376 in
1524 5324 1786 5378 Gallcnsi
1817 5325 1946 5378 cod.
1986 5340 2137 5394 prce-

475 5393 710 5463 notatur
731 5407 744 5446 :
779 5391 1013 5463 Incipit
1020 5393 1216 5463 prima
1235 5391 1333 5447 die
1351 5394 1412 5446 in
1433 5393 1688 5448 Pascha.

545 5463 657 5530 (2Ἶ)
690 5462 768 5534 Ita
818 5462 932 5534 vet.
981 5462 1050 5517 ac
1098 5463 1364 5534 plerique
1409 5480 1600 5530 mss.;
1654 5465 1750 5517 alii
1797 5464 1968 5519 etiam
2019 5480 2136 5518 non

473 5534 664 5606 pauci.
695 5533 856 5606 Quod
877 5534 1177 5606 significat
1199 5533 1388 5606 figura
1419 5541 1665 5589 ventura
1693 5535 1949 5605 Domini,
1981 5540 2092 5592 etc.
2121 5551 2134 5590 :

475 5619 608 5678 qum
631 5604 805 5660 lectio
827 5604 950 5660 non
968 5606 1206 5662 omnino
1229 5604 1562 5677 respuenda
1593 5610 1702 5670 est,
1731 5607 1904 5678 modo
1948 5606 2136 5678 ﬁgura

474 5675 534 5736 in
582 5680 752 5733 sexto
795 5693 960 5750 casu,
993 5681 1051 5735 et
1103 5675 1350 5734 ventura
1399 5679 1457 5734 in
1490 5679 1696 5750 quarto
1746 5677 1955 5749 plurali
1985 5675 2139 5734 acci-

2147 965 2206 1030 Α
2231 975 2438 1032 horam
2465 975 2852 1032 novissimam
2883 973 3232 1030 servabatur
3257 988 3270 1043 ;
3318 976 3376 1028 ut
3403 974 3456 1029 in
3483 990 3664 1030 occasu
3685 977 3778 1048 ipso

2232 1065 2388 1120 diem
2409 1064 2899 1135 deprehenderet,
2933 1067 2989 1118 et
3008 1061 3268 1118 differret
3289 1077 3560 1118 occasum.
3577 1063 3782 1129 Quoties-

2231 1169 2464 1224 cunque
2528 1169 2674 1225 ergo
2722 1152 3138 1208 descendisset
3203 1151 3458 1222 angelus,
3523 1153 3786 1208 movebatur

2229 1258 2401 1314 aqua.
2437 1242 2600 1296 Dicis
2640 1241 2936 1297 fortasse:
2989 1239 3180 1306 Quare
3212 1239 3376 1294 modo
3422 1255 3529 1294 non
3553 1244 3786 1296 movetur?

2229 1332 2382 1385 Audi
2415 1347 2618 1402 quare.
2653 1331 2836 1402 Signa
2865 1328 3211 1398 incredulis,
3255 1327 3396 1382 ﬁdes
3425 1327 3734 1384 credentibus
3751 1329 3790 1400 (Ι

2232 1420 2368 1475 Cor.
2402 1437 2524 1488 xw,
2557 1419 2671 1489 22).

2299 1544 2352 1598 5.
2385 1541 2494 1608 Qui
2523 1543 2688 1614 prior
2716 1541 3147 1612 descendisset,
3179 1540 3488 1596 sanabatur
3506 1540 3572 1596 ob
3592 1539 3713 1594 omni
3728 1541 3791 1594 in-

2229 1632 2522 1687 ﬁrmitate.
2581 1631 2689 1696 Qui
2749 1634 2840 1686 est
2897 1631 3078 1701 prior,
3139 1635 3415 1700 tempore,
3477 1645 3544 1684 an
3592 1628 3795 1684 honore?
3855 1669 3857 1672 ι

2232 1719 2558 1792 Utrumque
2579 1719 2862 1791 intellige.
2889 1719 2952 1773 Si
2981 1723 3266 1790 tempore,
3319 1718 3474 1788 prior
3501 1718 3586 1788 qui
3613 1717 3798 1771 descen-

2230 1809 2441 1877 disset,
2505 1809 2826 1863 sanabatur
2872 1811 3027 1876 ante,
3083 1808 3196 1862 hoc
3246 1811 3354 1875 cst,
3399 1807 3468 1861 de
3495 1805 3678 1876 populo
3696 1797 3798 1859 356
3856 1845 3857 1848 η

2231 1898 2577 1953 Judaaorum
2625 1899 2818 1970 magis
2867 1912 3044 1968 quam
3091 1897 3164 1951 de
3208 1895 3420 1967 populo
3465 1895 3730 1949 nationum.
3761 1892 3802 1946 Si
3855 1934 3858 1938 .

2234 1987 2482 2057 honore,
2515 1986 2615 2058 qui
2647 1986 2810 2056 prior
2841 1985 3276 2053 descendisset,
3313 1985 3420 2038 hoc
3447 1987 3548 2051 est,
3578 1983 3658 2054 qui
3683 1979 3806 2034 habe
3856 2023 3857 2026 η

2235 2080 2326 2131 ret
2345 2076 2448 2130 Dei
2467 2080 2706 2139 motum,
2735 2073 3288 2146 studiumjustitiae,
3309 2073 3541 2144 gratiam
3579 2069 3806 2125 charitatis

2237 2165 2372 2234 (28),
2405 2165 2692 2219 castitatis
2723 2161 3017 2232 affectum,
3051 2165 3182 2233 ipse
3209 2163 3398 2233 magis
3421 2159 3712 2214 sanabatur.
3737 2157 3806 2210 Ta-

2236 2269 2371 2308 men
2402 2257 2540 2308 tunc
2569 2253 2854 2323 temporis
2886 2268 3038 2306 unus
3071 2251 3415 2320 sanabatur,
3443 2253 3587 2316 tunc,
3617 2247 3807 2319 inquam,

2235 2341 2520 2412 temporis
2552 2342 2610 2396 in
2654 2341 2844 2413 ﬁgura
2889 2340 2987 2412 qui
3040 2340 3206 2410 prior
3252 2337 3654 2400 descendisset,
3693 2333 3810 2388 solus

2239 2431 2572 2486 curabatur.
2611 2429 2836 2495 Quanto
2892 2428 3085 2500 major
3127 2430 3223 2484 est
3253 2427 3437 2500 gratia
3481 2423 3740 2491 Ecclesiae,
3775 2423 3814 2474 in

2239 2535 2354 2590 qua
2387 2533 2594 2574 omnes
2627 2517 2949 2587 salvantur,
2984 2517 3326 2588 quicunque
3357 2513 3720 2570 descendent?

2309 2641 2363 2697 6.
2397 2641 2512 2696 Sed
2541 2641 2733 2696 videte
2761 2641 3128 2711 mysterium.
3162 2639 3337 2694 Venit
3385 2637 3644 2692 Dominus
3669 2636 3817 2688 noster

2242 2731 2424 2786 Jesus
2445 2729 2720 2784 Christus
2749 2729 2822 2783 ad
2851 2729 3174 2800 :piscinam,
3209 2727 3376 2782 multi
3415 2725 3552 2798 aegri
3593 2722 3816 2796 jacebaut.

2245 2819 2316 2874 Et
2346 2817 2517 2874 facile
2545 2817 2626 2873 ibi
2659 2817 2822 2872 multi
2846 2817 2992 2890 aegri
3017 2817 3321 2890 jacebant,
3352 2831 3501 2871 unus
3546 2815 3821 2868 tantummo-

2241 2908 2317 2963 do
2350 2908 2689 2962 curabatur.
2722 2894 2946 2961 Deinde
2995 2906 3074 2960 ait
3129 2906 3205 2960 ad
3262 2905 3426 2960 illum
3479 2899 3818 2974 paralyticum:

2241 2997 2571 3065 Descende,
2599 2995 2693 3050 Ait
2721 2996 2820 3050 ille
2845 3011 2858 3050 :
2891 2995 3201 3050 Hominem
3233 2992 3348 3064 (29)
3371 3009 3480 3048 non
3500 2989 3666 3047 habeo
3681 2987 3821 3057 (Joau.

2239 3103 2295 3151 v,
2327 3085 2404 3155 '7).
2435 3085 2580 3140 Vide
2607 3083 2709 3139 ubi
2737 3084 3077 3154 baptizaris.
3115 3083 3286 3138 Unde
3319 3083 3396 3138 sit
3426 3081 3702 3150 baptisma,
3745 3073 3825 3126 nisi

2241 3174 2314 3229 de
2341 3189 2518 3228 cruce
2549 3173 2790 3242 Christi,
2823 3173 2894 3226 de
2947 3176 3130 3227 morte
3160 3171 3434 3227 Christi?
3481 3169 3562 3224 lbi
3585 3169 3665 3222 est
3702 3175 3825 3220 omne
3856 3239 3857 3243 η

2241 3262 2608 3334 mysterium,
2640 3261 2778 3333 quia
2808 3277 2914 3330 pro
2944 3264 3000 3316 te
3031 3276 3256 3332 passus
3279 3263 3390 3316 est.
3417 3259 3479 3314 In
3495 3258 3616 3328 ipso
3641 3252 3823 3308 redime-

2241 3352 2350 3423 ris,
2383 3351 2445 3406 in
2476 3352 2609 3422 ipso
2641 3349 2995 3404 salvaberis.

2311 3477 2368 3532 ’7.
2390 3474 2718 3544 Hominem,
2745 3475 2952 3547 inquit,
2980 3489 3092 3528 non
3113 3473 3334 3543 habeo,
3363 3472 3474 3527 hoc
3495 3472 3596 3538 est,
3620 3466 3728 3540 quia
3752 3473 3832 3534 per

2159 3541 2209 3604 α
2243 3567 2536 3622 hominem
2548 3570 2796 3629 mors,et
2804 3579 2918 3634 per
2929 3563 3227 3618 hominem
3247 3558 3636 3617 resnrrectios
3645 3557 3830 3610 mortuo-

2243 3671 2374 3710 rum
2403 3653 2460 3726 (Ῑ
2477 3654 2612 3709 Cor.
2638 3669 2737 3721 xv,
2768 3651 2880 3720 21).
2916 3651 3047 3705 Non
3075 3654 3311 3721 poterat
3351 3647 3704 3714 descendere,
3752 3649 3833 3693 non

2243 3744 2471 3815 poterat
2501 3741 2740 3811 salvari,
2793 3739 2892 3812 qui
2936 3756 3054 3795 non
3098 3739 3384 3795 credebat
3430 3735 3577 3809 quod
3616 3728 3834 3815 Dominus

2244 3813 2450 3888 noster
2481 3831 2662 3886 Jesus
2703 3844 2940 3884 carnem
2973 3829 3354 3898 suscepisset
3403 3842 3478 3882 ex
3505 3823 3733 3894 Virgine.
3759 3813 3837 3870 Hic

2243 3923 2437 3976 autem
2477 3919 2576 3990 qui
2609 3917 3027 3989 opperiebatur
3066 3917 3455 3972 mediatorem
3499 3913 3596 3968 Dei
3622 3903 3836 3966 etherni-

2244 4025 2404 4081 num,
2439 4007 2736 4063 hominem
2766 4007 2974 4061 Jesum
3021 4005 3350 4074 Christum,
3394 4004 3717 4074 exspectans
3741 4005 3839 4081 eain

2246 4099 2316 4154 de
2348 4078 2465 4170 quo
2483 4097 2702 4151 dictum
2723 4098 2814 4150 est
2833 4111 2845 4150 :
2879 4095 2960 4150 Et
2981 4095 3180 4150 mittet
3203 4095 3490 4150 Dominus
3510 4089 3757 4146 hominem
3772 4078 3840 4152 qui

2245 4169 2446 4244 salvos
2491 4185 2674 4241 faciat
2718 4201 2819 4240 eos
2865 4184 3006 4255 (Isa.
3049 4183 3339 4254 x1x,26):
3391 4181 3642 4237 dicebat:
3684 4169 3838 4230 Homi-

2247 4332 2458 4402 piatur.
2519 4327 2879 4402 sententiam
2917 4341 3093 4402 _v_ero_
3131 4325 3382 4380 mutavit
3438 4319 3771 4402 edit..l_\‘ou1‘._
3802 4323 3844 4402 ιβ

2249 4379 2931 4462 iiixié'inoiidiﬂfouod
2961 4379 3021 4450 in
3052 4379 3307 4468 ﬁguram
3364 4393 3593 4449 venturi
3621 4391 3683 4468 Ι).Δ

2253 4453 2573 4529 ἆῖ-Ῐῖθῦέιιε
2619 4453 2821 4540 ορθι·ὧ
2872 4453 3529 4540 sensusei-umtanicn
3569 4453 3844 4540 auctoritate

2250 4561 2318 4599 ac
2351 4558 2596 4598 numero
2626 4533 2774 4594 mss.
2809 4539 3176 4601 adducimur,
3199 4542 3264 4592 ut
3283 4539 3577 4608 antiquam
3599 4533 3845 4608 lectionem

2250 4598 2665 4686 praehabentes
2687 4611 2892 4686 eodem
2928 4598 3598 4686 modointerpretémur,
3629 4598 3848 4686 quodff:

2250 4677 2513 4758 ’gnificat,
2546 4683 2640 4737 vel
2666 4686 2736 4758 ut
2763 4683 2924 4758 edit,
2956 4677 3309 4758 signiﬁcat;
3327 4679 3566 4758 ﬁgurant
3604 4677 3845 4758 ῑξοιζιςζζξῆξυ

2251 4746 2464 4812 7).N.:
2500 4746 2682 4825 quasi
2711 4746 3092 4825 scriberetur,
3135 4746 3308 4825 quod
3357 4746 3706 4825 signiﬁcabat
3729 4751 3846 4825 prae:

2253 4827 2502 4882 sentiam
2527 4819 2840 4879 venturam
2874 4824 2940 4878 D.
2975 4819 3088 4895 N.)
3124 4819 3379 4895 ﬁguram
3409 4819 3558 4874 enim
3579 4819 3843 4895 ac_spec1e§

2165 4925 2218 4986 Ι)
2250 4900 2596 4970 plerumque
2629 4897 2778 4986 inter
2809 4910 2876 4976 se
2907 4888 3384 4986 confunduntur,
3417 4895 3473 4945 et
3518 4888 3847 4986 specjfﬂ‘gi’:

2253 4960 2380 5040 ipsa
2411 4984 2481 5040 rei
2501 4960 2920 5040 seu_extel‘i01‘i
2973 4965 3057 5040 rei
3087 4967 3420 5034 conspectu
3453 4960 3625 5040 sumi"
3639 4960 3848 5040 etsgpf

2252 5026 2327 5094 ἐχ
2359 5037 2676 5094 Ambrosio
2718 5038 3129 5090 annotavimus
3161 5039 3220 5089 et
3243 5026 3344 5088 ὀι
3374 5031 3548 5086 variis
3591 5026 3850 5094 Scriptura?

2252 5089 2631 5166 'iéséiii
2652 5089 2887 5177 pctcst.
2907 5107 3038 5161 Non
3071 5110 3266 5160 tamen
3298 5089 3756 5176 dissimulandum
3779 5089 3847 5177 est

2255 5165 2459 5236 haberi
2493 5179 2550 5233 in
2607 5165 2725 5233 uno
2756 5177 2886 5233 cod.
2950 5177 3102 5247 Χῖοι,
3149 5177 3402 5248 figuram
3467 5168 3700 5234 venturi,
3749 5165 3852 5222 εισι,

2255 5252 2411 5307 haud
2444 5250 2835 5304 incommode.

2323 5321 2434 5389 (28)
2468 5321 2613 5374 Mss.
2647 5321 2888 5390 aliquot,
2923 5318 3541 5390 gratimcharitalem.
3671 5377 3729 5390 ν,

2325 5377 2458 5464 (29).
2493 5393 2641 5464 Mss.
2692 5377 3158 5464 aliquotiaitad
3197 5387 3623 5464 paralytigum:
3671 5377 3853 5464 Vist

2194 5478 2201 5489 '
2257 5446 2574 5518 nusiieri?
2601 5463 2682 5517 At
2711 5446 2850 5517 ille:
2903 5446 3256 5534 Hominem"
3309 5446 3431 5534 θιᾶ.
3455 5446 3857 5534 ΕΧ-ὴοοιβιξίῗξξ]

2255 5536 2385 5590 loco
2444 5537 2646 5588 contra
2705 5537 3005 5588 auctorem
3038 5525 3469 5602 hujus'operis
3517 5525 3854 5602 objectionem

2257 5589 2504 5662 conﬂari
2537 5607 2596 5660 in
2627 5603 2981 5659 Praefatione
3012 5589 3495 5672 diximusfquam
3528 5589 3759 5650 consule.
