  <div class='ocr_page' id='page_1' title='image "/cluster/home/n/w/nwhite01/storage/ocr_20150623/16/hvd.32044096580444/228.png"; bbox 0 0 4024 6176; ppageno 0'>
   <div class='ocr_carea' id='block_1_1' title="bbox 148 384 2353 456">
    <p class='ocr_par' dir='ltr' id='par_1_1' title="bbox 148 384 2353 456">
     <span class='ocr_line' id='line_1_1' title="bbox 148 384 2353 456; baseline 0.003 -7"><span class='ocrx_word' id='word_1_1' title='bbox 148 386 244 449; x_wconf 75' lang='grc'><strong>415</strong></span> <span class='ocrx_word' id='word_1_2' title='bbox 1265 385 1378 450; x_wconf 89' lang='lat' dir='ltr'><strong>DE</strong></span> <span class='ocrx_word' id='word_1_3' title='bbox 1421 384 2020 454; x_wconf 84' lang='lat' dir='ltr'><strong>SACRAMENTIS</strong></span> <span class='ocrx_word' id='word_1_4' title='bbox 2064 391 2224 455; x_wconf 89' lang='lat' dir='ltr'><strong>LIB.</strong></span> <span class='ocrx_word' id='word_1_5' title='bbox 2272 393 2353 456; x_wconf 91' lang='lat' dir='ltr'><strong>II.</strong></span> 
     </span>
    </p>
   </div>
   <div class='ocr_carea' id='block_1_2' title="bbox 3407 397 3529 464">
    <p class='ocr_par' dir='ltr' id='par_1_2' title="bbox 3407 397 3529 464">
     <span class='ocr_line' id='line_1_2' title="bbox 3407 397 3529 464; baseline 0.016 -2"><span class='ocrx_word' id='word_1_6' title='bbox 3407 397 3529 464; x_wconf 81' lang='lat'><strong>446</strong></span> 
     </span>
    </p>
   </div>
   <div class='ocr_carea' id='block_1_3' title="bbox 152 578 3528 661">
    <p class='ocr_par' dir='ltr' id='par_1_3' title="bbox 152 578 3528 661">
     <span class='ocr_line' id='line_1_3' title="bbox 152 578 3528 661; baseline 0.006 -24"><span class='ocrx_word' id='word_1_7' title='bbox 152 607 236 645; x_wconf 65' lang='lat' dir='ltr'><strong>nm</strong></span> <span class='ocrx_word' id='word_1_8' title='bbox 256 599 346 639; x_wconf 85' lang='lat' dir='ltr'><strong>nea</strong></span> <span class='ocrx_word' id='word_1_9' title='bbox 384 586 582 653; x_wconf 90' lang='lat' dir='ltr'><strong>habeo,</strong></span> <span class='ocrx_word' id='word_1_10' title='bbox 606 589 663 642; x_wconf 92' lang='lat' dir='ltr'><strong>et</strong></span> <span class='ocrx_word' id='word_1_11' title='bbox 685 586 817 643; x_wconf 92' lang='lat' dir='ltr'><strong>ideo</strong></span> <span class='ocrx_word' id='word_1_12' title='bbox 850 587 923 642; x_wconf 91' lang='lat' dir='ltr'><strong>ad</strong></span> <span class='ocrx_word' id='word_1_13' title='bbox 959 587 1269 644; x_wconf 79' lang='lat' dir='ltr'><strong>sanitatem</strong></span> <span class='ocrx_word' id='word_1_14' title='bbox 1290 590 1503 645; x_wconf 89' lang='lat' dir='ltr'><strong>meruit</strong></span> <span class='ocrx_word' id='word_1_15' title='bbox 1533 606 1743 661; x_wconf 87' lang='lat' dir='ltr'><strong>perve-</strong></span> <span class='ocrx_word' id='word_1_16' title='bbox 1770 578 1826 646; x_wconf 67' lang='grc' dir='ltr'>Α</span> <span class='ocrx_word' id='word_1_17' title='bbox 1866 610 2041 650; x_wconf 84' lang='lat' dir='ltr'>cruce</span> <span class='ocrx_word' id='word_1_18' title='bbox 2058 594 2277 651; x_wconf 85' lang='lat' dir='ltr'><strong>Christi</strong></span> <span class='ocrx_word' id='word_1_19' title='bbox 2300 597 2562 652; x_wconf 90' lang='lat' dir='ltr'><strong>omnium</strong></span> <span class='ocrx_word' id='word_1_20' title='bbox 2593 597 2893 653; x_wconf 86' lang='lat' dir='ltr'><strong>hominum</strong></span> <span class='ocrx_word' id='word_1_21' title='bbox 2918 597 3147 654; x_wconf 80' lang='lat' dir='ltr'><strong>levatur</strong></span> <span class='ocrx_word' id='word_1_22' title='bbox 3168 598 3477 656; x_wconf 88' lang='lat' dir='ltr'><strong>infirmitas</strong></span> <span class='ocrx_word' id='word_1_23' title='bbox 3497 601 3528 656; x_wconf 81' lang='lat'><strong>?</strong></span> 
     </span>
    </p>
   </div>
   <div class='ocr_carea' id='block_1_4' title="bbox 147 676 1741 750">
    <p class='ocr_par' dir='ltr' id='par_1_4' title="bbox 147 676 1741 750">
     <span class='ocr_line' id='line_1_4' title="bbox 147 676 1741 750; baseline 0.003 -18"><span class='ocrx_word' id='word_1_24' title='bbox 147 685 245 749; x_wconf 67' lang='lat' dir='ltr'><strong>me,</strong></span> <span class='ocrx_word' id='word_1_25' title='bbox 269 678 394 750; x_wconf 83' lang='lat' dir='ltr'><strong>quia</strong></span> <span class='ocrx_word' id='word_1_26' title='bbox 423 676 698 731; x_wconf 75' lang='lat' dir='ltr'><strong>credebat</strong></span> <span class='ocrx_word' id='word_1_27' title='bbox 735 676 795 730; x_wconf 92' lang='lat' dir='ltr'><strong>in</strong></span> <span class='ocrx_word' id='word_1_28' title='bbox 843 677 1275 734; x_wconf 77' lang='lat' dir='ltr'><strong>advenientem.</strong></span> <span class='ocrx_word' id='word_1_29' title='bbox 1312 678 1520 735; x_wconf 83' lang='lat' dir='ltr'><strong>Melior</strong></span> <span class='ocrx_word' id='word_1_30' title='bbox 1548 684 1741 736; x_wconf 83' lang='lat' dir='ltr'><strong>tamen</strong></span> 
     </span>
    </p>
   </div>
   <div class='ocr_carea' id='block_1_5' title="bbox 139 764 1742 840">
    <p class='ocr_par' dir='ltr' id='par_1_5' title="bbox 139 764 1742 840">
     <span class='ocr_line' id='line_1_5' title="bbox 139 764 1742 840; baseline 0 -16"><span class='ocrx_word' id='word_1_31' title='bbox 139 774 174 825; x_wconf 77' lang='lat' dir='ltr'><strong>et</strong></span> <span class='ocrx_word' id='word_1_32' title='bbox 203 766 493 838; x_wconf 82' lang='lat' dir='ltr'><strong>perfectior</strong></span> <span class='ocrx_word' id='word_1_33' title='bbox 536 764 772 832; x_wconf 80' lang='lat' dir='ltr'><strong>fuisset,</strong></span> <span class='ocrx_word' id='word_1_34' title='bbox 823 766 877 819; x_wconf 88' lang='lat' dir='ltr'><strong>si</strong></span> <span class='ocrx_word' id='word_1_35' title='bbox 926 766 1283 822; x_wconf 83' lang='lat' dir='ltr'><strong>credidisset</strong></span> <span class='ocrx_word' id='word_1_36' title='bbox 1323 767 1451 840; x_wconf 82' lang='lat' dir='ltr'><strong>jam</strong></span> <span class='ocrx_word' id='word_1_37' title='bbox 1497 769 1742 825; x_wconf 88' lang='lat' dir='ltr'><strong>venisse</strong></span> 
     </span>
    </p>
   </div>
   <div class='ocr_carea' id='block_1_6' title="bbox 129 848 1095 930">
    <p class='ocr_par' dir='ltr' id='par_1_6' title="bbox 129 848 1095 930">
     <span class='ocr_line' id='line_1_6' title="bbox 129 848 1095 930; baseline 0 -20"><span class='ocrx_word' id='word_1_38' title='bbox 129 871 258 930; x_wconf 78' lang='lat' dir='ltr'><strong>quem</strong></span> <span class='ocrx_word' id='word_1_39' title='bbox 289 848 554 927; x_wconf 81' lang='lat' dir='ltr'><strong>sperabat</strong></span> <span class='ocrx_word' id='word_1_40' title='bbox 585 868 724 909; x_wconf 88' lang='lat' dir='ltr'><strong>esse</strong></span> <span class='ocrx_word' id='word_1_41' title='bbox 761 855 1095 911; x_wconf 89' lang='lat' dir='ltr'><strong>venturum.</strong></span> 
     </span>
    </p>
   </div>
   <div class='ocr_carea' id='block_1_7' title="bbox 705 995 1092 1051">
    <p class='ocr_par' dir='ltr' id='par_1_7' title="bbox 705 995 1092 1051">
     <span class='ocr_line' id='line_1_7' title="bbox 705 995 1092 1051; baseline 0 -1"><span class='ocrx_word' id='word_1_42' title='bbox 705 995 957 1050; x_wconf 81' lang='lat' dir='ltr'><strong>CAPUT</strong></span> <span class='ocrx_word' id='word_1_43' title='bbox 995 996 1092 1051; x_wconf 92' lang='grc' dir='ltr'>ΙΙΙ.</span> 
     </span>
    </p>
   </div>
   <div class='ocr_carea' id='block_1_8' title="bbox 141 1101 1708 1185">
    <p class='ocr_par' dir='ltr' id='par_1_8' title="bbox 141 1101 1708 1185">
     <span class='ocr_line' id='line_1_8' title="bbox 141 1101 1708 1185; baseline 0.001 -27"><span class='ocrx_word' id='word_1_44' title='bbox 141 1101 436 1185; x_wconf 65' lang='lat' dir='ltr'><strong>Nonnuilis</strong></span> <span class='ocrx_word' id='word_1_45' title='bbox 464 1116 549 1185; x_wconf 44' lang='lat' dir='ltr'><strong>ex.</strong></span> <span class='ocrx_word' id='word_1_46' title='bbox 587 1101 848 1156; x_wconf 79' lang='lat' dir='ltr'><strong>historia</strong></span> <span class='ocrx_word' id='word_1_47' title='bbox 887 1101 1156 1185; x_wconf 62' lang='lat' dir='ltr'><strong>Naaman</strong></span> <span class='ocrx_word' id='word_1_48' title='bbox 1199 1104 1522 1185; x_wconf 74' lang='lat' dir='ltr'><strong>enarratis,</strong></span> <span class='ocrx_word' id='word_1_49' title='bbox 1556 1103 1708 1185; x_wconf 77' lang='lat' dir='ltr'><strong>alias</strong></span> 
     </span>
    </p>
   </div>
   <div class='ocr_carea' id='block_1_9' title="bbox 166 1172 1665 1247">
    <p class='ocr_par' dir='ltr' id='par_1_9' title="bbox 166 1172 1665 1247">
     <span class='ocr_line' id='line_1_9' title="bbox 166 1172 1665 1247; baseline 0.001 -19"><span class='ocrx_word' id='word_1_50' title='bbox 166 1174 357 1246; x_wconf 83' lang='lat' dir='ltr'><strong>aliquot</strong></span> <span class='ocrx_word' id='word_1_51' title='bbox 377 1172 641 1245; x_wconf 80' lang='lat' dir='ltr'><strong>ejusdem</strong></span> <span class='ocrx_word' id='word_1_52' title='bbox 655 1175 1020 1228; x_wconf 88' lang='lat' dir='ltr'><strong>sacramenti</strong></span> <span class='ocrx_word' id='word_1_53' title='bbox 1038 1174 1266 1246; x_wconf 74' lang='lat' dir='ltr'><strong>figuras</strong></span> <span class='ocrx_word' id='word_1_54' title='bbox 1278 1172 1665 1247; x_wconf 79' lang='lat' dir='ltr'><strong>perstringit.</strong></span> 
     </span>
    </p>
   </div>
   <div class='ocr_carea' id='block_1_10' title="bbox 165 1278 1734 1352">
    <p class='ocr_par' dir='ltr' id='par_1_10' title="bbox 165 1278 1734 1352">
     <span class='ocr_line' id='line_1_10' title="bbox 165 1278 1734 1352; baseline 0.003 -20"><span class='ocrx_word' id='word_1_55' title='bbox 165 1279 206 1333; x_wconf 90' lang='lat'><strong>8.</strong></span> <span class='ocrx_word' id='word_1_56' title='bbox 231 1279 392 1333; x_wconf 90' lang='lat' dir='ltr'><strong>Nunc</strong></span> <span class='ocrx_word' id='word_1_57' title='bbox 419 1278 555 1333; x_wconf 85' lang='lat' dir='ltr'><strong>vide</strong></span> <span class='ocrx_word' id='word_1_58' title='bbox 587 1278 846 1351; x_wconf 88' lang='lat' dir='ltr'><strong>singula.</strong></span> <span class='ocrx_word' id='word_1_59' title='bbox 881 1279 1154 1335; x_wconf 81' lang='lat' dir='ltr'><strong>Diximus</strong></span> <span class='ocrx_word' id='word_1_60' title='bbox 1184 1280 1436 1352; x_wconf 86' lang='lat' dir='ltr'><strong>figuram</strong></span> <span class='ocrx_word' id='word_1_61' title='bbox 1467 1297 1734 1352; x_wconf 62' lang='lat' dir='ltr'><strong>princes-</strong></span> 
     </span>
    </p>
   </div>
   <div class='ocr_carea' id='block_1_11' title="bbox 117 1367 1743 1440">
    <p class='ocr_par' dir='ltr' id='par_1_11' title="bbox 117 1367 1743 1440">
     <span class='ocr_line' id='line_1_11' title="bbox 117 1367 1743 1440; baseline 0.002 -19"><span class='ocrx_word' id='word_1_62' title='bbox 117 1368 243 1422; x_wconf 85' lang='lat' dir='ltr'><strong>sisse</strong></span> <span class='ocrx_word' id='word_1_63' title='bbox 300 1367 355 1421; x_wconf 91' lang='lat' dir='ltr'><strong>in</strong></span> <span class='ocrx_word' id='word_1_64' title='bbox 404 1367 684 1434; x_wconf 82' lang='lat' dir='ltr'><strong>Jordane,</strong></span> <span class='ocrx_word' id='word_1_65' title='bbox 734 1368 971 1439; x_wconf 89' lang='lat' dir='ltr'><strong>quando</strong></span> <span class='ocrx_word' id='word_1_66' title='bbox 1021 1369 1285 1424; x_wconf 89' lang='lat' dir='ltr'><strong>Naaman</strong></span> <span class='ocrx_word' id='word_1_67' title='bbox 1327 1370 1605 1440; x_wconf 85' lang='lat' dir='ltr'><strong>leprosus</strong></span> <span class='ocrx_word' id='word_1_68' title='bbox 1642 1371 1743 1426; x_wconf 90' lang='lat' dir='ltr'><strong>ille</strong></span> 
     </span>
    </p>
   </div>
   <div class='ocr_carea' id='block_1_12' title="bbox 114 1456 1742 1531">
    <p class='ocr_par' dir='ltr' id='par_1_12' title="bbox 114 1456 1742 1531">
     <span class='ocr_line' id='line_1_12' title="bbox 114 1456 1742 1531; baseline 0.002 -22"><span class='ocrx_word' id='word_1_69' title='bbox 114 1456 383 1510; x_wconf 88' lang='lat' dir='ltr'><strong>mundatus</strong></span> <span class='ocrx_word' id='word_1_70' title='bbox 412 1458 527 1511; x_wconf 89' lang='lat' dir='ltr'><strong>est.</strong></span> <span class='ocrx_word' id='word_1_71' title='bbox 562 1456 764 1511; x_wconf 86' lang='lat' dir='ltr'><strong>Puella</strong></span> <span class='ocrx_word' id='word_1_72' title='bbox 796 1457 894 1511; x_wconf 91' lang='lat' dir='ltr'><strong>illa</strong></span> <span class='ocrx_word' id='word_1_73' title='bbox 916 1473 993 1512; x_wconf 84' lang='lat' dir='ltr'><strong>ex</strong></span> <span class='ocrx_word' id='word_1_74' title='bbox 1019 1458 1269 1528; x_wconf 86' lang='lat' dir='ltr'><strong>captivis</strong></span> <span class='ocrx_word' id='word_1_75' title='bbox 1293 1458 1407 1528; x_wconf 92' lang='lat' dir='ltr'><strong>(IV</strong></span> <span class='ocrx_word' id='word_1_76' title='bbox 1429 1459 1577 1531; x_wconf 82' lang='lat' dir='ltr'><strong>Reg.</strong></span> <span class='ocrx_word' id='word_1_77' title='bbox 1606 1476 1664 1531; x_wconf 93' lang='lat' dir='ltr'><strong>v,</strong></span> <span class='ocrx_word' id='word_1_78' title='bbox 1687 1460 1742 1529; x_wconf 92' lang='lat'><strong>5)</strong></span> 
     </span>
    </p>
   </div>
   <div class='ocr_carea' id='block_1_13' title="bbox 108 1545 1743 1616">
    <p class='ocr_par' dir='ltr' id='par_1_13' title="bbox 108 1545 1743 1616">
     <span class='ocr_line' id='line_1_13' title="bbox 108 1545 1743 1616; baseline 0.003 -18"><span class='ocrx_word' id='word_1_79' title='bbox 108 1560 213 1615; x_wconf 70' lang='lat' dir='ltr'><strong>quae</strong></span> <span class='ocrx_word' id='word_1_80' title='bbox 240 1547 343 1611; x_wconf 89' lang='lat' dir='ltr'><strong>est,</strong></span> <span class='ocrx_word' id='word_1_81' title='bbox 375 1545 493 1599; x_wconf 89' lang='lat' dir='ltr'><strong>nisi</strong></span> <span class='ocrx_word' id='word_1_82' title='bbox 546 1560 680 1615; x_wconf 71' lang='lat' dir='ltr'><strong>quae</strong></span> <span class='ocrx_word' id='word_1_83' title='bbox 726 1545 988 1615; x_wconf 89' lang='lat' dir='ltr'><strong>speciem</strong></span> <span class='ocrx_word' id='word_1_84' title='bbox 1032 1545 1287 1601; x_wconf 80' lang='lat' dir='ltr'><strong>habebat</strong></span> <span class='ocrx_word' id='word_1_85' title='bbox 1337 1547 1646 1616; x_wconf 60' lang='lat' dir='ltr'><strong>Ecclesiae,</strong></span> <span class='ocrx_word' id='word_1_86' title='bbox 1686 1551 1743 1603; x_wconf 91' lang='lat' dir='ltr'><strong>et</strong></span> 
     </span>
    </p>
   </div>
   <div class='ocr_carea' id='block_1_14' title="bbox 108 1633 1739 1707">
    <p class='ocr_par' dir='ltr' id='par_1_14' title="bbox 108 1633 1739 1707">
     <span class='ocr_line' id='line_1_14' title="bbox 108 1633 1739 1707; baseline 0.002 -20"><span class='ocrx_word' id='word_1_87' title='bbox 108 1633 320 1704; x_wconf 78' lang='lat' dir='ltr'><strong>ﬁguram</strong></span> <span class='ocrx_word' id='word_1_88' title='bbox 339 1633 847 1703; x_wconf 82' lang='lat' dir='ltr'><strong>repraesentabat?</strong></span> <span class='ocrx_word' id='word_1_89' title='bbox 867 1634 1148 1705; x_wconf 90' lang='lat' dir='ltr'><strong>Captivus</strong></span> <span class='ocrx_word' id='word_1_90' title='bbox 1166 1635 1320 1690; x_wconf 90' lang='lat' dir='ltr'><strong>enim</strong></span> <span class='ocrx_word' id='word_1_91' title='bbox 1341 1639 1464 1690; x_wconf 91' lang='lat' dir='ltr'><strong>erat</strong></span> <span class='ocrx_word' id='word_1_92' title='bbox 1485 1637 1739 1707; x_wconf 91' lang='lat' dir='ltr'><strong>populus</strong></span> 
     </span>
    </p>
   </div>
   <div class='ocr_carea' id='block_1_15' title="bbox 108 1723 1739 1795">
    <p class='ocr_par' dir='ltr' id='par_1_15' title="bbox 108 1723 1739 1795">
     <span class='ocr_line' id='line_1_15' title="bbox 108 1723 1739 1795; baseline 0.002 -19"><span class='ocrx_word' id='word_1_93' title='bbox 108 1723 389 1792; x_wconf 79' lang='lat' dir='ltr'><strong>nationum,</strong></span> <span class='ocrx_word' id='word_1_94' title='bbox 424 1724 699 1792; x_wconf 88' lang='lat' dir='ltr'><strong>captivus</strong></span> <span class='ocrx_word' id='word_1_95' title='bbox 730 1726 874 1793; x_wconf 90' lang='lat' dir='ltr'><strong>erat,</strong></span> <span class='ocrx_word' id='word_1_96' title='bbox 908 1738 1025 1777; x_wconf 96' lang='lat' dir='ltr'><strong>non</strong></span> <span class='ocrx_word' id='word_1_97' title='bbox 1056 1723 1189 1779; x_wconf 90' lang='lat' dir='ltr'><strong>dico</strong></span> <span class='ocrx_word' id='word_1_98' title='bbox 1213 1724 1605 1795; x_wconf 90' lang='lat' dir='ltr'><strong>captivitatem</strong></span> <span class='ocrx_word' id='word_1_99' title='bbox 1625 1725 1739 1780; x_wconf 89' lang='lat' dir='ltr'><strong>sub</strong></span> 
     </span>
    </p>
   </div>
   <div class='ocr_carea' id='block_1_16' title="bbox 106 1810 1739 1885">
    <p class='ocr_par' dir='ltr' id='par_1_16' title="bbox 106 1810 1739 1885">
     <span class='ocr_line' id='line_1_16' title="bbox 106 1810 1739 1885; baseline 0.003 -21"><span class='ocrx_word' id='word_1_100' title='bbox 106 1810 242 1864; x_wconf 88' lang='lat' dir='ltr'><strong>hoste</strong></span> <span class='ocrx_word' id='word_1_101' title='bbox 285 1810 477 1882; x_wconf 87' lang='lat' dir='ltr'><strong>aliquo</strong></span> <span class='ocrx_word' id='word_1_102' title='bbox 520 1811 742 1881; x_wconf 89' lang='lat' dir='ltr'><strong>populo</strong></span> <span class='ocrx_word' id='word_1_103' title='bbox 787 1812 1165 1866; x_wconf 85' lang='lat' dir='ltr'><strong>constitutam</strong></span> <span class='ocrx_word' id='word_1_104' title='bbox 1225 1813 1375 1885; x_wconf 89' lang='lat'><strong>(30):</strong></span> <span class='ocrx_word' id='word_1_105' title='bbox 1440 1815 1549 1868; x_wconf 89' lang='lat' dir='ltr'><strong>sed</strong></span> <span class='ocrx_word' id='word_1_106' title='bbox 1608 1830 1739 1869; x_wconf 88' lang='lat' dir='ltr'><strong>eam</strong></span> 
     </span>
    </p>
   </div>
   <div class='ocr_carea' id='block_1_17' title="bbox 107 1898 1738 1972">
    <p class='ocr_par' dir='ltr' id='par_1_17' title="bbox 107 1898 1738 1972">
     <span class='ocr_line' id='line_1_17' title="bbox 107 1898 1738 1972; baseline 0.004 -21"><span class='ocrx_word' id='word_1_107' title='bbox 107 1898 454 1968; x_wconf 83' lang='lat' dir='ltr'><strong>captivitatem</strong></span> <span class='ocrx_word' id='word_1_108' title='bbox 483 1900 621 1954; x_wconf 90' lang='lat' dir='ltr'><strong>dico</strong></span> <span class='ocrx_word' id='word_1_109' title='bbox 665 1915 798 1972; x_wconf 84' lang='lat' dir='ltr'><strong>quae</strong></span> <span class='ocrx_word' id='word_1_110' title='bbox 828 1899 1021 1972; x_wconf 80' lang='lat' dir='ltr'><strong>major</strong></span> <span class='ocrx_word' id='word_1_111' title='bbox 1048 1905 1159 1971; x_wconf 92' lang='lat' dir='ltr'><strong>est,</strong></span> <span class='ocrx_word' id='word_1_112' title='bbox 1193 1902 1427 1972; x_wconf 88' lang='lat' dir='ltr'><strong>quando</strong></span> <span class='ocrx_word' id='word_1_113' title='bbox 1460 1902 1738 1957; x_wconf 87' lang='lat' dir='ltr'><strong>diabolus</strong></span> 
     </span>
    </p>
   </div>
   <div class='ocr_carea' id='block_1_18' title="bbox 107 1987 1741 2061">
    <p class='ocr_par' dir='ltr' id='par_1_18' title="bbox 107 1987 1741 2061">
     <span class='ocr_line' id='line_1_18' title="bbox 107 1987 1741 2061; baseline 0.004 -20"><span class='ocrx_word' id='word_1_114' title='bbox 107 2002 212 2041; x_wconf 89' lang='lat' dir='ltr'><strong>cum</strong></span> <span class='ocrx_word' id='word_1_115' title='bbox 237 1987 358 2042; x_wconf 88' lang='lat' dir='ltr'><strong>suis</strong></span> <span class='ocrx_word' id='word_1_116' title='bbox 389 2003 557 2043; x_wconf 84' lang='lat' dir='ltr'><strong>saeve</strong></span> <span class='ocrx_word' id='word_1_117' title='bbox 592 1987 925 2044; x_wconf 90' lang='lat' dir='ltr'><strong>dominatur</strong></span> <span class='ocrx_word' id='word_1_118' title='bbox 957 1990 1227 2061; x_wconf 84' lang='lat' dir='ltr'><strong>imperio,</strong></span> <span class='ocrx_word' id='word_1_119' title='bbox 1262 1994 1319 2045; x_wconf 91' lang='lat' dir='ltr'><strong>et</strong></span> <span class='ocrx_word' id='word_1_120' title='bbox 1366 1991 1593 2061; x_wconf 87' lang='lat' dir='ltr'><strong>captiva</strong></span> <span class='ocrx_word' id='word_1_121' title='bbox 1623 1991 1741 2047; x_wconf 88' lang='lat' dir='ltr'><strong>sibi</strong></span> 
     </span>
    </p>
   </div>
   <div class='ocr_carea' id='block_1_19' title="bbox 105 2075 919 2148">
    <p class='ocr_par' dir='ltr' id='par_1_19' title="bbox 105 2075 919 2148">
     <span class='ocr_line' id='line_1_19' title="bbox 105 2075 919 2148; baseline 0.005 -20"><span class='ocrx_word' id='word_1_122' title='bbox 105 2075 227 2130; x_wconf 83' lang='lat' dir='ltr'><strong>colla</strong></span> <span class='ocrx_word' id='word_1_123' title='bbox 251 2076 489 2148; x_wconf 78' lang='lat' dir='ltr'><strong>subjicit</strong></span> <span class='ocrx_word' id='word_1_124' title='bbox 517 2079 919 2147; x_wconf 85' lang='lat' dir='ltr'><strong>peccatorum.</strong></span> 
     </span>
    </p>
   </div>
   <div class='ocr_carea' id='block_1_20' title="bbox 156 2164 1739 2241">
    <p class='ocr_par' dir='ltr' id='par_1_20' title="bbox 156 2164 1739 2241">
     <span class='ocr_line' id='line_1_20' title="bbox 156 2164 1739 2241; baseline 0.003 -22"><span class='ocrx_word' id='word_1_125' title='bbox 156 2165 203 2219; x_wconf 91' lang='lat'><strong>9.</strong></span> <span class='ocrx_word' id='word_1_126' title='bbox 222 2164 369 2238; x_wconf 88' lang='lat' dir='ltr'><strong>Ergo</strong></span> <span class='ocrx_word' id='word_1_127' title='bbox 405 2165 602 2220; x_wconf 90' lang='lat' dir='ltr'><strong>habes</strong></span> <span class='ocrx_word' id='word_1_128' title='bbox 632 2182 814 2221; x_wconf 90' lang='lat' dir='ltr'><strong>unum</strong></span> <span class='ocrx_word' id='word_1_129' title='bbox 847 2166 1161 2238; x_wconf 90' lang='lat' dir='ltr'><strong>baptisma,</strong></span> <span class='ocrx_word' id='word_1_130' title='bbox 1195 2168 1352 2223; x_wconf 89' lang='lat' dir='ltr'><strong>aliud</strong></span> <span class='ocrx_word' id='word_1_131' title='bbox 1382 2170 1443 2224; x_wconf 92' lang='lat' dir='ltr'><strong>in</strong></span> <span class='ocrx_word' id='word_1_132' title='bbox 1481 2168 1739 2241; x_wconf 86' lang='lat' dir='ltr'><strong>diluvio;</strong></span> 
     </span>
    </p>
   </div>
   <div class='ocr_carea' id='block_1_21' title="bbox 102 2254 1738 2329">
    <p class='ocr_par' dir='ltr' id='par_1_21' title="bbox 102 2254 1738 2329">
     <span class='ocr_line' id='line_1_21' title="bbox 102 2254 1738 2329; baseline 0.003 -22"><span class='ocrx_word' id='word_1_133' title='bbox 102 2254 258 2309; x_wconf 84' lang='lat' dir='ltr'><strong>habes</strong></span> <span class='ocrx_word' id='word_1_134' title='bbox 284 2254 518 2309; x_wconf 86' lang='lat' dir='ltr'><strong>tertium</strong></span> <span class='ocrx_word' id='word_1_135' title='bbox 550 2269 768 2327; x_wconf 86' lang='lat' dir='ltr'><strong>genus,</strong></span> <span class='ocrx_word' id='word_1_136' title='bbox 788 2256 1023 2327; x_wconf 87' lang='lat' dir='ltr'><strong>quando</strong></span> <span class='ocrx_word' id='word_1_137' title='bbox 1052 2257 1112 2311; x_wconf 91' lang='lat' dir='ltr'><strong>in</strong></span> <span class='ocrx_word' id='word_1_138' title='bbox 1143 2258 1290 2312; x_wconf 90' lang='lat' dir='ltr'><strong>mari</strong></span> <span class='ocrx_word' id='word_1_139' title='bbox 1314 2258 1517 2314; x_wconf 83' lang='lat' dir='ltr'><strong>Rubro</strong></span> <span class='ocrx_word' id='word_1_140' title='bbox 1544 2258 1738 2329; x_wconf 86' lang='lat' dir='ltr'><strong>bapti-</strong></span> 
     </span>
    </p>
   </div>
   <div class='ocr_carea' id='block_1_22' title="bbox 105 2343 1736 2419">
    <p class='ocr_par' dir='ltr' id='par_1_22' title="bbox 105 2343 1736 2419">
     <span class='ocr_line' id='line_1_22' title="bbox 105 2343 1736 2419; baseline 0.004 -23"><span class='ocrx_word' id='word_1_141' title='bbox 105 2344 195 2397; x_wconf 75' lang='lat' dir='ltr'><strong>uti</strong></span> <span class='ocrx_word' id='word_1_142' title='bbox 221 2345 350 2397; x_wconf 87' lang='lat' dir='ltr'><strong>sunt</strong></span> <span class='ocrx_word' id='word_1_143' title='bbox 367 2347 607 2414; x_wconf 85' lang='lat' dir='ltr'><strong>patres;</strong></span> <span class='ocrx_word' id='word_1_144' title='bbox 656 2343 843 2398; x_wconf 88' lang='lat' dir='ltr'><strong>habes</strong></span> <span class='ocrx_word' id='word_1_145' title='bbox 874 2348 1143 2415; x_wconf 86' lang='lat' dir='ltr'><strong>quartum</strong></span> <span class='ocrx_word' id='word_1_146' title='bbox 1175 2362 1367 2419; x_wconf 90' lang='lat' dir='ltr'><strong>genus</strong></span> <span class='ocrx_word' id='word_1_147' title='bbox 1398 2348 1459 2401; x_wconf 92' lang='lat' dir='ltr'><strong>in</strong></span> <span class='ocrx_word' id='word_1_148' title='bbox 1486 2347 1736 2419; x_wconf 89' lang='lat' dir='ltr'><strong>piscina,</strong></span> 
     </span>
    </p>
   </div>
   <div class='ocr_carea' id='block_1_23' title="bbox 103 2432 1739 2504">
    <p class='ocr_par' dir='ltr' id='par_1_23' title="bbox 103 2432 1739 2504">
     <span class='ocr_line' id='line_1_23' title="bbox 103 2432 1739 2504; baseline 0.003 -19"><span class='ocrx_word' id='word_1_149' title='bbox 103 2432 301 2502; x_wconf 85' lang='lat' dir='ltr'><strong>quando</strong></span> <span class='ocrx_word' id='word_1_150' title='bbox 340 2432 696 2487; x_wconf 88' lang='lat' dir='ltr'><strong>movebatur</strong></span> <span class='ocrx_word' id='word_1_151' title='bbox 733 2448 906 2504; x_wconf 92' lang='lat' dir='ltr'><strong>aqua.</strong></span> <span class='ocrx_word' id='word_1_152' title='bbox 938 2433 1111 2488; x_wconf 88' lang='lat' dir='ltr'><strong>Nunc</strong></span> <span class='ocrx_word' id='word_1_153' title='bbox 1152 2436 1209 2489; x_wconf 92' lang='lat' dir='ltr'><strong>te</strong></span> <span class='ocrx_word' id='word_1_154' title='bbox 1252 2436 1500 2491; x_wconf 92' lang='lat' dir='ltr'><strong>consulo</strong></span> <span class='ocrx_word' id='word_1_155' title='bbox 1542 2438 1739 2491; x_wconf 91' lang='lat' dir='ltr'><strong>utrum</strong></span> 
     </span>
    </p>
   </div>
   <div class='ocr_carea' id='block_1_24' title="bbox 106 2513 1737 2593">
    <p class='ocr_par' dir='ltr' id='par_1_24' title="bbox 106 2513 1737 2593">
     <span class='ocr_line' id='line_1_24' title="bbox 106 2513 1737 2593; baseline 0.004 -21"><span class='ocrx_word' id='word_1_156' title='bbox 106 2519 314 2575; x_wconf 87' lang='lat' dir='ltr'><strong>credere</strong></span> <span class='ocrx_word' id='word_1_157' title='bbox 343 2520 572 2576; x_wconf 88' lang='lat' dir='ltr'><strong>debeas</strong></span> <span class='ocrx_word' id='word_1_158' title='bbox 603 2520 740 2591; x_wconf 89' lang='lat' dir='ltr'><strong>quia</strong></span> <span class='ocrx_word' id='word_1_159' title='bbox 768 2520 956 2576; x_wconf 91' lang='lat' dir='ltr'><strong>habes</strong></span> <span class='ocrx_word' id='word_1_160' title='bbox 1012 2513 1160 2576; x_wconf 89' lang='lat'><strong>357</strong></span> <span class='ocrx_word' id='word_1_161' title='bbox 1190 2524 1568 2593; x_wconf 69' lang='lat' dir='ltr'><strong>praesentiam</strong></span> <span class='ocrx_word' id='word_1_162' title='bbox 1604 2524 1737 2578; x_wconf 90' lang='lat' dir='ltr'><strong>Tri-</strong></span> 
     </span>
    </p>
   </div>
   <div class='ocr_carea' id='block_1_25' title="bbox 106 2609 1739 2683">
    <p class='ocr_par' dir='ltr' id='par_1_25' title="bbox 106 2609 1739 2683">
     <span class='ocr_line' id='line_1_25' title="bbox 106 2609 1739 2683; baseline 0.005 -23"><span class='ocrx_word' id='word_1_163' title='bbox 106 2609 269 2663; x_wconf 90' lang='lat' dir='ltr'><strong>nitatis</strong></span> <span class='ocrx_word' id='word_1_164' title='bbox 288 2609 346 2664; x_wconf 90' lang='lat' dir='ltr'><strong>in</strong></span> <span class='ocrx_word' id='word_1_165' title='bbox 369 2609 484 2665; x_wconf 93' lang='lat' dir='ltr'><strong>hoc</strong></span> <span class='ocrx_word' id='word_1_166' title='bbox 506 2609 883 2681; x_wconf 87' lang='lat' dir='ltr'><strong>baptismate,</strong></span> <span class='ocrx_word' id='word_1_167' title='bbox 905 2625 1022 2682; x_wconf 90' lang='lat' dir='ltr'><strong>quo</strong></span> <span class='ocrx_word' id='word_1_168' title='bbox 1043 2610 1371 2683; x_wconf 85' lang='lat' dir='ltr'><strong>baptizatur</strong></span> <span class='ocrx_word' id='word_1_169' title='bbox 1387 2613 1447 2668; x_wconf 90' lang='lat' dir='ltr'><strong>in</strong></span> <span class='ocrx_word' id='word_1_170' title='bbox 1469 2613 1739 2669; x_wconf 88' lang='lat' dir='ltr'><strong>Ecclesia</strong></span> 
     </span>
    </p>
   </div>
   <div class='ocr_carea' id='block_1_26' title="bbox 103 2695 207 2767">
    <p class='ocr_par' dir='ltr' id='par_1_26' title="bbox 103 2695 207 2767">
     <span class='ocr_line' id='line_1_26' title="bbox 103 2695 207 2767; baseline 0 -17"><span class='ocrx_word' id='word_1_171' title='bbox 103 2695 207 2767; x_wconf 72' lang='lat'><strong>(31).</strong></span> 
     </span>
    </p>
   </div>
   <div class='ocr_carea' id='block_1_27' title="bbox 701 2822 1091 2882">
    <p class='ocr_par' dir='ltr' id='par_1_27' title="bbox 701 2822 1091 2882">
     <span class='ocr_line' id='line_1_27' title="bbox 701 2822 1091 2882; baseline 0.013 -5"><span class='ocrx_word' id='word_1_172' title='bbox 701 2822 955 2879; x_wconf 81' lang='lat' dir='ltr'><strong>CAPUT</strong></span> <span class='ocrx_word' id='word_1_173' title='bbox 995 2825 1091 2882; x_wconf 88' lang='lat' dir='ltr'><strong>IV.</strong></span> 
     </span>
    </p>
   </div>
   <div class='ocr_carea' id='block_1_28' title="bbox 100 2946 1740 3022">
    <p class='ocr_par' dir='ltr' id='par_1_28' title="bbox 100 2946 1740 3022">
     <span class='ocr_line' id='line_1_28' title="bbox 100 2946 1740 3022; baseline 0.002 -21"><span class='ocrx_word' id='word_1_174' title='bbox 100 2946 238 3001; x_wconf 83' lang='lat' dir='ltr'><strong>Alias</strong></span> <span class='ocrx_word' id='word_1_175' title='bbox 266 2946 836 3022; x_wconf 24' lang='lat' dir='ltr'><strong>duasbap‘tismatis</strong></span> <span class='ocrx_word' id='word_1_176' title='bbox 875 2946 1121 3021; x_wconf 75' lang='lat' dir='ltr'><strong>ﬁguras,</strong></span> <span class='ocrx_word' id='word_1_177' title='bbox 1154 2949 1436 3022; x_wconf 14' lang='lat' dir='ltr'><strong>Ain‘ferro</strong></span> <span class='ocrx_word' id='word_1_178' title='bbox 1475 2950 1625 3022; x_wconf 84' lang='lat' dir='ltr'><strong>quod</strong></span> <span class='ocrx_word' id='word_1_179' title='bbox 1664 2950 1740 3005; x_wconf 87' lang='lat' dir='ltr'><strong>ad</strong></span> 
     </span>
    </p>
   </div>
   <div class='ocr_carea' id='block_1_29' title="bbox 149 3018 1815 3093">
    <p class='ocr_par' dir='ltr' id='par_1_29' title="bbox 149 3018 1815 3093">
     <span class='ocr_line' id='line_1_29' title="bbox 149 3018 1815 3093; baseline 0.003 -20"><span class='ocrx_word' id='word_1_180' title='bbox 149 3035 341 3093; x_wconf 78' lang='lat' dir='ltr'><strong>preces</strong></span> <span class='ocrx_word' id='word_1_181' title='bbox 355 3018 734 3093; x_wconf 54' lang='lat' dir='ltr'><strong>Elisminata</strong></span> <span class='ocrx_word' id='word_1_182' title='bbox 746 3019 848 3088; x_wconf 87' lang='lat' dir='ltr'><strong>vit,</strong></span> <span class='ocrx_word' id='word_1_183' title='bbox 880 3018 988 3075; x_wconf 81' lang='lat' dir='ltr'><strong>nec</strong></span> <span class='ocrx_word' id='word_1_184' title='bbox 1006 3036 1119 3075; x_wconf 88' lang='lat' dir='ltr'><strong>non</strong></span> <span class='ocrx_word' id='word_1_185' title='bbox 1140 3020 1202 3093; x_wconf 87' lang='lat' dir='ltr'><strong>in</strong></span> <span class='ocrx_word' id='word_1_186' title='bbox 1223 3019 1389 3076; x_wconf 78' lang='lat' dir='ltr'><strong>fonte</strong></span> <span class='ocrx_word' id='word_1_187' title='bbox 1414 3018 1530 3093; x_wconf 75' lang='lat' dir='ltr'><strong>qui,</strong></span> <span class='ocrx_word' id='word_1_188' title='bbox 1556 3021 1740 3078; x_wconf 88' lang='lat' dir='ltr'><strong>misso</strong></span> <span class='ocrx_word' id='word_1_189' title='bbox 1812 3042 1815 3043; x_wconf 63' lang='lat'><strong><em>&#39;</em></strong></span> 
     </span>
    </p>
   </div>
   <div class='ocr_carea' id='block_1_30' title="bbox 152 3088 1451 3163">
    <p class='ocr_par' dir='ltr' id='par_1_30' title="bbox 152 3088 1451 3163">
     <span class='ocr_line' id='line_1_30' title="bbox 152 3088 1451 3163; baseline 0.004 -22"><span class='ocrx_word' id='word_1_190' title='bbox 152 3088 310 3161; x_wconf 85' lang='lat' dir='ltr'><strong>ligno,</strong></span> <span class='ocrx_word' id='word_1_191' title='bbox 341 3090 543 3145; x_wconf 86' lang='lat' dir='ltr'><strong>dulcis</strong></span> <span class='ocrx_word' id='word_1_192' title='bbox 564 3089 759 3144; x_wconf 79' lang='lat' dir='ltr'><strong>factus</strong></span> <span class='ocrx_word' id='word_1_193' title='bbox 788 3096 901 3160; x_wconf 89' lang='lat' dir='ltr'><strong>est,</strong></span> <span class='ocrx_word' id='word_1_194' title='bbox 927 3091 1206 3163; x_wconf 83' lang='lat' dir='ltr'><strong>proponit</strong></span> <span class='ocrx_word' id='word_1_195' title='bbox 1227 3088 1451 3147; x_wconf 67' lang='lat' dir='ltr'><strong>auctor.</strong></span> 
     </span>
    </p>
   </div>
   <div class='ocr_carea' id='block_1_31' title="bbox 157 3196 1739 3269">
    <p class='ocr_par' dir='ltr' id='par_1_31' title="bbox 157 3196 1739 3269">
     <span class='ocr_line' id='line_1_31' title="bbox 157 3196 1739 3269; baseline 0.003 -19"><span class='ocrx_word' id='word_1_196' title='bbox 157 3196 229 3251; x_wconf 89' lang='lat'><strong>10.</strong></span> <span class='ocrx_word' id='word_1_197' title='bbox 260 3197 413 3252; x_wconf 87' lang='lat' dir='ltr'><strong>ldem</strong></span> <span class='ocrx_word' id='word_1_198' title='bbox 457 3198 663 3269; x_wconf 88' lang='lat' dir='ltr'><strong>itaque</strong></span> <span class='ocrx_word' id='word_1_199' title='bbox 695 3198 980 3252; x_wconf 91' lang='lat' dir='ltr'><strong>Dominus</strong></span> <span class='ocrx_word' id='word_1_200' title='bbox 1012 3200 1219 3253; x_wconf 89' lang='lat' dir='ltr'><strong>noster</strong></span> <span class='ocrx_word' id='word_1_201' title='bbox 1249 3198 1430 3254; x_wconf 78' lang='lat' dir='ltr'><strong>Jesus</strong></span> <span class='ocrx_word' id='word_1_202' title='bbox 1460 3198 1739 3255; x_wconf 86' lang='lat' dir='ltr'><strong>Christus</strong></span> 
     </span>
    </p>
   </div>
   <div class='ocr_carea' id='block_1_32' title="bbox 102 3281 1736 3360">
    <p class='ocr_par' dir='ltr' id='par_1_32' title="bbox 102 3281 1736 3360">
     <span class='ocr_line' id='line_1_32' title="bbox 102 3281 1736 3360; baseline 0.004 -24"><span class='ocrx_word' id='word_1_203' title='bbox 102 3281 149 3337; x_wconf 87' lang='lat' dir='ltr'><strong>in</strong></span> <span class='ocrx_word' id='word_1_204' title='bbox 173 3284 478 3354; x_wconf 75' lang='lat' dir='ltr'><strong>Evangelio</strong></span> <span class='ocrx_word' id='word_1_205' title='bbox 513 3302 630 3341; x_wconf 88' lang='lat' dir='ltr'><strong>suo</strong></span> <span class='ocrx_word' id='word_1_206' title='bbox 678 3285 819 3341; x_wconf 91' lang='lat' dir='ltr'><strong>dicit</strong></span> <span class='ocrx_word' id='word_1_207' title='bbox 852 3286 926 3340; x_wconf 92' lang='lat' dir='ltr'><strong>ad</strong></span> <span class='ocrx_word' id='word_1_208' title='bbox 970 3286 1328 3357; x_wconf 88' lang='lat' dir='ltr'><strong>Apostolos:</strong></span> <span class='ocrx_word' id='word_1_209' title='bbox 1379 3287 1488 3357; x_wconf 90' lang='lat' dir='ltr'><strong>Ite,</strong></span> <span class='ocrx_word' id='word_1_210' title='bbox 1536 3288 1736 3360; x_wconf 90' lang='lat' dir='ltr'><strong>bapti-</strong></span> 
     </span>
    </p>
   </div>
   <div class='ocr_carea' id='block_1_33' title="bbox 103 3376 1740 3447">
    <p class='ocr_par' dir='ltr' id='par_1_33' title="bbox 103 3376 1740 3447">
     <span class='ocr_line' id='line_1_33' title="bbox 103 3376 1740 3447; baseline 0.005 -23"><span class='ocrx_word' id='word_1_211' title='bbox 103 3380 209 3429; x_wconf 74' lang='lat' dir='ltr'><strong>zata</strong></span> <span class='ocrx_word' id='word_1_212' title='bbox 233 3391 429 3430; x_wconf 86' lang='lat' dir='ltr'><strong>omnes</strong></span> <span class='ocrx_word' id='word_1_213' title='bbox 471 3380 695 3447; x_wconf 83' lang='lat' dir='ltr'><strong>gentes</strong></span> <span class='ocrx_word' id='word_1_214' title='bbox 740 3376 803 3429; x_wconf 89' lang='lat' dir='ltr'><strong>in</strong></span> <span class='ocrx_word' id='word_1_215' title='bbox 848 3376 1083 3431; x_wconf 83' lang='lat' dir='ltr'><strong>nomine</strong></span> <span class='ocrx_word' id='word_1_216' title='bbox 1113 3376 1346 3447; x_wconf 84' lang='lat' dir='ltr'><strong>Patris,</strong></span> <span class='ocrx_word' id='word_1_217' title='bbox 1378 3383 1437 3432; x_wconf 87' lang='lat' dir='ltr'><strong>et</strong></span> <span class='ocrx_word' id='word_1_218' title='bbox 1479 3376 1644 3447; x_wconf 85' lang='lat' dir='ltr'><strong>Filii,</strong></span> <span class='ocrx_word' id='word_1_219' title='bbox 1680 3384 1740 3432; x_wconf 88' lang='lat' dir='ltr'><strong>et</strong></span> 
     </span>
    </p>
   </div>
   <div class='ocr_carea' id='block_1_34' title="bbox 104 3460 1739 3535">
    <p class='ocr_par' dir='ltr' id='par_1_34' title="bbox 104 3460 1739 3535">
     <span class='ocr_line' id='line_1_34' title="bbox 104 3460 1739 3535; baseline 0.005 -21"><span class='ocrx_word' id='word_1_220' title='bbox 104 3460 329 3533; x_wconf 87' lang='lat' dir='ltr'><strong>Spiritus</strong></span> <span class='ocrx_word' id='word_1_221' title='bbox 357 3465 565 3520; x_wconf 84' lang='lat' dir='ltr'><strong>sancti</strong></span> <span class='ocrx_word' id='word_1_222' title='bbox 583 3464 822 3533; x_wconf 87' lang='lat' dir='ltr'><strong>(Matth.</strong></span> <span class='ocrx_word' id='word_1_223' title='bbox 855 3481 1063 3529; x_wconf 83' lang='lat' dir='ltr'><strong>xxvm,</strong></span> <span class='ocrx_word' id='word_1_224' title='bbox 1099 3464 1206 3535; x_wconf 87' lang='lat'><strong>19).</strong></span> <span class='ocrx_word' id='word_1_225' title='bbox 1241 3464 1449 3521; x_wconf 90' lang='lat' dir='ltr'><strong>Sermo</strong></span> <span class='ocrx_word' id='word_1_226' title='bbox 1480 3466 1576 3522; x_wconf 91' lang='lat' dir='ltr'><strong>hic</strong></span> <span class='ocrx_word' id='word_1_227' title='bbox 1606 3466 1739 3522; x_wconf 87' lang='lat' dir='ltr'><strong>Sal-</strong></span> 
     </span>
    </p>
   </div>
   <div class='ocr_carea' id='block_1_35' title="bbox 100 3552 422 3608">
    <p class='ocr_par' dir='ltr' id='par_1_35' title="bbox 100 3552 422 3608">
     <span class='ocr_line' id='line_1_35' title="bbox 100 3552 422 3608; baseline 0.025 -8"><span class='ocrx_word' id='word_1_228' title='bbox 100 3552 283 3607; x_wconf 78' lang='lat' dir='ltr'><strong>vatoris</strong></span> <span class='ocrx_word' id='word_1_229' title='bbox 313 3556 422 3608; x_wconf 91' lang='lat' dir='ltr'><strong>est.</strong></span> 
     </span>
    </p>
   </div>
   <div class='ocr_carea' id='block_1_36' title="bbox 157 3639 1738 3711">
    <p class='ocr_par' dir='ltr' id='par_1_36' title="bbox 157 3639 1738 3711">
     <span class='ocr_line' id='line_1_36' title="bbox 157 3639 1738 3711; baseline 0.005 -18"><span class='ocrx_word' id='word_1_230' title='bbox 157 3639 226 3695; x_wconf 88' lang='lat' dir='ltr'><strong>tl.</strong></span> <span class='ocrx_word' id='word_1_231' title='bbox 249 3641 348 3696; x_wconf 91' lang='lat' dir='ltr'><strong>Die</strong></span> <span class='ocrx_word' id='word_1_232' title='bbox 376 3642 555 3711; x_wconf 88' lang='lat' dir='ltr'><strong>mihi,</strong></span> <span class='ocrx_word' id='word_1_233' title='bbox 590 3658 624 3697; x_wconf 92' lang='grc' dir='ltr'>ο</span> <span class='ocrx_word' id='word_1_234' title='bbox 671 3640 883 3699; x_wconf 80' lang='lat' dir='ltr'><strong>homo!</strong></span> <span class='ocrx_word' id='word_1_235' title='bbox 929 3643 1233 3699; x_wconf 92' lang='lat' dir='ltr'><strong>Invocavit</strong></span> <span class='ocrx_word' id='word_1_236' title='bbox 1276 3643 1437 3699; x_wconf 89' lang='lat' dir='ltr'><strong>Elias</strong></span> <span class='ocrx_word' id='word_1_237' title='bbox 1486 3644 1558 3700; x_wconf 91' lang='lat' dir='ltr'><strong>de</strong></span> <span class='ocrx_word' id='word_1_238' title='bbox 1589 3644 1738 3701; x_wconf 88' lang='lat' dir='ltr'><strong>coelo</strong></span> 
     </span>
    </p>
   </div>
   <div class='ocr_carea' id='block_1_37' title="bbox 101 3726 1736 3806">
    <p class='ocr_par' dir='ltr' id='par_1_37' title="bbox 101 3726 1736 3806">
     <span class='ocr_line' id='line_1_37' title="bbox 101 3726 1736 3806; baseline 0.006 -28"><span class='ocrx_word' id='word_1_239' title='bbox 101 3726 283 3799; x_wconf 86' lang='lat' dir='ltr'><strong>ignem,</strong></span> <span class='ocrx_word' id='word_1_240' title='bbox 322 3736 379 3786; x_wconf 91' lang='lat' dir='ltr'><strong>et</strong></span> <span class='ocrx_word' id='word_1_241' title='bbox 409 3731 732 3787; x_wconf 89' lang='lat' dir='ltr'><strong>descendit</strong></span> <span class='ocrx_word' id='word_1_242' title='bbox 766 3732 928 3805; x_wconf 84' lang='lat' dir='ltr'><strong>ignis</strong></span> <span class='ocrx_word' id='word_1_243' title='bbox 966 3733 1039 3787; x_wconf 91' lang='lat' dir='ltr'><strong>de</strong></span> <span class='ocrx_word' id='word_1_244' title='bbox 1058 3732 1208 3788; x_wconf 88' lang='lat' dir='ltr'><strong>coelo</strong></span> <span class='ocrx_word' id='word_1_245' title='bbox 1248 3733 1366 3803; x_wconf 90' lang='grc' dir='ltr'><strong>(ΙΙΙ</strong></span> <span class='ocrx_word' id='word_1_246' title='bbox 1388 3734 1538 3806; x_wconf 83' lang='lat' dir='ltr'><strong>Reg.</strong></span> <span class='ocrx_word' id='word_1_247' title='bbox 1570 3751 1736 3804; x_wconf 85' lang='lat' dir='ltr'><strong>xvm,</strong></span> 
     </span>
    </p>
   </div>
   <div class='ocr_carea' id='block_1_38' title="bbox 100 3814 1738 3894">
    <p class='ocr_par' dir='ltr' id='par_1_38' title="bbox 100 3814 1738 3894">
     <span class='ocr_line' id='line_1_38' title="bbox 100 3814 1738 3894; baseline 0.005 -25"><span class='ocrx_word' id='word_1_248' title='bbox 100 3814 185 3885; x_wconf 83' lang='lat'><strong>38).</strong></span> <span class='ocrx_word' id='word_1_249' title='bbox 214 3819 505 3875; x_wconf 84' lang='lat' dir='ltr'><strong>invocavit</strong></span> <span class='ocrx_word' id='word_1_250' title='bbox 548 3819 806 3876; x_wconf 69' lang='lat' dir='ltr'><strong>Elismus</strong></span> <span class='ocrx_word' id='word_1_251' title='bbox 845 3821 1077 3876; x_wconf 90' lang='lat' dir='ltr'><strong>Domini</strong></span> <span class='ocrx_word' id='word_1_252' title='bbox 1121 3837 1355 3892; x_wconf 91' lang='lat' dir='ltr'><strong>nomen,</strong></span> <span class='ocrx_word' id='word_1_253' title='bbox 1395 3826 1452 3877; x_wconf 92' lang='lat' dir='ltr'><strong>et</strong></span> <span class='ocrx_word' id='word_1_254' title='bbox 1482 3824 1553 3878; x_wconf 92' lang='lat' dir='ltr'><strong>de</strong></span> <span class='ocrx_word' id='word_1_255' title='bbox 1585 3838 1738 3894; x_wconf 90' lang='lat' dir='ltr'><strong>aqua</strong></span> 
     </span>
    </p>
   </div>
   <div class='ocr_carea' id='block_1_39' title="bbox 102 3903 1742 3981">
    <p class='ocr_par' dir='ltr' id='par_1_39' title="bbox 102 3903 1742 3981">
     <span class='ocr_line' id='line_1_39' title="bbox 102 3903 1742 3981; baseline 0.005 -23"><span class='ocrx_word' id='word_1_256' title='bbox 102 3903 285 3962; x_wconf 82' lang='lat' dir='ltr'><strong>ferrum</strong></span> <span class='ocrx_word' id='word_1_257' title='bbox 335 3910 580 3965; x_wconf 85' lang='lat' dir='ltr'><strong>securis</strong></span> <span class='ocrx_word' id='word_1_258' title='bbox 627 3909 899 3965; x_wconf 89' lang='lat' dir='ltr'><strong>ascendit</strong></span> <span class='ocrx_word' id='word_1_259' title='bbox 955 3911 1114 3981; x_wconf 91' lang='lat' dir='ltr'><strong>quod</strong></span> <span class='ocrx_word' id='word_1_260' title='bbox 1165 3911 1503 3966; x_wconf 90' lang='lat' dir='ltr'><strong>demersum</strong></span> <span class='ocrx_word' id='word_1_261' title='bbox 1547 3911 1742 3967; x_wconf 86' lang='lat' dir='ltr'><strong>fuerat</strong></span> 
     </span>
    </p>
   </div>
   <div class='ocr_carea' id='block_1_40' title="bbox 102 3992 1736 4072">
    <p class='ocr_par' dir='ltr' id='par_1_40' title="bbox 102 3992 1736 4072">
     <span class='ocr_line' id='line_1_40' title="bbox 102 3992 1736 4072; baseline 0.005 -25"><span class='ocrx_word' id='word_1_262' title='bbox 102 3992 189 4047; x_wconf 75' lang='lat' dir='ltr'><strong>(IV</strong></span> <span class='ocrx_word' id='word_1_263' title='bbox 226 3996 363 4070; x_wconf 84' lang='lat' dir='ltr'><strong>Reg.</strong></span> <span class='ocrx_word' id='word_1_264' title='bbox 411 4016 491 4067; x_wconf 73' lang='lat' dir='ltr'><strong>vx,</strong></span> <span class='ocrx_word' id='word_1_265' title='bbox 545 3997 624 4067; x_wconf 88' lang='lat'><strong>6).</strong></span> <span class='ocrx_word' id='word_1_266' title='bbox 673 3998 828 4053; x_wconf 89' lang='lat' dir='ltr'><strong>Ecce</strong></span> <span class='ocrx_word' id='word_1_267' title='bbox 897 3999 1055 4054; x_wconf 87' lang='lat' dir='ltr'><strong>aliud</strong></span> <span class='ocrx_word' id='word_1_268' title='bbox 1105 4015 1299 4072; x_wconf 89' lang='lat' dir='ltr'><strong>genus</strong></span> <span class='ocrx_word' id='word_1_269' title='bbox 1342 4001 1736 4071; x_wconf 87' lang='lat' dir='ltr'><strong>baptismatis.</strong></span> 
     </span>
    </p>
   </div>
   <div class='ocr_carea' id='block_1_41' title="bbox 102 4080 1741 4161">
    <p class='ocr_par' dir='ltr' id='par_1_41' title="bbox 102 4080 1741 4161">
     <span class='ocr_line' id='line_1_41' title="bbox 102 4080 1741 4161; baseline 0.005 -25"><span class='ocrx_word' id='word_1_270' title='bbox 102 4080 303 4145; x_wconf 81' lang='lat' dir='ltr'><strong>Quare?</strong></span> <span class='ocrx_word' id='word_1_271' title='bbox 330 4085 476 4151; x_wconf 89' lang='lat' dir='ltr'><strong>Quia</strong></span> <span class='ocrx_word' id='word_1_272' title='bbox 530 4086 726 4142; x_wconf 90' lang='lat' dir='ltr'><strong>omnis</strong></span> <span class='ocrx_word' id='word_1_273' title='bbox 772 4087 950 4143; x_wconf 88' lang='lat' dir='ltr'><strong>homo</strong></span> <span class='ocrx_word' id='word_1_274' title='bbox 998 4090 1132 4142; x_wconf 92' lang='lat' dir='ltr'><strong>ante</strong></span> <span class='ocrx_word' id='word_1_275' title='bbox 1179 4089 1535 4160; x_wconf 90' lang='lat' dir='ltr'><strong>baptismum</strong></span> <span class='ocrx_word' id='word_1_276' title='bbox 1567 4090 1741 4161; x_wconf 90' lang='lat' dir='ltr'><strong>quasi</strong></span> 
     </span>
    </p>
   </div>
   <div class='ocr_carea' id='block_1_42' title="bbox 102 4169 1739 4249">
    <p class='ocr_par' dir='ltr' id='par_1_42' title="bbox 102 4169 1739 4249">
     <span class='ocr_line' id='line_1_42' title="bbox 102 4169 1739 4249; baseline 0.008 -28"><span class='ocrx_word' id='word_1_277' title='bbox 102 4169 287 4227; x_wconf 81' lang='lat' dir='ltr'><strong>ferrum</strong></span> <span class='ocrx_word' id='word_1_278' title='bbox 315 4176 609 4244; x_wconf 86' lang='lat' dir='ltr'><strong>premitur</strong></span> <span class='ocrx_word' id='word_1_279' title='bbox 634 4178 810 4246; x_wconf 88' lang='lat' dir='ltr'><strong>atque</strong></span> <span class='ocrx_word' id='word_1_280' title='bbox 841 4175 1207 4249; x_wconf 86' lang='lat' dir='ltr'><strong>demergitur</strong></span> <span class='ocrx_word' id='word_1_281' title='bbox 1231 4194 1243 4232; x_wconf 76' lang='grc' dir='ltr'>ε</span> <span class='ocrx_word' id='word_1_282' title='bbox 1278 4178 1395 4234; x_wconf 83' lang='lat' dir='ltr'><strong>ubi&#39;</strong></span> <span class='ocrx_word' id='word_1_283' title='bbox 1409 4179 1739 4249; x_wconf 86' lang='lat' dir='ltr'><strong>baptizatus</strong></span> 
     </span>
    </p>
   </div>
   <div class='ocr_carea' id='block_1_43' title="bbox 102 4256 1740 4339">
    <p class='ocr_par' dir='ltr' id='par_1_43' title="bbox 102 4256 1740 4339">
     <span class='ocr_line' id='line_1_43' title="bbox 102 4256 1740 4339; baseline 0.007 -27"><span class='ocrx_word' id='word_1_284' title='bbox 102 4256 261 4333; x_wconf 81' lang='lat' dir='ltr'><strong>fuerit,</strong></span> <span class='ocrx_word' id='word_1_285' title='bbox 291 4280 405 4318; x_wconf 92' lang='lat' dir='ltr'><strong>non</strong></span> <span class='ocrx_word' id='word_1_286' title='bbox 436 4267 723 4336; x_wconf 87' lang='lat' dir='ltr'><strong>tanquam</strong></span> <span class='ocrx_word' id='word_1_287' title='bbox 752 4265 1000 4335; x_wconf 87' lang='lat' dir='ltr'><strong>ferrum,</strong></span> <span class='ocrx_word' id='word_1_288' title='bbox 1035 4266 1143 4321; x_wconf 90' lang='lat' dir='ltr'><strong>sed</strong></span> <span class='ocrx_word' id='word_1_289' title='bbox 1184 4270 1462 4339; x_wconf 88' lang='lat' dir='ltr'><strong>tanquam</strong></span> <span class='ocrx_word' id='word_1_290' title='bbox 1488 4267 1613 4339; x_wconf 78' lang='lat' dir='ltr'><strong>jam</strong></span> <span class='ocrx_word' id='word_1_291' title='bbox 1651 4268 1740 4323; x_wconf 90' lang='lat' dir='ltr'><strong>le-</strong></span> 
     </span>
    </p>
   </div>
   <div class='ocr_carea' id='block_1_44' title="bbox 102 4347 1740 4429">
    <p class='ocr_par' dir='ltr' id='par_1_44' title="bbox 102 4347 1740 4429">
     <span class='ocr_line' id='line_1_44' title="bbox 102 4347 1740 4429; baseline 0.007 -30"><span class='ocrx_word' id='word_1_292' title='bbox 102 4347 206 4401; x_wconf 62' lang='grc' dir='ltr'><strong>ἠθι-</strong></span> <span class='ocrx_word' id='word_1_293' title='bbox 236 4351 524 4409; x_wconf 91' lang='lat' dir='ltr'><strong>fructuosi</strong></span> <span class='ocrx_word' id='word_1_294' title='bbox 551 4354 703 4425; x_wconf 86' lang='lat' dir='ltr'><strong>ligni</strong></span> <span class='ocrx_word' id='word_1_295' title='bbox 749 4354 986 4424; x_wconf 90' lang='lat' dir='ltr'><strong>species</strong></span> <span class='ocrx_word' id='word_1_296' title='bbox 1033 4355 1317 4411; x_wconf 88' lang='lat' dir='ltr'><strong>elevatur.</strong></span> <span class='ocrx_word' id='word_1_297' title='bbox 1354 4356 1513 4429; x_wconf 88' lang='lat' dir='ltr'><strong>Ergo</strong></span> <span class='ocrx_word' id='word_1_298' title='bbox 1552 4361 1610 4411; x_wconf 92' lang='lat' dir='ltr'><strong>et</strong></span> <span class='ocrx_word' id='word_1_299' title='bbox 1641 4356 1740 4411; x_wconf 92' lang='lat' dir='ltr'><strong>hic</strong></span> 
     </span>
    </p>
   </div>
   <div class='ocr_carea' id='block_1_45' title="bbox 102 4432 1736 4517">
    <p class='ocr_par' dir='ltr' id='par_1_45' title="bbox 102 4432 1736 4517">
     <span class='ocr_line' id='line_1_45' title="bbox 102 4432 1736 4517; baseline 0.006 -26"><span class='ocrx_word' id='word_1_300' title='bbox 102 4432 257 4507; x_wconf 77' lang='lat' dir='ltr'><strong>ﬁgura</strong></span> <span class='ocrx_word' id='word_1_301' title='bbox 285 4441 484 4496; x_wconf 89' lang='lat' dir='ltr'><strong>altera.</strong></span> <span class='ocrx_word' id='word_1_302' title='bbox 522 4442 771 4496; x_wconf 89' lang='lat' dir='ltr'><strong>Securis</strong></span> <span class='ocrx_word' id='word_1_303' title='bbox 814 4446 940 4497; x_wconf 91' lang='lat' dir='ltr'><strong>erat</strong></span> <span class='ocrx_word' id='word_1_304' title='bbox 984 4460 1097 4515; x_wconf 91' lang='lat' dir='ltr'><strong>qua</strong></span> <span class='ocrx_word' id='word_1_305' title='bbox 1130 4445 1510 4499; x_wconf 86' lang='lat' dir='ltr'><strong>caedebantur</strong></span> <span class='ocrx_word' id='word_1_306' title='bbox 1554 4446 1736 4517; x_wconf 84' lang='lat' dir='ltr'><strong>ligna.</strong></span> 
     </span>
    </p>
   </div>
   <div class='ocr_carea' id='block_1_46' title="bbox 104 4521 1741 4603">
    <p class='ocr_par' dir='ltr' id='par_1_46' title="bbox 104 4521 1741 4603">
     <span class='ocr_line' id='line_1_46' title="bbox 104 4521 1741 4603; baseline 0.008 -27"><span class='ocrx_word' id='word_1_307' title='bbox 104 4521 293 4582; x_wconf 83' lang='lat' dir='ltr'><strong>Cecidit</strong></span> <span class='ocrx_word' id='word_1_308' title='bbox 319 4530 697 4586; x_wconf 87' lang='lat' dir='ltr'><strong>manubrium</strong></span> <span class='ocrx_word' id='word_1_309' title='bbox 720 4532 791 4586; x_wconf 89' lang='lat' dir='ltr'><strong>de</strong></span> <span class='ocrx_word' id='word_1_310' title='bbox 814 4532 1032 4603; x_wconf 91' lang='lat' dir='ltr'><strong>securi,</strong></span> <span class='ocrx_word' id='word_1_311' title='bbox 1067 4533 1179 4587; x_wconf 91' lang='lat' dir='ltr'><strong>hoc</strong></span> <span class='ocrx_word' id='word_1_312' title='bbox 1215 4537 1325 4603; x_wconf 91' lang='lat' dir='ltr'><strong>est,</strong></span> <span class='ocrx_word' id='word_1_313' title='bbox 1371 4534 1594 4588; x_wconf 85' lang='lat' dir='ltr'><strong>ferrum</strong></span> <span class='ocrx_word' id='word_1_314' title='bbox 1635 4535 1741 4589; x_wconf 90' lang='lat' dir='ltr'><strong>de-</strong></span> 
     </span>
    </p>
   </div>
   <div class='ocr_carea' id='block_1_47' title="bbox 106 4620 1738 4694">
    <p class='ocr_par' dir='ltr' id='par_1_47' title="bbox 106 4620 1738 4694">
     <span class='ocr_line' id='line_1_47' title="bbox 106 4620 1738 4694; baseline 0.009 -29"><span class='ocrx_word' id='word_1_315' title='bbox 106 4626 329 4672; x_wconf 86' lang='lat' dir='ltr'><strong>mersum</strong></span> <span class='ocrx_word' id='word_1_316' title='bbox 360 4622 472 4675; x_wconf 88' lang='lat' dir='ltr'><strong>est.</strong></span> <span class='ocrx_word' id='word_1_317' title='bbox 507 4620 701 4675; x_wconf 90' lang='lat' dir='ltr'><strong>Filius</strong></span> <span class='ocrx_word' id='word_1_318' title='bbox 728 4620 1032 4691; x_wconf 85' lang='lat' dir='ltr'><strong>prophetae</strong></span> <span class='ocrx_word' id='word_1_319' title='bbox 1062 4623 1315 4677; x_wconf 91' lang='lat' dir='ltr'><strong>nescivit</strong></span> <span class='ocrx_word' id='word_1_320' title='bbox 1332 4623 1472 4694; x_wconf 90' lang='lat' dir='ltr'><strong>quid</strong></span> <span class='ocrx_word' id='word_1_321' title='bbox 1490 4623 1738 4679; x_wconf 89' lang='lat' dir='ltr'><strong>faceret:</strong></span> 
     </span>
    </p>
   </div>
   <div class='ocr_carea' id='block_1_48' title="bbox 1933 684 3528 760">
    <p class='ocr_par' dir='ltr' id='par_1_48' title="bbox 1933 684 3528 760">
     <span class='ocr_line' id='line_1_48' title="bbox 1933 684 3528 760; baseline 0.004 -22"><span class='ocrx_word' id='word_1_322' title='bbox 1933 684 2020 738; x_wconf 70' lang='lat'><strong>1‘2.</strong></span> <span class='ocrx_word' id='word_1_323' title='bbox 2060 685 2251 755; x_wconf 87' lang='lat' dir='ltr'><strong>Aliud,</strong></span> <span class='ocrx_word' id='word_1_324' title='bbox 2285 687 2396 740; x_wconf 90' lang='lat' dir='ltr'><strong>etsi</strong></span> <span class='ocrx_word' id='word_1_325' title='bbox 2441 702 2558 741; x_wconf 91' lang='lat' dir='ltr'><strong>non</strong></span> <span class='ocrx_word' id='word_1_326' title='bbox 2606 688 2871 741; x_wconf 89' lang='lat' dir='ltr'><strong>ordinem</strong></span> <span class='ocrx_word' id='word_1_327' title='bbox 2913 689 3205 757; x_wconf 89' lang='lat' dir='ltr'><strong>tenemus,</strong></span> <span class='ocrx_word' id='word_1_328' title='bbox 3239 690 3338 760; x_wconf 90' lang='lat' dir='ltr'><strong>qui</strong></span> <span class='ocrx_word' id='word_1_329' title='bbox 3370 689 3528 744; x_wconf 88' lang='lat' dir='ltr'><strong>enim</strong></span> 
     </span>
    </p>
   </div>
   <div class='ocr_carea' id='block_1_49' title="bbox 1860 774 3530 847">
    <p class='ocr_par' dir='ltr' id='par_1_49' title="bbox 1860 774 3530 847">
     <span class='ocr_line' id='line_1_49' title="bbox 1860 774 3530 847; baseline 0.002 -20"><span class='ocrx_word' id='word_1_330' title='bbox 1860 774 2054 843; x_wconf 91' lang='lat' dir='ltr'><strong>possit</strong></span> <span class='ocrx_word' id='word_1_331' title='bbox 2085 775 2280 829; x_wconf 90' lang='lat' dir='ltr'><strong>omnia</strong></span> <span class='ocrx_word' id='word_1_332' title='bbox 2333 778 2504 847; x_wconf 85' lang='lat' dir='ltr'><strong>gesta</strong></span> <span class='ocrx_word' id='word_1_333' title='bbox 2548 775 3049 846; x_wconf 89' lang='lat' dir='ltr'><strong>comprehendere</strong></span> <span class='ocrx_word' id='word_1_334' title='bbox 3105 776 3325 831; x_wconf 89' lang='lat' dir='ltr'><strong>Christi</strong></span> <span class='ocrx_word' id='word_1_335' title='bbox 3374 778 3530 833; x_wconf 86' lang='lat' dir='ltr'><strong>sicut</strong></span> 
     </span>
    </p>
   </div>
   <div class='ocr_carea' id='block_1_50' title="bbox 1862 863 3527 935">
    <p class='ocr_par' dir='ltr' id='par_1_50' title="bbox 1862 863 3527 935">
     <span class='ocr_line' id='line_1_50' title="bbox 1862 863 3527 935; baseline 0.003 -20"><span class='ocrx_word' id='word_1_336' title='bbox 1862 863 2114 932; x_wconf 88' lang='lat' dir='ltr'><strong>apostoli</strong></span> <span class='ocrx_word' id='word_1_337' title='bbox 2145 863 2419 918; x_wconf 84' lang='lat' dir='ltr'><strong>dixerunt</strong></span> <span class='ocrx_word' id='word_1_338' title='bbox 2436 864 2625 934; x_wconf 81' lang='lat' dir='ltr'><strong>(Joan.</strong></span> <span class='ocrx_word' id='word_1_339' title='bbox 2650 882 2772 933; x_wconf 81' lang='lat' dir='ltr'><strong>xxi,</strong></span> <span class='ocrx_word' id='word_1_340' title='bbox 2797 865 2888 934; x_wconf 69' lang='lat'><strong>25)</strong></span> <span class='ocrx_word' id='word_1_341' title='bbox 2910 865 2938 917; x_wconf 62' lang='grc' dir='ltr'><strong>ε)</strong></span> <span class='ocrx_word' id='word_1_342' title='bbox 2987 864 3226 935; x_wconf 77' lang='lat' dir='ltr'><strong>Moyses</strong></span> <span class='ocrx_word' id='word_1_343' title='bbox 3259 881 3391 920; x_wconf 91' lang='lat' dir='ltr'><strong>cum</strong></span> <span class='ocrx_word' id='word_1_344' title='bbox 3418 880 3527 920; x_wconf 91' lang='lat' dir='ltr'><strong>ve-</strong></span> 
     </span>
    </p>
   </div>
   <div class='ocr_carea' id='block_1_51' title="bbox 1861 950 3530 1023">
    <p class='ocr_par' dir='ltr' id='par_1_51' title="bbox 1861 950 3530 1023">
     <span class='ocr_line' id='line_1_51' title="bbox 1861 950 3530 1023; baseline 0.003 -19"><span class='ocrx_word' id='word_1_345' title='bbox 1861 950 2052 1005; x_wconf 91' lang='lat' dir='ltr'><strong>nisset</strong></span> <span class='ocrx_word' id='word_1_346' title='bbox 2081 952 2141 1005; x_wconf 93' lang='lat' dir='ltr'><strong>in</strong></span> <span class='ocrx_word' id='word_1_347' title='bbox 2170 952 2490 1023; x_wconf 91' lang='lat' dir='ltr'><strong>desertum,</strong></span> <span class='ocrx_word' id='word_1_348' title='bbox 2524 957 2580 1007; x_wconf 91' lang='lat' dir='ltr'><strong>et</strong></span> <span class='ocrx_word' id='word_1_349' title='bbox 2610 953 2840 1007; x_wconf 89' lang='lat' dir='ltr'><strong>sitisset</strong></span> <span class='ocrx_word' id='word_1_350' title='bbox 2869 953 3144 1023; x_wconf 87' lang='lat' dir='ltr'><strong>populus,</strong></span> <span class='ocrx_word' id='word_1_351' title='bbox 3181 956 3238 1007; x_wconf 90' lang='lat' dir='ltr'><strong>et</strong></span> <span class='ocrx_word' id='word_1_352' title='bbox 3263 954 3530 1009; x_wconf 89' lang='lat' dir='ltr'><strong>venisset</strong></span> 
     </span>
    </p>
   </div>
   <div class='ocr_carea' id='block_1_52' title="bbox 1861 1040 3529 1112">
    <p class='ocr_par' dir='ltr' id='par_1_52' title="bbox 1861 1040 3529 1112">
     <span class='ocr_line' id='line_1_52' title="bbox 1861 1040 3529 1112; baseline 0.002 -19"><span class='ocrx_word' id='word_1_353' title='bbox 1861 1040 1934 1093; x_wconf 87' lang='lat' dir='ltr'><strong>ad</strong></span> <span class='ocrx_word' id='word_1_354' title='bbox 1966 1040 2201 1095; x_wconf 87' lang='lat' dir='ltr'><strong>Merrha</strong></span> <span class='ocrx_word' id='word_1_355' title='bbox 2244 1041 2485 1111; x_wconf 89' lang='lat' dir='ltr'><strong>fontem,</strong></span> <span class='ocrx_word' id='word_1_356' title='bbox 2521 1045 2577 1096; x_wconf 93' lang='lat' dir='ltr'><strong>et</strong></span> <span class='ocrx_word' id='word_1_357' title='bbox 2620 1042 2825 1097; x_wconf 89' lang='lat' dir='ltr'><strong>bibere</strong></span> <span class='ocrx_word' id='word_1_358' title='bbox 2877 1041 3051 1096; x_wconf 89' lang='lat' dir='ltr'><strong>vellet</strong></span> <span class='ocrx_word' id='word_1_359' title='bbox 3097 1056 3346 1112; x_wconf 87' lang='lat' dir='ltr'><strong>aquam:</strong></span> <span class='ocrx_word' id='word_1_360' title='bbox 3391 1042 3529 1112; x_wconf 88' lang='lat' dir='ltr'><strong>quia</strong></span> 
     </span>
    </p>
   </div>
   <div class='ocr_carea' id='block_1_53' title="bbox 1861 1127 3531 1200">
    <p class='ocr_par' dir='ltr' id='par_1_53' title="bbox 1861 1127 3531 1200">
     <span class='ocr_line' id='line_1_53' title="bbox 1861 1127 3531 1200; baseline 0.001 -19"><span class='ocrx_word' id='word_1_361' title='bbox 1861 1127 1962 1182; x_wconf 92' lang='lat' dir='ltr'><strong>ubi</strong></span> <span class='ocrx_word' id='word_1_362' title='bbox 1993 1129 2246 1199; x_wconf 91' lang='lat' dir='ltr'><strong>primum</strong></span> <span class='ocrx_word' id='word_1_363' title='bbox 2276 1130 2494 1200; x_wconf 87' lang='lat' dir='ltr'><strong>hausit,</strong></span> <span class='ocrx_word' id='word_1_364' title='bbox 2527 1130 2975 1185; x_wconf 89' lang='lat' dir='ltr'><strong>amaritudinem</strong></span> <span class='ocrx_word' id='word_1_365' title='bbox 3022 1130 3232 1198; x_wconf 89' lang='lat' dir='ltr'><strong>sensit,</strong></span> <span class='ocrx_word' id='word_1_366' title='bbox 3267 1131 3325 1183; x_wconf 91' lang='lat' dir='ltr'><strong>et</strong></span> <span class='ocrx_word' id='word_1_367' title='bbox 3355 1129 3531 1200; x_wconf 89' lang='lat' dir='ltr'><strong>coepit</strong></span> 
     </span>
    </p>
   </div>
   <div class='ocr_carea' id='block_1_54' title="bbox 1861 1216 3530 1291">
    <p class='ocr_par' dir='ltr' id='par_1_54' title="bbox 1861 1216 3530 1291">
     <span class='ocr_line' id='line_1_54' title="bbox 1861 1216 3530 1291; baseline 0.001 -20"><span class='ocrx_word' id='word_1_368' title='bbox 1861 1216 2068 1271; x_wconf 91' lang='lat' dir='ltr'><strong>bibere</strong></span> <span class='ocrx_word' id='word_1_369' title='bbox 2089 1233 2206 1273; x_wconf 91' lang='lat' dir='ltr'><strong>non</strong></span> <span class='ocrx_word' id='word_1_370' title='bbox 2227 1234 2409 1289; x_wconf 90' lang='lat' dir='ltr'><strong>posse</strong></span> <span class='ocrx_word' id='word_1_371' title='bbox 2431 1219 2583 1291; x_wconf 72' lang='lat'><strong>(32);</strong></span> <span class='ocrx_word' id='word_1_372' title='bbox 2612 1219 2744 1273; x_wconf 90' lang='lat' dir='ltr'><strong>ideo</strong></span> <span class='ocrx_word' id='word_1_373' title='bbox 2776 1219 3017 1289; x_wconf 76' lang='lat' dir='ltr'><strong>Moyses</strong></span> <span class='ocrx_word' id='word_1_374' title='bbox 3046 1218 3206 1271; x_wconf 91' lang='lat' dir='ltr'><strong>misit</strong></span> <span class='ocrx_word' id='word_1_375' title='bbox 3222 1217 3448 1289; x_wconf 79' lang='lat' dir='ltr'><strong>lignum</strong></span> <span class='ocrx_word' id='word_1_376' title='bbox 3470 1218 3530 1273; x_wconf 90' lang='lat' dir='ltr'><strong>in</strong></span> 
     </span>
    </p>
   </div>
   <div class='ocr_carea' id='block_1_55' title="bbox 1862 1305 3530 1379">
    <p class='ocr_par' dir='ltr' id='par_1_55' title="bbox 1862 1305 3530 1379">
     <span class='ocr_line' id='line_1_55' title="bbox 1862 1305 3530 1379; baseline 0 -20"><span class='ocrx_word' id='word_1_377' title='bbox 1862 1305 2103 1376; x_wconf 84' lang='lat' dir='ltr'><strong>fontem,</strong></span> <span class='ocrx_word' id='word_1_378' title='bbox 2137 1310 2194 1361; x_wconf 91' lang='lat' dir='ltr'><strong>et</strong></span> <span class='ocrx_word' id='word_1_379' title='bbox 2224 1308 2400 1378; x_wconf 73' lang='lat' dir='ltr'><strong>coepit</strong></span> <span class='ocrx_word' id='word_1_380' title='bbox 2430 1323 2581 1379; x_wconf 89' lang='lat' dir='ltr'><strong>aqua</strong></span> <span class='ocrx_word' id='word_1_381' title='bbox 2610 1323 2743 1379; x_wconf 89' lang='lat' dir='ltr'><strong>quae</strong></span> <span class='ocrx_word' id='word_1_382' title='bbox 2774 1309 2943 1362; x_wconf 89' lang='lat' dir='ltr'><strong>antea</strong></span> <span class='ocrx_word' id='word_1_383' title='bbox 2974 1308 3098 1361; x_wconf 88' lang='lat' dir='ltr'><strong>erat</strong></span> <span class='ocrx_word' id='word_1_384' title='bbox 3144 1321 3361 1375; x_wconf 81' lang='lat' dir='ltr'><strong>amara,</strong></span> <span class='ocrx_word' id='word_1_385' title='bbox 3396 1305 3530 1361; x_wconf 90' lang='lat' dir='ltr'><strong>dul-</strong></span> 
     </span>
    </p>
   </div>
   <div class='ocr_carea' id='block_1_56' title="bbox 1863 1395 2755 1467">
    <p class='ocr_par' dir='ltr' id='par_1_56' title="bbox 1863 1395 2755 1467">
     <span class='ocr_line' id='line_1_56' title="bbox 1863 1395 2755 1467; baseline 0.003 -19"><span class='ocrx_word' id='word_1_386' title='bbox 1863 1410 2104 1449; x_wconf 88' lang='lat' dir='ltr'><strong>cescere</strong></span> <span class='ocrx_word' id='word_1_387' title='bbox 2136 1395 2353 1465; x_wconf 77' lang='lat' dir='ltr'><strong>(Exod.</strong></span> <span class='ocrx_word' id='word_1_388' title='bbox 2388 1414 2485 1467; x_wconf 83' lang='lat' dir='ltr'><strong>xv,</strong></span> <span class='ocrx_word' id='word_1_389' title='bbox 2519 1397 2608 1467; x_wconf 72' lang='lat'><strong>23,</strong></span> <span class='ocrx_word' id='word_1_390' title='bbox 2639 1397 2755 1461; x_wconf 73' lang='lat'><strong>25).</strong></span> 
     </span>
    </p>
   </div>
   <div class='ocr_carea' id='block_1_57' title="bbox 1935 1482 3529 1557">
    <p class='ocr_par' dir='ltr' id='par_1_57' title="bbox 1935 1482 3529 1557">
     <span class='ocr_line' id='line_1_57' title="bbox 1935 1482 3529 1557; baseline 0 -20"><span class='ocrx_word' id='word_1_391' title='bbox 1935 1483 2019 1537; x_wconf 85' lang='lat'><strong>13.</strong></span> <span class='ocrx_word' id='word_1_392' title='bbox 2042 1482 2190 1549; x_wconf 89' lang='lat' dir='ltr'><strong>Quid</strong></span> <span class='ocrx_word' id='word_1_393' title='bbox 2215 1485 2533 1557; x_wconf 82' lang='lat' dir='ltr'><strong>significat,</strong></span> <span class='ocrx_word' id='word_1_394' title='bbox 2559 1486 2672 1540; x_wconf 89' lang='lat' dir='ltr'><strong>nisi</strong></span> <span class='ocrx_word' id='word_1_395' title='bbox 2693 1485 2829 1557; x_wconf 91' lang='lat' dir='ltr'><strong>quia</strong></span> <span class='ocrx_word' id='word_1_396' title='bbox 2864 1484 3058 1540; x_wconf 89' lang='lat' dir='ltr'><strong>omnis</strong></span> <span class='ocrx_word' id='word_1_397' title='bbox 3100 1486 3368 1538; x_wconf 89' lang='lat' dir='ltr'><strong>creatura</strong></span> <span class='ocrx_word' id='word_1_398' title='bbox 3391 1498 3529 1538; x_wconf 88' lang='lat' dir='ltr'><strong>eor-</strong></span> 
     </span>
    </p>
   </div>
   <div class='ocr_carea' id='block_1_58' title="bbox 1861 1570 3529 1645">
    <p class='ocr_par' dir='ltr' id='par_1_58' title="bbox 1861 1570 3529 1645">
     <span class='ocr_line' id='line_1_58' title="bbox 1861 1570 3529 1645; baseline 0 -20"><span class='ocrx_word' id='word_1_399' title='bbox 1861 1573 2106 1642; x_wconf 86' lang='lat' dir='ltr'><strong>ruptelae</strong></span> <span class='ocrx_word' id='word_1_400' title='bbox 2138 1573 2412 1643; x_wconf 86' lang='lat' dir='ltr'><strong>obnoxia,</strong></span> <span class='ocrx_word' id='word_1_401' title='bbox 2446 1590 2596 1645; x_wconf 87' lang='lat' dir='ltr'><strong>aqua</strong></span> <span class='ocrx_word' id='word_1_402' title='bbox 2627 1590 2823 1627; x_wconf 90' lang='lat' dir='ltr'><strong>amara</strong></span> <span class='ocrx_word' id='word_1_403' title='bbox 2856 1576 2948 1628; x_wconf 92' lang='lat' dir='ltr'><strong>est</strong></span> <span class='ocrx_word' id='word_1_404' title='bbox 2977 1571 3363 1628; x_wconf 89' lang='lat' dir='ltr'><strong>omnibus.Et</strong></span> <span class='ocrx_word' id='word_1_405' title='bbox 3384 1571 3438 1625; x_wconf 90' lang='lat' dir='ltr'><strong>si</strong></span> <span class='ocrx_word' id='word_1_406' title='bbox 3455 1570 3529 1625; x_wconf 90' lang='lat' dir='ltr'><strong>ad</strong></span> 
     </span>
    </p>
   </div>
   <div class='ocr_carea' id='block_1_59' title="bbox 1861 1661 3530 1733">
    <p class='ocr_par' dir='ltr' id='par_1_59' title="bbox 1861 1661 3530 1733">
     <span class='ocr_line' id='line_1_59' title="bbox 1861 1661 3530 1733; baseline 0 -20"><span class='ocrx_word' id='word_1_407' title='bbox 1861 1663 2093 1731; x_wconf 91' lang='lat' dir='ltr'><strong>tempus</strong></span> <span class='ocrx_word' id='word_1_408' title='bbox 2126 1664 2331 1717; x_wconf 89' lang='lat' dir='ltr'><strong>suavis</strong></span> <span class='ocrx_word' id='word_1_409' title='bbox 2357 1666 2469 1732; x_wconf 88' lang='lat' dir='ltr'><strong>est,</strong></span> <span class='ocrx_word' id='word_1_410' title='bbox 2503 1662 2617 1716; x_wconf 91' lang='lat' dir='ltr'><strong>etsi</strong></span> <span class='ocrx_word' id='word_1_411' title='bbox 2647 1663 2718 1716; x_wconf 91' lang='lat' dir='ltr'><strong>ad</strong></span> <span class='ocrx_word' id='word_1_412' title='bbox 2737 1666 2968 1733; x_wconf 88' lang='lat' dir='ltr'><strong>tempus</strong></span> <span class='ocrx_word' id='word_1_413' title='bbox 2994 1661 3257 1732; x_wconf 88' lang='lat' dir='ltr'><strong>jucunda</strong></span> <span class='ocrx_word' id='word_1_414' title='bbox 3283 1676 3298 1730; x_wconf 87' lang='lat'><strong>;</strong></span> <span class='ocrx_word' id='word_1_415' title='bbox 3329 1675 3530 1714; x_wconf 90' lang='lat' dir='ltr'><strong>amara</strong></span> 
     </span>
    </p>
   </div>
   <div class='ocr_carea' id='block_1_60' title="bbox 1859 1748 3530 1823">
    <p class='ocr_par' dir='ltr' id='par_1_60' title="bbox 1859 1748 3530 1823">
     <span class='ocr_line' id='line_1_60' title="bbox 1859 1748 3530 1823; baseline -0.001 -20"><span class='ocrx_word' id='word_1_416' title='bbox 1859 1752 2054 1804; x_wconf 89' lang='lat' dir='ltr'><strong>tamen</strong></span> <span class='ocrx_word' id='word_1_417' title='bbox 2084 1754 2195 1821; x_wconf 91' lang='lat' dir='ltr'><strong>est,</strong></span> <span class='ocrx_word' id='word_1_418' title='bbox 2228 1768 2362 1823; x_wconf 74' lang='lat' dir='ltr'><strong>quae</strong></span> <span class='ocrx_word' id='word_1_419' title='bbox 2401 1767 2519 1807; x_wconf 91' lang='lat' dir='ltr'><strong>non</strong></span> <span class='ocrx_word' id='word_1_420' title='bbox 2557 1755 2752 1822; x_wconf 85' lang='lat' dir='ltr'><strong>potest</strong></span> <span class='ocrx_word' id='word_1_421' title='bbox 2781 1750 3015 1805; x_wconf 83' lang='lat' dir='ltr'><strong>auferre</strong></span> <span class='ocrx_word' id='word_1_422' title='bbox 3046 1752 3373 1820; x_wconf 89' lang='lat' dir='ltr'><strong>peceatum.</strong></span> <span class='ocrx_word' id='word_1_423' title='bbox 3413 1748 3530 1803; x_wconf 91' lang='lat' dir='ltr'><strong>Ubi</strong></span> 
     </span>
    </p>
   </div>
   <div class='ocr_carea' id='block_1_61' title="bbox 1861 1837 3529 1911">
    <p class='ocr_par' dir='ltr' id='par_1_61' title="bbox 1861 1837 3529 1911">
     <span class='ocr_line' id='line_1_61' title="bbox 1861 1837 3529 1911; baseline -0.002 -18"><span class='ocrx_word' id='word_1_424' title='bbox 1861 1839 2109 1910; x_wconf 85' lang='lat' dir='ltr'><strong>biberis,</strong></span> <span class='ocrx_word' id='word_1_425' title='bbox 2144 1840 2342 1895; x_wconf 90' lang='lat' dir='ltr'><strong>sities:</strong></span> <span class='ocrx_word' id='word_1_426' title='bbox 2387 1841 2488 1895; x_wconf 90' lang='lat' dir='ltr'><strong>ubi</strong></span> <span class='ocrx_word' id='word_1_427' title='bbox 2517 1844 2691 1911; x_wconf 91' lang='lat' dir='ltr'><strong>potus</strong></span> <span class='ocrx_word' id='word_1_428' title='bbox 2722 1840 2973 1911; x_wconf 86' lang='lat' dir='ltr'><strong>caeperis</strong></span> <span class='ocrx_word' id='word_1_429' title='bbox 3005 1839 3374 1906; x_wconf 88' lang='lat' dir='ltr'><strong>suavitatem,</strong></span> <span class='ocrx_word' id='word_1_430' title='bbox 3416 1837 3529 1891; x_wconf 88' lang='lat' dir='ltr'><strong>ite-</strong></span> 
     </span>
    </p>
   </div>
   <div class='ocr_carea' id='block_1_62' title="bbox 1863 1925 3530 1999">
    <p class='ocr_par' dir='ltr' id='par_1_62' title="bbox 1863 1925 3530 1999">
     <span class='ocr_line' id='line_1_62' title="bbox 1863 1925 3530 1999; baseline 0 -18"><span class='ocrx_word' id='word_1_431' title='bbox 1863 1944 1995 1983; x_wconf 89' lang='lat' dir='ltr'><strong>rum</strong></span> <span class='ocrx_word' id='word_1_432' title='bbox 2012 1930 2460 1985; x_wconf 89' lang='lat' dir='ltr'><strong>amaritudinem</strong></span> <span class='ocrx_word' id='word_1_433' title='bbox 2496 1930 2739 1985; x_wconf 89' lang='lat' dir='ltr'><strong>senties.</strong></span> <span class='ocrx_word' id='word_1_434' title='bbox 2767 1931 2979 1982; x_wconf 89' lang='lat' dir='ltr'><strong>Amara</strong></span> <span class='ocrx_word' id='word_1_435' title='bbox 3018 1943 3163 1999; x_wconf 85' lang='lat' dir='ltr'><strong>ergo</strong></span> <span class='ocrx_word' id='word_1_436' title='bbox 3194 1942 3382 1999; x_wconf 89' lang='lat' dir='ltr'><strong>aqua:</strong></span> <span class='ocrx_word' id='word_1_437' title='bbox 3421 1925 3530 1981; x_wconf 89' lang='lat' dir='ltr'><strong>sed</strong></span> 
     </span>
    </p>
   </div>
   <div class='ocr_carea' id='block_1_63' title="bbox 1866 2016 3531 2090">
    <p class='ocr_par' dir='ltr' id='par_1_63' title="bbox 1866 2016 3531 2090">
     <span class='ocr_line' id='line_1_63' title="bbox 1866 2016 3531 2090; baseline -0.001 -19"><span class='ocrx_word' id='word_1_438' title='bbox 1866 2016 1965 2072; x_wconf 89' lang='lat' dir='ltr'><strong>ubi</strong></span> <span class='ocrx_word' id='word_1_439' title='bbox 1981 2034 2219 2074; x_wconf 91' lang='lat' dir='ltr'><strong>crucem</strong></span> <span class='ocrx_word' id='word_1_440' title='bbox 2239 2019 2481 2089; x_wconf 88' lang='lat' dir='ltr'><strong>Christi,</strong></span> <span class='ocrx_word' id='word_1_441' title='bbox 2498 2019 2599 2074; x_wconf 90' lang='lat' dir='ltr'><strong>ubi</strong></span> <span class='ocrx_word' id='word_1_442' title='bbox 2616 2019 2920 2090; x_wconf 89' lang='lat' dir='ltr'><strong>acceperis</strong></span> <span class='ocrx_word' id='word_1_443' title='bbox 2935 2017 3177 2073; x_wconf 71' lang='lat' dir='ltr'><strong>cmleste</strong></span> <span class='ocrx_word' id='word_1_444' title='bbox 3194 2030 3531 2071; x_wconf 89' lang='lat' dir='ltr'><strong>sacramen-</strong></span> 
     </span>
    </p>
   </div>
   <div class='ocr_carea' id='block_1_64' title="bbox 1863 2104 3527 2178">
    <p class='ocr_par' dir='ltr' id='par_1_64' title="bbox 1863 2104 3527 2178">
     <span class='ocr_line' id='line_1_64' title="bbox 1863 2104 3527 2178; baseline -0.002 -18"><span class='ocrx_word' id='word_1_445' title='bbox 1863 2110 2006 2175; x_wconf 92' lang='lat' dir='ltr'><strong>tum,</strong></span> <span class='ocrx_word' id='word_1_446' title='bbox 2040 2107 2246 2178; x_wconf 89' lang='lat' dir='ltr'><strong>incipit</strong></span> <span class='ocrx_word' id='word_1_447' title='bbox 2276 2123 2414 2163; x_wconf 89' lang='lat' dir='ltr'><strong>esse</strong></span> <span class='ocrx_word' id='word_1_448' title='bbox 2436 2108 2628 2163; x_wconf 91' lang='lat' dir='ltr'><strong>dulcis</strong></span> <span class='ocrx_word' id='word_1_449' title='bbox 2652 2110 2709 2162; x_wconf 90' lang='lat' dir='ltr'><strong>et</strong></span> <span class='ocrx_word' id='word_1_450' title='bbox 2728 2107 2965 2176; x_wconf 86' lang='lat' dir='ltr'><strong>suavis;</strong></span> <span class='ocrx_word' id='word_1_451' title='bbox 3000 2108 3057 2161; x_wconf 89' lang='lat' dir='ltr'><strong>et</strong></span> <span class='ocrx_word' id='word_1_452' title='bbox 3085 2104 3292 2160; x_wconf 90' lang='lat' dir='ltr'><strong>merito</strong></span> <span class='ocrx_word' id='word_1_453' title='bbox 3314 2104 3527 2175; x_wconf 87' lang='lat' dir='ltr'><strong>dulcis,</strong></span> 
     </span>
    </p>
   </div>
   <div class='ocr_carea' id='block_1_65' title="bbox 1860 2193 3529 2268">
    <p class='ocr_par' dir='ltr' id='par_1_65' title="bbox 1860 2193 3529 2268">
     <span class='ocr_line' id='line_1_65' title="bbox 1860 2193 3529 2268; baseline -0.002 -19"><span class='ocrx_word' id='word_1_454' title='bbox 1860 2195 1922 2250; x_wconf 92' lang='lat' dir='ltr'><strong>in</strong></span> <span class='ocrx_word' id='word_1_455' title='bbox 1951 2212 2067 2267; x_wconf 86' lang='lat' dir='ltr'><strong>qua</strong></span> <span class='ocrx_word' id='word_1_456' title='bbox 2098 2197 2270 2267; x_wconf 86' lang='lat' dir='ltr'><strong>culpa</strong></span> <span class='ocrx_word' id='word_1_457' title='bbox 2300 2199 2613 2252; x_wconf 92' lang='lat' dir='ltr'><strong>revocatur</strong></span> <span class='ocrx_word' id='word_1_458' title='bbox 2645 2197 2778 2267; x_wconf 87' lang='lat'><strong>(33).</strong></span> <span class='ocrx_word' id='word_1_459' title='bbox 2814 2195 2974 2268; x_wconf 85' lang='lat' dir='ltr'><strong>Ergo</strong></span> <span class='ocrx_word' id='word_1_460' title='bbox 3005 2195 3057 2249; x_wconf 89' lang='lat' dir='ltr'><strong>si</strong></span> <span class='ocrx_word' id='word_1_461' title='bbox 3086 2194 3147 2248; x_wconf 91' lang='lat' dir='ltr'><strong>in</strong></span> <span class='ocrx_word' id='word_1_462' title='bbox 3176 2193 3364 2265; x_wconf 79' lang='lat' dir='ltr'><strong>figura</strong></span> <span class='ocrx_word' id='word_1_463' title='bbox 3397 2195 3529 2246; x_wconf 90' lang='lat' dir='ltr'><strong>tan-</strong></span> 
     </span>
    </p>
   </div>
   <div class='ocr_carea' id='block_1_66' title="bbox 1860 2281 3531 2357">
    <p class='ocr_par' dir='ltr' id='par_1_66' title="bbox 1860 2281 3531 2357">
     <span class='ocr_line' id='line_1_66' title="bbox 1860 2281 3531 2357; baseline -0.003 -18"><span class='ocrx_word' id='word_1_464' title='bbox 1860 2287 1985 2340; x_wconf 90' lang='lat' dir='ltr'><strong>tum</strong></span> <span class='ocrx_word' id='word_1_465' title='bbox 2027 2285 2341 2340; x_wconf 91' lang='lat' dir='ltr'><strong>valuerunt</strong></span> <span class='ocrx_word' id='word_1_466' title='bbox 2395 2286 2767 2357; x_wconf 78' lang='lat' dir='ltr'><strong>baptismate,</strong></span> <span class='ocrx_word' id='word_1_467' title='bbox 2818 2286 3034 2356; x_wconf 91' lang='lat' dir='ltr'><strong>quanto</strong></span> <span class='ocrx_word' id='word_1_468' title='bbox 3086 2282 3340 2354; x_wconf 89' lang='lat' dir='ltr'><strong>amplius</strong></span> <span class='ocrx_word' id='word_1_469' title='bbox 3376 2281 3531 2335; x_wconf 90' lang='lat' dir='ltr'><strong>valet</strong></span> 
     </span>
    </p>
   </div>
   <div class='ocr_carea' id='block_1_67' title="bbox 1862 2374 2573 2447">
    <p class='ocr_par' dir='ltr' id='par_1_67' title="bbox 1862 2374 2573 2447">
     <span class='ocr_line' id='line_1_67' title="bbox 1862 2374 2573 2447; baseline 0.003 -19"><span class='ocrx_word' id='word_1_470' title='bbox 1862 2374 2154 2447; x_wconf 91' lang='lat' dir='ltr'><strong>baptisma</strong></span> <span class='ocrx_word' id='word_1_471' title='bbox 2183 2375 2244 2430; x_wconf 92' lang='lat' dir='ltr'><strong>in</strong></span> <span class='ocrx_word' id='word_1_472' title='bbox 2281 2375 2573 2430; x_wconf 86' lang='lat' dir='ltr'><strong>veritate?</strong></span> 
     </span>
    </p>
   </div>
   <div class='ocr_carea' id='block_1_68' title="bbox 2505 2517 2879 2574">
    <p class='ocr_par' dir='ltr' id='par_1_68' title="bbox 2505 2517 2879 2574">
     <span class='ocr_line' id='line_1_68' title="bbox 2505 2517 2879 2574; baseline 0.003 -2"><span class='ocrx_word' id='word_1_473' title='bbox 2505 2517 2777 2574; x_wconf 79' lang='lat' dir='ltr'><strong>CAPUT.</strong></span> <span class='ocrx_word' id='word_1_474' title='bbox 2811 2518 2879 2573; x_wconf 92' lang='lat' dir='ltr'><strong>V.</strong></span> 
     </span>
    </p>
   </div>
   <div class='ocr_carea' id='block_1_69' title="bbox 1861 2654 3531 2737">
    <p class='ocr_par' dir='ltr' id='par_1_69' title="bbox 1861 2654 3531 2737">
     <span class='ocr_line' id='line_1_69' title="bbox 1861 2654 3531 2737; baseline 0 -22"><span class='ocrx_word' id='word_1_475' title='bbox 1861 2661 1960 2716; x_wconf 85' lang='lat' dir='ltr'><strong>Ad</strong></span> <span class='ocrx_word' id='word_1_476' title='bbox 1976 2677 2191 2737; x_wconf 82' lang='lat' dir='ltr'><strong>preces</strong></span> <span class='ocrx_word' id='word_1_477' title='bbox 2210 2662 2547 2737; x_wconf 80' lang='lat' dir='ltr'><strong>sacerdotis</strong></span> <span class='ocrx_word' id='word_1_478' title='bbox 2562 2663 2777 2737; x_wconf 80' lang='lat' dir='ltr'><strong>adesse</strong></span> <span class='ocrx_word' id='word_1_479' title='bbox 2792 2661 3156 2737; x_wconf 72' lang='lat' dir='ltr'><strong>Trinitatem</strong></span> <span class='ocrx_word' id='word_1_480' title='bbox 3175 2664 3234 2715; x_wconf 89' lang='lat' dir='ltr'><strong>et</strong></span> <span class='ocrx_word' id='word_1_481' title='bbox 3247 2654 3531 2737; x_wconf 46' lang='lat' dir='ltr'><strong>co_I_Iigit.0</strong></span> 
     </span>
    </p>
   </div>
   <div class='ocr_carea' id='block_1_70' title="bbox 1935 2728 3530 2807">
    <p class='ocr_par' dir='ltr' id='par_1_70' title="bbox 1935 2728 3530 2807">
     <span class='ocr_line' id='line_1_70' title="bbox 1935 2728 3530 2807; baseline -0.004 -20"><span class='ocrx_word' id='word_1_482' title='bbox 1935 2728 2368 2807; x_wconf 63' lang='lat' dir='ltr'><strong>superioribus,</strong></span> <span class='ocrx_word' id='word_1_483' title='bbox 2405 2740 2463 2789; x_wconf 91' lang='lat' dir='ltr'><strong>et</strong></span> <span class='ocrx_word' id='word_1_484' title='bbox 2484 2751 2589 2807; x_wconf 14' lang='lat' dir='ltr'><strong>ex,</strong></span> <span class='ocrx_word' id='word_1_485' title='bbox 2620 2734 2833 2807; x_wconf 73' lang='lat' dir='ltr'><strong>ﬁguris</strong></span> <span class='ocrx_word' id='word_1_486' title='bbox 2872 2732 3179 2807; x_wconf 81' lang='lat' dir='ltr'><strong>corporeis</strong></span> <span class='ocrx_word' id='word_1_487' title='bbox 3225 2728 3436 2807; x_wconf 87' lang='lat' dir='ltr'><strong>quibus</strong></span> <span class='ocrx_word' id='word_1_488' title='bbox 3466 2728 3530 2807; x_wconf 73' lang='lat' dir='ltr'><strong>in</strong></span> 
     </span>
    </p>
   </div>
   <div class='ocr_carea' id='block_1_71' title="bbox 1938 2797 3531 2877">
    <p class='ocr_par' dir='ltr' id='par_1_71' title="bbox 1938 2797 3531 2877">
     <span class='ocr_line' id='line_1_71' title="bbox 1938 2797 3531 2877; baseline -0.004 -19"><span class='ocrx_word' id='word_1_489' title='bbox 1938 2797 2242 2877; x_wconf 77' lang='lat' dir='ltr'><strong>Christum</strong></span> <span class='ocrx_word' id='word_1_490' title='bbox 2274 2797 2532 2877; x_wconf 74' lang='lat' dir='ltr'><strong>atquein</strong></span> <span class='ocrx_word' id='word_1_491' title='bbox 2552 2797 2875 2877; x_wconf 66' lang='lat' dir='ltr'><strong>discipulos</strong></span> <span class='ocrx_word' id='word_1_492' title='bbox 2896 2797 3165 2876; x_wconf 72' lang='lat' dir='ltr'><strong>Spiritus</strong></span> <span class='ocrx_word' id='word_1_493' title='bbox 3197 2797 3441 2857; x_wconf 70' lang='lat' dir='ltr'><strong>sanctus</strong></span> <span class='ocrx_word' id='word_1_494' title='bbox 3459 2797 3531 2852; x_wconf 86' lang='lat' dir='ltr'><strong>il-</strong></span> 
     </span>
    </p>
   </div>
   <div class='ocr_carea' id='block_1_72' title="bbox 1933 2874 2781 2947">
    <p class='ocr_par' dir='ltr' id='par_1_72' title="bbox 1933 2874 2781 2947">
     <span class='ocr_line' id='line_1_72' title="bbox 1933 2874 2781 2947; baseline 0.002 -19"><span class='ocrx_word' id='word_1_495' title='bbox 1933 2874 2136 2947; x_wconf 82' lang='lat' dir='ltr'><strong>lapsus</strong></span> <span class='ocrx_word' id='word_1_496' title='bbox 2166 2874 2408 2947; x_wconf 76' lang='lat' dir='ltr'><strong>dicitur,</strong></span> <span class='ocrx_word' id='word_1_497' title='bbox 2455 2874 2781 2931; x_wconf 76' lang='lat' dir='ltr'><strong>confirmat.</strong></span> 
     </span>
    </p>
   </div>
   <div class='ocr_carea' id='block_1_73' title="bbox 1936 3017 3531 3092">
    <p class='ocr_par' dir='ltr' id='par_1_73' title="bbox 1936 3017 3531 3092">
     <span class='ocr_line' id='line_1_73' title="bbox 1936 3017 3531 3092; baseline -0.001 -20"><span class='ocrx_word' id='word_1_498' title='bbox 1936 3017 2023 3072; x_wconf 81' lang='lat'><strong>14.</strong></span> <span class='ocrx_word' id='word_1_499' title='bbox 2055 3019 2227 3073; x_wconf 91' lang='lat' dir='ltr'><strong>Nunc</strong></span> <span class='ocrx_word' id='word_1_500' title='bbox 2256 3034 2402 3092; x_wconf 87' lang='lat' dir='ltr'><strong>ergo</strong></span> <span class='ocrx_word' id='word_1_501' title='bbox 2422 3020 2894 3076; x_wconf 89' lang='lat' dir='ltr'><strong>consideremus.</strong></span> <span class='ocrx_word' id='word_1_502' title='bbox 2915 3020 3087 3074; x_wconf 85' lang='lat' dir='ltr'><strong>Venit</strong></span> <span class='ocrx_word' id='word_1_503' title='bbox 3108 3019 3392 3074; x_wconf 88' lang='lat' dir='ltr'><strong>sacerdos</strong></span> <span class='ocrx_word' id='word_1_504' title='bbox 3419 3017 3531 3088; x_wconf 88' lang='lat' dir='ltr'><strong>(De</strong></span> 
     </span>
    </p>
   </div>
   <div class='ocr_carea' id='block_1_74' title="bbox 1868 3106 3533 3181">
    <p class='ocr_par' dir='ltr' id='par_1_74' title="bbox 1868 3106 3533 3181">
     <span class='ocr_line' id='line_1_74' title="bbox 1868 3106 3533 3181; baseline -0.001 -20"><span class='ocrx_word' id='word_1_505' title='bbox 1868 3106 2113 3162; x_wconf 89' lang='lat' dir='ltr'><strong>Consec.</strong></span> <span class='ocrx_word' id='word_1_506' title='bbox 2148 3108 2284 3163; x_wconf 91' lang='lat' dir='ltr'><strong>dist.</strong></span> <span class='ocrx_word' id='word_1_507' title='bbox 2318 3109 2370 3178; x_wconf 75' lang='lat'><strong>4,</strong></span> <span class='ocrx_word' id='word_1_508' title='bbox 2406 3125 2532 3178; x_wconf 88' lang='lat' dir='ltr'><strong>cap.</strong></span> <span class='ocrx_word' id='word_1_509' title='bbox 2581 3109 2755 3164; x_wconf 88' lang='lat' dir='ltr'><strong>Venit</strong></span> <span class='ocrx_word' id='word_1_510' title='bbox 2784 3109 3110 3181; x_wconf 86' lang='lat' dir='ltr'><strong>sacerdos),</strong></span> <span class='ocrx_word' id='word_1_511' title='bbox 3132 3125 3370 3179; x_wconf 90' lang='lat' dir='ltr'><strong>precem</strong></span> <span class='ocrx_word' id='word_1_512' title='bbox 3391 3106 3533 3162; x_wconf 91' lang='lat' dir='ltr'><strong>dicit</strong></span> 
     </span>
    </p>
   </div>
   <div class='ocr_carea' id='block_1_75' title="bbox 1863 3190 3530 3268">
    <p class='ocr_par' dir='ltr' id='par_1_75' title="bbox 1863 3190 3530 3268">
     <span class='ocr_line' id='line_1_75' title="bbox 1863 3190 3530 3268; baseline -0.001 -16"><span class='ocrx_word' id='word_1_513' title='bbox 1863 3198 1932 3253; x_wconf 88' lang='lat' dir='ltr'><strong>ad</strong></span> <span class='ocrx_word' id='word_1_514' title='bbox 1984 3198 2223 3263; x_wconf 92' lang='lat' dir='ltr'><strong>fontem,</strong></span> <span class='ocrx_word' id='word_1_515' title='bbox 2276 3197 2513 3253; x_wconf 91' lang='lat' dir='ltr'><strong>invocat</strong></span> <span class='ocrx_word' id='word_1_516' title='bbox 2554 3190 2703 3254; x_wconf 86' lang='lat'><strong>358</strong></span> <span class='ocrx_word' id='word_1_517' title='bbox 2736 3199 2926 3253; x_wconf 86' lang='lat' dir='ltr'><strong>Patris</strong></span> <span class='ocrx_word' id='word_1_518' title='bbox 2972 3214 3207 3268; x_wconf 91' lang='lat' dir='ltr'><strong>nomen,</strong></span> <span class='ocrx_word' id='word_1_519' title='bbox 3257 3213 3530 3268; x_wconf 67' lang='lat' dir='ltr'><strong>praesen-</strong></span> 
     </span>
    </p>
   </div>
   <div class='ocr_carea' id='block_1_76' title="bbox 1768 3286 3531 3387">
    <p class='ocr_par' dir='ltr' id='par_1_76' title="bbox 1768 3286 3531 3387">
     <span class='ocr_line' id='line_1_76' title="bbox 1768 3286 3531 3387; baseline 0 -46"><span class='ocrx_word' id='word_1_520' title='bbox 1768 3325 1818 3387; x_wconf 66' lang='grc' dir='ltr'>Ο</span> <span class='ocrx_word' id='word_1_521' title='bbox 1863 3288 2002 3341; x_wconf 88' lang='lat' dir='ltr'><strong>tiam</strong></span> <span class='ocrx_word' id='word_1_522' title='bbox 2024 3286 2237 3342; x_wconf 85' lang='lat' dir='ltr'><strong>Filiiet</strong></span> <span class='ocrx_word' id='word_1_523' title='bbox 2269 3286 2525 3357; x_wconf 90' lang='lat' dir='ltr'><strong>Spiritus</strong></span> <span class='ocrx_word' id='word_1_524' title='bbox 2565 3287 2783 3342; x_wconf 88' lang='lat' dir='ltr'><strong>sancti:</strong></span> <span class='ocrx_word' id='word_1_525' title='bbox 2831 3288 3012 3342; x_wconf 91' lang='lat' dir='ltr'><strong>utitur</strong></span> <span class='ocrx_word' id='word_1_526' title='bbox 3040 3287 3242 3341; x_wconf 91' lang='lat' dir='ltr'><strong>verbis</strong></span> <span class='ocrx_word' id='word_1_527' title='bbox 3276 3286 3531 3387; x_wconf 61' lang='lat' dir='ltr'><strong>caelesti:</strong></span> 
     </span>
    </p>
   </div>
   <div class='ocr_carea' id='block_1_77' title="bbox 1863 3374 3530 3448">
    <p class='ocr_par' dir='ltr' id='par_1_77' title="bbox 1863 3374 3530 3448">
     <span class='ocr_line' id='line_1_77' title="bbox 1863 3374 3530 3448; baseline -0.001 -17"><span class='ocrx_word' id='word_1_528' title='bbox 1863 3376 1979 3431; x_wconf 91' lang='lat' dir='ltr'><strong>bus</strong></span> <span class='ocrx_word' id='word_1_529' title='bbox 2010 3377 2143 3446; x_wconf 83' lang='lat'><strong>(34).</strong></span> <span class='ocrx_word' id='word_1_530' title='bbox 2175 3376 2451 3431; x_wconf 87' lang='lat' dir='ltr'><strong>Coelestia</strong></span> <span class='ocrx_word' id='word_1_531' title='bbox 2482 3376 2662 3431; x_wconf 87' lang='lat' dir='ltr'><strong>verba</strong></span> <span class='ocrx_word' id='word_1_532' title='bbox 2694 3392 2827 3448; x_wconf 82' lang='lat' dir='ltr'><strong>quae</strong></span> <span class='ocrx_word' id='word_1_533' title='bbox 2847 3378 2876 3430; x_wconf 83' lang='lat'><strong><em>?</em></strong></span> <span class='ocrx_word' id='word_1_534' title='bbox 2922 3375 3141 3430; x_wconf 88' lang='lat' dir='ltr'><strong>Christi</strong></span> <span class='ocrx_word' id='word_1_535' title='bbox 3172 3378 3328 3443; x_wconf 90' lang='lat' dir='ltr'><strong>sunt,</strong></span> <span class='ocrx_word' id='word_1_536' title='bbox 3372 3374 3530 3446; x_wconf 90' lang='lat' dir='ltr'><strong>quod</strong></span> 
     </span>
    </p>
   </div>
   <div class='ocr_carea' id='block_1_78' title="bbox 1863 3463 3530 3536">
    <p class='ocr_par' dir='ltr' id='par_1_78' title="bbox 1863 3463 3530 3536">
     <span class='ocr_line' id='line_1_78' title="bbox 1863 3463 3530 3536; baseline -0.001 -17"><span class='ocrx_word' id='word_1_537' title='bbox 1863 3465 2229 3536; x_wconf 89' lang='lat' dir='ltr'><strong>baptizemus</strong></span> <span class='ocrx_word' id='word_1_538' title='bbox 2273 3466 2332 3519; x_wconf 92' lang='lat' dir='ltr'><strong>in</strong></span> <span class='ocrx_word' id='word_1_539' title='bbox 2381 3466 2617 3521; x_wconf 89' lang='lat' dir='ltr'><strong>nomine</strong></span> <span class='ocrx_word' id='word_1_540' title='bbox 2661 3465 2873 3534; x_wconf 85' lang='lat' dir='ltr'><strong>Patris,</strong></span> <span class='ocrx_word' id='word_1_541' title='bbox 2906 3468 2963 3519; x_wconf 92' lang='lat' dir='ltr'><strong>et</strong></span> <span class='ocrx_word' id='word_1_542' title='bbox 3001 3464 3153 3534; x_wconf 86' lang='lat' dir='ltr'><strong>Filii,</strong></span> <span class='ocrx_word' id='word_1_543' title='bbox 3190 3467 3248 3519; x_wconf 89' lang='lat' dir='ltr'><strong>et</strong></span> <span class='ocrx_word' id='word_1_544' title='bbox 3276 3463 3530 3534; x_wconf 90' lang='lat' dir='ltr'><strong>Spiritus</strong></span> 
     </span>
    </p>
   </div>
   <div class='ocr_carea' id='block_1_79' title="bbox 1867 3554 3530 3628">
    <p class='ocr_par' dir='ltr' id='par_1_79' title="bbox 1867 3554 3530 3628">
     <span class='ocr_line' id='line_1_79' title="bbox 1867 3554 3530 3628; baseline -0.001 -19"><span class='ocrx_word' id='word_1_545' title='bbox 1867 3556 2077 3610; x_wconf 90' lang='lat' dir='ltr'><strong>sancti.</strong></span> <span class='ocrx_word' id='word_1_546' title='bbox 2111 3554 2172 3610; x_wconf 91' lang='lat' dir='ltr'><strong>Si</strong></span> <span class='ocrx_word' id='word_1_547' title='bbox 2191 3570 2336 3628; x_wconf 89' lang='lat' dir='ltr'><strong>ergo</strong></span> <span class='ocrx_word' id='word_1_548' title='bbox 2374 3555 2447 3609; x_wconf 91' lang='lat' dir='ltr'><strong>ad</strong></span> <span class='ocrx_word' id='word_1_549' title='bbox 2478 3555 2782 3610; x_wconf 90' lang='lat' dir='ltr'><strong>hominum</strong></span> <span class='ocrx_word' id='word_1_550' title='bbox 2813 3569 3169 3624; x_wconf 90' lang='lat' dir='ltr'><strong>sermonem,</strong></span> <span class='ocrx_word' id='word_1_551' title='bbox 3193 3555 3265 3608; x_wconf 91' lang='lat' dir='ltr'><strong>ad</strong></span> <span class='ocrx_word' id='word_1_552' title='bbox 3287 3554 3530 3609; x_wconf 92' lang='lat' dir='ltr'><strong>invoca-</strong></span> 
     </span>
    </p>
   </div>
   <div class='ocr_carea' id='block_1_80' title="bbox 1866 3642 3529 3715">
    <p class='ocr_par' dir='ltr' id='par_1_80' title="bbox 1866 3642 3529 3715">
     <span class='ocr_line' id='line_1_80' title="bbox 1866 3642 3529 3715; baseline -0.001 -17"><span class='ocrx_word' id='word_1_553' title='bbox 1866 3646 2087 3699; x_wconf 91' lang='lat' dir='ltr'><strong>tionem</strong></span> <span class='ocrx_word' id='word_1_554' title='bbox 2118 3644 2310 3699; x_wconf 91' lang='lat' dir='ltr'><strong>sancti</strong></span> <span class='ocrx_word' id='word_1_555' title='bbox 2340 3644 2541 3699; x_wconf 87' lang='lat' dir='ltr'><strong>aderat</strong></span> <span class='ocrx_word' id='word_1_556' title='bbox 2584 3644 2923 3715; x_wconf 69' lang='lat' dir='ltr'><strong>praesentia.</strong></span> <span class='ocrx_word' id='word_1_557' title='bbox 2957 3642 3279 3712; x_wconf 88' lang='lat' dir='ltr'><strong>Trinitatis,</strong></span> <span class='ocrx_word' id='word_1_558' title='bbox 3315 3645 3529 3714; x_wconf 88' lang='lat' dir='ltr'><strong>quanto</strong></span> 
     </span>
    </p>
   </div>
   <div class='ocr_carea' id='block_1_81' title="bbox 1864 3731 3532 3806">
    <p class='ocr_par' dir='ltr' id='par_1_81' title="bbox 1864 3731 3532 3806">
     <span class='ocr_line' id='line_1_81' title="bbox 1864 3731 3532 3806; baseline -0.002 -19"><span class='ocrx_word' id='word_1_559' title='bbox 1864 3734 2058 3806; x_wconf 90' lang='lat' dir='ltr'><strong>magis</strong></span> <span class='ocrx_word' id='word_1_560' title='bbox 2089 3733 2171 3787; x_wconf 91' lang='lat' dir='ltr'><strong>ibi</strong></span> <span class='ocrx_word' id='word_1_561' title='bbox 2201 3734 2388 3800; x_wconf 87' lang='lat' dir='ltr'><strong>adest,</strong></span> <span class='ocrx_word' id='word_1_562' title='bbox 2421 3734 2519 3788; x_wconf 89' lang='lat' dir='ltr'><strong>ubi</strong></span> <span class='ocrx_word' id='word_1_563' title='bbox 2544 3749 2741 3788; x_wconf 80' lang='lat' dir='ltr'><strong>sermo</strong></span> <span class='ocrx_word' id='word_1_564' title='bbox 2772 3735 3047 3803; x_wconf 90' lang='lat' dir='ltr'><strong>operatur</strong></span> <span class='ocrx_word' id='word_1_565' title='bbox 3065 3733 3363 3787; x_wconf 66' lang='lat' dir='ltr'><strong>aeternus?</strong></span> <span class='ocrx_word' id='word_1_566' title='bbox 3393 3731 3532 3785; x_wconf 87' lang='lat' dir='ltr'><strong>Vul-</strong></span> 
     </span>
    </p>
   </div>
   <div class='ocr_carea' id='block_1_82' title="bbox 1863 3819 3531 3894">
    <p class='ocr_par' dir='ltr' id='par_1_82' title="bbox 1863 3819 3531 3894">
     <span class='ocr_line' id='line_1_82' title="bbox 1863 3819 3531 3894; baseline -0.002 -17"><span class='ocrx_word' id='word_1_567' title='bbox 1863 3823 1940 3877; x_wconf 91' lang='lat' dir='ltr'><strong>tis</strong></span> <span class='ocrx_word' id='word_1_568' title='bbox 1960 3823 2117 3878; x_wconf 90' lang='lat' dir='ltr'><strong>scire</strong></span> <span class='ocrx_word' id='word_1_569' title='bbox 2139 3822 2275 3894; x_wconf 88' lang='lat' dir='ltr'><strong>quia</strong></span> <span class='ocrx_word' id='word_1_570' title='bbox 2296 3823 2601 3877; x_wconf 90' lang='lat' dir='ltr'><strong>descendit</strong></span> <span class='ocrx_word' id='word_1_571' title='bbox 2621 3822 2917 3892; x_wconf 79' lang='lat' dir='ltr'><strong>Spiritus?</strong></span> <span class='ocrx_word' id='word_1_572' title='bbox 2948 3822 3179 3876; x_wconf 84' lang='lat' dir='ltr'><strong>Audisti</strong></span> <span class='ocrx_word' id='word_1_573' title='bbox 3203 3821 3337 3893; x_wconf 89' lang='lat' dir='ltr'><strong>quia</strong></span> <span class='ocrx_word' id='word_1_574' title='bbox 3359 3819 3531 3891; x_wconf 89' lang='lat' dir='ltr'><strong>quasi</strong></span> 
     </span>
    </p>
   </div>
   <div class='ocr_carea' id='block_1_83' title="bbox 1869 3908 3532 3982">
    <p class='ocr_par' dir='ltr' id='par_1_83' title="bbox 1869 3908 3532 3982">
     <span class='ocr_line' id='line_1_83' title="bbox 1869 3908 3532 3982; baseline -0.002 -15"><span class='ocrx_word' id='word_1_575' title='bbox 1869 3911 2142 3967; x_wconf 90' lang='lat' dir='ltr'><strong>columba</strong></span> <span class='ocrx_word' id='word_1_576' title='bbox 2176 3912 2286 3981; x_wconf 87' lang='lat'><strong>(35)</strong></span> <span class='ocrx_word' id='word_1_577' title='bbox 2307 3912 2614 3966; x_wconf 90' lang='lat' dir='ltr'><strong>descendit</strong></span> <span class='ocrx_word' id='word_1_578' title='bbox 2638 3911 2876 3982; x_wconf 82' lang='lat' dir='ltr'><strong>(Matth.</strong></span> <span class='ocrx_word' id='word_1_579' title='bbox 2900 3928 2983 3980; x_wconf 85' lang='grc' dir='ltr'><strong>ιιι,</strong></span> <span class='ocrx_word' id='word_1_580' title='bbox 3017 3911 3126 3975; x_wconf 84' lang='lat'><strong>16).</strong></span> <span class='ocrx_word' id='word_1_581' title='bbox 3151 3910 3341 3975; x_wconf 89' lang='lat' dir='ltr'><strong>Quare</strong></span> <span class='ocrx_word' id='word_1_582' title='bbox 3359 3908 3532 3981; x_wconf 89' lang='lat' dir='ltr'><strong>quasi</strong></span> 
     </span>
    </p>
   </div>
   <div class='ocr_carea' id='block_1_84' title="bbox 1867 3999 3533 4068">
    <p class='ocr_par' dir='ltr' id='par_1_84' title="bbox 1867 3999 3533 4068">
     <span class='ocr_line' id='line_1_84' title="bbox 1867 3999 3533 4068; baseline -0.002 -13"><span class='ocrx_word' id='word_1_583' title='bbox 1867 4001 2178 4056; x_wconf 83' lang='lat' dir='ltr'><strong>columba?</strong></span> <span class='ocrx_word' id='word_1_584' title='bbox 2207 4001 2283 4055; x_wconf 92' lang='lat' dir='ltr'><strong>Ut</strong></span> <span class='ocrx_word' id='word_1_585' title='bbox 2304 4000 2590 4055; x_wconf 90' lang='lat' dir='ltr'><strong>increduli</strong></span> <span class='ocrx_word' id='word_1_586' title='bbox 2607 4003 2963 4055; x_wconf 89' lang='lat' dir='ltr'><strong>vocarentur</strong></span> <span class='ocrx_word' id='word_1_587' title='bbox 2982 3999 3054 4053; x_wconf 89' lang='lat' dir='ltr'><strong>ad</strong></span> <span class='ocrx_word' id='word_1_588' title='bbox 3077 4000 3271 4054; x_wconf 84' lang='lat' dir='ltr'><strong>fidem.</strong></span> <span class='ocrx_word' id='word_1_589' title='bbox 3298 3999 3359 4052; x_wconf 92' lang='lat' dir='ltr'><strong>In</strong></span> <span class='ocrx_word' id='word_1_590' title='bbox 3374 3999 3533 4068; x_wconf 85' lang='lat' dir='ltr'><strong>prin-</strong></span> 
     </span>
    </p>
   </div>
   <div class='ocr_carea' id='block_1_85' title="bbox 1870 4088 3533 4163">
    <p class='ocr_par' dir='ltr' id='par_1_85' title="bbox 1870 4088 3533 4163">
     <span class='ocr_line' id='line_1_85' title="bbox 1870 4088 3533 4163; baseline -0.002 -19"><span class='ocrx_word' id='word_1_591' title='bbox 1870 4090 2023 4161; x_wconf 90' lang='lat' dir='ltr'><strong>cipio</strong></span> <span class='ocrx_word' id='word_1_592' title='bbox 2063 4090 2303 4163; x_wconf 90' lang='lat' dir='ltr'><strong>signum</strong></span> <span class='ocrx_word' id='word_1_593' title='bbox 2344 4088 2545 4145; x_wconf 83' lang='lat' dir='ltr'><strong>debuit</strong></span> <span class='ocrx_word' id='word_1_594' title='bbox 2582 4106 2742 4159; x_wconf 90' lang='lat' dir='ltr'><strong>esse,</strong></span> <span class='ocrx_word' id='word_1_595' title='bbox 2786 4091 2846 4143; x_wconf 93' lang='lat' dir='ltr'><strong>in</strong></span> <span class='ocrx_word' id='word_1_596' title='bbox 2883 4089 3319 4160; x_wconf 82' lang='lat' dir='ltr'><strong>posterioribus</strong></span> <span class='ocrx_word' id='word_1_597' title='bbox 3359 4088 3533 4143; x_wconf 85' lang='lat' dir='ltr'><strong>debet</strong></span> 
     </span>
    </p>
   </div>
   <div class='ocr_carea' id='block_1_86' title="bbox 1867 4179 2337 4250">
    <p class='ocr_par' dir='ltr' id='par_1_86' title="bbox 1867 4179 2337 4250">
     <span class='ocr_line' id='line_1_86' title="bbox 1867 4179 2337 4250; baseline 0 -17"><span class='ocrx_word' id='word_1_598' title='bbox 1867 4194 2005 4233; x_wconf 91' lang='lat' dir='ltr'><strong>esse</strong></span> <span class='ocrx_word' id='word_1_599' title='bbox 2037 4179 2337 4250; x_wconf 81' lang='lat' dir='ltr'><strong>perfectio.</strong></span> 
     </span>
    </p>
   </div>
   <div class='ocr_carea' id='block_1_87' title="bbox 1940 4266 3533 4338">
    <p class='ocr_par' dir='ltr' id='par_1_87' title="bbox 1940 4266 3533 4338">
     <span class='ocr_line' id='line_1_87' title="bbox 1940 4266 3533 4338; baseline -0.001 -17"><span class='ocrx_word' id='word_1_600' title='bbox 1940 4268 2026 4321; x_wconf 87' lang='lat'><strong>15.</strong></span> <span class='ocrx_word' id='word_1_601' title='bbox 2076 4269 2295 4338; x_wconf 81' lang='lat' dir='ltr'><strong>Accipe</strong></span> <span class='ocrx_word' id='word_1_602' title='bbox 2344 4268 2533 4322; x_wconf 88' lang='lat' dir='ltr'><strong>aliud:</strong></span> <span class='ocrx_word' id='word_1_603' title='bbox 2584 4269 2727 4322; x_wconf 87' lang='lat' dir='ltr'><strong>Post</strong></span> <span class='ocrx_word' id='word_1_604' title='bbox 2775 4271 3023 4323; x_wconf 90' lang='lat' dir='ltr'><strong>mortem</strong></span> <span class='ocrx_word' id='word_1_605' title='bbox 3071 4267 3304 4323; x_wconf 89' lang='lat' dir='ltr'><strong>Domini</strong></span> <span class='ocrx_word' id='word_1_606' title='bbox 3343 4266 3533 4322; x_wconf 90' lang='lat' dir='ltr'><strong>nostri</strong></span> 
     </span>
    </p>
   </div>
   <div class='ocr_carea' id='block_1_88' title="bbox 1867 4356 3531 4428">
    <p class='ocr_par' dir='ltr' id='par_1_88' title="bbox 1867 4356 3531 4428">
     <span class='ocr_line' id='line_1_88' title="bbox 1867 4356 3531 4428; baseline -0.002 -16"><span class='ocrx_word' id='word_1_607' title='bbox 1867 4357 2014 4413; x_wconf 84' lang='lat' dir='ltr'><strong>Jesu</strong></span> <span class='ocrx_word' id='word_1_608' title='bbox 2034 4356 2253 4413; x_wconf 88' lang='lat' dir='ltr'><strong>Christi</strong></span> <span class='ocrx_word' id='word_1_609' title='bbox 2276 4357 2389 4428; x_wconf 88' lang='lat'><strong>(36)</strong></span> <span class='ocrx_word' id='word_1_610' title='bbox 2405 4357 2658 4428; x_wconf 90' lang='lat' dir='ltr'><strong>apostoli</strong></span> <span class='ocrx_word' id='word_1_611' title='bbox 2699 4360 2864 4412; x_wconf 90' lang='lat' dir='ltr'><strong>erant</strong></span> <span class='ocrx_word' id='word_1_612' title='bbox 2898 4359 2957 4411; x_wconf 90' lang='lat' dir='ltr'><strong>in</strong></span> <span class='ocrx_word' id='word_1_613' title='bbox 2988 4372 3105 4411; x_wconf 92' lang='lat' dir='ltr'><strong>uno</strong></span> <span class='ocrx_word' id='word_1_614' title='bbox 3136 4356 3288 4426; x_wconf 90' lang='lat' dir='ltr'><strong>loco,</strong></span> <span class='ocrx_word' id='word_1_615' title='bbox 3314 4358 3368 4410; x_wconf 93' lang='lat' dir='ltr'><strong>et</strong></span> <span class='ocrx_word' id='word_1_616' title='bbox 3396 4370 3531 4409; x_wconf 90' lang='lat' dir='ltr'><strong>ora-</strong></span> 
     </span>
    </p>
   </div>
   <div class='ocr_carea' id='block_1_89' title="bbox 1865 4445 3531 4516">
    <p class='ocr_par' dir='ltr' id='par_1_89' title="bbox 1865 4445 3531 4516">
     <span class='ocr_line' id='line_1_89' title="bbox 1865 4445 3531 4516; baseline -0.002 -16"><span class='ocrx_word' id='word_1_617' title='bbox 1865 4446 2006 4501; x_wconf 90' lang='lat' dir='ltr'><strong>bant</strong></span> <span class='ocrx_word' id='word_1_618' title='bbox 2035 4447 2095 4501; x_wconf 92' lang='lat' dir='ltr'><strong>in</strong></span> <span class='ocrx_word' id='word_1_619' title='bbox 2126 4447 2219 4501; x_wconf 91' lang='lat' dir='ltr'><strong>die</strong></span> <span class='ocrx_word' id='word_1_620' title='bbox 2252 4449 2656 4516; x_wconf 90' lang='lat' dir='ltr'><strong>Pentecostes,</strong></span> <span class='ocrx_word' id='word_1_621' title='bbox 2688 4450 2744 4501; x_wconf 92' lang='lat' dir='ltr'><strong>et</strong></span> <span class='ocrx_word' id='word_1_622' title='bbox 2793 4447 2989 4502; x_wconf 91' lang='lat' dir='ltr'><strong>subito</strong></span> <span class='ocrx_word' id='word_1_623' title='bbox 3029 4445 3222 4501; x_wconf 91' lang='lat' dir='ltr'><strong>factus</strong></span> <span class='ocrx_word' id='word_1_624' title='bbox 3265 4447 3358 4500; x_wconf 90' lang='lat' dir='ltr'><strong>est</strong></span> <span class='ocrx_word' id='word_1_625' title='bbox 3404 4459 3531 4498; x_wconf 88' lang='lat' dir='ltr'><strong>ma-</strong></span> 
     </span>
    </p>
   </div>
   <div class='ocr_carea' id='block_1_90' title="bbox 1868 4532 3528 4608">
    <p class='ocr_par' dir='ltr' id='par_1_90' title="bbox 1868 4532 3528 4608">
     <span class='ocr_line' id='line_1_90' title="bbox 1868 4532 3528 4608; baseline -0.003 -18"><span class='ocrx_word' id='word_1_626' title='bbox 1868 4551 2023 4607; x_wconf 88' lang='lat' dir='ltr'><strong>gnus</strong></span> <span class='ocrx_word' id='word_1_627' title='bbox 2056 4551 2264 4605; x_wconf 90' lang='lat' dir='ltr'><strong>sonus,</strong></span> <span class='ocrx_word' id='word_1_628' title='bbox 2297 4537 2468 4607; x_wconf 87' lang='lat' dir='ltr'><strong>quasi</strong></span> <span class='ocrx_word' id='word_1_629' title='bbox 2500 4552 2634 4591; x_wconf 91' lang='lat' dir='ltr'><strong>cum</strong></span> <span class='ocrx_word' id='word_1_630' title='bbox 2664 4537 2723 4590; x_wconf 93' lang='lat' dir='ltr'><strong>vi</strong></span> <span class='ocrx_word' id='word_1_631' title='bbox 2753 4551 2964 4608; x_wconf 85' lang='lat' dir='ltr'><strong>magna</strong></span> <span class='ocrx_word' id='word_1_632' title='bbox 2988 4534 3232 4604; x_wconf 89' lang='lat' dir='ltr'><strong>spiritus</strong></span> <span class='ocrx_word' id='word_1_633' title='bbox 3255 4532 3528 4602; x_wconf 89' lang='lat' dir='ltr'><strong>ferretur,</strong></span> 
     </span>
    </p>
   </div>
   <div class='ocr_carea' id='block_1_91' title="bbox 1868 4622 3527 4697">
    <p class='ocr_par' dir='ltr' id='par_1_91' title="bbox 1868 4622 3527 4697">
     <span class='ocr_line' id='line_1_91' title="bbox 1868 4622 3527 4697; baseline -0.004 -17"><span class='ocrx_word' id='word_1_634' title='bbox 1868 4627 1925 4680; x_wconf 88' lang='lat' dir='ltr'><strong>et</strong></span> <span class='ocrx_word' id='word_1_635' title='bbox 1952 4625 2101 4679; x_wconf 66' lang='lat' dir='ltr'><strong>visae</strong></span> <span class='ocrx_word' id='word_1_636' title='bbox 2133 4628 2272 4679; x_wconf 90' lang='lat' dir='ltr'><strong>sunt</strong></span> <span class='ocrx_word' id='word_1_637' title='bbox 2299 4624 2521 4697; x_wconf 60' lang='lat' dir='ltr'><strong>lingua:</strong></span> <span class='ocrx_word' id='word_1_638' title='bbox 2553 4624 2864 4694; x_wconf 67' lang='lat' dir='ltr'><strong>dispersas,</strong></span> <span class='ocrx_word' id='word_1_639' title='bbox 2899 4624 3053 4676; x_wconf 91' lang='lat' dir='ltr'><strong>sicut</strong></span> <span class='ocrx_word' id='word_1_640' title='bbox 3082 4622 3241 4692; x_wconf 86' lang='lat' dir='ltr'><strong>ignis</strong></span> <span class='ocrx_word' id='word_1_641' title='bbox 3270 4622 3430 4677; x_wconf 65' lang='lat' dir='ltr'><strong>(Act.</strong></span> <span class='ocrx_word' id='word_1_642' title='bbox 3467 4638 3527 4690; x_wconf 83' lang='grc' dir='ltr'><strong>ιι,</strong></span> 
     </span>
    </p>
   </div>
   <div class='ocr_carea' id='block_1_92' title="bbox 107 4690 3530 4785">
    <p class='ocr_par' dir='ltr' id='par_1_92' title="bbox 107 4690 3530 4785">
     <span class='ocr_line' id='line_1_92' title="bbox 107 4690 3530 4785; baseline 0.003 -33"><span class='ocrx_word' id='word_1_643' title='bbox 107 4704 192 4755; x_wconf 82' lang='lat' dir='ltr'><strong>sed</strong></span> <span class='ocrx_word' id='word_1_644' title='bbox 220 4705 323 4761; x_wconf 88' lang='lat' dir='ltr'><strong>hoc</strong></span> <span class='ocrx_word' id='word_1_645' title='bbox 352 4710 550 4763; x_wconf 90' lang='lat' dir='ltr'><strong>solum</strong></span> <span class='ocrx_word' id='word_1_646' title='bbox 585 4708 779 4777; x_wconf 86' lang='lat' dir='ltr'><strong>scivit,</strong></span> <span class='ocrx_word' id='word_1_647' title='bbox 813 4690 875 4763; x_wconf 85' lang='lat' dir='ltr'><strong>ut</strong></span> <span class='ocrx_word' id='word_1_648' title='bbox 905 4716 1143 4781; x_wconf 87' lang='lat' dir='ltr'><strong>rogaret</strong></span> <span class='ocrx_word' id='word_1_649' title='bbox 1172 4690 1451 4766; x_wconf 74' lang='lat' dir='ltr'><strong>Elisaeum</strong></span> <span class='ocrx_word' id='word_1_650' title='bbox 1483 4713 1740 4783; x_wconf 88' lang='lat' dir='ltr'><strong>prophe-</strong></span> <span class='ocrx_word' id='word_1_651' title='bbox 1766 4690 1812 4750; x_wconf 69' lang='grc' dir='ltr'><strong>Ι)</strong></span> <span class='ocrx_word' id='word_1_652' title='bbox 1867 4713 2010 4783; x_wconf 86' lang='grc'><strong>1-3).</strong></span> <span class='ocrx_word' id='word_1_653' title='bbox 2054 4711 2203 4777; x_wconf 89' lang='lat' dir='ltr'><strong>Quid</strong></span> <span class='ocrx_word' id='word_1_654' title='bbox 2236 4714 2347 4768; x_wconf 92' lang='lat' dir='ltr'><strong>hoc</strong></span> <span class='ocrx_word' id='word_1_655' title='bbox 2380 4690 2696 4785; x_wconf 70' lang='lat' dir='ltr'><strong>significat,</strong></span> <span class='ocrx_word' id='word_1_656' title='bbox 2729 4690 2857 4765; x_wconf 89' lang='lat' dir='ltr'><strong>nisi</strong></span> <span class='ocrx_word' id='word_1_657' title='bbox 2885 4690 3241 4764; x_wconf 86' lang='lat' dir='ltr'><strong>descensum</strong></span> <span class='ocrx_word' id='word_1_658' title='bbox 3274 4710 3530 4779; x_wconf 86' lang='lat' dir='ltr'><strong>Spiritus</strong></span> 
     </span>
    </p>
   </div>
   <div class='ocr_carea' id='block_1_93' title="bbox 108 4791 1741 4873">
    <p class='ocr_par' dir='ltr' id='par_1_93' title="bbox 108 4791 1741 4873">
     <span class='ocr_line' id='line_1_93' title="bbox 108 4791 1741 4873; baseline 0.007 -28"><span class='ocrx_word' id='word_1_659' title='bbox 108 4791 219 4861; x_wconf 82' lang='lat' dir='ltr'><strong>tam,</strong></span> <span class='ocrx_word' id='word_1_660' title='bbox 246 4797 299 4849; x_wconf 91' lang='lat' dir='ltr'><strong>et</strong></span> <span class='ocrx_word' id='word_1_661' title='bbox 326 4798 657 4852; x_wconf 88' lang='lat' dir='ltr'><strong>remedium</strong></span> <span class='ocrx_word' id='word_1_662' title='bbox 687 4798 1029 4867; x_wconf 89' lang='lat' dir='ltr'><strong>postularet.</strong></span> <span class='ocrx_word' id='word_1_663' title='bbox 1066 4800 1230 4855; x_wconf 87' lang='lat' dir='ltr'><strong>Tunc</strong></span> <span class='ocrx_word' id='word_1_664' title='bbox 1259 4800 1355 4854; x_wconf 90' lang='lat' dir='ltr'><strong>ille</strong></span> <span class='ocrx_word' id='word_1_665' title='bbox 1385 4801 1612 4873; x_wconf 88' lang='lat' dir='ltr'><strong>lignum</strong></span> <span class='ocrx_word' id='word_1_666' title='bbox 1629 4801 1741 4855; x_wconf 88' lang='lat' dir='ltr'><strong>mi-</strong></span> 
     </span>
    </p>
   </div>
   <div class='ocr_carea' id='block_1_94' title="bbox 114 4879 1743 4961">
    <p class='ocr_par' dir='ltr' id='par_1_94' title="bbox 114 4879 1743 4961">
     <span class='ocr_line' id='line_1_94' title="bbox 114 4879 1743 4961; baseline 0.008 -29"><span class='ocrx_word' id='word_1_667' title='bbox 114 4879 189 4949; x_wconf 84' lang='lat' dir='ltr'><strong>sit,</strong></span> <span class='ocrx_word' id='word_1_668' title='bbox 232 4886 282 4937; x_wconf 88' lang='lat' dir='ltr'><strong>et</strong></span> <span class='ocrx_word' id='word_1_669' title='bbox 328 4884 555 4941; x_wconf 89' lang='lat' dir='ltr'><strong>ferrum</strong></span> <span class='ocrx_word' id='word_1_670' title='bbox 601 4885 857 4941; x_wconf 89' lang='lat' dir='ltr'><strong>levatum</strong></span> <span class='ocrx_word' id='word_1_671' title='bbox 902 4891 1012 4942; x_wconf 92' lang='lat' dir='ltr'><strong>est.</strong></span> <span class='ocrx_word' id='word_1_672' title='bbox 1062 4888 1433 4961; x_wconf 80' lang='lat' dir='ltr'><strong>VideS‘ergo</strong></span> <span class='ocrx_word' id='word_1_673' title='bbox 1481 4890 1638 4960; x_wconf 90' lang='lat' dir='ltr'><strong>quod</strong></span> <span class='ocrx_word' id='word_1_674' title='bbox 1683 4890 1743 4946; x_wconf 89' lang='lat' dir='ltr'><strong>in</strong></span> 
     </span>
    </p>
   </div>
   <div class='ocr_carea' id='block_1_95' title="bbox 163 5022 1740 5104">
    <p class='ocr_par' dir='ltr' id='par_1_95' title="bbox 163 5022 1740 5104">
     <span class='ocr_line' id='line_1_95' title="bbox 163 5022 1740 5104; baseline 0.005 -25"><span class='ocrx_word' id='word_1_675' title='bbox 163 5022 269 5104; x_wconf 71' lang='lat'><strong>(30)</strong></span> <span class='ocrx_word' id='word_1_676' title='bbox 303 5027 589 5104; x_wconf 80' lang='lat' dir='ltr'><strong>Nonnulli</strong></span> <span class='ocrx_word' id='word_1_677' title='bbox 647 5045 819 5104; x_wconf 64' lang='lat' dir='ltr'><strong>mss,</strong></span> <span class='ocrx_word' id='word_1_678' title='bbox 891 5030 1001 5084; x_wconf 88' lang='lat' dir='ltr'><strong>sub</strong></span> <span class='ocrx_word' id='word_1_679' title='bbox 1055 5031 1226 5104; x_wconf 84' lang='lat' dir='ltr'><strong>hoste</strong></span> <span class='ocrx_word' id='word_1_680' title='bbox 1293 5031 1485 5104; x_wconf 86' lang='lat' dir='ltr'><strong>aliquo</strong></span> <span class='ocrx_word' id='word_1_681' title='bbox 1532 5032 1740 5104; x_wconf 85' lang='lat' dir='ltr'><strong>popqu</strong></span> 
     </span>
    </p>
   </div>
   <div class='ocr_carea' id='block_1_96' title="bbox 115 5097 1739 5173">
    <p class='ocr_par' dir='ltr' id='par_1_96' title="bbox 115 5097 1739 5173">
     <span class='ocr_line' id='line_1_96' title="bbox 115 5097 1739 5173; baseline 0.009 -30"><span class='ocrx_word' id='word_1_682' title='bbox 115 5097 424 5173; x_wconf 72' lang='lat' dir='ltr'><strong>constituta,-</strong></span> <span class='ocrx_word' id='word_1_683' title='bbox 461 5101 679 5171; x_wconf 85' lang='lat' dir='ltr'><strong>reliqui</strong></span> <span class='ocrx_word' id='word_1_684' title='bbox 718 5105 773 5156; x_wconf 89' lang='lat' dir='ltr'><strong>et</strong></span> <span class='ocrx_word' id='word_1_685' title='bbox 802 5097 1009 5173; x_wconf 85' lang='lat' dir='ltr'><strong>Omnes</strong></span> <span class='ocrx_word' id='word_1_686' title='bbox 1049 5103 1187 5157; x_wconf 91' lang='lat' dir='ltr'><strong>edit.</strong></span> <span class='ocrx_word' id='word_1_687' title='bbox 1220 5105 1283 5158; x_wconf 83' lang='lat' dir='ltr'><strong>ut</strong></span> <span class='ocrx_word' id='word_1_688' title='bbox 1317 5097 1739 5173; x_wconf 56' lang='lat' dir='ltr'><strong>in&#39;text&#39;u,&#39;nisi</strong></span> 
     </span>
    </p>
   </div>
   <div class='ocr_carea' id='block_1_97' title="bbox 116 5166 1348 5245">
    <p class='ocr_par' dir='ltr' id='par_1_97' title="bbox 116 5166 1348 5245">
     <span class='ocr_line' id='line_1_97' title="bbox 116 5166 1348 5245; baseline 0.007 -26"><span class='ocrx_word' id='word_1_689' title='bbox 116 5166 525 5245; x_wconf 10' lang='lat' dir='ltr'><strong>quadrinRom.</strong></span> <span class='ocrx_word' id='word_1_690' title='bbox 562 5166 679 5226; x_wconf 76' lang='lat' dir='ltr'><strong>vox</strong></span> <span class='ocrx_word' id='word_1_691' title='bbox 704 5173 912 5244; x_wconf 77' lang='lat' dir='ltr'><strong>papula</strong></span> <span class='ocrx_word' id='word_1_692' title='bbox 936 5172 1204 5245; x_wconf 85' lang='lat' dir='ltr'><strong>jugulata</strong></span> <span class='ocrx_word' id='word_1_693' title='bbox 1237 5178 1348 5229; x_wconf 92' lang='lat' dir='ltr'><strong>est.</strong></span> 
     </span>
    </p>
   </div>
   <div class='ocr_carea' id='block_1_98' title="bbox 167 5236 1741 5316">
    <p class='ocr_par' dir='ltr' id='par_1_98' title="bbox 167 5236 1741 5316">
     <span class='ocr_line' id='line_1_98' title="bbox 167 5236 1741 5316; baseline 0.001 -17"><span class='ocrx_word' id='word_1_694' title='bbox 167 5236 432 5316; x_wconf 48' lang='lat' dir='ltr'><strong>131M138.</strong></span> <span class='ocrx_word' id='word_1_695' title='bbox 464 5236 746 5316; x_wconf 42' lang='lat' dir='ltr'><strong>Claromi,</strong></span> <span class='ocrx_word' id='word_1_696' title='bbox 775 5236 1226 5316; x_wconf 58' lang='lat' dir='ltr'><strong>&#39;quod&#39;baptizat</strong></span> <span class='ocrx_word' id='word_1_697' title='bbox 1278 5245 1595 5309; x_wconf 83' lang='lat' dir='ltr'><strong>Christus;</strong></span> <span class='ocrx_word' id='word_1_698' title='bbox 1641 5246 1741 5301; x_wconf 92' lang='lat' dir='ltr'><strong>alii</strong></span> 
     </span>
    </p>
   </div>
   <div class='ocr_carea' id='block_1_99' title="bbox 118 5311 1168 5385">
    <p class='ocr_par' dir='ltr' id='par_1_99' title="bbox 118 5311 1168 5385">
     <span class='ocr_line' id='line_1_99' title="bbox 118 5311 1168 5385; baseline 0.01 -25"><span class='ocrx_word' id='word_1_699' title='bbox 118 5311 356 5385; x_wconf 70' lang='lat' dir='ltr'><strong>nonnulli,</strong></span> <span class='ocrx_word' id='word_1_700' title='bbox 392 5315 547 5385; x_wconf 85' lang='lat' dir='ltr'><strong>quod</strong></span> <span class='ocrx_word' id='word_1_701' title='bbox 578 5311 842 5385; x_wconf 79' lang='lat' dir='ltr'><strong>baptizat</strong></span> <span class='ocrx_word' id='word_1_702' title='bbox 871 5311 1168 5371; x_wconf 81' lang='lat' dir='ltr'><strong>Ecclesia.</strong></span> 
     </span>
    </p>
   </div>
   <div class='ocr_carea' id='block_1_100' title="bbox 171 5377 1735 5456">
    <p class='ocr_par' dir='ltr' id='par_1_100' title="bbox 171 5377 1735 5456">
     <span class='ocr_line' id='line_1_100' title="bbox 171 5377 1735 5456; baseline 0.011 -28"><span class='ocrx_word' id='word_1_703' title='bbox 171 5377 264 5447; x_wconf 57' lang='lat'><strong>132)</strong></span> <span class='ocrx_word' id='word_1_704' title='bbox 294 5383 367 5456; x_wconf 79' lang='lat' dir='ltr'><strong>ita</strong></span> <span class='ocrx_word' id='word_1_705' title='bbox 401 5377 551 5439; x_wconf 82' lang='lat' dir='ltr'><strong>inss.</strong></span> <span class='ocrx_word' id='word_1_706' title='bbox 585 5377 768 5456; x_wconf 77' lang='lat' dir='ltr'><strong>prbpe</strong></span> <span class='ocrx_word' id='word_1_707' title='bbox 797 5386 868 5440; x_wconf 87' lang='lat' dir='ltr'><strong>ad</strong></span> <span class='ocrx_word' id='word_1_708' title='bbox 908 5403 1115 5442; x_wconf 91' lang='lat' dir='ltr'><strong>unum:</strong></span> <span class='ocrx_word' id='word_1_709' title='bbox 1155 5388 1291 5443; x_wconf 85' lang='lat' dir='ltr'><strong>edit.</strong></span> <span class='ocrx_word' id='word_1_710' title='bbox 1326 5391 1518 5442; x_wconf 90' lang='lat' dir='ltr'><strong>autem</strong></span> <span class='ocrx_word' id='word_1_711' title='bbox 1565 5388 1735 5454; x_wconf 85' lang='lat' dir='ltr'><strong>velle,</strong></span> 
     </span>
    </p>
   </div>
   <div class='ocr_carea' id='block_1_101' title="bbox 118 5455 1736 5526">
    <p class='ocr_par' dir='ltr' id='par_1_101' title="bbox 118 5455 1736 5526">
     <span class='ocr_line' id='line_1_101' title="bbox 118 5455 1736 5526; baseline 0.006 -22"><span class='ocrx_word' id='word_1_712' title='bbox 118 5460 282 5526; x_wconf 67' lang='lat' dir='ltr'><strong>aquam</strong></span> <span class='ocrx_word' id='word_1_713' title='bbox 313 5455 407 5526; x_wconf 87' lang='lat' dir='ltr'><strong>ubi</strong></span> <span class='ocrx_word' id='word_1_714' title='bbox 423 5458 682 5526; x_wconf 84' lang='lat' dir='ltr'><strong>primum</strong></span> <span class='ocrx_word' id='word_1_715' title='bbox 698 5455 931 5524; x_wconf 74' lang='lat' dir='ltr'><strong>hausit,</strong></span> <span class='ocrx_word' id='word_1_716' title='bbox 950 5465 1008 5511; x_wconf 89' lang='lat' dir='ltr'><strong>et</strong></span> <span class='ocrx_word' id='word_1_717' title='bbox 1038 5459 1495 5513; x_wconf 84' lang='lat' dir='ltr'><strong>amaritudinem</strong></span> <span class='ocrx_word' id='word_1_718' title='bbox 1526 5460 1736 5525; x_wconf 89' lang='lat' dir='ltr'><strong>sensit,</strong></span> 
     </span>
    </p>
   </div>
   <div class='ocr_carea' id='block_1_102' title="bbox 121 5524 1744 5589">
    <p class='ocr_par' dir='ltr' id='par_1_102' title="bbox 121 5524 1744 5589">
     <span class='ocr_line' id='line_1_102' title="bbox 121 5524 1744 5589; baseline 0.009 -21"><span class='ocrx_word' id='word_1_719' title='bbox 121 5524 163 5567; x_wconf 69' lang='lat' dir='ltr'><strong>et</strong></span> <span class='ocrx_word' id='word_1_720' title='bbox 191 5525 360 5589; x_wconf 74' lang='grc' dir='ltr'><strong>ι’ίιιρίι,</strong></span> <span class='ocrx_word' id='word_1_721' title='bbox 395 5524 507 5581; x_wconf 80' lang='lat' dir='ltr'><strong>etc.</strong></span> <span class='ocrx_word' id='word_1_722' title='bbox 558 5526 722 5582; x_wconf 88' lang='lat' dir='ltr'><strong>Unde</strong></span> <span class='ocrx_word' id='word_1_723' title='bbox 770 5531 964 5582; x_wconf 86' lang='lat' dir='ltr'><strong>tamen</strong></span> <span class='ocrx_word' id='word_1_724' title='bbox 986 5530 1175 5583; x_wconf 80' lang='lat' dir='ltr'><strong>-Rom.</strong></span> <span class='ocrx_word' id='word_1_725' title='bbox 1220 5529 1435 5583; x_wconf 86' lang='lat' dir='ltr'><strong>delevit</strong></span> <span class='ocrx_word' id='word_1_726' title='bbox 1475 5530 1744 5584; x_wconf 89' lang='lat' dir='ltr'><strong>ultimum</strong></span> 
     </span>
    </p>
   </div>
   <div class='ocr_carea' id='block_1_103' title="bbox 124 5589 1745 5673">
    <p class='ocr_par' dir='ltr' id='par_1_103' title="bbox 124 5589 1745 5673">
     <span class='ocr_line' id='line_1_103' title="bbox 124 5589 1745 5673; baseline 0.009 -32"><span class='ocrx_word' id='word_1_727' title='bbox 124 5594 166 5673; x_wconf 55' lang='lat' dir='ltr'><strong>et</strong></span> <span class='ocrx_word' id='word_1_728' title='bbox 191 5589 321 5673; x_wconf 75' lang='lat' dir='ltr'><strong>Infra</strong></span> <span class='ocrx_word' id='word_1_729' title='bbox 363 5613 503 5673; x_wconf 76' lang='lat' dir='ltr'><strong>vero</strong></span> <span class='ocrx_word' id='word_1_730' title='bbox 555 5599 931 5673; x_wconf 15' lang='lat' dir='ltr'><strong>eaglemisola</strong></span> <span class='ocrx_word' id='word_1_731' title='bbox 979 5598 1121 5671; x_wconf 80' lang='lat' dir='ltr'><strong>post</strong></span> <span class='ocrx_word' id='word_1_732' title='bbox 1162 5615 1343 5655; x_wconf 89' lang='lat' dir='ltr'><strong>voces</strong></span> <span class='ocrx_word' id='word_1_733' title='bbox 1390 5601 1745 5673; x_wconf 66' lang='lat' dir='ltr'><strong>corruptelae</strong></span> 
     </span>
    </p>
   </div>
   <div class='ocr_carea' id='block_1_104' title="bbox 124 5656 1024 5739">
    <p class='ocr_par' dir='ltr' id='par_1_104' title="bbox 124 5656 1024 5739">
     <span class='ocr_line' id='line_1_104' title="bbox 124 5656 1024 5739; baseline 0.013 -25"><span class='ocrx_word' id='word_1_734' title='bbox 124 5656 333 5739; x_wconf 61' lang='lat' dir='ltr'><strong>Obnoxia</strong></span> <span class='ocrx_word' id='word_1_735' title='bbox 352 5668 662 5739; x_wconf 80' lang='lat' dir='ltr'><strong>subjunxit</strong></span> <span class='ocrx_word' id='word_1_736' title='bbox 685 5681 743 5724; x_wconf 89' lang='lat' dir='ltr'><strong>ut</strong></span> <span class='ocrx_word' id='word_1_737' title='bbox 764 5656 1024 5726; x_wconf 68' lang='grc' dir='ltr'><strong>Μαι-δεῇ.</strong></span> 
     </span>
    </p>
   </div>
   <div class='ocr_carea' id='block_1_105' title="bbox 176 5732 1739 5813">
    <p class='ocr_par' dir='ltr' id='par_1_105' title="bbox 176 5732 1739 5813">
     <span class='ocr_line' id='line_1_105' title="bbox 176 5732 1739 5813; baseline 0.01 -31"><span class='ocrx_word' id='word_1_738' title='bbox 176 5732 426 5813; x_wconf 58' lang='grc' dir='ltr'><strong>«33)Μεεςξ.</strong></span> <span class='ocrx_word' id='word_1_739' title='bbox 448 5732 689 5811; x_wconf 75' lang='lat' dir='ltr'><strong>aliquot,</strong></span> <span class='ocrx_word' id='word_1_740' title='bbox 716 5742 778 5795; x_wconf 87' lang='lat' dir='ltr'><strong>in</strong></span> <span class='ocrx_word' id='word_1_741' title='bbox 802 5758 909 5813; x_wconf 83' lang='lat' dir='ltr'><strong>qua</strong></span> <span class='ocrx_word' id='word_1_742' title='bbox 946 5743 1111 5813; x_wconf 84' lang='lat' dir='ltr'><strong>culpa</strong></span> <span class='ocrx_word' id='word_1_743' title='bbox 1132 5749 1487 5805; x_wconf 83' lang='lat' dir='ltr'><strong>resecatur;</strong></span> <span class='ocrx_word' id='word_1_744' title='bbox 1540 5743 1739 5799; x_wconf 73' lang='lat' dir='ltr'><strong>caeteri</strong></span> 
     </span>
    </p>
   </div>
   <div class='ocr_carea' id='block_1_106' title="bbox 125 5809 1738 5888">
    <p class='ocr_par' dir='ltr' id='par_1_106' title="bbox 125 5809 1738 5888">
     <span class='ocr_line' id='line_1_106' title="bbox 125 5809 1738 5888; baseline 0.013 -37"><span class='ocrx_word' id='word_1_745' title='bbox 125 5812 177 5851; x_wconf 83' lang='lat' dir='ltr'><strong>ac</strong></span> <span class='ocrx_word' id='word_1_746' title='bbox 201 5809 299 5861; x_wconf 86' lang='lat' dir='ltr'><strong>vet.</strong></span> <span class='ocrx_word' id='word_1_747' title='bbox 338 5810 471 5866; x_wconf 87' lang='lat' dir='ltr'><strong>edit.</strong></span> <span class='ocrx_word' id='word_1_748' title='bbox 519 5809 579 5867; x_wconf 78' lang='lat' dir='ltr'><strong>ut</strong></span> <span class='ocrx_word' id='word_1_749' title='bbox 619 5813 679 5869; x_wconf 91' lang='lat' dir='ltr'><strong>in</strong></span> <span class='ocrx_word' id='word_1_750' title='bbox 728 5809 908 5885; x_wconf 73' lang='lat' dir='ltr'><strong>textu,</strong></span> <span class='ocrx_word' id='word_1_751' title='bbox 947 5809 1061 5870; x_wconf 83' lang='lat' dir='ltr'><strong>nisi</strong></span> <span class='ocrx_word' id='word_1_752' title='bbox 1107 5815 1268 5886; x_wconf 90' lang='lat' dir='ltr'><strong>quod</strong></span> <span class='ocrx_word' id='word_1_753' title='bbox 1310 5815 1597 5888; x_wconf 89' lang='lat' dir='ltr'><strong>nonnulli,</strong></span> <span class='ocrx_word' id='word_1_754' title='bbox 1630 5832 1738 5887; x_wconf 89' lang='lat' dir='ltr'><strong>pro</strong></span> 
     </span>
    </p>
   </div>
   <div class='ocr_carea' id='block_1_107' title="bbox 1867 4799 3531 4873">
    <p class='ocr_par' dir='ltr' id='par_1_107' title="bbox 1867 4799 3531 4873">
     <span class='ocr_line' id='line_1_107' title="bbox 1867 4799 3531 4873; baseline -0.002 -17"><span class='ocrx_word' id='word_1_755' title='bbox 1867 4803 2076 4869; x_wconf 88' lang='lat' dir='ltr'><strong>sancti,</strong></span> <span class='ocrx_word' id='word_1_756' title='bbox 2112 4803 2210 4873; x_wconf 91' lang='lat' dir='ltr'><strong>qui</strong></span> <span class='ocrx_word' id='word_1_757' title='bbox 2241 4818 2309 4856; x_wconf 88' lang='lat' dir='ltr'><strong>se</strong></span> <span class='ocrx_word' id='word_1_758' title='bbox 2340 4802 2527 4856; x_wconf 91' lang='lat' dir='ltr'><strong>voluit</strong></span> <span class='ocrx_word' id='word_1_759' title='bbox 2566 4800 2890 4855; x_wconf 87' lang='lat' dir='ltr'><strong>incredulis</strong></span> <span class='ocrx_word' id='word_1_760' title='bbox 2940 4800 3111 4853; x_wconf 90' lang='lat' dir='ltr'><strong>etiam</strong></span> <span class='ocrx_word' id='word_1_761' title='bbox 3146 4799 3531 4870; x_wconf 85' lang='lat' dir='ltr'><strong>corporaliter</strong></span> 
     </span>
    </p>
   </div>
   <div class='ocr_carea' id='block_1_108' title="bbox 1868 4888 3526 4962">
    <p class='ocr_par' dir='ltr' id='par_1_108' title="bbox 1868 4888 3526 4962">
     <span class='ocr_line' id='line_1_108' title="bbox 1868 4888 3526 4962; baseline -0.002 -17"><span class='ocrx_word' id='word_1_762' title='bbox 1868 4892 2295 4961; x_wconf 88' lang='lat' dir='ltr'><strong>demonstrare,</strong></span> <span class='ocrx_word' id='word_1_763' title='bbox 2357 4892 2469 4945; x_wconf 90' lang='lat' dir='ltr'><strong>hoc</strong></span> <span class='ocrx_word' id='word_1_764' title='bbox 2526 4892 2636 4960; x_wconf 84' lang='lat' dir='ltr'><strong>est,</strong></span> <span class='ocrx_word' id='word_1_765' title='bbox 2689 4888 3071 4959; x_wconf 86' lang='lat' dir='ltr'><strong>corporaliter</strong></span> <span class='ocrx_word' id='word_1_766' title='bbox 3118 4904 3226 4959; x_wconf 91' lang='lat' dir='ltr'><strong>per</strong></span> <span class='ocrx_word' id='word_1_767' title='bbox 3265 4889 3526 4962; x_wconf 85' lang='lat' dir='ltr'><strong>signum,</strong></span> 
     </span>
    </p>
   </div>
   <div class='ocr_carea' id='block_1_109' title="bbox 1867 5032 3530 5107">
    <p class='ocr_par' dir='ltr' id='par_1_109' title="bbox 1867 5032 3530 5107">
     <span class='ocr_line' id='line_1_109' title="bbox 1867 5032 3530 5107; baseline -0.001 -19"><span class='ocrx_word' id='word_1_768' title='bbox 1867 5034 1928 5088; x_wconf 88' lang='lat' dir='ltr'><strong>in</strong></span> <span class='ocrx_word' id='word_1_769' title='bbox 1963 5051 2090 5107; x_wconf 86' lang='lat' dir='ltr'><strong>qua,</strong></span> <span class='ocrx_word' id='word_1_770' title='bbox 2127 5037 2400 5107; x_wconf 76' lang='lat' dir='ltr'><strong>corrupte</strong></span> <span class='ocrx_word' id='word_1_771' title='bbox 2432 5032 2649 5087; x_wconf 85' lang='lat' dir='ltr'><strong>habent</strong></span> <span class='ocrx_word' id='word_1_772' title='bbox 2681 5033 2743 5086; x_wconf 90' lang='lat' dir='ltr'><strong>in</strong></span> <span class='ocrx_word' id='word_1_773' title='bbox 2794 5047 2901 5104; x_wconf 82' lang='lat' dir='ltr'><strong>qua</strong></span> <span class='ocrx_word' id='word_1_774' title='bbox 2935 5032 3045 5107; x_wconf 68' lang='lat' dir='ltr'><strong>vel</strong></span> <span class='ocrx_word' id='word_1_775' title='bbox 3103 5032 3163 5086; x_wconf 88' lang='lat' dir='ltr'><strong>in</strong></span> <span class='ocrx_word' id='word_1_776' title='bbox 3218 5048 3423 5104; x_wconf 79' lang='lat' dir='ltr'><strong>aquam</strong></span> <span class='ocrx_word' id='word_1_777' title='bbox 3446 5053 3462 5087; x_wconf 92' lang='grc'><strong>.·</strong></span> <span class='ocrx_word' id='word_1_778' title='bbox 3498 5049 3530 5087; x_wconf 90' lang='lat' dir='ltr'><strong>a</strong></span> 
     </span>
    </p>
   </div>
   <div class='ocr_carea' id='block_1_110' title="bbox 1868 5104 3348 5175">
    <p class='ocr_par' dir='ltr' id='par_1_110' title="bbox 1868 5104 3348 5175">
     <span class='ocr_line' id='line_1_110' title="bbox 1868 5104 3348 5175; baseline -0.002 -15"><span class='ocrx_word' id='word_1_779' title='bbox 1868 5104 2038 5160; x_wconf 70' lang='lat' dir='ltr'><strong>Iloin.</strong></span> <span class='ocrx_word' id='word_1_780' title='bbox 2074 5105 2234 5173; x_wconf 83' lang='lat' dir='ltr'><strong>edit.,</strong></span> <span class='ocrx_word' id='word_1_781' title='bbox 2267 5120 2373 5175; x_wconf 90' lang='lat' dir='ltr'><strong>pro</strong></span> <span class='ocrx_word' id='word_1_782' title='bbox 2408 5110 2741 5166; x_wconf 80' lang='lat' dir='ltr'><strong>revocatur,</strong></span> <span class='ocrx_word' id='word_1_783' title='bbox 2776 5104 2973 5173; x_wconf 87' lang='lat' dir='ltr'><strong>posuit</strong></span> <span class='ocrx_word' id='word_1_784' title='bbox 3005 5104 3348 5157; x_wconf 66' lang='lat' dir='ltr'><strong>devoratur.</strong></span> 
     </span>
    </p>
   </div>
   <div class='ocr_carea' id='block_1_111' title="bbox 1937 5175 3534 5246">
    <p class='ocr_par' dir='ltr' id='par_1_111' title="bbox 1937 5175 3534 5246">
     <span class='ocr_line' id='line_1_111' title="bbox 1937 5175 3534 5246; baseline -0.001 -16"><span class='ocrx_word' id='word_1_785' title='bbox 1937 5178 2049 5245; x_wconf 35' lang='lat'><strong>(3.1)</strong></span> <span class='ocrx_word' id='word_1_786' title='bbox 2100 5177 2231 5231; x_wconf 88' lang='lat' dir='ltr'><strong>Non</strong></span> <span class='ocrx_word' id='word_1_787' title='bbox 2273 5177 2443 5246; x_wconf 90' lang='lat' dir='ltr'><strong>pauci</strong></span> <span class='ocrx_word' id='word_1_788' title='bbox 2492 5191 2663 5243; x_wconf 84' lang='lat' dir='ltr'><strong>mss.,</strong></span> <span class='ocrx_word' id='word_1_789' title='bbox 2713 5175 3073 5242; x_wconf 68' lang='lat' dir='ltr'><strong>caelestibus,</strong></span> <span class='ocrx_word' id='word_1_790' title='bbox 3123 5191 3249 5246; x_wconf 66' lang='lat' dir='ltr'><strong>qua)</strong></span> <span class='ocrx_word' id='word_1_791' title='bbox 3299 5175 3534 5229; x_wconf 83' lang='lat' dir='ltr'><strong>Christi</strong></span> 
     </span>
    </p>
   </div>
   <div class='ocr_carea' id='block_1_112' title="bbox 1866 5246 3528 5318">
    <p class='ocr_par' dir='ltr' id='par_1_112' title="bbox 1866 5246 3528 5318">
     <span class='ocr_line' id='line_1_112' title="bbox 1866 5246 3528 5318; baseline -0.001 -18"><span class='ocrx_word' id='word_1_792' title='bbox 1866 5255 2002 5303; x_wconf 83' lang='lat' dir='ltr'><strong>sunt</strong></span> <span class='ocrx_word' id='word_1_793' title='bbox 2027 5269 2042 5302; x_wconf 90' lang='lat'><strong><em>:</em></strong></span> <span class='ocrx_word' id='word_1_794' title='bbox 2076 5248 2288 5318; x_wconf 87' lang='lat' dir='ltr'><strong>reliqui</strong></span> <span class='ocrx_word' id='word_1_795' title='bbox 2318 5251 2374 5301; x_wconf 90' lang='lat' dir='ltr'><strong>et</strong></span> <span class='ocrx_word' id='word_1_796' title='bbox 2395 5246 2530 5302; x_wconf 86' lang='lat' dir='ltr'><strong>edit.</strong></span> <span class='ocrx_word' id='word_1_797' title='bbox 2554 5249 2667 5302; x_wconf 92' lang='lat' dir='ltr'><strong>vet.</strong></span> <span class='ocrx_word' id='word_1_798' title='bbox 2692 5251 2749 5300; x_wconf 88' lang='lat' dir='ltr'><strong>ut</strong></span> <span class='ocrx_word' id='word_1_799' title='bbox 2779 5247 2837 5300; x_wconf 88' lang='lat' dir='ltr'><strong>in</strong></span> <span class='ocrx_word' id='word_1_800' title='bbox 2861 5261 3141 5316; x_wconf 86' lang='lat' dir='ltr'><strong>corpore:</strong></span> <span class='ocrx_word' id='word_1_801' title='bbox 3172 5246 3339 5318; x_wconf 82' lang='lat' dir='ltr'><strong>Rom.</strong></span> <span class='ocrx_word' id='word_1_802' title='bbox 3363 5260 3528 5318; x_wconf 82' lang='lat' dir='ltr'><strong>vero,</strong></span> 
     </span>
    </p>
   </div>
   <div class='ocr_carea' id='block_1_113' title="bbox 1866 5316 3530 5390">
    <p class='ocr_par' dir='ltr' id='par_1_113' title="bbox 1866 5316 3530 5390">
     <span class='ocr_line' id='line_1_113' title="bbox 1866 5316 3530 5390; baseline -0.002 -17"><span class='ocrx_word' id='word_1_803' title='bbox 1866 5316 2229 5374; x_wconf 52' lang='lat' dir='ltr'><strong>coelestibus:</strong></span> <span class='ocrx_word' id='word_1_804' title='bbox 2267 5318 2546 5374; x_wconf 70' lang='lat' dir='ltr'><strong>Caelestis</strong></span> <span class='ocrx_word' id='word_1_805' title='bbox 2582 5318 2763 5373; x_wconf 84' lang='lat' dir='ltr'><strong>verba</strong></span> <span class='ocrx_word' id='word_1_806' title='bbox 2813 5334 2936 5390; x_wconf 73' lang='lat' dir='ltr'><strong>quae</strong></span> <span class='ocrx_word' id='word_1_807' title='bbox 2966 5318 3146 5370; x_wconf 82' lang='lat' dir='ltr'><strong>sunt?</strong></span> <span class='ocrx_word' id='word_1_808' title='bbox 3186 5319 3259 5370; x_wconf 90' lang='lat' dir='ltr'><strong>At</strong></span> <span class='ocrx_word' id='word_1_809' title='bbox 3288 5316 3346 5369; x_wconf 92' lang='lat' dir='ltr'><strong>in</strong></span> <span class='ocrx_word' id='word_1_810' title='bbox 3378 5317 3530 5390; x_wconf 87' lang='lat' dir='ltr'><strong>anti-</strong></span> 
     </span>
    </p>
   </div>
   <div class='ocr_carea' id='block_1_114' title="bbox 1864 5389 3529 5461">
    <p class='ocr_par' dir='ltr' id='par_1_114' title="bbox 1864 5389 3529 5461">
     <span class='ocr_line' id='line_1_114' title="bbox 1864 5389 3529 5461; baseline -0.002 -16"><span class='ocrx_word' id='word_1_811' title='bbox 1864 5407 1977 5461; x_wconf 87' lang='lat' dir='ltr'><strong>qua</strong></span> <span class='ocrx_word' id='word_1_812' title='bbox 2011 5390 2261 5445; x_wconf 90' lang='lat' dir='ltr'><strong>lectione</strong></span> <span class='ocrx_word' id='word_1_813' title='bbox 2301 5391 2446 5445; x_wconf 90' lang='lat' dir='ltr'><strong>nihil</strong></span> <span class='ocrx_word' id='word_1_814' title='bbox 2496 5389 2855 5455; x_wconf 68' lang='lat' dir='ltr'><strong>mutandum,</strong></span> <span class='ocrx_word' id='word_1_815' title='bbox 2908 5391 3123 5461; x_wconf 82' lang='lat' dir='ltr'><strong>praeter</strong></span> <span class='ocrx_word' id='word_1_816' title='bbox 3162 5389 3529 5461; x_wconf 80' lang='lat' dir='ltr'><strong>punctuatio-</strong></span> 
     </span>
    </p>
   </div>
   <div class='ocr_carea' id='block_1_115' title="bbox 1861 5458 3527 5533">
    <p class='ocr_par' dir='ltr' id='par_1_115' title="bbox 1861 5458 3527 5533">
     <span class='ocr_line' id='line_1_115' title="bbox 1861 5458 3527 5533; baseline -0.004 -17"><span class='ocrx_word' id='word_1_817' title='bbox 1861 5458 2014 5530; x_wconf 76' lang='lat' dir='ltr'><strong>nem,</strong></span> <span class='ocrx_word' id='word_1_818' title='bbox 2050 5478 2182 5533; x_wconf 67' lang='lat' dir='ltr'><strong>quae</strong></span> <span class='ocrx_word' id='word_1_819' title='bbox 2204 5466 2395 5516; x_wconf 89' lang='lat' dir='ltr'><strong>tamen</strong></span> <span class='ocrx_word' id='word_1_820' title='bbox 2429 5462 2667 5515; x_wconf 90' lang='lat' dir='ltr'><strong>retineri</strong></span> <span class='ocrx_word' id='word_1_821' title='bbox 2696 5464 2909 5533; x_wconf 91' lang='lat' dir='ltr'><strong>potest,</strong></span> <span class='ocrx_word' id='word_1_822' title='bbox 2931 5458 3103 5513; x_wconf 90' lang='lat' dir='ltr'><strong>modo</strong></span> <span class='ocrx_word' id='word_1_823' title='bbox 3126 5459 3371 5533; x_wconf 75' lang='lat' dir='ltr'><strong>verbum</strong></span> <span class='ocrx_word' id='word_1_824' title='bbox 3392 5462 3527 5533; x_wconf 79' lang='lat' dir='ltr'><strong>sunt</strong></span> 
     </span>
    </p>
   </div>
   <div class='ocr_carea' id='block_1_116' title="bbox 1865 5527 3525 5605">
    <p class='ocr_par' dir='ltr' id='par_1_116' title="bbox 1865 5527 3525 5605">
     <span class='ocr_line' id='line_1_116' title="bbox 1865 5527 3525 5605; baseline -0.004 -19"><span class='ocrx_word' id='word_1_825' title='bbox 1865 5527 2050 5587; x_wconf 86' lang='lat' dir='ltr'><strong>semel</strong></span> <span class='ocrx_word' id='word_1_826' title='bbox 2069 5527 2361 5605; x_wconf 73' lang='lat' dir='ltr'><strong>suppleas</strong></span> <span class='ocrx_word' id='word_1_827' title='bbox 2391 5534 2449 5586; x_wconf 93' lang='lat' dir='ltr'><strong>in</strong></span> <span class='ocrx_word' id='word_1_828' title='bbox 2481 5533 2637 5586; x_wconf 87' lang='lat' dir='ltr'><strong>hunc</strong></span> <span class='ocrx_word' id='word_1_829' title='bbox 2688 5527 2954 5600; x_wconf 81' lang='lat' dir='ltr'><strong>formam,</strong></span> <span class='ocrx_word' id='word_1_830' title='bbox 3011 5529 3291 5583; x_wconf 67' lang='lat' dir='ltr'><strong>(ITlestia</strong></span> <span class='ocrx_word' id='word_1_831' title='bbox 3346 5527 3525 5580; x_wconf 79' lang='lat' dir='ltr'><strong>verba</strong></span> 
     </span>
    </p>
   </div>
   <div class='ocr_carea' id='block_1_117' title="bbox 1862 5604 2776 5675">
    <p class='ocr_par' dir='ltr' id='par_1_117' title="bbox 1862 5604 2776 5675">
     <span class='ocr_line' id='line_1_117' title="bbox 1862 5604 2776 5675; baseline -0.001 -18"><span class='ocrx_word' id='word_1_832' title='bbox 1862 5609 2018 5669; x_wconf 82' lang='lat' dir='ltr'><strong>sunt,</strong></span> <span class='ocrx_word' id='word_1_833' title='bbox 2056 5604 2179 5675; x_wconf 65' lang='lat' dir='ltr'><strong>qm</strong></span> <span class='ocrx_word' id='word_1_834' title='bbox 2213 5604 2446 5658; x_wconf 87' lang='lat' dir='ltr'><strong>Christi</strong></span> <span class='ocrx_word' id='word_1_835' title='bbox 2474 5610 2628 5666; x_wconf 89' lang='lat' dir='ltr'><strong>sunt,</strong></span> <span class='ocrx_word' id='word_1_836' title='bbox 2666 5608 2776 5658; x_wconf 89' lang='lat' dir='ltr'><strong>etc.</strong></span> 
     </span>
    </p>
   </div>
   <div class='ocr_carea' id='block_1_118' title="bbox 1933 5675 3504 5748">
    <p class='ocr_par' dir='ltr' id='par_1_118' title="bbox 1933 5675 3504 5748">
     <span class='ocr_line' id='line_1_118' title="bbox 1933 5675 3504 5748; baseline 0.004 -22"><span class='ocrx_word' id='word_1_837' title='bbox 1933 5676 2046 5748; x_wconf 74' lang='lat'><strong>(35)</strong></span> <span class='ocrx_word' id='word_1_838' title='bbox 2080 5676 2252 5748; x_wconf 49' lang='lat' dir='ltr'><strong>Edit,</strong></span> <span class='ocrx_word' id='word_1_839' title='bbox 2288 5676 2509 5729; x_wconf 83' lang='lat' dir='ltr'><strong>Audite</strong></span> <span class='ocrx_word' id='word_1_840' title='bbox 2542 5677 2672 5746; x_wconf 82' lang='lat' dir='ltr'><strong>quin</strong></span> <span class='ocrx_word' id='word_1_841' title='bbox 2698 5675 2879 5746; x_wconf 81' lang='lat' dir='ltr'><strong>quasi,</strong></span> <span class='ocrx_word' id='word_1_842' title='bbox 2918 5677 3035 5748; x_wconf 88' lang='lat' dir='ltr'><strong>etc._</strong></span> <span class='ocrx_word' id='word_1_843' title='bbox 3283 5739 3318 5748; x_wconf 43' lang='lat' dir='ltr'><strong>ﬁ</strong></span> <span class='ocrx_word' id='word_1_844' title='bbox 3428 5738 3437 5748; x_wconf 42' lang='lat'><em>.</em></span> <span class='ocrx_word' id='word_1_845' title='bbox 3494 5738 3504 5748; x_wconf 50' lang='grc'><em>,</em></span> 
     </span>
    </p>
   </div>
   <div class='ocr_carea' id='block_1_119' title="bbox 1901 5739 3520 5870">
    <p class='ocr_par' dir='ltr' id='par_1_119' title="bbox 1901 5739 3520 5870">
     <span class='ocr_line' id='line_1_119' title="bbox 1901 5739 3520 5870; baseline -0.007 -70"><span class='ocrx_word' id='word_1_846' title='bbox 1901 5739 2046 5870; x_wconf 76' lang='lat' dir='ltr'><strong>t(:36)</strong></span> <span class='ocrx_word' id='word_1_847' title='bbox 2096 5739 2342 5812; x_wconf 87' lang='lat' dir='ltr'><strong>Quidam</strong></span> <span class='ocrx_word' id='word_1_848' title='bbox 2388 5739 2566 5816; x_wconf 68' lang='lat' dir='ltr'><strong>mss.,</strong></span> <span class='ocrx_word' id='word_1_849' title='bbox 2606 5739 2739 5819; x_wconf 73' lang='lat' dir='ltr'><strong>post</strong></span> <span class='ocrx_word' id='word_1_850' title='bbox 2798 5744 3203 5802; x_wconf 81' lang='lat' dir='ltr'><strong>ascensionem</strong></span> <span class='ocrx_word' id='word_1_851' title='bbox 3270 5739 3520 5804; x_wconf 82' lang='lat' dir='ltr'><strong>Domini,</strong></span> 
     </span>
     <span class='ocr_line' id='line_1_120' title="bbox 1924 5833 1974 5870; baseline 0 0"><span class='ocrx_word' id='word_1_852' title='bbox 1924 5833 1974 5870; x_wconf 91' lang='lat' dir='ltr'><strong>c.</strong></span> 
     </span>
    </p>
   </div>
   <div class='ocr_carea' id='block_1_120' title="bbox 1864 5832 1974 5871">
    <p class='ocr_par' dir='ltr' id='par_1_120' title="bbox 1864 5832 1974 5871">
     <span class='ocr_line' id='line_1_121' title="bbox 1864 5832 1974 5871; baseline 0 0"><span class='ocrx_word' id='word_1_853' title='bbox 1864 5832 1974 5871; x_wconf 76' lang='grc' dir='ltr'><strong>θιο.</strong></span> 
     </span>
    </p>
   </div>
  </div>
