3936 6168
507 352 627 419 447

1953 347 2018 413 S.
2052 345 2496 414 AMBROSII.

3764 364 3852 429 448

509 551 851 624 spiritaliter
892 568 1000 624 per
1049 551 1533 608 sacramentum?
1591 549 1750 624 Ergo
1797 532 2253 606 manifestumﬁ
2280 549 2508 605 veniret
2536 547 2610 604 ad
2657 548 2896 619 fontem,
2928 552 2985 606 et
3031 554 3396 624 mergeretur
3420 552 3476 608 in
3505 551 3710 612 fontem.
3733 557 3852 624 Quid

506 642 906 698 testimonium
935 641 1070 714 ejus
1115 642 1424 711 adventus,
1457 641 1632 696 nobis
1662 643 1855 695 autem
1887 639 2022 694 fidei
2047 638 2172 710 jam

505 731 899 802 praerogativa
930 730 1210 799 defertur,
1244 730 1381 801 quia
1421 730 1478 784 in
1525 729 1816 800 principio
1864 729 2038 800 signa
2081 729 2173 780 in-

507 819 768 874 credulis
798 819 1032 886 fiebant,
1059 819 1233 873 nobis
1258 817 1380 888 jam
1401 819 1458 871 in
1490 818 1850 887 plenitudine
1884 816 2171 870 Ecclesiae

506 922 625 962 non
654 908 850 980 signo,
877 907 984 962 sed
1013 907 1125 961 fide
1157 907 1270 977 (3'7)
1300 907 1520 961 veritas
1553 905 1886 978 colligenda
1914 908 2025 960 est.

1143 1048 1396 1105 CAPUT
1437 1049 1530 1105 Vl.

511 1189 650 1246 Cum
671 1191 730 1245 in
755 1191 1024 1246 homines
1043 1192 1255 1246 mortis
1285 1196 1584 1246 sententia
1603 1195 1853 1262 propter
1867 1195 2172 1262 peccatum

579 1263 696 1318 lata
715 1262 949 1326 fuisset,
984 1262 1313 1334 baptismus
1353 1262 1428 1316 ad
1452 1261 1688 1317 eosdem
1714 1261 2175 1318 resuscitandas

579 1334 640 1388 in
653 1339 860 1388 ventus
887 1334 1201 1388 astruitur.

581 1476 664 1529 16.
696 1475 867 1530 Nunc
899 1475 1267 1546 disputemus
1315 1475 1456 1547 quid
1502 1475 1578 1529 sit
1626 1475 1783 1547 quod
1815 1475 2034 1528 dicitur
2064 1473 2174 1528 ba-

505 1565 742 1634 ptisma.
775 1564 1002 1619 Venisti
1036 1565 1109 1618 ad
1141 1564 1382 1634 fontem,
1407 1564 1769 1620 descendisti
1804 1564 1864 1617 in
1895 1579 2050 1631 eum,
2084 1566 2176 1616 at—

504 1653 746 1707 tendisti
777 1668 1073 1708 summum
1106 1653 1496 1723 sacerdotem,
1530 1653 1768 1708 Levites
1789 1656 1845 1707 et
1865 1651 2175 1724 presbyte-

505 1757 636 1797 rum
671 1741 730 1795 in
762 1741 920 1796 fonte
959 1741 1181 1796 vidisti.
1215 1741 1365 1807 Quid
1395 1747 1487 1797 est
1517 1742 1873 1812 baptismum
1901 1743 1929 1796 ?

580 1829 665 1884 17.
698 1830 762 1884 In
793 1830 1084 1902 principio
1107 1831 1265 1886 Deus
1295 1835 1501 1885 noster
1528 1831 1825 1886 hominem
1855 1829 2014 1897 fecit,
2037 1831 2098 1882 ut
2119 1829 2170 1882 si

506 1922 813 1990 peceatum
844 1935 961 1974 non
991 1924 1276 1990 guslaret,
1299 1924 1484 1974 morte
1515 1936 1632 1974 non
1663 1922 2011 1973 moreretur.
2041 1919 2178 1972 l’ec-

509 2010 700 2062 catum
731 2009 1038 2077 contraxit,
1062 2008 1253 2063 factus
1273 2012 1365 2063 est
1394 2008 1690 2064 obnoxius
1722 2007 1916 2075 morti,
1943 2006 2174 2077 ejectus

507 2099 599 2150 est
629 2095 700 2151 de
733 2097 1028 2166 paradiso.
1055 2095 1166 2150 Sed
1197 2097 1479 2152 Dominus
1499 2099 1596 2168 qui
1621 2113 1730 2151 sua
1751 2097 1926 2151 vellet
1946 2095 2174 2150 benefi-

507 2185 596 2238 cia
617 2200 982 2255 permanere,
1008 2187 1064 2240 et
1086 2185 1338 2240 insidias
1362 2202 1568 2241 omnes
1587 2186 1826 2240 abolere
1847 2184 2168 2254 serpentis,

503 2273 847 2328 rescindere
880 2289 1116 2344 quoque
1175 2289 1346 2328 omne
1405 2275 1561 2345 quod
1622 2274 1864 2340 nocuit;
1925 2273 2175 2343 primum

505 2360 742 2432 quidem
761 2363 1109 2416 sententiam
1141 2363 1270 2416 tulit
1293 2363 1350 2416 in
1386 2362 1722 2417 hominem:
1771 2361 1958 2416 Terra
1995 2378 2079 2427 es,
2117 2366 2177 2414 et

505 2449 568 2504 in
601 2456 824 2504 terram
844 2449 965 2504 ibis
991 2451 1162 2518 (Gen.
1191 2469 1272 2520 ιιι,
1300 2451 1407 2521 19),
1429 2456 1484 2506 et
1516 2452 1685 2506 morti
1717 2451 2012 2505 hominem
2034 2449 2174 2504 fecit

507 2537 848 2592 obnoxium.
911 2539 1048 2592 Erat
1096 2539 1293 2592 divina
1347 2541 1663 2609 sententia,
1717 2539 1868 2594 solvi
1920 2539 2176 2592 humana

508 2626 844 2682 conditione
874 2644 992 2682 non
1037 2630 1283 2698 poterat.
1331 2629 1676 2684 Remedium
1718 2629 1914 2682 datum
1955 2630 2065 2695 est,
2114 2629 2176 2680 ut

507 2713 684 2769 homo
734 2719 1083 2784 moreretur,
1115 2719 1171 2770 et
1221 2719 1582 2788 resurgeret.
1630 2717 1866 2781 Quare?
1916 2717 1992 2769 [ξι
2033 2715 2176 2770 illud

508 2803 665 2873 quod
697 2806 828 2859 ante
867 2804 1263 2859 damnationis
1294 2806 1424 2860 loco
1457 2809 1742 2872 cesserat,
1776 2805 1908 2860 loco
1941 2805 2177 2858 cederet

507 2890 802 2946 beneficii.
837 2892 983 2956 Quid
1019 2893 1158 2948 illud
1183 2897 1273 2948 est
1293 2895 1404 2948 nisi
1429 2911 1587 2948 mors
1609 2898 1637 2948 ‘2
1664 2895 1894 2959 Quaeris
1924 2909 2174 2964 quomo-

508 2978 627 3034 do?
671 2980 816 3045 Quia
859 2997 1021 3036 mors
1071 2982 1474 3038 interveniens
1521 2984 1694 3037 tinem
1748 2983 1884 3036 facit
1925 2981 2169 3052 peccati.

507 3067 751 3134 Quando
799 3071 956 3125 enim
1009 3071 1314 3141 morimur,
1374 3072 1576 3142 utique
1633 3087 1880 3142 peccare
1929 3068 2174 3124 desisti-

507 3173 662 3212 mus.
711 3157 1091 3214 Satisfactum
1139 3175 1284 3231 ergo
1326 3161 1635 3216 sententiae
1675 3160 2002 3226 videbatur,
2038 3157 2174 3229 quia

507 3245 683 3301 homo
714 3247 813 3318 qui
863 3247 1055 3302 tactus
1107 3248 1298 3303 fuerat
1345 3253 1406 3303 ut
1451 3250 1698 3317 viveret,
1732 3249 1783 3302 si
1829 3253 2023 3302 tamen
2056 3263 2174 3300 non

506 3341 800 3405 peccaret,
817 3336 1132 3407 incipiebat
1155 3338 1322 3392 mori.
1339 3338 1454 3393 Sed
1479 3341 1539 3392 ut
1563 3337 1665 3392 Dei
1683 3352 1962 3407 perpetua
1985 3335 2172 3408 gratia

506 3429 938 3494 perseveraret,
963 3429 1228 3481 mortuus
1252 3430 1342 3480 est
1364 3426 1570 3482 homo:
1598 3427 1704 3480 sed
1723 3425 1998 3479 Christus
2019 3423 2174 3478 inve-

508 3511 592 3566 nit
621 3515 1139 3584 resurrectionem,
1166 3515 1222 3568 id
1254 3520 1364 3585 est,
1389 3519 1450 3570 ut
1469 3515 1901 3586 redintegraret
1932 3515 2173 3569 cmlcste

506 3599 880 3671 beneﬁcium,
915 3604 1070 3674 quod
1103 3603 1306 3658 fraude
1339 3605 1527 3660 fuerat
1547 3604 1844 3674 serpentis
1862 3603 2170 3656 amissum.

509 3687 836 3762 Utrumque
849 3707 993 3764 ergo
1033 3685 1178 3747 359
1210 3709 1316 3763 pro
1331 3693 1522 3761 nobis,
1541 3693 1676 3764 quia
1689 3696 1741 3746 et
1758 3707 1918 3746 mors
1932 3691 2068 3746 ﬁnis
2083 3693 2174 3744 est

508 3783 904 3849 peccatorum,
937 3784 993 3835 et
1033 3782 1391 3836 resurrectio
1423 3785 1648 3836 naturae
1687 3785 1780 3836 est
1809 3780 2168 3835 reformatio.

581 3866 667 3922 18.
703 3867 1116 3923 Verumtamen
1144 3886 1217 3925 ne
1249 3871 1306 3924 in
1357 3871 1468 3926 hoc
1501 3872 1724 3925 saeculo
1757 3869 1974 3924 diaboli
2009 3868 2172 3924 fraus

508 3955 603 4009 vel
633 3955 866 4011 insidiae
889 3959 1301 4028 praavalerunt,
1324 3960 1620 4014 inventum
1646 3963 1734 4014 est
1755 3959 2063 4029 baptisma.
2091 3958 2172 4011 De

510 4059 627 4114 quo
657 4043 1006 4114 baptismate
1047 4048 1182 4101 audi
1217 4049 1355 4119 quid
1387 4049 1542 4103 dicat
1568 4049 1890 4118 Scriptura,
1925 4049 2042 4101 imo
2075 4046 2173 4100 Fi-

509 4130 626 4187 lius
668 4132 792 4203 Dei,
845 4135 982 4204 quia
1034 4135 1320 4190 t’hurismi
1377 4137 1477 4208 qui
1533 4138 1844 4191 noluerunt
1896 4134 2176 4205 baptizari

508 4219 804 4292 baptismo
835 4222 1102 4292 Joannis,
1137 4225 1446 4280 consilium
1482 4225 1584 4278 Dei
1627 4229 1979 4295 spreverunt
2010 4225 2171 4291 (an.

507 4324 608 4379 vii,
643 4310 753 4379 80).
791 4311 949 4382 Ergo
981 4312 1336 4383 baptismum
1359 4313 1672 4368 consilium
1695 4313 1799 4368 Dei
1820 4318 1930 4367 est.
1951 4311 2176 4377 Quanta

509 4402 600 4454 est
632 4399 840 4470 gratia,
873 4401 974 4454 ubi
1007 4404 1098 4456 est
1129 4403 1441 4456 consilium
1477 4403 1623 4456 Dei?

579 4488 666 4543 19.
701 4489 852 4544 Audi
887 4506 1067 4562 ergo;
1114 4507 1248 4545 nam
1296 4494 1357 4545 ut
1406 4491 1463 4545 in
1513 4491 1627 4545 hoc
1671 4506 1904 4562 quoque
1949 4491 2173 4544 saeculo

507 4593 701 4633 nexus
733 4579 952 4634 diaboli
987 4581 1342 4647 solveretur,
1393 4580 1692 4634 inventum
1741 4585 1831 4633 est
1880 4580 2175 4650 quomodo

509 4666 684 4723 homo
715 4669 889 4723 vivus
940 4673 1287 4738 moreretur,
1321 4673 1377 4724 et
1425 4669 1598 4724 vivus
1644 4673 1988 4740 resurgeret
2035 4669 2170 4736 (38).

507 4754 658 4819 Quid
687 4761 778 4811 est
808 4759 1022 4813 vivus?
1055 4759 1178 4813 l-loe
1211 4764 1322 4829 est,
1357 4759 1473 4812 vita
1493 4759 1762 4829 corporis
1789 4758 2016 4827 vivens,
2040 4774 2172 4811 ouzn

581 4898 863 4974 (37)_\‘et.
902 4901 1038 4974 edit.
1083 4919 1150 4955 ac
1188 4919 1334 4957 mss.
1379 4903 1622 4974 aliquot.
1651 4919 1783 4974 non
1823 4901 2017 4974 signa,
2068 4899 2176 4953 sed

509 4966 628 5023 ﬁde
650 4966 870 5044 {lion}.
905 4972 1063 5039 edit.,
1101 4991 1210 5044 non
1247 4975 1416 5044 signa
1441 4966 1550 5027 sint
1580 4972 1750 5030 ﬁdei:
1783 4966 2170 5044 meliusmss.

512 5041 868 5116 complures,
921 5059 1032 5094 non
1077 5043 1264 5115 signo,
1304 5041 1469 5099 —('tc.:
1522 5061 1653 5116 qltzc
1697 5043 1902 5097 Latinii
1937 5058 2172 5112 quoque

513 5110 852 5180 conjectura
892 5115 1001 5166 est.

525 5231 530 5236 .
583 5182 697 5254 (38)
731 5183 897 5236 item.
929 5184 1066 5237 edit.
1101 5186 1247 5254 sola,
1290 5186 1459 5239 rivus
1508 5192 1864 5252 moreretur,
1900 5193 1955 5239 et
2010 5186 2176 5238 virus

512 5260 886 5324 resurgeret.

583 5325 695 5398 (.39)
729 5324 1008 5398 Nonnulli
1039 5342 1208 5394 mss.,
1241 5327 1406 5398 Ergo
1435 5344 1578 5397 aqua
1611 5334 1701 5380 est
1735 5335 1920 5381 terra.

584 5397 696 5460 (40)
725 5397 868 5450 Cum
930 5398 1133 5451 formae
1183 5416 1214 5450 a
1264 5397 1571 5452 sacerdote
1630 5399 2020 5467 pronuntiatio
2077 5397 2173 5450 hic

516 5471 732 5523 mentio
766 5485 883 5522 non
914 5469 1030 5536 liat,
1055 5469 1356 5540 ambigere
1379 5469 1592 5540 aliquis
1611 5470 1799 5538 possit
1820 5486 1958 5523 num
1981 5469 2171 5538 ipsius

512 5542 704 5595 vicem
735 5544 916 5594 ternae
947 5540 1063 5594 illae
1113 5541 1514 5610 suppleverint
1564 5540 2060 5610 interrogationes
2106 5556 2175 5594 ac

513 5612 964 5682 responsiones.
982 5613 1197 5664 Verum
1219 5627 1346 5664 eam
1371 5627 1485 5682 non
1511 5611 1699 5664 fuisse
1717 5613 2180 5682 praetermissam

514 5681 720 5738 auctor
749 5683 900 5738 infra
931 5683 1076 5738 satis
1122 5683 1357 5751 indicat,
1393 5681 1491 5736 ubi
1543 5681 1656 5736 ait:
1708 5681 1774 5735 In
1829 5696 1938 5736 uno
1986 5688 2181 5736 autem

511 5757 748 5828 pomine
799 5755 1098 5830 baptizari
1143 5770 1248 5810 nos
1279 5753 1490 5827 jussit,
1535 5754 1643 5809 liae
1687 5758 1800 5824 est,
1843 5754 1903 5808 in
1952 5753 2184 5809 nomine

2284 641 2376 694 est
2403 655 2574 710 aqua,
2599 639 2716 694 nisi
2737 639 2809 694 de
2828 642 2985 694 terra
3019 637 3176 708 (39)?
3208 640 3425 696 Satistit
3450 659 3582 716 ergo
3609 649 3860 705 sententia

2285 728 2509 782 caelesti
2534 727 2664 782 sine
2696 728 2902 782 mortis
2933 731 3196 798 stupore.
3229 728 3391 794 Quod
3422 733 3643 804 mergis,
3663 736 3859 792 solvitur

2285 817 2574 870 sententia
2598 817 2722 870 illa:
2757 816 2944 871 Terra
2977 834 3062 886 es,
3083 824 3142 872 et
3164 818 3226 871 in
3256 823 3470 872 terrain
3487 819 3597 874 ibis
3626 821 3765 890 (Gen.
3793 841 3854 894 ιιι,

2285 903 2410 974 19);
2460 905 2694 975 impleta
2735 905 3044 974 sententia,
3077 906 3248 960 locus
3279 909 3368 960 est
3412 907 3674 964 beneficio
3709 927 3862 967 veme-

2283 992 2499 1064 dioque
2550 993 2798 1048 eoelcsti.
2847 993 3005 1066 Ergo
3055 1009 3204 1065 aqua
3251 994 3323 1049 de
3368 997 3535 1064 terra,
3566 999 3859 1066 possibilitas

2282 1083 2476 1136 autem
2507 1081 2642 1136 vitae
2674 1085 2896 1137 nostrae
2929 1099 3045 1137 non
3077 1082 3413 1138 admittebat
3441 1088 3500 1138 ut
3543 1088 3679 1140 terra
3709 1089 3860 1158 operi-

2282 1185 2500 1240 remur,
2535 1172 2591 1224 et
2621 1169 2694 1224 de
2723 1173 2876 1226 terra
2895 1187 3371 1243 resurgeremus.
3398 1172 3605 1230 Deinde
3624 1190 3724 1228 non
3744 1178 3860 1230 terra

2282 1257 2458 1326 lavat,
2505 1259 2610 1313 sed
2660 1274 2809 1333 aqua
2857 1259 3048 1330 lavat;
3098 1259 3229 1316 ideo
3272 1259 3406 1315 fons
3437 1261 3596 1335 quasi
3624 1263 3861 1334 sepultura

2283 1350 2395 1404 est.
2428 1371 2446 1388 ο

2913 1473 3164 1530 CAPUT
3197 1475 3319 1530 Vll.

2291 1613 2571 1688 Triplicis
2597 1615 3090 1688 interrogationis
3116 1621 3182 1688 et
3196 1615 3590 1688 immersionis
3601 1617 3860 1688 exemplum

2353 1687 2415 1740 in
2435 1687 2594 1758 trina
2607 1687 2994 1758 responsione
3008 1686 3185 1741 Petri
3195 1687 3494 1741 extitisse.
3504 1687 3680 1752 Quare
3691 1686 3791 1742 cuin
3804 1697 3866 1742 to-

2355 1764 2412 1810 ta
2443 1756 2962 1828 Trinitas'peceata
2985 1758 3265 1824 dimittat,
3292 1758 3514 1812 dicitur
3543 1775 3694 1812 unum
3714 1775 3865 1812 nomen

2354 1827 2580 1909 essein
2619 1827 2975 1909 quo’sal'vari
3012 1845 3116 1882 nos
3153 1835 3438 1909 epo'rteat,
3482 1841 3539 1883 et
3561 1846 3658 1900 qua
3692 1830 3866 1882 ratione

2207 1906 2260 1970 Β
2355 1899 2670 1972 Cliristoin
2685 1899 3449 1972 baptismoﬂcommoriamnr,
3469 1906 3630 1972 atque
3647 1915 3867 1972 ungamur

2352 1969 2414 2022 in
2453 1970 2628 2023 vitam
2657 1969 2942 2024 reternam
2959 1971 2987 2022 .9

2351 2111 2440 2166 20.
2512 2111 2914 2184 Interrogatus
2961 2128 3028 2167 es
3077 2113 3230 2182 (-10):
3283 2113 3492 2168 Credis
3523 2113 3578 2167 in
3615 2112 3772 2167 Deum
3793 2111 3872 2165 Pa-

2281 2202 2429 2254 trem
2469 2201 2972 2270 omnipotentem?
3011 2201 3257 2269 Dixisti;
3303 2201 3516 2271 Credo,
3556 2205 3608 2256 et
3648 2199 3872 2267 mersisti,

2281 2288 2394 2343 hoc
2413 2291 2523 2359 est,
2549 2289 2819 2359 sepultus
2857 2305 2944 2344 es.
2980 2290 3197 2345 Iterum
3240 2291 3635 2362 interrogatus
3661 2305 3754 2345 es:
3779 2287 3876 2342 Cre-

2282 2377 2376 2431 dis
2409 2377 2468 2431 in
2515 2377 2826 2432 Dominum
2871 2381 3138 2433 nostrum
3186 2379 3397 2433 Jesum
3439 2379 3733 2446 Christum,
3757 2379 3804 2430 et
3835 2377 3875 2430 in

2283 2481 2518 2520 crucem
2551 2465 2683 2536 ejus
2705 2469 2734 2520 ἱ)
2765 2467 2976 2522 Dixisti
3005 2483 3018 2536 ;
3056 2466 3267 2536 Credo,
3303 2470 3361 2522 et
3393 2467 3676 2535 mersisti;
3703 2466 3808 2520 ideo
3835 2467 3875 2518 et

2281 2553 2518 2608 Christo
2549 2571 2616 2609 es
2641 2556 3057 2624 consepultus:
3092 2556 3192 2627 qui
3223 2557 3382 2610 enim
3404 2555 3631 2610 Christo
3651 2568 3877 2622 consepe-

2282 2642 2439 2711 litur,
2481 2660 2613 2697 cum
2671 2644 2907 2698 Christo
2965 2645 3247 2716 resurgit.
3303 2645 3500 2700 Tertio
3553 2644 3913 2712 interrogatus

2285 2747 2380 2785 es:
2413 2733 2620 2786 Credis
2651 2736 2708 2786 et
2727 2733 2787 2787 in
2807 2733 3088 2804 Spiritum
3114 2737 3387 2788 sanctum
3407 2736 3434 2788 ?
3464 2733 3690 2786 Dixisti:
3719 2729 3878 2789 Credo.

2285 2820 2454 2875 tertio
2484 2822 2796 2876 mersisti?
2841 2826 2904 2876 ut
2933 2821 3316 2892 multiplicem
3367 2822 3591 2892 lapsum
3620 2818 3881 2889 superioris

2286 2908 2474 2963 aetatis
2507 2909 2842 2965 absolveret
2875 2911 3024 2964 trina
3057 2910 3390 2965 confessio.

2353 2997 2441 3051 21.
2470 2997 2732 3070 Denique
2759 3002 2822 3053 ut
2855 2999 3028 3054 vobis
3067 2998 3390 3054 aﬂ‘eramus
3422 2997 3750 3068 exemplum,
3787 3008 3884 3047 sau-

2285 3087 2415 3139 ctus
2433 3086 2738 3156 apostolus
2761 3087 2972 3142 Petrus
2995 3091 3386 3159 posteaquam
3417 3087 3475 3142 in
3497 3085 3752 3158 passione
3777 3071 3885 3136 360

2285 3174 2517 3229 Domini
2549 3174 2755 3246 lapsus
2785 3176 3088 3230 videretur
3118 3177 3460 3230 infirmitate
3483 3173 3800 3230 conditionis
3817 3170 3888 3223 hu-

2209 3259 2260 3321 C
2286 3279 2513 3332 mante;
2562 3263 2662 3334 qui
2711 3267 2879 3319 antea
2926 3267 3249 3336 negaverat
3283 3265 3424 3335 (41),
3456 3265 3654 3335 postea
3693 3264 3746 3316 ut
3766 3258 3886 3314 illum

2285 3352 2516 3422 lapsum
2546 3353 2809 3408 aboleret
2848 3357 2908 3408 et
2953 3354 3231 3422 solveret,
3282 3355 3456 3408 tertio
3505 3351 3886 3420 interrogatur:

2287 3439 2544 3508 Christo,
2579 3441 2631 3494 si
2681 3441 2977 3496 Christum
3011 3446 3270 3510 amaret;
3320 3445 3462 3496 tunc
3511 3440 3604 3495 ille
3641 3437 3789 3494 dicit:
3834 3431 3888 3486 Tu

2288 3529 2463 3598 nosti,
2501 3529 2767 3598 Domine,
2813 3530 2944 3601 quia
2963 3547 3090 3584 amo
3125 3537 3182 3584 te
3220 3531 3418 3600 (Joan.
3453 3547 3572 3598 XXI,
3606 3529 3704 3595 15).
3733 3522 3881 3578 Tertio

2285 3617 2452 3686 dixit,
2488 3622 2548 3671 ut
2579 3619 2748 3674 tertio
2781 3619 3208 3674 absolveretur.

2359 3706 2447 3760 22.
2479 3705 2577 3760 Sic
2609 3723 2754 3779 ergo
2804 3711 3110 3778 peccatum
3158 3708 3399 3763 dimittit
3449 3707 3634 3774 Pater,
3665 3703 3796 3758 sicut
3826 3699 3889 3752 di-

2289 3795 2459 3849 mittit
2483 3795 2680 3863 Filius,
2724 3796 2813 3850 sie
2835 3800 2891 3852 et
2921 3795 3175 3866 Spiritus
3212 3800 3483 3851 sanctus.
3521 3795 3582 3848 ln
3612 3807 3719 3847 uno
3745 3790 3890 3844 autem

2288 3883 2525 3938 nomine
2556 3885 2835 3953 baptizari
2886 3901 2998 3940 nos
3041 3885 3250 3956 jussit,
3296 3885 3412 3940 hoc
3465 3888 3572 3953 est,
3618 3883 3672 3936 in
3711 3876 3891 3934 nomine

2287 3972 2500 4037 Patris,
2537 3976 2593 4027 et
2622 3972 2770 4040 Filii,
2806 3976 2861 4027 et
2890 3974 3148 4044 Spiritus
3179 3974 3396 4028 sancti.
3423 3972 3553 4027 Noli
3587 3967 3765 4024 mirari
3791 3963 3888 4035 quia

2287 4060 2437 4114 dixit
2481 4077 2656 4115 unum
2710 4077 2923 4117 nomen
2971 4062 3072 4116 ubi
3125 4065 3236 4131 est,
3295 4077 3412 4116 una
3455 4058 3778 4123 substantia,
3811 4065 3894 4105 una

2288 4149 2587 4218 divinitas,
2613 4154 2727 4204 una
2769 4149 3072 4221 majestas.
3098 4151 3226 4205 Hoc
3262 4154 3358 4205 est
3386 4165 3595 4204 nomen
3621 4149 3686 4200 de
3709 4158 3804 4214 quo
3825 4139 3890 4192 di-

2290 4241 2447 4292 ctum
2477 4242 2568 4292 est
2594 4253 2606 4293 :
2650 4239 2717 4292 In
2749 4256 2856 4312 quo
2892 4245 3120 4310 oportet
3159 4256 3369 4294 οιιιιιοε
3400 4238 3597 4293 salvos
3624 4233 3746 4290 fieri
3775 4229 3892 4296 (Ac!-

2287 4343 2367 4396 iv,
2403 4327 2510 4395 1'2).
2545 4328 2606 4381 In
2637 4327 2750 4382 hoc
2792 4329 3025 4382 nomine
3066 4344 3274 4382 omnes
3310 4327 3519 4383 salvati
3550 4324 3706 4390 estis,
3733 4313 3894 4374 redditi

2289 4415 2437 4470 estis
2466 4417 2534 4469 ad
2558 4418 2804 4487 gratiam
2835 4417 2989 4471 vitae.

2359 4505 2428 4560 23
2457 4505 2678 4559 Clamat
2709 4521 2854 4577 ergo
2907 4506 3252 4576 Apostolus,
3288 4506 3450 4560 sicut
3494 4501 3728 4557 audistis
3753 4498 3802 4549 in
3830 4494 3894 4546 le-

2205 4613 2260 4676 D
2290 4594 2482 4648 ctione
2531 4595 2838 4665 praesenti:
2890 4594 3170 4659 Quoniam
3217 4595 3549 4666 quit-anque
3597 4587 3894 4676 baptizatur,

2291 4683 2353 4736 in
2392 4690 2583 4738 morte
2623 4683 2765 4738 Jesn
2812 4683 3155 4757 baptizatur
3182 4683 3377 4748 (Item.
3429 4699 3507 4752 v1,
3555 4681 3626 4750 8).
3667 4676 3791 4741 Quid
3832 4671 3898 4724 est

2290 4772 2347 4826 in
2381 4776 2566 4828 morte
2588 4774 2616 4828 ?
2666 4773 2742 4828 Ut
2771 4773 3064 4844 quomodo
3097 4772 3379 4826 Christus
3419 4773 3676 4826 mortuus
3710 4766 3803 4830 est,
3830 4758 3895 4810 sic

2291 4915 2517 4980 Patris,
2537 4921 2594 4968 et
2610 4914 2771 4981 Filii,
2787 4921 2844 4969 et
2869 4915 3365 4986 Spirilussanrti.
3383 4918 3494 4987 etc.
3513 4908 3800 4987 Dicendum
3813 4904 3894 4971 igio

2291 4989 2384 5040 tur
2405 5002 2520 5040 non
2545 4983 2926 5056 interpositus
2945 4987 3200 5057 singulis
3231 4983 3705 5057 iinmersionilms
3727 4983 3892 5057 sing“:

2289 5059 2376 5111 lus
2401 5051 2916 5129 interrogationes,
2943 5051 3300 5129 secl'omnes
3329 5057 3552 5129 eisdem
3594 5051 3751 5129 simul
3779 5059 3893 5129 prii)-

2291 5130 2508 5182 missas
2541 5114 2698 5196 esse,
2731 5114 3386 5200 quemadmodumifieri
3438 5114 3798 5200 consuevisse
3823 5114 3893 5168 di-

2290 5201 2568 5254 scimuse
2604 5194 2869 5254 Santi-2m.
2893 5201 3166 5270 (ii-egon,
3208 5199 3439 5252 Ordine
3461 5199 3638 5262 Itom.,
3677 5194 3892 5270 Sa‘rrafit

2291 5277 2348 5323 (ιι
2382 5271 2595 5340 Liturg
2641 5270 2873 5337 Gallica,
2908 5255 3165 5324 Teriull.’
3191 5271 3351 5338 Adv.
3386 5255 3692 5340 Praxeain,
3722 5255 3895 5340 C}'I_'_i_”0

2292 5342 2526 5396 llieros.
2555 5331 2803 5396 'Caterh.
2849 5331 3110 5412 .ilystag.
3143 5342 3196 5408 ‘2,
3229 5331 3734 5412 compluribusque
3769 5331 3892 5412 aliis.

2289 5412 2567 5486 Qurcirca
2588 5414 2642 5486 ni
2653 5413 2728 5466 hil
2744 5401 3036 5467 οὶὶυιὶιιιοα
3053 5401 3564 5486 Ῑὸοοὸοδὶέιιιιίιιγ.
3581 5401 3686 5462 nisi
3699 5401 3892 5486 easdem

2287 5476 2786 5556 interrogationes
2814 5502 2881 5538 ac
2914 5485 3246 5556 mei-siones
3281 5476 3634 5556 respondere
3663 5476 3765 5556 sibi
3794 5484 3894 5522 mu-

2288 5559 2407 5624 tuo,
2442 5544 2558 5609 ιιοῖι
2589 5555 2826 5626 quidem
2857 5555 3190 5610 celebrandi
3224 5544 3452 5618 ordine,
3488 5551 3591 5607 sed
3637 5544 3895 5603 celebran-

2287 5627 2452 5692 tium,
2488 5630 2549 5679 ut
2579 5627 2666 5679 sic
2698 5627 3024 5696 loquamur,
3061 5626 3400 5680 intentione.

2360 5699 2472 5768 (~11)
2509 5698 2674 5754 110m.
2709 5698 2847 5768 edit,
2881 5699 3012 5772 quia
3047 5706 3141 5754 ter
3173 5701 3518 5770 negaverat.
