4024 6176
155 291 248 359 449
1225 281 1335 350 DE
1376 265 1974 352 SACRAMENTIS
2020 284 2180 348 LIB.
2230 281 2339 352 m.

3378 288 3500 356 450

133 502 177 552 et
199 499 234 548 tn
254 494 470 546 mortem
524 489 812 560 degustes
849 505 860 543 :
897 488 1191 559 quomodo
1239 487 1514 542 Christus
1558 503 1718 542 mor-
1748 469 1805 529 Α
1903 484 1992 542 ‘24.
2036 487 2194 558 Ergo
2213 487 2476 541 mersisti
2509 488 2619 556 (De
2651 486 2893 544 Cnnsec.
2928 490 3063 544 dist.
3097 491 3149 560 4,
3183 507 3310 561 cap.
3333 493 3497 547 Mer-

137 589 222 637 taus
242 583 315 633 est
344 582 594 648 peccato,
627 581 699 631 et'
716 577 836 632 Deo
867 579 1041 645 vivit;
1087 579 1163 630 ita
1195 581 1251 631 et
1297 581 1358 631 tu
1388 578 1720 646 superiori-

133 674 201 726 bas
222 667 492 722 illecebris
525 670 899 736 peccatorum
932 669 1200 719 mortuus
1250 666 1337 718 sis
1385 680 1491 736 per
1533 665 1720 734 bapti-

130 759 247 810 matis
287 759 724 821 sacramentum,
795 760 850 807 et
898 754 1237 808 surrexeris
1299 769 1406 823 per
1472 753 1720 823 gratiam

126 844 304 897 Christi.
336 844 487 896 Mors
518 858 660 912 ergo
691 847 802 911 est,
836 842 940 896 sed
990 858 1107 896 non
1143 844 1212 895 in
1262 843 1468 896 mortis
1513 857 1720 911 corpo-

115 933 216 987 ralis
241 932 478 998 veritate,
513 931 616 984 sed
649 931 709 983 in
742 931 1157 999 similitudine;
1212 947 1343 984 cum
1375 931 1527 984 enim
1562 945 1718 982 mer-

109 1021 190 1090 gis,
218 1020 397 1073 mortis
430 1019 690 1088 suscipis
739 1023 794 1072 et
847 1019 1168 1088 sepulturae
1219 1018 1666 1072 similitudinem
1702 1034 1713 1072 :

107 1109 255 1161 crucis
294 1108 438 1160 illius
486 1107 708 1176 accipis
762 1111 1200 1161 sacramentum
1253 1107 1386 1175 (42),
1453 1107 1609 1177 quod
1659 1107 1718 1160 in

107 1212 236 1250 cruce
261 1196 516 1250 Christus
539 1195 834 1265 pependit,
871 1199 927 1250 et
944 1196 1130 1249 clavis
1157 1196 1451 1249 conﬁxum
1474 1200 1563 1248 est
1583 1195 1715 1264 ejus

107 1300 292 1353 corpus.
333 1284 414 1338 Tu
443 1299 586 1355 ergo
620 1300 751 1337 cum
784 1284 1180 1355 crucifigeris,
1234 1283 1472 1337 Christo
1514 1284 1717 1337 adhae-

107 1388 195 1441 res,
245 1373 378 1425 clavi
435 1372 667 1426 Domini
717 1374 908 1427 nostri
954 1373 1100 1426 Jcsu
1147 1373 1373 1426 Christi
1421 1373 1714 1441 adhaeres,

106 1464 223 1514 nete
249 1461 500 1515 diabolus
534 1461 728 1530 possit
757 1461 1126 1515 abstrahere.
1175 1461 1393 1515 Teneat
1427 1465 1479 1514 te
1513 1461 1716 1514 clavus

109 1548 300 1617 Christi,
327 1565 494 1620 quem
527 1553 768 1604 revocat
797 1550 1067 1604 humanae
1102 1549 1456 1604 conditionis
1479 1549 1718 1602 infirmi-

111 1640 191 1691 tas.

153 1779 240 1846 (42)
273 1779 515 1834 Ctarom.
569 1779 723 1849 cod.,
773 1780 973 1850 accipe
1023 1787 1415 1835 sacramenta.
1467 1779 1537 1834 Et
1587 1783 1720 1850 post
1753 1764 1804 1826 Β

103 1865 260 1932 pauca,
291 1866 387 1932 pro
422 1851 668 1932 Christo
694 1851 993 1932 adhaeres,
1026 1851 1170 1932 legit
1203 1852 1447 1906 Christo
1493 1851 1716 1920 aderis,

102 1919 216 1973 {orte
243 1919 493 1990 adderis,
527 1921 584 1974 id
617 1925 728 1990 est,
762 1919 1134 1992 adjungeris.
1704 1919 1709 1920 ί

150 1990 238 2058 (43)
275 1991 404 2046 Haec
468 1992 657 2046 oratio
700 1993 761 2045 in
809 1993 1076 2046 Sacram.
1133 1993 1365 2058 Gregor
1411 1995 1468 2046 et
1514 1992 1718 2047 Gallic.

99 2076 181 2133 πλεο
206 2077 310 2115 non
339 2063 396 2115 in
424 2063 656 2116 Missali
686 2078 921 2133 quoque
952 2063 1136 2117 veteri
1167 2063 1372 2118 Gallic.
1406 2064 1716 2132 reperitur.

101 2130 165 2203 Ex
192 2148 285 2203 qua
313 2137 460 2202 patet
493 2130 742 2188 formam
778 2130 1260 2203 conﬁrmationis,
1314 2135 1368 2187 si
1415 2130 1607 2187 tamen
1651 2135 1721 2188 de

98 2202 293 2275 illarhic
354 2205 548 2274 agitur
607 2205 1039 2274 deprecativam
1101 2202 1259 2274 esse,
1329 2204 1485 2275 quod
1549 2205 1720 2258 etiam

100 2273 301 2358 probare
364 2273 496 2357 licet
560 2291 635 2328 ex
683 2273 929 2358 Tertull,
977 2275 1076 2328 lib.
1130 2276 1223 2356 De
1264 2273 1584 2346 Baptismo,
1647 2292 1723 2329 ex

100 2345 342 2413 Lypnano
389 2349 560 2414 epist.
597 2345 685 2414 73,
738 2361 813 2400 ex
859 2347 1102 2400 Hieron.
1147 2347 1287 2400 Dial
1328 2347 1567 2402 advers.
1606 2347 1723 2400 Lu-

95 2387 710 2487 ᾧῖῖλᾞὲιιέἵῖἷὺίῖἀί
739 2387 828 2472 He
859 2387 1104 2485 ϊὲἲὲῧὶἷζ
1139 2387 1498 2472 {castra
1520 2387 1723 2484 3,739

273 2483 390 2558 cap.
439 2486 528 2557 26,
580 2491 637 2543 et
681 2487 783 2543 lib.
833 2505 891 2543 v1
939 2483 1172 2560 Origin.
1224 2504 1331 2560 cap
1400 2489 1502 2544 ult.
1549 2483 1722 2560 atque

146 2574 173 2609 ll
209 2599 220 2612 .

1836 575 2015 644 sisti),
2084 575 2294 630 venisti
2357 579 2430 630 ad
2491 578 2856 631 sacerdotem
2909 594 2920 632 :
2969 579 3107 649 quid
3157 580 3258 633 tibi
3311 580 3500 635 dixit?

1837 663 1993 718 Deus
2026 663 2156 732 (43),
2193 665 2398 736 inquit,
2433 665 2605 719 Pater
2635 667 3004 735 omnipotens
3029 667 3128 738 qui
3157 671 3212 721 te
3242 684 3495 740 regene-

1835 754 1984 806 ravit
2032 768 2105 805 ex
2136 769 2285 823 aqua
2317 759 2372 808 et
2420 753 2639 823 Spiritu
2681 758 2909 822 sancto,
2946 757 3360 827 concessitque
3390 757 3496 810 tibi

1834 844 2071 910 peccata
2104 845 2220 910 tua,
2254 841 2382 911 ipse
2415 847 2468 895 te
2502 845 2684 912 ungat
2713 842 2772 894 in
2802 842 2981 895 vitam
3013 847 3311 898 aeternam.
3350 845 3495 900 Vide

1833 929 1933 984 ubi
1977 933 2192 983 unctus
2241 945 2306 984 es
2342 945 2355 984 :
2391 931 2450 983 in
2501 930 2699 998 vitam,
2750 930 2958 1000 inquit,
3013 936 3309 986 aeternam.
3360 931 3498 986 Noli

1833 1017 1984 1071 hanc
2017 1020 2192 1071 vitam
2224 1019 2305 1070 illi
2340 1019 2474 1071 vitae
2508 1019 2619 1085 (-M)
2651 1018 2964 1072 anteferre.
3003 1019 3181 1073 Verbi
3205 1020 3410 1090 gratia,
3445 1022 3500 1074 si

1833 1111 2118 1177 exsurgat
2147 1107 2420 1160 inimicus
2450 1107 2685 1176 aliquis,
2739 1107 2789 1160 si
2823 1107 2964 1160 velit
2995 1107 3098 1160 tibi
3132 1108 3305 1161 fidem
3340 1111 3498 1162 tuam

1830 1194 2082 1263 auferre,
2117 1195 2169 1246 si
2203 1196 2454 1250 minatur
2486 1199 2748 1263 mortem,
2784 1199 2842 1248 ut
2876 1196 3490 1266 prmvariceturquis-

1832 1299 2026 1354 quam,
2058 1283 2190 1336 vide
2221 1284 2359 1354 quid
2392 1283 2581 1354 eligas
2621 1301 2631 1337 :
2668 1283 2788 1338 noli
2820 1283 3041 1354 eligere
3093 1283 3235 1338 illud
3284 1285 3344 1338 in
3383 1299 3500 1354 quo

1832 1388 1948 1426 non
1984 1388 2050 1425 es
2083 1376 2293 1425 unctus
2323 1371 2456 1441 (45),
2491 1372 2598 1426 sed
2629 1372 2783 1444 elige
2815 1373 2957 1426 illud
3010 1373 3070 1426 in
3120 1387 3236 1443 quo
3284 1375 3500 1427 unctus

1833 1476 1920 1529 es,
1955 1462 2016 1513 ut
2047 1459 2224 1513 vitam
2255 1463 2533 1514 aeternam
2567 1461 2701 1514 vita:
2725 1459 3010 1530 praeferas
3029 1461 3354 1532 temporali.
3389 1462 3505 1518 Per

1833 1547 2133 1602 Christum
2166 1549 2475 1603 Dominum
2510 1551 2798 1604 nostrum.
2831 1553 3037 1604 Amen.

1906 1780 2018 1848 (41)
2063 1780 2186 1834 Lat.
2225 1778 2490 1833 Latinius
2525 1778 2766 1851 conjicit
2795 1777 3132 1852 legendum,
3179 1777 3283 1834 ulli
3317 1779 3500 1852 vitae:

1837 1852 1942 1905 sed
1988 1867 2274 1922 quorsum
2324 1867 2392 1906 ea
2437 1853 2754 1906 mutatione
2801 1851 2951 1921 opus
3001 1853 3098 1920 sit,
3161 1867 3280 1907 non
3331 1851 3500 1906 vide-

1835 1938 1988 1975 IDUS.

1907 1994 2019 2061 (45)
2061 1993 2208 2046 Mss.
2259 2008 2442 2061 prepe
2491 1993 2776 2065 universi,
2831 1991 3074 2065 omissis
3124 1992 3186 2065 in
3237 2009 3344 2065 quo
3388 2009 3500 2048 non

1839 2070 1929 2116 est
1963 2071 2186 2127 unctus,
2223 2071 2276 2115 et
2312 2066 2625 2130 postremis
2679 2064 2795 2116 illis
2844 2079 2954 2134 per
2988 2063 3308 2129 Christum,
3362 2069 3498 2134 etc.,

1837 2135 2032 2188 locum
2083 2134 2436 2206 sicgliabcnt
2469 2135 2668 2206 :_ri\'uli
2715 2134 2942 2203 eligere
2975 2155 2992 2187 :
3025 2135 3256 2206 Benig.,
3306 2135 3502 2204 negli-

1836 2220 2003 2275 gere,
2058 2204 2202 2256 illud
2234 2224 2249 2256 :
2283 2204 2391 2256 sed
2439 2203 2593 2271 elige
2644 2205 2704 2256 in
2755 2220 2862 2274 quo
2913 2211 3119 2258 unctus
3163 2203 3247 2270 es,
3299 2203 3497 2275 vitam,

1837 2280 1948 2329 etc.
2013 2275 2130 2328 Sed
2195 2290 2325 2327 cum
2387 2275 2698 2328 lectionem
2747 2279 3011 2328 nostram
3064 2275 3194 2328 cod.
3246 2275 3499 2331 Clarom.

1837 2349 2184 2415 cunctaeque
2233 2344 2369 2398 edit.
2421 2344 2759 2414 praeferant,
2811 2345 3092 2398 credibile
3141 2349 3236 2400 est
3282 2347 3376 2400 hic
3419 2347 3504 2400 la-

1837 2432 2047 2471 cunam
2076 2432 2212 2470 esse
2245 2416 2554 2488 scriptoris
2585 2416 2803 2470 veteris
2834 2415 3090 2488 alicujus
3106 2416 3498 2488 exemplaris,

1835 2488 1989 2542 unde
2021 2488 2361 2558 transcripti
2389 2487 2488 2541 alii
2519 2485 2774 2557 fuerunt,
2809 2485 3241 2542 ascribendam.

1370 2835 1670 2915 LIBER
1718 2834 2178 2916 TEBTIUS‘

450 3119 594 3187 361
647 3126 898 3186 CAPUT
940 3128 1262 3188 PRIMUM.

99 3249 246 3314 Quare
273 3256 328 3308 in
356 3256 651 3328 baptismo
682 3256 944 3310 demersi
975 3273 1041 3311 ac
1087 3257 1374 3311 rivi/icati
1415 3257 1712 3327 recipiant

146 3327 456 3408 unguentum
505 3327 827 3408 incapite,
883 3334 940 3408 et
989 3328 1128 3408 quid
1159 3330 1240 3380 sit
1280 3329 1661 3408 regeneratio
1693 3348 1709 3381 .·

148 3410 232 3470 qua
252 3395 478 3470 ratione
510 3395 696 3452 etiam
723 3415 829 3452 nos
852 3395 1042 3468 piscis
1074 3400 1139 3470 in
1166 3399 1319 3452 mari
1352 3395 1560 3452 saeculi
1607 3399 1710 3451 hu-

137 3468 452 3540 jusimitari
485 3477 759 3540 naturam
791 3474 1072 3540 oporteat.
1107 3469 1252 3522 Item
1303 3470 1376 3523 de
1421 3470 1711 3540 mysterio

147 3535 347 3592 lotionis
369 3541 609 3610 pedum,
645 3535 978 3610 cujus‘licet
1025 3555 1164 3593 usus
1194 3541 1254 3592 in
1284 3535 1558 3593 Ecclesia
1589 3539 1708 3593 Ro-

147 3622 281 3729 malua
326 3627 434 3664 non
485 3610 772 3676 obtineat,
829 3611 1057 3664 utilitas
1104 3610 1259 3664 haud
1289 3626 1478 3681 parva
1509 3610 1708 3664 decla-

149 3693 201 3728 ra
228 3695 305 3729 ur.

149 3693 305 3734 ratur.

145 3799 181 3853 t.
217 3801 488 3861 Hesterno
521 3805 618 3859 die
650 3804 762 3873 (46)
796 3804 867 3858 de
900 3804 1059 3858 fonte
1091 3804 1546 3874 disputavimus,
1602 3821 1708 3858 cu-

94 3883 168 3953 jus
190 3894 397 3960 species
426 3894 612 3948 veluti
644 3893 914 3964 quaedam
945 3893 1206 3963 sepulcri
1237 3892 1424 3947 forma
1473 3896 1598 3961 est;
1649 3893 1707 3947 in

100 3989 246 4046 quem,
275 3982 579 4036 credentes
611 3982 670 4035 in
702 3982 952 4050 Patrem,
986 3985 1042 4036 et
1072 3980 1302 4048 Filium,
1337 3984 1393 4035 et
1421 3981 1707 4051 Spiritum

100 4071 330 4138 sanctum,
379 4071 702 4140 recipimur
749 4074 806 4124 et
853 4070 1254 4140 demergimur
1293 4073 1350 4124 et
1379 4070 1706 4140 surgimus,

101 4148 182 4204 hoc
218 4162 313 4225 est,
360 4160 811 4214 resuscitamur.
859 4159 1101 4228 Accipis
1142 4163 1336 4212 autem
1377 4167 1554 4239 μύρον,
1597 4158 1710 4212 hoc

102 4246 166 4293 est
189 4253 523 4316 unguentum
559 4248 670 4317 (4⁸7)
703 4263 884 4318 supra
917 4251 1090 4318 caput
1121 4247 1231 4315 (De
1267 4247 1509 4301 Consec.
1544 4247 1704 4315 dist.,

102 4329 348 4402 .-lccepisti
375 4341 579 4409 myst.)
611 4335 801 4400 Quare
833 4352 1011 4406 supra
1046 4337 1259 4404 caput?
1300 4334 1444 4398 Quia
1493 4351 1712 4390 sensus

104 4421 330 4487 sapientis
375 4427 430 4478 in
483 4427 672 4494 capite
722 4424 879 4495 ejus,
927 4424 1204 4478 Salomon
1253 4425 1330 4476 ait
1362 4424 1618 4492 (Eccles.
1652 4441 1712 4492 ιι,

107 4503 195 4574 Hi;
235 4511 394 4582 friget
439 4515 595 4567 enim
648 4513 934 4582 sapientia
982 4513 1112 4566 sine
1160 4512 1349 4583 gratia
1395 4529 1406 4566 :

107 4597 300 4660 gratiam
329 4602 617 4671 acceperit
651 4603 956 4670 sapientia,
1002 4604 1142 4654 tunc
1171 4616 1322 4670 opus
1353 4599 1486 4671 ejus
1517 4600 1719 4669 incipit

107 4694 207 4736 esse
235 4689 560 4754 perfectum.
599 4690 739 4743 Haec
773 4689 1144 4760 regeneratio
1176 4689 1392 4742 dicitur
1421 4687 1554 4758 (48).

157 4769 196 4823 :2.
229 4773 360 4838 Quid
387 4781 476 4832 est
506 4777 881 4849 regeneratio
905 4779 932 4832 ‘?
978 4777 1178 4832 Habes
1211 4777 1270 4830 in
1301 4777 1548 4831 Actibus
1579 4791 1717 4846 apo-

163 4911 249 4989 i-tti)
283 4916 493 4972 Vocula
524 4919 624 4974 die
656 4920 714 4972 in
744 4934 892 4973 mss.
933 4935 1116 4989 prOpc
1162 4918 1438 4972 omnibus
1473 4917 1716 4989 deside-

115 4984 247 5059 ratur,
287 4989 384 5042 sed
433 4994 626 5044 exstat
677 4992 735 5043 in
783 4984 1246 5044 editfomnibus
1283 5008 1293 5044 ε
1331 4988 1486 5059 quod
1524 4992 1717 5042 autem

118 5047 244 5132 liora.
271 5059 394 5132 edit.
425 5063 558 5114 voci
591 5062 665 5115 de
687 5062 870 5132 fonte,
905 5061 1296 5132 subjunxerat
1317 5047 1713 5131 baptismatis,

118 5118 157 5169 id
176 5124 660 5206 [Sine‘cujusquam
693 5118 986 5206 suffragio
1013 5118 1254 5206 iecerat.

155 5194 252 5268 ,εξείῆ
285 5194 657 5272 Omnes-edit.
693 5219 760 5255 ac
792 5194 939 5256 mss.
974 5203 1150 5272 longe
1189 5200 1718 5272 plurimi,_gmj'ste-

122 5273 248 5346 figam,
275 5270 507 5346 hoc_e_st,
548 5279 917 5346 unguentum,
971 5270 1222 5346 Gemet.,
1278 5270 1719 5338 Pratell.,‘Cm-

123 5343 236 5414 50m.
263 5354 318 5393 ac
345 5341 552 5398 Teller.
587 5341 644 5398 1Ῐ
671 5343 993 5414 praeferunt
1023 5344 1232 5412 partim
1261 5358 1548 5409 murram,
1590 5357 1722 5410 par-

123 5402 194 5494 tim
217 5424 468 5494 myrram,
503 5419 613 5469 etc.
649 5402 763 5470 Sed
783 5402 1096 5485 legendum
1119 5421 1292 5494 μύρον.
1322 5402 1566 5494 eamqué
1590 5402 1724 5494 ἐπ’

126 5491 298 5561 Bagam
325 5490 624 5549 lectionem
655 5509 794 5549 esse
823 5508 994 5548 nemo
1026 5490 1303 5547 cordatus
1335 5491 1441 5546 ibit
1470 5491 1720 5561 inﬁcias:

130 5549 334 5638 {tiam},
364 5578 466 5632 pro
487 5565 605 5638 sed
616 5565 716 5620 ubi
735 5566 1182 5638 gratiam,jetc.,
1210 5578 1392 5638 mssa.
1415 5577 1532 5638 non
1553 5555 1728 5634 pauci

130 5616 270 5712 [25qu
292 5616 764 5712 laetaturae:
777 5616 1033 5712 sane
1054 5616 1259 5712 ﬁeri
1279 5616 1572 5712 “emptam
1592 5647 1728 5690 esse

129 5695 352 5780 perfecta,
380 5704 502 5767 haec
529 5695 912 5790 regeneratio
941 5695 1184 5772 dicitur.

1746 3130 1795 3190 Ο
1833 3087 2122 3190 stolorum
2160 3088 2316 3190 (Act.
2352 3106 2478 3157 xm,
2508 3086 2645 3190 33),‘
2675 3090 2832 3190 quoii
2881 3090 2978 3145 ille
3023 3087 3362 3144 versiculus
3404 3087 3507 3160 qui

1831 3177 2045 3232 dicitur
2077 3178 2135 3230 in
2166 3176 2394 3247 psalmo
2425 3177 2689 3231 secundo
2724 3193 2735 3232 :
2771 3177 2965 3232 Filius
2996 3195 3160 3232 meus
3189 3193 3255 3232 es
3286 3184 3363 3245 tu,
3399 3193 3509 3248 ego

1831 3266 2006 3320 hodie
2034 3266 2213 3337 genui
2246 3273 2322 3335 te,
2356 3266 2426 3319 ad
2459 3266 2954 3320 resurrectionem
2987 3271 3256 3335 spectare
3300 3265 3507 3318 videa-

1829 3357 1941 3408 tur.
1975 3355 2240 3424 Namque
2270 3356 2514 3408 sanctus
2544 3354 2848 3424 apostolus
2882 3354 3091 3408 Petrus
3125 3353 3236 3421 (49)
3268 3353 3328 3406 in
3351 3353 3508 3406 Acti-

1828 3442 1943 3497 bus
1974 3443 2375 3512 apostolorum
2409 3443 2496 3496 sic
2547 3444 2963 3512 interpretatus
3009 3445 3118 3511 est,
3167 3441 3324 3513 quod
3365 3444 3507 3496 tunc

1828 3532 2061 3602 quando
2094 3531 2422 3585 resurrexit
2451 3531 2638 3584 Filius
2668 3547 2700 3583 a
2731 3531 2999 3599 mortuis,
3037 3530 3229 3584 Patris
3259 3545 3379 3584 vox
3407 3544 3508 3584 re-

1828 3620 2135 3674 sultaverit
2166 3635 2178 3674 :
2213 3619 2403 3673 Filius
2433 3635 2598 3673 meus
2629 3635 2694 3673 es
2727 3625 2804 3688 tu,
2859 3635 2965 3690 ego
3010 3619 3186 3673 hodie
3229 3618 3410 3689 genui
3450 3624 3510 3672 te

1827 3707 2014 3776 (l’sal.
2050 3725 2110 3776 ιι,
2143 3709 2218 3776 Ἳ).
2262 3707 2430 3760 Unde
2462 3710 2519 3761 et
2547 3707 2980 3778 primogenitae
3012 3723 3044 3760 a
3076 3706 3325 3760 mortuis
3356 3706 3509 3759 dici-

1826 3803 1938 3850 tur.
1965 3795 2124 3867 Ergo
2148 3795 2508 3850 resurrectio
2533 3795 2672 3866 quid
2695 3799 2804 3863 est,
2831 3797 2946 3849 nisi
2971 3795 3206 3866 quando
3228 3794 3299 3848 de
3320 3797 3508 3849 morte

1827 3885 1898 3938 ad
1929 3885 2107 3938 vitam
2140 3884 2552 3955 resurgimus?
2597 3882 2696 3937 Sic
2745 3899 2888 3954 ergo
2939 3886 2995 3937 et
3043 3883 3104 3936 in
3131 3883 3507 3968 baptismate,

1827 3973 2103 4043 quoniam
2152 3972 2474 4026 similitudo
2521 3971 2728 4026 mortis
2778 3975 2888 4040 est,
2956 3971 3086 4025 sine
3136 3971 3315 4024 dubio
3370 3971 3510 4025 dum

1828 4061 2052 4132 mergis
2099 4064 2154 4114 et
2201 4060 2495 4132 resurgis,
2543 4059 2866 4114 similitudo
2914 4061 2977 4113 fit
3025 4059 3508 4114 resurrectionis.

1832 4151 2012 4204 Recte
2063 4150 2258 4219 itaque
2299 4149 2629 4202 secundum
2677 4148 3219 4218 interpretationem
3257 4140 3512 4217 apostoli

1831 4238 1987 4292 Petri
2019 4239 2174 4292 sicut
2202 4237 2299 4291 illa
2332 4237 2690 4292 resurrectio
2723 4236 3094 4308 regeneratio
3147 4235 3277 4304 fuit,
3332 4235 3408 4288 ita
3455 4235 3515 4289 et

1832 4327 1946 4381 ista
1975 4327 2336 4380 resurrectio
2368 4325 2741 4396 regeneratio
2775 4328 2885 4378 est.

1903 4416 1956 4469 3.
1999 4415 2116 4469 Sed
2147 4414 2287 4484 quid
2336 4414 2487 4466 dicis
2529 4413 2664 4484 quia
2715 4413 2776 4467 in
2816 4429 3027 4483 aquam
3061 4411 3328 4481 mergis?
3371 4409 3508 4463 Ideo

1461 4513 1569 4566 sed
1615 4511 1718 4566 ubi
1750 4533 1801 4594 D
1834 4503 2258 4573 peregrinaris,
2294 4501 2426 4555 ideo
2459 4505 2512 4555 te
2535 4501 2820 4555 dubitatio
2843 4502 3042 4554 tenet?
3075 4500 3357 4569 Legimus
3381 4498 3510 4566 qui-

1836 4593 1968 4645 dem
1999 4607 2011 4645 :
2046 4590 2345 4644 Producat
2381 4595 2544 4643 terra
2577 4606 2654 4643 ex
2681 4606 2747 4642 se
2779 4589 3035 4641 fructum
3066 4586 3505 4657 germinantem

1836 4680 2008 4748 (Gen.
2041 4696 2079 4748 ι,
2116 4677 2223 4748 tl).
2275 4677 2555 4731 Similiter
2595 4679 2652 4730 et
2680 4677 2752 4730 de
2784 4675 2954 4744 aquis
2987 4673 3190 4744 legisti
3224 4688 3236 4727 :
3272 4671 3511 4726 Produ-

1837 4775 1970 4822 cant
2002 4783 2163 4839 aqum
2193 4765 2512 4820 animantia
2557 4763 2735 4832 (Ibid.
2768 4762 2885 4830 ΞΟ),
2917 4765 2976 4815 et
3003 4764 3135 4815 nata
3186 4765 3325 4815 sunt
3371 4760 3508 4815 ani-

1906 4910 2019 4980 (48)
2057 4909 2205 4980 Mss.
2239 4922 2355 4960 non
2386 4904 2577 4975 pauci,
2611 4904 2722 4980 sed
2867 4903 3064 4974 gratia
3098 4903 3344 4974 cceperit
3375 4916 3512 4958 esse

1830 4974 2120 5054 perfecta,
2156 4979 2280 5032 haec
2311 4974 2693 5054 regeneratio
2723 4974 2964 5054 dicitur;

1907 5053 2018 5119 (49)
2061 5041 2229 5104 Rom.
2265 5041 2559 5119 edit'sola,
2594 5043 2889 5119 apostolus
2919 5042 3159 5119 Paulus.
3197 5041 3511 5119 Etiterum

1837 5113 1950 5178 sub
1981 5113 2154 5175 tinem
2186 5117 2367 5188 hujus
2417 5132 2598 5183 num.,
2625 5113 3196 5188 interpretationem
3237 5113 3512 5185 Apostoli

1837 5196 1991 5248 sicut
2024 5191 2144 5252 illa,
2180 5185 2291 5243 etc'.
2324 5188 2440 5242 Sed
2469 5187 2768 5240 memoriis
2801 5185 3033 5254 lapsum
3063 5185 3354 5239 malumus
3377 5200 3512 5242 auo-2

1838 5265 1952 5320 tori
1982 5261 2320 5327 attribuere,
2356 5273 2530 5328 quam
2565 5259 2876 5328 corruptos
2909 5271 3116 5309 omnes
3162 5260 3221 5310 et
3267 5271 3418 5328 mas.
3451 5259 3511 5313 et

1839 5339 1956 5390 vet.
1991 5333 2128 5387 edit.
2160 5326 2521 5384 existimare.
2553 5327 2842 5382 Continuo
2874 5342 3016 5398 vero
3049 5329 3204 5398 post,
3235 5326 3354 5398 ubi,
3379 5341 3510 5380 om-

1842 5421 1950 5462 nes
1983 5403 2120 5459 edit.
2152 5417 2220 5455 ac
2251 5415 2398 5454 mss.
2431 5398 2673 5470 aliquot,
2707 5400 2863 5470 sicut
2889 5397 2994 5470 illa
3015 5397 3390 5470 resurrectio
3408 5411 3512 5466 ge-

1845 5476 2079 5532 neratio
2131 5471 2266 5540 fuit,
2299 5471 2501 5543 plures
2531 5468 2613 5523 iac
2657 5468 2920 5540 potiores
2961 5468 3291 5543 habent.....
3326 5480 3510 5534 rege-

1845 5546 2080 5604 neratio
2131 5543 2267 5599 fuit.
2313 5542 2593 5614 Alteram
2634 5544 2834 5614 autem
2889 5542 3114 5614 partem
3182 5552 3330 5591 mss.
3388 5549 3508 5614 non

1845 5617 2018 5691 pauci
2049 5616 2345 5691 invertunt
2375 5611 2715 5691 hoc_modo,
2749 5611 2832 5668 ita
2865 5617 2924 5691 et
2955 5610 3092 5691 ista.
3120 5610 3509 5691 regeneratio

1847 5673 2221 5754 resurrectio
2250 5689 2374 5753 est;
2403 5683 2617 5766 reliqui
2645 5673 2712 5746 et
2732 5683 2959 5743 cunctae
2979 5678 3118 5744 edit.
3137 5673 3288 5738 ut'in
3317 5673 3504 5760 textu,
