4024 6176
134 320 232 389 453

1235 304 1348 374 DE
1389 297 1985 372 SACRAMENTIS
2029 300 2162 368 LIB
2203 299 2314 366 ΙΙΙ.

3376 303 3498 364 454

142 527 228 578 ideo
251 522 398 576 lavas
426 517 638 589 pedes;
670 518 734 570 ut
762 517 820 569 in
853 531 920 569 ea
949 515 1112 583 parte
1161 511 1221 565 in
1268 526 1382 582 qua
1414 490 1824 562 insidiatus'K‘
1902 504 1988 558 11,
2017 505 2160 558 Post
2193 503 2322 556 haec
2371 501 2510 572 quid
2560 501 2872 589 sequitur?
2913 501 3128 556 Venire
3181 500 3370 555 habes
3425 501 3498 555 ad

139 619 195 668 est
215 625 461 680 serpens;
493 605 687 677 majus
717 604 1053 658 subsidium
1102 598 1587 656 sanctificationis
1626 612 1728 648 ac-

134 702 266 768 cedat,
294 715 402 768 quo
435 700 634 767 postea
667 698 722 748 te
755 692 1129 762 supplantare
1161 705 1276 744 non
1293 687 1502 758 possit.
1540 687 1730 738 Lavas

127 805 231 859 ergo
259 787 452 857 pedes,
487 787 547 838 ut
578 784 743 836 laves
775 797 997 835 venena
1033 778 1348 848 serpentis.
1383 776 1471 828 Ad
1501 773 1733 827 humili-

121 882 257 930 tatem
285 889 509 945 quoque
540 871 792 942 proiicit,
824 873 885 922 ut
916 869 975 922 in
1005 867 1286 938 mysterio
1320 880 1438 919 non
1481 862 1734 916 erubes-

117 979 280 1018 camus
311 964 442 1031 (55),
475 961 630 1031 quod
663 959 1050 1029 dedignamur
1080 957 1139 1008 in
1169 953 1480 1024 obsequio.

718 1065 969 1119 CAPUT
1010 1063 1076 1116 ll.

113 1176 441 1247 Baptizatum
491 1171 836 1242 consignari
885 1169 1120 1247 Spiritu
1167 1173 1401 1247 sancto,
1452 1164 1733 1247 ad‘quem

169 1237 274 1300 éum
318 1250 581 1315 spectent
633 1237 833 1296 omnes
897 1237 1172 1315 Virtutes,
1242 1237 1483 1315 quodam
1541 1241 1734 1315 tamen

164 1307 434 1388 praecipuo
443 1315 590 1386 jure
608 1319 832 1383 septem
850 1312 1158 1388 pertinent
1183 1329 1199 1361 :
1223 1307 1422 1388 cide-In.
1440 1307 1738 1388 baptizata

171 1377 254 1441 ubi
280 1377 348 1439 ad
376 1377 568 1439 altare
598 1377 944 1449 accesserit,
1001 1381 1195 1434 oculos
1225 1379 1371 1433 caeci
1401 1379 1461 1431 in
1494 1377 1740 1449 Joannis

166 1457 470 1527 Evangelia
500 1445 1193 1527 descripti_inst_ar,‘luto
1223 1449 1415 1516 liniri,
1445 1463 1558 1527 per
1592 1445 1741 1527 quod

164 1516 508 1599 peccatorum
554 1516 850 1580 confessio
895 1516 1271 1594 signiﬁcatur
1295 1537 1315 1599 ξ
1355 1516 1462 1599 (μιᾷ
1510 1516 1633 1572 loco
1661 1516 1741 1599 iis

231 1600 250 1651 i
271 1605 611 1670 peccatores
642 1587 1147 1670 es_se_se_negant_,
1171 1587 1508 1670 confutatis,
1545 1587 1741 1668 oculos

231 1616 611 1670 ipeccatores
642 1616 776 1649 ESSE
805 1616 871 1648 δε
912 1616 1147 1663 negant,
1171 1616 1508 1659 συιιιυιᾱιιδ,
1545 1616 1738 1642 υυυιυδ

166 1616 258 1724 Ζέσ
286 1668 652 1739 impositione
683 1666 793 1719 luti
821 1663 896 1720 ad
922 1663 1174 1718 videnda
1191 1660 1492 1733 spiritalia
1511 1659 1741 1730 aperiri

169 1741 530 1795 demonstrat.

1831 593 2032 647 altare.
2094 591 2378 656 Quoniam
2415 589 2630 643 venisti
2677 588 2827 658 (5'1),
2877 589 3078 643 videre
3119 589 3304 644 habes
3366 606 3498 660 quae

1830 685 1962 735 ante
1997 697 2114 735 non
2146 679 2414 748 videbas,
2450 678 2561 731 hoc
2584 681 2692 746 est,
2734 677 3078 746 mysterium
3112 678 3267 748 quod
3298 678 3497 749 legisti

1832 770 1891 823 in
1924 768 2284 839 Evangelio;
2331 767 2384 820 si
2427 770 2616 820 tamen
2648 781 2764 820 non
2795 765 3027 836 :legisti,
3072 770 3228 820 certe
3257 767 3496 821 audisti.

1834 858 2044 912 Caacus
2069 857 2278 911 obtulit
2307 871 2372 910 se
2405 855 2692 910 Salvatori
2719 857 2779 907 ut
2811 857 3152 909 curaretur:
3186 859 3242 909 et
3273 855 3369 909 ille
3400 856 3501 926 qui

1835 946 1985 1001 alios
2015 945 2200 999 verbo
2230 948 2454 998 tantum
2483 947 2824 997 etsermone
2849 942 3108 1008 curabat,
3138 947 3193 997 et
3224 943 3499 998 refunde-

1835 1035 1933 1089 bat
1990 1033 2235 1103 imperio
2271 1033 2466 1086 lumen
2536 1031 2838 1085 oculorum
2911 1047 2921 1084 :
2993 1035 3186 1085 tamen
3244 1032 3303 1085 in
3352 1033 3502 1089 libro

1835 1123 2144 1193 Evangelii
2187 1122 2286 1192 qui
2337 1120 2618 1174 scribitur
2663 1119 2992 1173 secundum
3041 1119 3362 1187 Joannem,
3403 1123 3506 1192 qui

1837 1227 1977 1266 vere
2011 1227 2132 1281 prae
2158 1210 2392 1264 caeteris
2417 1209 2562 1262 vidit
2593 1225 2804 1280 magna
2827 1209 3127 1278 mysteria,
3162 1211 3217 1262 et
3238 1209 3509 1281 designa-

1835 1300 1938 1368 vit,
1974 1303 2028 1353 et
2061 1298 2421 1360 declaravit;
2445 1297 2790 1366 mysterium
2813 1296 2998 1350 hocin
3028 1297 3128 1350 illo
3146 1297 3330 1352 voluit
3361 1314 3509 1369 pra:-

1841 1389 2119 1458 figurare.
2155 1386 2373 1441 Omnes
2391 1386 2627 1456 quidem
2651 1385 2841 1439 sancti
2863 1386 3271 1457 evangelista,
3298 1402 3508 1442 omnes

1839 1475 2088 1546 apostoli
2123 1478 2336 1544 praeter
2367 1473 2746 1544 proditorem,
2795 1489 3002 1528 omnes
3034 1475 3263 1544 sancti;
3315 1479 3510 1531 tamen

1842 1567 2086 1617 sanctus
2119 1563 2400 1627 Joannes,
2436 1563 2535 1632 qui
2568 1563 2807 1616 ultimus
2831 1563 3073 1632 scripsit
3098 1563 3507 1636 Evangelium,

1841 1654 2013 1722 quasi
2045 1652 2426 1706 necessarius
2461 1651 2784 1721 requisitus
2827 1655 2882 1705 et
2931 1652 3153 1706 electus
3187 1669 3218 1705 a
3249 1652 3507 1724 Christo,

1839 1739 2064 1811 majore
2097 1741 2347 1810 quadam
2381 1740 2518 1793 tuba
2567 1739 2714 1793 fudit
2745 1743 2962 1794 aeterna
2995 1741 3294 1810 mysteria.
3325 1740 3512 1805 Quid-

165 1830 221 1926 8...
557 1824 837 1926 spiritale'
865 1821 1261 1926 signa'cultlm‘
1287 1821 1444 1920 quod
1487 1818 1738 1926 fugistis
1773 1829 1984 1926 Bquid
2017 1829 2250 1883 locutus
2284 1832 2394 1896 est,
2417 1829 2762 1898 mysterium
2785 1832 2894 1882 est.
2930 1828 3098 1882 Alius
3113 1829 3260 1883 dixit
3289 1846 3513 1886 caecum

116 1918 255 1972 hodie
283 1917 396 1988 legi
445 1916 560 1984 (De
594 1915 802 1969 Conso.
853 1913 990 1966 dist.
1024 1912 1077 1980 4,
1133 1927 1185 1964 c.
1218 1910 1544 1980 Accepisti,
1580 1907 1609 1978 ἕ
1641 1907 1743 1960 Se-

119 2007 317 2078 quitur);
340 2005 471 2076 quia
505 2006 645 2073 post
674 2001 894 2056 fontem
925 2003 1202 2070 superest
1224 2002 1285 2053 ut
1313 1998 1596 2068 perfectio
1622 1997 1741 2065 flat;

119 2095 312 2164 quando
341 2093 409 2146 ad
441 2091 877 2146 invocationem
925 2089 1254 2143 sacerdotis
1298 2086 1550 2158 Spiritus
1601 2101 1742 2138 san-

115 2187 220 2236 ctus
247 2181 582 2249 infunditur,
634 2179 888 2249 Spiritus
937 2177 1242 2248 sapientiae
1289 2179 1345 2229 et
1383 2174 1740 2242 intellectus,

115 2271 328 2340 Spiritus
356 2269 593 2324 consilii
623 2272 796 2339 atque
817 2267 1074 2334 virtutis,
1107 2265 1362 2336 Spiritus
1381 2263 1743 2336 cognitionis

115 2362 256 2430 atque
311 2358 562 2429 pietatis,
629 2357 884 2427 Spiritus
947 2354 1136 2409 sancti
1183 2354 1444 2422 timoris;
1513 2356 1740 2422 septem

119 2448 258 2518 quasi
286 2451 531 2502 Virtutes
555 2446 811 2516 Spiritus
843 2445 954 2513 (56)
986 2443 1125 2512 (Isa.
1160 2460 1240 2511 χι,
1276 2441 1350 2511 2).

170 2536 214 2590 9.
249 2535 314 2590 Et
343 2551 550 2591 omnes
583 2535 819 2606 quidem
847 2532 1098 2586 virtutes
1130 2531 1201 2585 ad
1244 2531 1523 2601 Spiritum
1565 2531 1743 2600 perti-

117 2629 226 2678 nent
253 2641 264 2680 :
297 2626 397 2679 sed
426 2625 562 2678 istae
593 2623 765 2694 quasi
797 2621 1132 2675 cardinales
1165 2624 1320 2688 sunt,
1374 2620 1546 2690 quasi
1585 2619 1746 2689 prin-

121 2713 322 2783 cipales.
372 2713 523 2778 Quid
571 2712 726 2766 enim
766 2713 882 2764 tam
928 2709 1271 2780 principale,
1313 2724 1487 2778 quam
1516 2707 1746 2778 pietas?

123 2802 240 2866 384
266 2802 396 2873 quid
427 2806 549 2855 tam
580 2799 921 2872 principale,
947 2814 1119 2869 quam
1143 2798 1402 2870 cognitio
1432 2796 1577 2851 Dei?
1607 2796 1746 2867 quid

121 2891 210 2943 tam
235 2890 574 2960 principale,
606 2905 781 2960 quam
813 2888 1043 2941 virtus?
1085 2886 1224 2958 quid
1255 2891 1370 2940 tam
1399 2884 1744 2956 principale,

120 2993 259 3047 quam
287 2979 600 3033 consilium
641 2977 782 3031 Dei?
811 2975 957 3040 Quid
1007 2979 1122 3029 tam
1173 2975 1516 3045 principale,
1574 2989 1748 3044 quam

105 3066 262 3120 -timor
306 3068 444 3121 Dei?
477 3067 635 3122 sicut
655 3066 830 3119 timor
869 3064 1074 3119 saeculi
1103 3063 1435 3134 inﬁrmitas,
1469 3064 1546 3117 ita
1577 3063 1753 3118 timor

127 3153 208 3208 Dei
236 3172 430 3227 magna
464 3159 562 3210 est
594 3153 891 3208 fortitudo.

1843 1919 2131 1985 curatum,
2185 1917 2331 1970 dixit
2373 1917 2706 1984 Matthaeus,
2759 1917 2903 1970 dixit
2935 1917 3149 1987 Lucas,
3184 1919 3332 1973 dixit
3360 1921 3513 1974 Mar-

1846 2022 1952 2060 cus
1989 2022 2000 2059 :
2028 2005 2194 2060 solus
2220 2006 2480 2060 Joannes
2504 2006 2640 2075 quid
2666 2005 2782 2059 ait?
2811 2005 2962 2058 Tulit
2995 2006 3194 2071 lutum,
3224 2016 3281 2062 et
3311 2007 3514 2063 linivit

1843 2110 2021 2166 super
2052 2094 2246 2148 oculos
2276 2095 2420 2165 ejus,
2451 2101 2507 2146 et
2532 2095 2686 2147 dixit
2716 2095 2772 2148 ei
2795 2115 2810 2147 :
2852 2093 3004 2148 Vade
3038 2096 3099 2148 in
3122 2095 3344 2150 Siloam
3377 2097 3512 2168 (58).

1845 2183 1923 2236 Et
1954 2183 2332 2254 exsurgensi
2344 2183 2439 2246 rit,
2481 2189 2540 2236 et
2581 2182 2748 2250 lavit,
2790 2188 2848 2237 et
2893 2184 3053 2236 venit
3087 2184 3296 2239 videns
3321 2186 3512 2253 (Joan.

1843 2289 1923 2341 xx,
1949 2272 2001 2340 6,
2016 2272 2091 2341 Ἴ).

1915 2358 2002 2414 1?.
2044 2360 2367 2414 Considera
2404 2361 2461 2414 et
2503 2362 2565 2414 ut
2609 2359 2817 2413 oculos
2866 2360 3065 2415 cordis
3108 2352 3191 2414 tui
3247 2361 3380 2431 (59).
3418 2361 3516 2416 Vi-

1847 2448 2030 2503 debas
2061 2465 2194 2520 qum
2241 2447 2568 2518 corporalia
2609 2451 2776 2516 sunt,
2828 2449 3237 2518 corporalibus
3269 2451 3459 2505 oculis
3500 2467 3512 2507 :

1853 2538 1960 2592 sed
1990 2553 2122 2608 quae
2153 2539 2657 2591 sacramentorum
2676 2538 2833 2605 sunt,
2870 2537 3068 2591 cordis
3100 2538 3290 2593 oculis
3323 2539 3516 2595 adhuc

1850 2626 2052 2681 videre
2097 2642 2214 2680 non
2252 2628 2509 2695 poteras.
2561 2624 2719 2696 Ergo
2769 2625 3004 2695 quando
3046 2626 3260 2680 dedisti
3301 2643 3517 2684 nomen

1850 2717 2018 2770 tuum
2047 2713 2180 2783 (60),
2213 2713 2342 2768 tulit
2369 2713 2572 2781 lutum,
2609 2717 2666 2767 et
2690 2713 2879 2768 linivit
2910 2729 3092 2784 super
3121 2715 3328 2770 oculos
3361 2719 3517 2772 tuos.

1853 2803 2002 2869 Quid
2044 2803 2388 2874 significat?
2429 2802 2505 2856 Ut
2551 2805 2857 2872 peccatum
2909 2806 3073 2857 tuum
3117 2803 3410 2869 fatereris.
3460 2808 3524 2861 ut

1853 2892 2277 2948 conscientiam
2304 2895 2462 2946 tuam
2492 2907 2989 2962 recognosceres,
3022 2895 3085 2945 ut
3111 2894 3518 2962 paenitentiam

1851 2997 2066 3054 ageres
2097 2981 2465 3049 delictorum,
2491 2981 2604 3034 hoc
2622 2983 2732 3048 est,
2773 2983 2994 3034 sortem
3023 2980 3295 3037 humanae
3337 3000 3523 3055 gene-

1852 3070 2098 3125 rationis
2130 3085 2515 3142 agnosceres.
2571 3069 2720 3122 Nam
2769 3069 2998 3122 etiamsi
3029 3085 3146 3124 non
3178 3071 3526 3128 conﬁteatur

1854 3162 2180 3230 peccatum,
2216 3159 2316 3228 qui
2346 3157 2507 3211 venit
2534 3157 2606 3210 ad
2635 3157 3012 3226 baptismum,
3032 3161 3226 3212 tamen
3249 3159 3361 3214 hoc
3392 3160 3524 3230 ipso

178 3243 248 3298 10.
287 3209 412 3299 lsotaa
443 3247 588 3298 sunt
617 3246 842 3312 septem
875 3242 1119 3295 virtutes
1151 3241 1384 3312 quando
1426 3241 1749 3312 consigna-
1789 3209 2058 3318 cirmplet
2100 3209 2542 3301 c'ohfesﬁsio'nem
2581 3209 3526 3319 peccatorumrqdod

127 3331 206 3385 ris.
235 3333 389 3402 Nam,
440 3337 503 3387 ut
552 3333 630 3384 ait
677 3330 997 3401 Apostolus
1044 3335 1288 3384 sanctus
1323 3345 1335 3383 :
1372 3327 1516 3394 Quia
1545 3329 1749 3383 multi-

128 3418 294 3475 lormis
337 3428 444 3489 est,
501 3421 713 3491 inquit,
763 3419 1056 3490 sapientia
1107 3419 1220 3472 Dei
1271 3419 1464 3472 nostri
1501 3418 1746 3488 (Eplies.

128 3523 190 3573 ιιι,
227 3510 323 3579 10).
370 3510 436 3564 Et
484 3513 554 3564 ut
599 3509 975 3564 multiformis
1027 3511 1118 3562 est
1162 3507 1446 3578 sapientia
1499 3507 1624 3574 Dei,
1673 3508 1750 3561 ita

131 3597 456 3653 multiformis
489 3602 587 3652 est
616 3597 868 3668 Spiritus
901 3599 1163 3666 sanctus,
1218 3597 1318 3666 qui
1349 3596 1525 3650 habet
1552 3596 1750 3650 diver—

131 3699 207 3738 sas
234 3688 535 3759 variasque
566 3686 835 3740 virtutes.
871 3685 1038 3739 Unde
1070 3688 1125 3739 et
1157 3685 1316 3738 Deus
1349 3685 1626 3739 virtutum
1661 3685 1752 3738 di-

132 3774 251 3828 citur
275 3775 453 3842 (Psal.
490 3791 744 3843 LXXXIX,
776 3775 831 3842 5)
864 3790 874 3829 :
912 3774 1068 3844 quod
1119 3773 1305 3844 aptari
1351 3777 1544 3844 potest
1573 3773 1750 3844 Patri,

135 3865 176 3914 et
197 3863 345 3933 Filio,
376 3870 430 3920 et
457 3864 706 3934 Spiritui
739 3866 964 3917 sancto.
997 3862 1112 3917 Sed
1137 3862 1249 3918 hoc
1281 3863 1522 3917 alterius
1553 3863 1754 3933 dispu-

137 3951 353 4022 tationis,
383 3954 629 4009 alterius
661 3956 754 4007 est
782 3953 1083 4022 temporis.

190 4092 284 4162 (55)
317 4094 445 4150 «ηπ
475 4095 633 4163 cod.,
687 4100 745 4148 ut
776 4096 837 4148 in
869 4095 1208 4150 ministerio
1237 4111 1349 4150 non
1382 4095 1705 4151 erubescas
1739 4117 1755 4151 :

139 4165 369 4238 continuo
399 4184 540 4222 vero
573 4170 728 4238 post,
761 4182 868 4235 pro
902 4167 1051 4238 quod
1080 4181 1191 4238 non
1231 4167 1641 4238 dedignamur,
1696 4171 1758 4220 ut

141 4239 234 4288 erat
260 4237 310 4290 in
340 4234 612 4292 omnibus
644 4234 780 4291 edit.
816 4240 872 4290 et
902 4234 1050 4291 mss.
1081 4234 1620 4306 Clarom.,'sublata
1649 4254 1756 4292 ne-

141 4307 331 4373 gatione
352 4311 407 4362 in
429 4325 576 4362 mss.
599 4308 874 4378 legimus,
911 4309 1061 4378 quod
1082 4307 1491 4377 dedignamur.
1518 4308 1587 4362 Et
1609 4309 1759 4362 hanc

143 4389 301 4430 venam
329 4379 633 4434 lectionem
665 4395 802 4433 esse
835 4379 1212 4448 perspicuum
1245 4382 1354 4433 est.

151 4529 169 4556 ς
326 4451 465 4504 Mss.
497 4451 741 4520 aliquot,
789 4455 1011 4521 septem
1051 4450 1306 4504 virtutes
1337 4450 1504 4521 quasi
1535 4455 1759 4521 septem

151 4533 264 4570 tﬁll‘l
295 4537 371 4570 (IS.

147 4533 371 4584 spiritus.

1856 3337 2137 3406 baptizari
2169 3335 2331 3405 petit,
2378 3337 2438 3388 ut
2484 3333 2875 3404 justificetur,
2909 3334 3023 3388 hoc
3055 3337 3165 3405 est,
3201 3337 3260 3388 ut
3290 3350 3322 3388 a
3355 3335 3526 3406 culpa

1857 3426 1930 3479 ad
1961 3425 2208 3496 gratiam
2240 3426 2518 3477 transeat.

1929 3511 2015 3567 13.
2058 3513 2252 3566 Nolite
2299 3513 2553 3566 otiosum
2601 3512 2824 3581 putare.
2892 3508 3040 3566 Sunt
3085 3511 3342 3583 quidam,
3396 3513 3523 3568 scio

1860 3605 2016 3656 certe
2049 3601 2303 3671 aliquem
2335 3599 2524 3654 fuisse
2556 3600 2654 3670 qui
2699 3600 2939 3669 diceret,
2991 3615 3125 3654 cum
3172 3601 3257 3654 illi
3295 3600 3528 3657 dicere-

1858 3707 1991 3744 mus
2029 3705 2040 3744 :
2073 3689 2136 3743 In
2169 3689 2277 3742 hac
2309 3690 2478 3742 aetate
2507 3688 2698 3759 magis
2729 3688 3006 3758 baptizari
3049 3688 3255 3756 debes,
3297 3689 3530 3744 dicebat

1858 3780 1957 3833 ille
1991 3795 2002 3832 :
2036 3777 2226 3842 Quare
2267 3776 2568 3845 baptizor?
2614 3777 2927 3830 Peccatum
2973 3791 3092 3830 non
3137 3775 3346 3841 habeo,
3381 3777 3528 3842 366

1861 3865 2159 3937 Numquid
2183 3867 2485 3934 peccatum
2511 3865 2815 3919 contraxi?
2833 3865 2943 3918 Hic
2966 3865 3149 3919 lutum
3169 3881 3286 3921 non
3304 3866 3526 3931 habuit,

1861 3955 2019 4027 quod
2051 3954 2105 4008 ei
2134 3952 2409 4008 Christus
2439 3968 2557 4007 non
2589 3953 2810 4007 leverat
2841 3953 2974 4023 (61),
3005 3953 3133 4023 ⁸ὶιοει
3161 3957 3273 4023 est,
3325 3971 3444 4010 non
3475 3956 3532 4010 ei

1865 4113 2012 4166 cam,
2045 4097 2147 4151 lib.
2180 4112 2258 4165 v1,
2293 4095 2404 4150 col.
2439 4092 2598 4149 1383.
2635 4093 2704 4148 Et
2735 4094 2872 4148 hinc
2905 4094 3152 4166 intelligi
3180 4089 3373 4165 potest
3396 4096 3534 4148 Am-

1863 4169 2128 4223 brosiani
2158 4167 2380 4238 ingenii
2413 4166 2791 4238 nongomnino
2816 4180 2973 4238 esse,
3005 4167 3162 4238 quod
3180 4170 3532 4238 auctoream

1867 4236 2309 4294 confessionem
2359 4237 2544 4291 omitti
2593 4252 2776 4305 posse
2832 4236 2980 4290 infra
3032 4237 3348 4306 significat.
3383 4237 3534 4290 Nam

1908 4309 2135 4365 uamvis
2186 4323 2325 4362 vera
2375 4308 2452 4361 sit
2498 4307 2595 4361 illa
2626 4307 2844 4376 opinio,
2879 4307 3369 4376 quemadmodum
3401 4309 3534 4376 post

1909 4385 1967 4434 ot
2010 4379 2359 4451 Angelicum
2390 4394 2451 4430 ιιι
2480 4395 2560 4448 p.,
2593 4394 2648 4451 q.
2682 4379 2734 4446 8,
2767 4382 2874 4432 art.
2907 4377 2961 4446 6,
2997 4377 3209 4430 docent
3238 4376 3532 4451 theologi;

1867 4447 2249 4505 Ambrosium
2298 4447 2492 4503 tamen
2537 4449 2638 4517 qui
2686 4464 2762 4502 ex
2808 4463 2922 4502 usu
2975 4452 3234 4501 veterum
3285 4447 3536 4517 aliorum

1871 4524 2108 4576 Patrum
2136 4521 2209 4574 ad
2241 4516 2581 4588 hujusmodi
2613 4518 3280 4588 praeparationemsuos
3309 4516 3536 4570 hortari

199 4586 300 4662 (57),
327 4591 398 4644 lta
429 4593 565 4646 edit.
614 4607 820 4645 omnes
863 4593 917 4644 et
965 4607 1112 4645 mss.
1160 4590 1425 4662 plerique
1460 4607 1471 4644 :
1508 4591 1622 4646 duo
1671 4595 1759 4645 ta-
1799 4561 2282 4659 l)consueverut,
2317 4561 2537 4659 aliquid
2567 4561 2858 4662 dictuirum
2887 4587 3157 4662 undeab
3180 4588 3382 4662 eadem
3404 4601 3539 4639 avo-

148 4671 248 4710 mea
293 4661 500 4733 legunt,
556 4664 653 4732 qui
696 4663 862 4716 modo
915 4663 1174 4733 venisti;
1213 4663 1309 4714 alii
1331 4661 1618 4730 "totidem,
1655 4679 1762 4733 quo

151 4735 255 4782 ante
281 4731 379 4784 non
415 4731 652 4786 venisti.
684 4733 826 4796 Quae
857 4733 1028 4786 lectio
1064 4731 1306 4786 multum
1336 4733 1573 4786 arridet.
1609 4731 1762 4786 Infra

150 4811 259 4852 vero
285 4803 375 4855 ubi
402 4805 534 4857 edit.
571 4821 639 4856 ac
669 4805 870 4872 plures
903 4820 1073 4869 mssz,
1105 4805 1160 4856 si
1184 4809 1377 4874 tamen
1403 4820 1512 4856 non
1542 4804 1762 4874 legisti,

153 4875 341 4944 negatio
373 4891 477 4927 non
509 4875 882 4928 desideratur
911 4874 970 4928 in
1002 4890 1148 4928 mss.
1185 4873 1337 4928 haud
1361 4873 1767 4944 paucis.'Pos-

154 4939 299 5015 tremo
342 4946 490 5013 quod
541 4945 860 5015 subjicitur
906 4946 977 4999 de
1027 4960 1208 5014 caeco,
1253 4945 1311 4999 id
1356 4939 1416 4997 in
1451 4945 1648 4999 libello
1681 4945 1770 4999 De

160 5007 429 5092 Mater-aiis
458 5007 954 5092 planereticetur.

175 5083 538 5162 _(5§:)_Omnce_s
576 5088 713 5141 edit.
768 5102 838 5140 ac
884 5103 1030 5141 mss.
1079 5085 1376 5162 nonnulli,
1415 5085 1570 5162 Vade
1612 5085 1767 5162 lava,

169 5152 210 5228 tu
234 5152 443 5211 Siloam.
480 5158 548 5212 Et
579 5163 713 5227 post
746 5173 954 5228 pauca,
988 5158 1175 5211 oculis
1207 5152 1410 5211 cordis
1444 5157 1527 5209 tui
1560 5177 1575 5210 :
1608 5152 1772 5210 utro-L

162 5215 300 5302 bique
325 5231 505 5302 autem
535 5215 632 5283 alii
664 5215 812 5283 ms‘s.
847 5215 1026 5283 multo
1059 5228 1260 5298 plures
1291 5244 1359 5281 ac
1378 5228 1770 5298 probatiores,

164 5295 206 5341 ut
230 5295 278 5347 iu
303 5301 580 5354 contextu.

217 5365 307 5444 (in?)
342 5368 504 5444 Edit.,
538 5371 721 5426 oculis
751 5370 1085 5444 cordis_tui.

219 5433 308 5504 (60)
342 5433 558 5496 Nomen
589 5458 760 5497 suum
794 5440 1200 5496 catechumeni
1233 5440 1446 5496 dabant
1474 5441 1546 5494 ad
1583 5440 1771 5510 bapti-

171 5512 336 5583 ξωυιῃ,
365 5513 458 5582 qui
487 5513 546 5568 in
575 5513 1030 5583 competentium
1069 5511 1335 5567 ordinem
1382 5513 1773 5566 admitteban-

169 5573 426 5657 tur.‘_Quo'd
469 5588 658 5641 autem
701 5573 859 5639 addit
900 5585 972 5638 de
1010 5583 1380 5657 confitendis,
1427 5583 1774 5654 priusquam

171 5639 559 5728 Eilpﬁiarentur,
577 5639 885 5728 peccatis;
921 5667 1050 5728 etim
1081 5639 1774 5728 olim_fuis'seconsugtu-

174 5710 327 5780 dinem
351 5710 1179 5808 observatum’estinEXpos.
1213 5725 1441 5806 Evang.
1470 5710 1618 5802 see.
1651 5725 1773 5796 Lu-

1872 4665 1992 4718 cari
2021 4657 2286 4732 possent,
2321 4657 2439 4714 non
2470 4661 2542 4732 ad
2573 4660 2894 4732 modum‘ﬁt
2916 4658 3216 4732 credibile.
3252 4657 3371 4732 Imo
3392 4671 3536 4711 vero

1873 4727 2467 4789 cum—sensustotius
2499 4729 2614 4783 loci
2644 4730 2694 4782 is
2723 4729 3010 4794 videatur,
3061 4727 3378 4797 tingendos
3419 4742 3538 4782 non

1872 4805 1986 4859 alio
2016 4804 2190 4858 modo
2212 4805 2452 4872 peccata
2471 4800 2868 4872 suaiconﬁteri
2919 4798 3150 4865 solitos,
3185 4814 3359 4868 quam
3380 4798 3540 4868 quod

1874 4871 2270 4945 confugiendo
2303 4873 2381 4945 ad
2404 4871 2748 4945 remedium,
2793 4872 3053 4945 aegrotos
3094 4884 3159 4945 se
3192 4873 3365 4945 atque
3397 4885 3539 4945 sau-

1876 4947 2001 5001 cios
2035 4939 2204 4998 tacita
2235 4943 2485 5012 quadam
2517 4945 2571 4994 et
2592 4939 2870 5010 implicita
2893 4939 3272 5012 confessione
3288 4940 3543 5012 declara-

1875 5018 2003 5082 bat;
2037 5016 2148 5069 hoc
2179 5010 2325 5068 satis
2357 5015 2556 5082 aperte
2588 5012 2825 5082 probari
2855 5011 3208 5082 arbitramur
3239 5010 3419 5082 hasce
3434 5010 3544 5082 rho-

1875 5081 2068 5142 milias
2099 5085 2237 5139 alibi
2271 5081 2446 5154 quam
2475 5083 2534 5136 in
2562 5081 2831 5136 Ecclesia
2863 5081 3288 5136 Mediolanensi
3310 5081 3541 5138 habitas

1877 5173 2035 5214 6888.

1948 5229 2060 5297 (61)
2091 5227 2218 5280 V’et.
2254 5225 2390 5280 edit.
2427 5227 2484 5279 et
2512 5239 2659 5297 mss.
2694 5223 2936 5297 aliquot,
2970 5238 3081 5297 non
3116 5223 3392 5297 laverat,-
3423 5237 3546 5297 me-

1875 5292 1994 5355 lius
2024 5292 2162 5353 edit.
2199 5298 2369 5352 Rom.
2422 5300 2479 5352 et
2506 5295 2695 5350 codex
2724 5292 2936 5348 Teller.
2972 5294 3138 5361 alter,
3175 5308 3286 5348 non
3321 5292 3544 5347 linive-

1876 5377 2008 5435 rat;
2046 5369 2261 5439 optime
2279 5383 2434 5439 ivero
2467 5382 2613 5421 mss.
2673 5365 2936 5439 reliqui,‘
2956 5380 3069 5439 non
3099 5365 3356 5439 leverat.
3380 5362 3545 5428 Quod

1877 5434 2236 5511 autem-post
2258 5438 2412 5511 duos
2428 5453 2644 5511 versus
2658 5451 2766 5511 pro
2790 5434 3054 5511 eonfugit
3070 5435 3146 5488 ad
3166 5435 3546 5511 baptismum,

1875 5503 2314 5568 ultimae-Paris.
2347 5509 2484 5564 edit.
2511 5503 2940 5563 substituerent
2967 5503 3286 5576 consurgit
3311 5504 3386 5557 ud
3406 5503 3548 5576 ῥερ-

1883 5584 2136 5650 tismum,
2158 5582 2218 5636 in
2239 5581 2354 5637 hoc
2370 5597 2402 5635 a
2426 5579 2659 5636 caeteris
2682 5579 2820 5649 edi,.
2843 5593 2912 5633 ac
2937 5592 3084 5632 mss.
3110 5573 3386 5650 om'pibus
3418 5573 3547 5644 (ἰάθη

1881 5643 2162 5714 civerant.
2195 5653 2312 5713 Sed
2342 5651 2488 5713 illud
2518 5643 2831 5729 Operaruin
2867 5650 3175 5725 peccatum
3203 5643 3330 5706 fuit.
3367 5696 3370 5700 .
