4024 6176
517 253 637 325 455

1833 241 1902 318 S.
1936 250 2192 319 ΑΜΒΚ

2316 244 2378 318 tl.
3809 251 3904 330 456

528 460 839 530 aperuerat
869 457 1114 528 oculos;
1160 457 1363 518 nullus
1403 457 1560 513 enim
1591 456 1767 512 homo
1812 456 1944 512 sine
1973 471 2187 527 pecca-
2217 436 2276 498 Α
2309 455 2543 526 coepisti
2575 471 2708 528 qua)
2736 458 2870 511 ante
2901 471 3019 510 non
3049 454 3322 524 videras;
3353 453 3462 510 hoc
3481 456 3570 510 est
3591 471 3689 526 per
3714 457 3904 513 fontem

523 551 602 603 to.

595 635 682 690 14.
728 634 888 709 Ergo
920 637 1194 708 agnoscit
1226 651 1292 690 se
1326 635 1646 704 hominem,
1681 635 1782 706 qui
1823 633 2089 706 confugit
2117 633 2191 686 ad

520 724 880 795 baptismum
911 725 1152 780 Christi.
1203 724 1404 796 Itaque
1435 727 1492 779 et
1524 725 1626 779 tibi
1670 723 1952 794 imposuit
1979 722 2186 792 lutum,

522 812 636 868 hoc
655 815 746 866 est
765 814 1208 884 verecundiam,
1233 813 1624 884 prudentiam,
1651 811 2191 868 considerationem

518 901 860 974 fragilitatis
909 904 1067 970 tuae;
1125 905 1182 957 et
1241 901 1388 956 dixit
1425 901 1567 956 tibi:
1643 900 1800 955 Vade
1827 901 1890 954 in
1945 898 2186 954 Siloam.

518 988 669 1055 Quid
691 992 782 1046 est
799 989 954 1045 Silas
975 992 1003 1045 ?
1042 987 1204 1056 Quod
1222 991 1679 1060 interpretatur,
1708 989 1915 1060 inquit,
1942 989 2186 1056 Missus,

520 1078 634 1134 hoc
667 1081 758 1132 est
783 1095 794 1134 :
831 1078 990 1132 Vade
1012 1078 1085 1132 ad
1114 1077 1280 1132 illum
1314 1077 1535 1132 fontem
1566 1079 1625 1131 in
1647 1093 1762 1148 quo
1781 1093 1928 1131 crux
1958 1076 2188 1130 Domini

517 1167 878 1237 praedicatur
907 1183 920 1222 ε
952 1167 1102 1222 vade
1135 1168 1208 1221 ad
1245 1167 1408 1220 illum
1428 1166 1647 1222 fontem
1683 1167 1740 1220 in
1776 1181 1892 1238 quo
1929 1165 2188 1220 omnium

517 1254 792 1311 Christus
828 1255 1074 1310 redemit
1103 1271 1361 1310 errores.

601 1343 867 1408 36615.
920 1351 1046 1423 Isti,
1093 1352 1312 1424 lavisti,
1363 1352 1580 1407 venisti
1630 1352 1703 1406 ad
1732 1352 1933 1421 altare,
1984 1351 2187 1406 videre

2310 544 2544 599 Domini
2576 548 2633 600 et
2662 544 3141 615 praedicationem
3172 543 3486 598 Dominicaa
3505 545 3778 614 passionis
3793 550 3910 602 tunc

2311 634 2498 702 aperti
2555 637 2694 688 sunt
2723 633 2878 688 oculi
2937 632 3057 686 tui:
3121 631 3218 702 qui
3277 634 3406 686 ante
3435 631 3602 686 corde
3654 633 3913 688 videbaris

2255 718 2260 724 ’
2313 737 2452 776 esse
2485 725 2765 792 caecatus,
2799 720 3030 791 cmpisti
3075 720 3274 774 lumen
3322 723 3794 775 sacramentorum
3834 723 3911 776 vi-

2310 810 2470 864 dere.
2505 810 2687 882 Ergo,
2747 810 2964 864 fratres
2994 807 3385 878 dilectissimi,
3442 809 3702 863 venimus
3751 825 3911 881 usque

2309 899 2382 952 ad
2411 898 2612 970 altare,
2647 899 2719 952 ad
2747 901 3056 952 tractatum
3079 897 3432 952 uberiorem.
3466 896 3535 950 Et
3581 896 3704 951 ideo
3731 899 3847 968 quia
3871 900 3916 952 id

2309 989 2593 1057 temporis
2626 991 2714 1042 est
2745 986 2879 1057 (62),
2913 985 3368 1057 disputationem
3389 985 3666 1057 integram
3688 1001 3794 1040 non
3809 1003 3916 1057 pos-

2311 1091 2521 1130 sumus
2553 1075 2850 1146 incipere:
2899 1075 3037 1146 quia
3067 1073 3356 1146 prolixior
3400 1076 3672 1128 tractatus
3699 1076 3796 1143 est,
3837 1091 3915 1128 sa-

2309 1165 2388 1219 tis
2443 1164 2521 1219 sit
2570 1164 2728 1236 quod
2779 1164 2997 1218 dictum
3057 1166 3150 1217 est
3208 1162 3420 1232 hodie;
3478 1165 3534 1217 et
3563 1163 3814 1230 crastina,
3843 1163 3916 1217 die

2311 1253 2365 1308 si
2399 1252 2644 1308 Domino
2689 1251 2899 1323 placet,
2956 1252 3028 1306 de
3073 1251 3460 1307 sacramentis
3497 1250 3642 1322 ipsis
3688 1251 3917 1306 tractabi-

2311 1357 2466 1396 mus.
3013 1364 3017 1370 '

534 1597 546 1610 .
591 1526 707 1610 (62)
739 1527 991 1584 Clarom.
1030 1528 1219 1600 solus,
1254 1530 1310 1583 et
1339 1543 1446 1599 per
1473 1530 1722 1583 correct.
1757 1527 1865 1582 sed
1897 1527 2103 1584 eadem
2132 1541 2329 1598 manu,
2365 1527 2498 1599 quia
2531 1527 2814 1599 temporis
2863 1542 2977 1582 non
3025 1531 3117 1582 est
3166 1524 3619 1597 disputationem
3663 1523 3922 1597 integram

519 1615 810 1671 incipere.

3679 1753 3922 1767 ψ

1699 1807 2088 1940 LIBER
2185 1833 2850 1951 QUARTUs-

2123 2010 2306 2026 .————

957 2095 1106 2162 366
1137 2105 1388 2162 CAPUT
1422 2107 1744 2163 PRIMUM.

526 2228 861 2288 Secundum
898 2231 1128 2303 veteris
1153 2230 1310 2303 legis
1343 2231 1805 2303 tabernaculum,
1840 2235 1900 2303 et
1932 2243 2189 2303 quaema-

595 2303 690 2358 ris
721 2307 854 2374 θνρὶ
874 2302 962 2356 ibi
993 2300 1256 2374 servari,
1309 2303 1384 2357 ad
1411 2302 1831 2374 baptisterium
1876 2300 2190 2372 baptimis-

599 2388 709 2447 que
739 2372 991 2428 eli’ectus
1021 2373 1396 2446 adaptantur.

595 2494 649 2552 1.
683 2497 748 2551 In
777 2496 964 2552 veteri
994 2497 1371 2551 Testamento
1402 2497 1748 2552 sacerdotes
1772 2495 2116 2567 frequenter
2131 2494 2192 2548 in

523 2585 779 2658 primum
835 2583 1280 2638 tabernaculum
1337 2585 1556 2639 intrare
1603 2585 2071 2639 consueverant:
2130 2584 2192 2638 in

525 2672 854 2728 secundum
901 2671 1346 2728 tabernaculum
1401 2673 1586 2727 semel
1633 2673 1691 2726 in
1722 2687 1876 2726 anno
1923 2687 2192 2726 summus

523 2759 778 2814 intrabat
807 2758 1092 2814 sacerdos
1132 2759 1348 2829 (Exod.
1391 2777 1536 2830 xxx,
1559 2758 1668 2828 10;
1716 2760 1912 2815 Lavit.
1947 2776 2069 2830 xvx,
2112 2759 2188 2829 2).

524 2847 694 2914 Quod
727 2847 1034 2902 evidenter
1061 2847 1135 2902 ad
1167 2847 1454 2902 Hebraeos
1499 2847 1793 2918 recolens,
1826 2847 2044 2903 seriem
2074 2847 2192 2902 Ve-

523 2935 671 2992 teris
701 2935 1060 2990 Testamenti
1093 2935 1366 3006 explanat
1397 2935 1704 3006 apostolus
1737 2937 1956 2992 Paulus
1979 2935 2190 3008 (Hebr.

523 3039 606 3094 ix,
642 3021 786 3095 1-7).
820 3023 960 3078 Erat
978 3026 1174 3078 autem
1204 3025 1264 3078 in
1293 3025 1556 3080 secundo
1612 3024 1995 3080 tabernaculo
2024 3040 2194 3079 man-

526 3128 623 3182 na,
656 3115 782 3168 erat
821 3112 996 3167 etiam
1052 3113 1222 3184 virga
1277 3114 1476 3168 Aaron
1519 3128 1654 3184 qua:
1684 3115 1856 3183 aruit,
1905 3115 1962 3168 et
1988 3115 2195 3184 postea

524 3201 810 3271 reﬂoruit,
844 3203 968 3256 erat
997 3204 1053 3256 et
1081 3201 1612 3273 thymiamaterium
1645 3202 1870 3271 (Ibid.).

595 3307 650 3362 2.
670 3307 809 3396 Quo
841 3311 1068 3378 spectat
1099 3307 1262 3363 hoc?
1309 3307 1385 3363 Ut
1414 3308 1758 3380 intelligatis
1787 3307 1930 3378 quid
1978 3308 2058 3362 sit
2091 3323 2194 3363 se-
2231 3333 2282 3396 α

529 3395 788 3452 cundum
817 3396 1283 3466 tabernaculum,
1319 3396 1378 3450 in
1408 3397 1565 3468 quod
1595 3411 1704 3450 vos
1735 3395 2061 3452 introduxit
2091 3412 2193 3450 sa-

528 3484 766 3554 cerdos,
795 3485 858 3538 in
889 3483 1046 3556 quod
1076 3484 1260 3540 semel
1290 3484 1350 3538 in
1398 3500 1553 3539 anno
1585 3499 1855 3538 summus
1907 3485 2196 3540 sacerdos

527 3572 749 3628 intrare
797 3573 1128 3642 consuevit,
1178 3572 1292 3628 hoc
1341 3575 1452 3642 est,
1487 3573 1560 3628 ad
1607 3572 2041 3644 baptisterium,
2093 3573 2197 3628 ubi

525 3660 698 3733 virga
720 3661 920 3716 Aaron
943 3661 1140 3716 ﬂoruit
1167 3661 1364 3732 (Num.
1393 3678 1538 3732 xvu,
1569 3661 1645 3732 8).
1677 3663 1828 3716 Ante
1857 3661 2021 3716 arida
2049 3665 2194 3732 erat,

526 3751 734 3820 postea
765 3749 1066 3804 reﬂoruit:
1118 3753 1175 3804 et
1221 3752 1281 3804 tu
1327 3749 1530 3804 aridus
1563 3765 1721 3819 eras,
1773 3753 1830 3804 et
1857 3749 2090 3820 coepisti
2135 3749 2198 3804 in

527 3836 689 3892 fonte
711 3837 939 3908 irriguo
963 3837 1370 3892 reﬂorescere.
1393 3840 1654 3893 Arueras
1677 3837 1925 3909 peccati,
1949 3853 2195 3892 arueras

530 3925 837 3979 erroribus
865 3927 1039 3996 atque
1069 3925 1300 3980 delictis
1326 3942 1338 3980 :
1396 3927 1504 3981 sed
1534 3926 1791 3980 fructum
1831 3925 1956 3997 jam
1984 3923 2196 3980 afferre

533 4012 787 4083 cmpisti,
818 4013 1112 4084 plantatus
1145 4029 1324 4070 secus
1353 4015 1646 4070 decursus
1677 4028 1980 4086 aquarum.

599 4116 653 4172 3.
687 4117 804 4172 Sed
834 4117 986 4174 forte
1019 4119 1217 4174 dicas:
1252 4118 1402 4184 Quid
1433 4120 1548 4176 hoc
1576 4121 1649 4175 ad
1680 4119 1981 4191 populum,
2015 4121 2069 4175 si
2089 4121 2202 4176 vir-

529 4221 607 4280 ga
639 4207 970 4262 sacerdotis
1001 4210 1254 4278 eruerat,
1309 4211 1366 4262 et
1395 4209 1708 4264 reﬂoruit?
1756 4207 2020 4279 Populus
2068 4209 2200 4280 ipse

529 4295 666 4367 quis
697 4297 789 4349 est
843 4295 962 4350 nisi
1019 4296 1456 4351 sacerdotalis?
1514 4296 1742 4362 Quibus
1792 4297 2012 4352 dictum
2067 4301 2196 4354 est:

545 4383 660 4439 Vos
709 4389 902 4438 autem
957 4399 1149 4456 genus
1204 4384 1474 4455 electum,
1533 4385 1741 4458 regale
1783 4387 2200 4458 sacerdotium,

531 4488 685 4545 gens
713 4478 940 4544 sancta,
965 4475 1027 4527 ut
1055 4473 1135 4527 ait
1163 4473 1470 4544 apostolus
1503 4475 1714 4528 Petrus
1746 4475 1803 4543 (Ι
1827 4475 1999 4529 Pctr.
2033 4492 2092 4543 ιι,
2119 4475 2196 4546 9).

536 4561 967 4633 Unusquisque
1015 4561 1258 4633 ungitur
1287 4563 1348 4617 in
1395 4561 1813 4633 sacerdotium,

531 4645 594 4704 in
622 4665 874 4722 regnum
900 4665 912 4706 :
948 4650 1058 4706 sed
1085 4649 1348 4720 spiritale
1380 4667 1630 4724 regnum
1660 4654 1772 4722 est,
1804 4654 1862 4706 et
1918 4653 2197 4708 sacerdo-

530 4735 674 4791 tium
705 4738 992 4808 spiritale.

598 4840 654 4896 4.
687 4841 752 4896 In
783 4843 1048 4899 ecundo
1099 4860 1335 4917 quoque
1375 4843 1756 4902 tabernaculo
1806 4849 1899 4902 est
1940 4847 2195 4918 thymia-

530 4930 840 4986 materium
870 4930 1081 5000 (Hebr.
1115 4949 1195 5002 1x,
1226 4934 1305 5003 ’7),
1340 4935 1496 5006 quod
1527 4936 1748 4991 bonum
1807 4935 2049 4992 odorem
2079 4937 2196 4992 fra-

531 5033 710 5092 grare
740 5021 1072 5092 consuevit,
1105 5021 1182 5076 ita
1214 5025 1271 5078 et
1303 5037 1412 5078 vos
1437 5023 1562 5095 jam
1584 5025 1778 5080 bonus
1799 5026 1944 5080 odor
1973 5024 2196 5080 Christi

531 5108 702 5178 estis,
731 5106 857 5180 jam
886 5108 1045 5163 nulla
1074 5109 1133 5163 in
1165 5111 1338 5166 vobis
1369 5127 1506 5167 sors
1536 5112 1650 5184 (63)
1681 5113 2047 5185 delictorum,
2067 5115 2194 5170 nul-

531 5195 628 5252 lus
651 5197 799 5252 odor
825 5197 1122 5270 gravioris
1151 5199 1396 5256 erroris.

599 5337 723 5412 (63)
743 5338 876 5396 Gill.
909 5355 978 5396 ac
1012 5339 1182 5398 Rom.
1218 5341 1356 5398 edit.
1388 5344 1444 5397 et
1472 5359 1620 5399 mss.
1655 5341 1800 5400 Tell.
1825 5342 1992 5412 alter,
2018 5344 2194 5401 nullae

525 5407 1050 5485 iuvabissordes
1071 5413 1222 5485 ,jalii
1269 5413 1510 5485 aliquot,
1546 5414 1703 5470 nulla
1750 5416 1816 5469 in
1849 5407 2019 5470 vobis
2055 5432 2192 5471 sor-

527 5482 676 5540 des:
708 5481 945 5555 Areliqui
992 5483 1175 5555 multo
1233 5481 1436 5555 plures
1491 5481 1892 5555 potioresque,
1927 5487 2082 5541 sicut
2135 5489 2192 5542 et

525 5551 770 5627 Amerb.
803 5551 978 5624 atque
1010 5553 1180 5627 Eras_.
1213 5551 1376 5627 edit.,
1411 5551 1570 5612 nulla
1595 5557 1658 5627 in
1695 5551 1865 5627 vobis
1878 5551 2044 5612 sors.
2079 5558 2192 5615 Bo-

526 5637 604 5699 na
630 5623 826 5699 lectio,
859 5623 922 5699 et
945 5640 1122 5699 quam
1145 5625 1272 5696 jam
1301 5623 1441 5699 tom.
1471 5627 1515 5696 Ι,
1549 5626 1662 5683 col.
1694 5625 1811 5699 61,_
1841 5626 1911 5699 in,
1931 5627 2189 5687 Ambro-

2221 2091 2274 2151 B

2965 2091 3218 2147 CAPUT
3249 2091 3316 2146 Il.

2304 2199 2630 2254 Humanam
2685 2200 2748 2254 in
2790 2199 3084 2270 baptismo
3141 2197 3540 2253 conditionem
3595 2195 3926 2270 admirationi

2379 2287 2515 2326 esse
2545 2271 2717 2342 ipsis,
2741 2267 3008 2341 angelis:
3055 2269 3208 2342 hanc
3239 2270 3398 2323 enim
3441 2285 3562 2342 per
3584 2268 3736 2323 illum
3763 2267 3828 2323 ad
3851 2268 3924 2321 in-

2379 2341 2668 2397 nocentiae
2684 2341 2757 2412 ju
2769 2342 2964 2394 ventis
2990 2341 3250 2412 gratiam
3281 2341 3581 2394 revocari.

2378 2466 2431 2519 5.
2455 2464 2735 2536 Sequitur
2755 2465 2818 2519 ut
2838 2463 3088 2518 veniatis
3107 2463 3179 2518 ad
3203 2463 3412 2518 altare.
3437 2463 3706 2534 Cmpistis
3724 2461 3924 2530 venire,

2310 2555 2652 2622 spectarunt
2679 2551 2896 2624 angeli,
2929 2553 3204 2607 viderunt
3242 2569 3358 2610 vos
3391 2543 3536 2608 366
3569 2553 3924 2610 advenientes:

2313 2645 2370 2696 et
2391 2641 2705 2695 humanam
2729 2641 3125 2697 conditionem
3161 2643 3344 2715 illam,
3387 2661 3519 2718 quae
3553 2647 3680 2698 ante
3701 2641 3928 2714 peccato-

2311 2745 2441 2784 rum
2455 2729 2774 2785 tenebroso
2797 2731 3075 2801 squalore
3089 2733 3395 2806 sordebat,
3411 2733 3758 2805 aspexerant
3769 2727 3927 2784 subito

2310 2817 2631 2889 refulgere.
2659 2817 2917 2890 Ideoque
2939 2819 3247 2876 dixerunt:
3285 2821 3429 2887 Quae
3442 2829 3534 2877 est
3563 2838 3684 2894 qum
3701 2815 3928 2874 ascendit

2313 2921 2344 2962 α
2368 2905 2610 2962 deserto
2640 2907 2916 2962 dealbata
2954 2908 3286 2980 (Cant.vm,
3310 2911 3413 2981 5)?
3435 2912 3710 2966 Mirantur
3737 2920 3863 2977 ergo
3888 2905 3930 2957 et

2311 2994 2527 3066 angeli.
2555 2995 2659 3049 Vis
2681 2996 2839 3050 scire
2861 2996 2998 3068 quia
3023 2997 3308 3053 mirantur
3328 3001 3360 3054 ?
3383 2999 3531 3054 Audi
3553 3013 3692 3069 ergo
3727 2995 3929 3066 aposto:

2310 3081 2432 3137 lum
2456 3083 2698 3138 Paulum
2720 3083 2834 3155 (64)
2853 3085 3144 3140 dicentem
3157 3101 3226 3141 ea
3247 3088 3428 3143 nobis
3450 3103 3586 3143 esse
3602 3086 3812 3152 collata,
3825 3095 3930 3153 qua

2313 3171 2740 3242 concupiscunt
2764 3175 2820 3226 et
2839 3174 3038 3245 angeli
3071 3175 3272 3230 videre
3292 3175 3354 3245 (Ῑ
3382 3177 3554 3232 Petr.
3577 3193 3614 3244 ι,
3640 3174 3740 3240 12).
3763 3171 3824 3228 Et
3848 3172 3930 3223 ite-

2312 3275 2476 3314 rum:
2517 3259 2680 3324 Quod
2709 3260 2908 3316 oculus
2958 3277 3071 3316 non
3121 3263 3292 3333 vidit,
3327 3281 3441 3320 nec
3485 3266 3649 3320 auris
3677 3259 3929 3318 audivit...

2313 3365 2438 3421 quae
2463 3350 2831 3420 praeparavit
2862 3348 3024 3405 Dens
3068 3351 3469 3423 diligentibus
3496 3370 3562 3408 se
3591 3352 3648 3423 (I
3665 3351 3788 3406 Cor.
3816 3346 3929 3416 1,9}-

2381 3436 2436 3491 6.
2471 3435 2694 3491 Deinde
2745 3438 2886 3508 quid
2930 3441 3237 3510 acceperis
3285 3456 3676 3514 recognosce.
3721 3439 3932 3494 Sanctus

2312 3525 2498 3580 David
2532 3525 2815 3596 propheta
2846 3525 2998 3581 hanc
3029 3527 3276 3599 gratiam
3295 3530 3358 3584 in
3382 3531 3573 3602 ﬁgura
3599 3529 3736 3582 vidit
3755 3529 3933 3582 etcen-

2312 3614 2552 3684 cupivit.
2588 3613 2692 3668 Vis
2741 3615 2898 3669 scire
2941 3615 3077 3686 quia
3127 3619 3544 3688 concupierit?
3589 3619 3792 3672 Iterum
3827 3609 3934 3668 audi

2311 3702 2638 3757 dicentem:
2687 3703 3000 3774 ASperges
3053 3720 3147 3760 me
3194 3706 3476 3780 byssoPo,
3512 3713 3570 3763 et
3619 3701 3932 3760 mundabor:

2310 3789 2366 3844 la
2379 3790 2547 3844 vnbis
2563 3806 2674 3854 me,
2712 3797 2770 3846 et
2805 3807 2986 3864 super
3012 3793 3211 3848 nivem
3243 3795 3579 3852 dealbabor
3607 3793 3784 3864 (Psal.
3806 3788 3929 3859 11,9).

2311 3876 2548 3942 Quare?
2576 3877 2722 3943 Quia
2751 3881 2874 3950 nix,
2909 3883 3182 3952 quamvis
3213 3883 3290 3937 sit
3319 3884 3591 3954 candida,
3639 3884 3748 3937 cito
3775 3880 3934 3949 aliqua

2313 3967 2491 4021 sorde
2507 3967 2797 4038 nigrescit
2815 3972 2988 4040 atque
3009 3971 3410 4042 corrumpitur
3433 3989 3445 4028 :
3471 3974 3584 4028 ista
3606 3971 3782 4045 gratia
3793 3980 3937 4040 quam

2311 4055 2612 4126 accepisti,
2647 4056 2702 4110 si
2747 4059 2953 4113 teneas
3003 4059 3159 4130 quod
3208 4063 3518 4133 accepisti,
3553 4063 3662 4118 erit
3705 4060 3939 4114 diuturna

2311 4147 2486 4215 atque
2517 4147 2820 4216 perpetua.

2381 4233 2434 4288 Ἳ.
2462 4233 2758 4289 Veniebas
2777 4250 2923 4306 ergo
2941 4235 3292 4292 desiderans
3314 4238 3389 4294 ad
3433 4239 3634 4309 altare,
3654 4239 3834 4308 utpote
3859 4229 3940 4302 qui

2310 4324 2528 4376 tantam
2545 4323 2794 4394 gratiam
2817 4325 3076 4396 videras,
3098 4326 3382 4382 veniebas
3408 4329 3752 4383 desiderans
3787 4323 3850 4378 ad
3869 4319 3939 4373 al-

2311 4412 2434 4464 tare
2457 4425 2574 4482 quo
2598 4412 2904 4482 acciperes
2936 4417 3391 4470 sacramentum.
3434 4417 3600 4472 Dicat
3635 4415 3810 4470 anima
3833 4414 3936 4464 tua:

2311 4498 2394 4551 Et
2405 4499 2668 4554 introibo
2681 4500 2756 4554 ad
2767 4500 2958 4555 altare
2973 4501 3084 4556 Dei
3095 4502 3172 4556 ad
3183 4503 3368 4558 Deum
3383 4506 3485 4576 qui
3500 4501 3820 4574 laeti/icatju
3829 4512 3939 4551 ven-

1873 4565 2126 4664 ιιηείιιιιζ
2143 4567 2202 4618 αῖ
2227 4579 2280 4640 D
2316 4590 2494 4641 tutem
2513 4603 2698 4642 meam
2717 4588 2844 4658 (Ps.
2861 4605 3000 4660 xui,
3025 4590 3099 4660 4).
3116 4565 3462 4661 Deposuisti
3481 4565 3840 4664 peccatorum
3858 4599 3940 4639 se-

2312 4679 2605 4730 nectutem
2618 4677 2892 4746 sumpisti
2916 4681 3124 4749 gratiae
3150 4679 3553 4750 juventutem:
3599 4681 3709 4735 hoc
3735 4671 3939 4749 praesti-

2309 4764 2508 4818 terunt
2550 4765 2657 4819 tibi
2697 4769 3067 4822 sacramenta
3117 4769 3401 4824 coelestia.
3456 4770 3720 4841 Denique
3759 4767 3940 4820 iterum

2311 4851 2443 4906 audi
2467 4852 2758 4909 dicentem
2776 4854 2959 4908 David
2987 4871 2998 4910 :
3035 4856 3449 4912 Renovabitur
3471 4859 3627 4914 sicut
3649 4849 3930 4929 aquilieju-

2316 4945 2528 4995 ventus
2547 4947 2640 4996 tua
2673 4942 2861 5012 (Psal.
2888 4959 2983 5013 cn,
3021 4946 3096 5014 5).
3131 4945 3292 5000 Bona
3322 4946 3522 5017 aquila
3551 4961 3688 5001 esse
3721 4936 3937 5012 ccipis“,

2310 5044 2444 5100 quae
2475 5029 2689 5085 coelum
2718 5031 2892 5101 petis,
2945 5035 3178 5088 terrena
3227 5034 3483 5090 fastidis.
3537 5035 3716 5089 Bona)
3759 5026 3939 5100 aquila!

2311 5117 2466 5172 circa
2486 5119 2666 5174 altare
2693 5135 2704 5174 :
2747 5119 2862 5175 Ubi
2883 5121 3038 5176 enim
3058 5138 3289 5194 corpus,
3307 5123 3397 5178 ibi
3416 5130 3474 5179 et
3494 5122 3705 5197 aquilae
3727 5114 3936 5190 (Matt-ll-

2308 5223 2471 5278 xxnv,
2521 5207 2634 5278 28).
2685 5207 2898 5264 Forma
2946 5211 3215 5282 corporis
3266 5211 3446 5268 altare
3496 5215 3608 5282 est,
3659 5213 3714 5266 et
3737 5215 3939 5276 corpus

2309 5349 2420 5427 set,
2452 5347 2514 5402 in
2543 5351 2813 5427 promptu
2848 5349 2972 5406 fuit.
3000 5351 3169 5427 Unde
3210 5353 3459 5427 colligas
3489 5356 3591 5427 aut
3641 5352 3790 5427 hunc
3818 5359 3940 5427 auc-

2305 5421 2496 5474 torem
2526 5418 3054 5476 Ambrosianorum
3101 5418 3387 5481 libroruin
3433 5424 3688 5479 maxime
3735 5418 3942 5477 studio-

2307 5505 2460 5560 sum,
2494 5493 2593 5546 aut
2623 5495 2934 5560 utrumque
2973 5508 3094 5550 non
3141 5493 3387 5552 multum
3434 5495 3695 5552 diversis
3739 5489 3941 5550 vixisse

2303 5560 2556 5636 1091989
2584 5560 2973 5636 temporibus.

2373 5631 2486 5728 (g4)
2517 5631 2657 5696 Istic
2686 5631 2749 5696 ut
2778 5633 2920 5728 alibi
2946 5649 3068 5700 non
3099 5637 3285 5702 semel
3301 5633 3816 5704 auctoremfet'ellit
3839 5641 3942 5704 me-

525 5694 622 5762 aio
651 5694 1084 5776 annotaviuiua,
1108 5694 1168 5758 et
1195 5696 1420 5782 saepius
1449 5694 1733 5766 annotaro
1763 5694 1819 5763 at
1857 5698 2056 5770 visum
2084 5715 2188 5764 οε·
2277 5694 2510 5774 moria,
