4024 6176
233 334 335 398 457

1445 324 1557 389 DE
1601 317 2204 389 SACRAMENTIS
2245 322 2407 385 LIB.
2448 318 2557 384 IV.

3538 314 3663 384 458

221 534 427 591 Christi
453 536 545 588 est
588 533 649 587 in
680 531 890 601 altari;
939 529 1153 603 aquila
1211 545 1323 585 vos
1373 528 1543 599 estis,
1577 528 1880 583 renovatae
1905 506 1963 570 Α
2070 522 2157 578 11.
2192 522 2351 595 Ergo
2372 522 2562 594 primo
2591 521 2855 595 intelligo
2889 521 3257 577 sacramenta
3272 519 3403 576 haec
3423 535 3667 592 quamc-

218 625 500 680 ablutione
529 621 755 678 delicti.

840 708 1093 765 CAPUT
1132 708 1229 764 ΙΙΙ.

222 800 574 856 Ostensurus
602 805 807 855 auctor
822 803 1198 854 sacramenta
1229 801 1436 852 nostra
1461 811 1628 868 quam
1650 793 1881 868 Judteo-

288 888 415 927 rum
441 880 557 926 tum
589 871 932 953 antiquiora
953 876 1069 953 tum
1089 868 1403 953 vin_i'or'a
1424 867 1596 953 £388.,
1619 867 1885 953 priorem

281 950 509 1015 partem
533 938 767 997 conﬁcit
784 941 1058 1015 instituta
1076 940 1244 1015 inter
1253 938 1698 1015 Melchisedech
1710 943 1887 1015 atque

284 1008 587 1069 'Abraham
611 1014 1046 1084 comparatione
1065 1011 1173 1084 (ubi
1190 1009 1361 1084 illum
1386 1016 1444 1063 et
1459 1008 1887 1084 mysteriorum

287 1092 623 1140 nostrorum
645 1078 943 1138 auctorem
967 1088 1026 1138 et
1048 1082 1283 1136 Christi
1299 1078 1548 1152 ﬁguram
1572 1078 1888 1133 exstitisse

284 1156 519 1228 planum
542 1155 710 1210 facit.

287 1247 337 1301 8.
398 1245 630 1300 Venisti
685 1244 757 1298 ad
800 1242 1003 1312 altare,
1037 1240 1239 1296 vidisti
1292 1241 1665 1295 sacramenta
1695 1236 1891 1309 posita

222 1350 394 1406 super
423 1332 904 1402 altare,etipsam
936 1331 1177 1403 quidem
1191 1330 1341 1394 367
1367 1330 1615 1383 miratus
1648 1343 1716 1383 es
1738 1341 1895 1385 crea-

227 1427 441 1491 turam;
473 1426 669 1476 tamen
673 1423 1028 1493 Inreaturam
1061 1418 1388 1473 solemnem
1420 1420 1477 1472 et
1508 1419 1728 1471 notam.

288 1513 338 1567 9.
369 1511 547 1566 Forte
578 1509 782 1582 aliquit
799 1508 1014 1563 dixerit
1038 1524 1051 1563 :
1078 1507 1307 1563 Judaais
1340 1507 1501 1561 Deus
1519 1509 1737 1560 tantam
1760 1519 1895 1575 gra-

229 1602 356 1656 tiam
384 1599 620 1671 praastit
640 1641 655 1668 ,
700 1613 913 1653 manna
955 1596 1073 1651 illis
1104 1597 1253 1667 pluit
1281 1594 1395 1665 (65)
1426 1611 1458 1651 e
1489 1595 1640 1649 coelo
1672 1592 1891 1663 (Exod.

226 1707 335 1754 xvi,
376 1689 468 1758 ‘14)
516 1703 530 1742 :
564 1686 706 1758 quid
736 1686 874 1756 plus
905 1684 1065 1739 dedit
1093 1684 1369 1739 fidelibus
1402 1683 1553 1752 suis,
1585 1682 1726 1755 quid
1759 1681 1894 1752 plus

226 1778 419 1832 tribuit
449 1777 531 1831 iis
559 1775 779 1848 quibus
807 1775 942 1846 plus
974 1774 1247 1845 promisit
1273 1774 1302 1828 9

2001 612 2173 683 cipis,
2205 612 2500 667 anteriora
2530 627 2669 667 esse
2699 626 2873 683 quam
2904 611 3024 666 sint
3050 610 3244 682 Moysi
3269 615 3664 682 sacramenta,

1999 717 2370 773 quaecunque
2406 701 2595 756 Judaei
2644 700 2863 755 habere
2909 714 2976 754 se
3007 699 3227 769 dicunt,
3260 702 3318 754 et
3343 699 3510 770 prius
3541 716 3669 756 caa-

1997 793 2165 866 pisse
2194 790 2476 862 populum
2504 788 2925 851 Christianum.
2972 805 3148 861 quam
3188 789 3446 859 cmpisse
3476 805 3669 862 popu-

1999 884 2120 938 lum
2152 881 2493 937 Judaeorum
2524 895 2537 935 :
2573 879 2681 934 sed
2712 894 2823 934 nos
2856 878 2915 933 in
2945 878 3484 950 praedestinatione,
3504 879 3670 935 illum

2000 973 2062 1027 in
2093 971 2350 1027 nomine.

2074 1061 2161 1115 12.
2203 1058 2423 1114 Obtulit
2446 1072 2591 1129 ergo
2632 1056 3074 1112 Melchisedech
3105 1070 3316 1127 panem
3360 1059 3417 1111 et
3446 1056 3671 1114 vinum.

2002 1150 2148 1217 Quis
2180 1152 2272 1205 est
2311 1146 2803 1203 Melchisedech?
2847 1145 2996 1201 Sine
3036 1152 3235 1218 patre,
3282 1144 3492 1217 inquit,
3541 1147 3676 1201 sine

2004 1246 2217 1309 matre,
2242 1238 2376 1293 sine
2402 1236 2818 1309 generationis
2834 1235 3065 1305 ordine,
3087 1250 3274 1308 neque
3294 1235 3532 1290 initium
3550 1235 3679 1290 die-

2004 1328 2158 1395 rum)
2183 1343 2368 1400 neque
2407 1327 2582 1382 linem
2620 1326 2758 1380 vitae
2790 1324 3021 1380 habens
3061 1324 3272 1397 (Hebr.
3307 1340 3385 1395 vi,
3423 1325 3479 1394 3)
3514 1340 3528 1380 :
3563 1323 3679 1379 hoc

2006 1418 2182 1474 habet
2213 1417 2286 1471 ad
2318 1416 2609 1471 Hebrmos
2651 1414 2921 1486 epistola.
2967 1413 3108 1469 Sine
3147 1416 3337 1486 patre,
3388 1412 3596 1486 inquit,
3622 1415 3680 1469 et

2007 1508 2139 1562 sine
2179 1509 2361 1561 matre
2401 1509 2511 1560 est.
2564 1504 2789 1560 Similis
2822 1502 2961 1559 cui?
2991 1503 3141 1560 Filio
3172 1504 3299 1560 Dei.
3324 1502 3465 1559 Sine
3487 1506 3679 1558 matre

2008 1597 2158 1661 368
2190 1600 2363 1650 natus
2396 1596 2490 1648 est
2518 1593 2624 1648 Dei
2654 1593 2841 1648 Filius
2862 1593 3248 1665 generatione
3270 1592 3522 1663 caelesti,
3542 1592 3682 1665 quia

2008 1701 2084 1740 ex
2115 1684 2245 1739 solo
2275 1684 2396 1739 Deo
2430 1682 2598 1737 Patre
2627 1684 2801 1737 natus
2830 1686 2925 1737 est
2958 1698 2970 1737 :
3005 1685 3063 1737 et
3091 1682 3304 1738 iterum
3351 1682 3482 1737 sine
3513 1685 3680 1753 patre

2009 1778 2183 1829 natus
2217 1775 2327 1841 est,
2361 1772 2594 1844 quando
2625 1775 2799 1827 natus
2832 1786 2904 1826 ex
2927 1770 3171 1844 Virgine
3194 1774 3286 1827 est
3319 1786 3332 1827 :
3367 1786 3487 1826 non
3515 1771 3676 1826 enim

291 1868 374 1921 10.
433 1866 659 1936 Accipe
701 1880 835 1937 quae
883 1864 1016 1919 dico
1042 1906 1056 1932 ,
1116 1861 1409 1918 anteriora
1442 1877 1581 1917 esse
1616 1859 1897 1931 mysteria
1931 1884 1982 1947 Β
2011 1880 2085 1919 ex
2115 1862 2248 1917 virii
2278 1860 2506 1916 semine
2537 1863 2857 1933 generatus
2888 1862 2981 1915 est
3013 1876 3025 1915 :
3063 1859 3172 1915 sed
3219 1862 3393 1916 natus
3440 1860 3513 1916 de
3543 1859 3681 1932 Spi-

228 1955 693 2010 Christianorum
740 1969 917 2024 quam
947 1952 1312 2021 Judaeorum,
1343 1954 1404 2006 et
1434 1950 1726 2005 diviniora
1758 1964 1897 2004 esse

227 2046 592 2099 sacramenta
620 2041 1095 2097 Christianorum
1128 2057 1305 2112 quam
1337 2040 1700 2094 Judaeorum.
1733 2037 1896 2102 Quo-

228 2134 391 2188 modo
422 2135 451 2187 9
486 2132 729 2203 Accipe.
765 2131 959 2186 Judaei
988 2130 1223 2202 quando
1256 2144 1395 2184 esse
1426 2129 1779 2201 coeperunt?
1810 2126 1900 2181 Ex

229 2223 368 2279 Iuda
406 2222 615 2294 utique
655 2223 978 2292 pronepote
1020 2218 1278 2273 Abrahae
1312 2234 1324 2274 :
1357 2222 1475 2289 aut,
1511 2218 1565 2273 si
1595 2217 1689 2272 vis
1723 2219 1785 2272 et
1809 2217 1900 2270 sic

232 2312 583 2385 intelligere,
605 2326 679 2365 ex
699 2310 855 2382 lege,
889 2308 948 2363 id
978 2311 1071 2363 est
1091 2308 1325 2379 quando
1356 2306 1548 2362 Judaei
1578 2307 1774 2379 legem
1804 2321 1902 2360 ac-

230 2402 414 2471 cipere
438 2401 787 2455 meruerunt
813 2397 951 2466 (66).
986 2396 1147 2467 Ergo
1179 2413 1255 2451 ex
1284 2394 1900 2468 pronepote-Abrahae

228 2489 408 2544 Judaei
438 2488 588 2543 dicti
624 2491 781 2556 sunt,
815 2488 914 2540 aut
944 2502 977 2539 a
1017 2489 1281 2557 tempore
1332 2486 1523 2541 sancti
1552 2485 1798 2555 Moysis.
1832 2483 1904 2538 Et

228 2578 275 2634 si
307 2582 441 2633 tunc
500 2577 661 2632 Deus
707 2574 935 2630 Judaeis
978 2574 1483 2630 murmurantibus
1514 2590 1728 2629 manna
1758 2573 1906 2644 pluit

225 2683 254 2723 e
282 2668 448 2734 caelo,
498 2666 606 2721 tibi
653 2669 847 2723 autem
891 2667 1397 2720 sacramentorum
1443 2664 1655 2719 borum
1707 2663 1900 2735 figura

234 2756 566 2827 praecessit,
600 2754 834 2826 quando
852 2752 1152 2807 Abraham
1183 2756 1326 2821 erat,
1359 2753 1594 2824 quando
1611 2767 1900 2807 vernacu-

233 2845 319 2900 los
348 2847 653 2900 trecentos
684 2844 889 2898 decem
920 2845 977 2897 et
1007 2846 1139 2897 octo
1169 2843 1429 2915 collegit,
1461 2847 1517 2897 et
1548 2842 1653 2896 tibi
1686 2856 1897 2912 perse-

240 2938 402 2989 cutus
444 2937 541 2989 est
592 2931 704 3001 (67)
733 2931 1135 3002 adversarios,
1180 2932 1252 2987 de
1303 2931 1636 3002 captivitate
1685 2946 1906 2985 eruens

240 3028 504 3094 nepotem
540 3038 738 3091 suum,
770 3024 909 3075 tunc
938 3021 1131 3075 victor
1149 3021 1331 3090 venit,
1368 3021 1626 3075 occurrit
1656 3020 1739 3074 illi
1772 3019 1912 3074 Mel-

236 3111 552 3167 chisedech
587 3111 895 3179 sacerdos,
932 3114 989 3164 et
1022 3109 1235 3165 obtulit
1280 3110 1334 3165 ei
1363 3125 1574 3181 panem
1618 3113 1676 3164 et
1701 3110 1910 3162 vinum

237 3201 401 3269 (Gen.
438 3218 567 3267 xiv,
603 3199 700 3269 18;
723 3197 913 3253 Hebr.
945 3196 1206 3268 vu,l-3).
1227 3198 1374 3264 Quis
1396 3198 1601 3253 habuit
1622 3214 1832 3269 panem
1854 3201 1911 3252 et

236 3289 427 3344 vinum
454 3292 484 3343 9
536 3288 841 3343 Abraham
887 3303 1010 3342 non
1056 3286 1278 3342 habuit.
1316 3286 1433 3342 Sed
1483 3287 1619 3358 quis
1659 3286 1912 3341 habuit?

237 3377 697 3434 Melchisedech.
749 3376 885 3448 Ipse
931 3392 1078 3448 ergo
1122 3379 1330 3433 auctor
1379 3379 1908 3432 sacramentorum.

236 3465 370 3530 Quis
388 3470 483 3522 est
504 3465 952 3521 Melchisedech
968 3468 998 3519 ?
1026 3465 1172 3530 Quis
1195 3465 1572 3538 signiﬁcatur
1601 3481 1708 3520 rex
1726 3464 1913 3537 justi-

238 3556 346 3626 tiaz,
375 3573 485 3612 rex
507 3556 700 3627 pacis.
733 3554 878 3619 Quis
904 3557 996 3609 est
1026 3555 1140 3609 iste
1170 3571 1280 3610 rex
1302 3554 1551 3627 justitim
1573 3556 1602 3609 9
1631 3554 1913 3626 Nunquid

241 3644 406 3700 homo
465 3645 789 3717 quisquam
835 3645 1032 3714 potest
1092 3660 1200 3697 rex
1244 3659 1383 3699 esse
1424 3643 1728 3716 justitiae?
1766 3643 1912 3708 Quis

242 3750 376 3805 ergo
402 3751 514 3789 rex
541 3732 819 3804 justitiae,
845 3732 961 3786 nisi
978 3731 1227 3803 justitiaa
1252 3733 1380 3800 Dei,
1410 3733 1514 3805 qui
1542 3737 1634 3788 est
1648 3732 1749 3787 Dei
1773 3749 1911 3804 pax,

242 3822 336 3877 Dei
369 3822 663 3894 sapientia
680 3823 708 3876 9
736 3820 881 3886 Quis
903 3821 1090 3891 potuit
1119 3821 1317 3876 dicere
1343 3837 1356 3877 :
1393 3822 1611 3877 Pacem
1631 3839 1818 3878 meam
1842 3822 1917 3878 do

243 3911 415 3978 vobis,
437 3927 650 3985 pacem
669 3927 854 3966 meam
891 3910 1163 3984 relinquo
1206 3911 1377 3967 vobis
1411 3912 1602 3982 (Joau.
1636 3929 1757 3982 xxv,
1797 3913 1912 3982 ‘27).

307 4053 415 4178 (‘65)
442 4053 592 4110 Cod.
626 4052 908 4123 Clarom.,
923 4054 1214 4127 praestitit
1257 4060 1315 4109 ut
1344 4071 1557 4110 manna
1594 4053 1722 4110 illis
1737 4055 1910 4128 plue-

248 4141 354 4180 νει.

310 4196 420 4265 (66)
447 4197 673 4251 Omnes
695 4195 832 4251 edit.
858 4212 926 4250 ac
962 4212 1110 4251 mss.
1145 4197 1434 4265 nonnulli,
1475 4204 1591 4262 aut,
1619 4198 1677 4252 si
1711 4198 1821 4267 vis,
1857 4205 1916 4253 et

244 4268 328 4321 sic
343 4269 624 4339 intelligo
649 4310 663 4337 ,
704 4284 783 4322 ex
802 4267 936 4338 lege
959 4285 1125 4339 quam
1158 4268 1350 4323 Judaei
1379 4270 1657 4340 accipere
1677 4284 1915 4324 merue-

251 4346 412 4403 rant;
443 4341 661 4408 reliqui
692 4354 909 4409 magno
941 4354 1208 4408 numero,
1244 4344 1304 4393 ut
1332 4341 1393 4393 in
1420 4343 1608 4395 textu.

261 4480 272 4490 ‘
318 4409 423 4490 (6'7)
454 4410 739 4490 Nonnulli
771 4425 920 4490 mss.
945 4452 984 4490 ,_
1007 4411 1210 4467 decem
1247 4417 1306 4465 et
1328 4428 1537 4466 novem
1571 4410 1831 4483 collegit,
1858 4416 1918 4466 et

252 4486 389 4553 ivit,
410 4488 467 4535 et
498 4487 855 4553 persecutus
893 4486 1005 4536 est.

314 4551 420 4621 (68)
444 4551 632 4606 Nasci
674 4557 926 4624 possunt
964 4552 1101 4607 hinc
1140 4552 1272 4607 dum
1306 4554 1696 4624 quaestiones,
1731 4553 1911 4608 altera

2010 1954 2125 2008 ritu
2156 1953 2363 2007 sancto
2421 1950 2662 2022 (Matth.
2713 1967 2752 2019 ι,
2785 1950 2876 2020 20)
2923 1952 2981 2004 et
3017 1950 3250 2023 virgine
3280 1950 3485 2021 Maria,
3515 1952 3684 2006 utero

2010 2042 2205 2097 editus
2236 2039 2537 2112 virginali,
2562 2039 2778 2094 similis
2807 2054 2917 2110 per
2935 2038 3131 2094 omnia
3149 2038 3296 2094 Filio
3328 2040 3455 2096 Dei.
3479 2037 3686 2095 Sacer-

2011 2132 2144 2201 dos,
2188 2145 2425 2201 quoque
2457 2133 2583 2184 erat
2616 2127 3060 2184 Melchisedech
3094 2144 3108 2184 :
3142 2128 3278 2200 quia
3318 2132 3376 2184 et
3407 2127 3684 2184 Christus

2012 2219 2299 2274 sacerdos
2324 2217 2420 2272 cui
2448 2216 2663 2271 dicitur
2697 2232 2709 2272 :
2738 2215 2820 2270 Tu
2870 2232 2937 2272 es
2970 2217 3256 2273 sacerdos
3299 2218 3362 2272 in
3390 2222 3682 2273 aeternum

2013 2308 2331 2364 secundum
2362 2304 3089 2362 ordinemMelchisedeeh
3109 2305 3266 2380 (Pal.
3284 2322 3403 2379 CIX,
3424 2306 3505 2370 ι).

2660 2427 2913 2485 CAPUT
2945 2429 3040 2485 IV.

2021 2540 2095 2596 Ut
2121 2538 2477 2596 persuadeat
2509 2538 2618 2593 hoc
2661 2544 3096 2593 sacramentum
3140 2538 3410 2594 divinius
3450 2534 3686 2595 haben-

2131 2628 2221 2666 um
2244 2627 2409 2684 quam
2428 2625 2657 2684 manlia,
2683 2626 2936 2684 expane
2956 2612 3280 2684 ipsummet
3298 2610 3534 2665 Christi
3549 2627 3686 2667 cor-

2080 2700 2194 2756 pus
2226 2680 2494 2756 ejusdem
2542 2680 3089 2756 Christi’sermfone
3141 2680 3678 2756 {ieriuasseveratz

2088 2750 2566 2827 'quodjpostquam
2600 2751 2800 2827 allatis
2852 2754 3043 2827 variis
3090 2750 3426 2827 ellectibus,
3476 2754 3692 2827 quibus

2088 2822 2351 2900 ejusdem
2372 2822 2670 2900 sermenis
2684 2822 2954 2900 eflicatas
2967 2823 3175 2889 claret,
3195 2822 3572 2900 confirmavit
3584 2839 3692 2881 cur

2086 2894 2331 2968 sanguis
2345 2895 2458 2950 sub
2489 2895 2681 2949 aliena
2695 2896 2894 2967 specie
2912 2894 3106 2963 detur,
3127 2910 3362 2951 causam
3383 2896 3609 2952 reddit.

2092 3003 2178 3058 13.
2214 3002 2375 3075 Ergo
2424 3005 2632 3057 auctor
2675 3004 3183 3058 sacramentorum
3232 3002 3336 3074 qui
3393 3005 3515 3073 est,
3577 3002 3698 3060 nisi

2018 3092 2308 3149 Dominus
2337 3092 2519 3147 Jesus
2535 3093 2564 3145 9
2596 3091 2677 3145 De
2701 3090 2853 3147 caelo
2884 3091 2998 3145 ista
3012 3094 3382 3147 sacramenta
3400 3094 3692 3149 venerunt

1978 3243 1990 3251 ,
2020 3182 2334 3238 consilium
2403 3180 2559 3235 enim
2602 3195 2776 3235 omne
2820 3180 2893 3234 de
2952 3180 3103 3235 coelo
3142 3183 3255 3235 est.
3299 3180 3451 3236 Vere
3494 3184 3691 3238 autem

2022 3286 2305 3345 magnum
2335 3272 2392 3325 et
2421 3269 2687 3324 divinum
2730 3268 3080 3324 miraculum
3118 3268 3278 3341 quod
3305 3269 3524 3342 populo
3545 3271 3698 3342 pluit

2022 3361 2183 3416 Deus
2200 3376 2414 3415 manna
2437 3359 2509 3415 de
2541 3358 2714 3428 coelo,
2757 3361 2814 3414 et
2852 3375 2971 3414 non
3000 3358 3307 3415 laborabat
3327 3359 3604 3432 populus,
3638 3363 3697 3417 et

2019 3449 2431 3506 manducabat.

2095 3557 2181 3612 14.
2214 3556 2303 3611 Tu
2326 3556 2475 3611 forte
2508 3554 2659 3610 dicis
2692 3570 2704 3611 :
2731 3555 2899 3611 Meus
2941 3555 3113 3627 panis
3154 3557 3246 3612 est
3275 3556 3529 3614 usitatus
3559 3556 3692 3630 (68),

2022 3646 2138 3701 Sed
2179 3646 2350 3716 panis
2365 3646 2477 3699 iste
2506 3645 2677 3715 panis
2701 3647 2794 3700 est
2814 3647 2948 3699 ante
2970 3645 3152 3700 verba
3182 3649 3692 3703 sacramentorum

2023 3735 2135 3804 (De
2153 3734 2397 3789 Consec.
2408 3775 2422 3804 ,
2438 3733 2577 3788 dist.
2593 3731 2644 3798 3,
2663 3749 2715 3787 c.
2734 3732 2924 3787 Panis
2936 3735 3050 3803 est)
3067 3749 3080 3789 :
3099 3733 3201 3789 ubi
3221 3737 3550 3791 accesserit
3563 3752 3701 3792 cono

2024 3823 2299 3893 secretio,
2333 3823 2404 3877 de
2437 3838 2587 3893 pane
2602 3823 2663 3876 ﬁt
2685 3838 2823 3877 caro
2854 3821 3220 3894 Christi(69).
3254 3823 3577 3897 Hocigitur
3594 3841 3699 3881 as-

2022 3911 2621 3976 truamus.Quomodo
2642 3914 2837 3983 potest
2859 3909 2959 3983 qui
2981 3913 3152 3983 panis
3172 3915 3286 3985 est,
3311 3928 3531 3985 corpus
3554 3930 3695 3972 esse

2024 4055 2284 4129 adverte
2316 4053 2618 4129 neophyti
2640 4053 2928 4129 mysteria
2956 4069 3128 4129 sacra
3149 4094 3179 4129 ,_
3219 4071 3354 4127 qum
3385 4056 3504 4129 sibi
3529 4058 3697 4129 prius

2026 4128 2227 4199 ignota
2259 4126 2511 4199 fuerant,
2533 4126 2785 4199 primum
2803 4126 3149 4199 aspicientis
3167 4126 3298 4183 haec
3314 4128 3498 4183 verba
3518 4126 3658 4184 esse
3678 4140 3693 4185 :

2024 4196 2199 4252 Meus
2209 4198 2384 4269 panis
2405 4204 2495 4252 est
2516 4198 2769 4270 usitatus
2788 4213 2802 4265 ;
2818 4196 3183 4270 proindeque
3204 4199 3354 4270 ipsis
3369 4215 3486 4254 non
3498 4200 3701 4270 aliume

2024 4268 2352 4342 legitimum
2377 4284 2631 4342 sensum
2660 4268 2841 4342 tribui
2869 4284 3051 4339 posse
3082 4268 3477 4342 prmterillum
3500 4268 3698 4326 :Oculi

2024 4339 2140 4396 mei
2170 4341 2282 4395 hoc
2313 4339 2455 4394 mihi
2487 4339 2844 4411 renuntiant,
2889 4339 3099 4411 nempe
3155 4341 3330 4395 talem
3361 4342 3518 4396 hunc
3550 4356 3697 4396 esse

2024 4428 2257 4482 panem,
2290 4411 2449 4482 quali
2496 4410 2755 4482 quotidie
2814 4410 3043 4477 victito,
3083 4428 3204 4466 non
3259 4415 3454 4466 autem
3494 4411 3694 4481 aliud;

2024 4483 2181 4554 quod
2212 4483 2285 4537 ad
2306 4486 2569 4554 neutram
2609 4482 3044 4554 propositarum
3063 4482 3474 4554 difficultatum
3491 4482 3689 4554 facere

2025 4552 2249 4625 liquido
2280 4557 2455 4624 patet.
2494 4553 2722 4625 Etenim
2762 4556 2824 4607 ut
2860 4553 2933 4625 ab
2973 4568 3122 4625 eone
3153 4569 3228 4608 an
3257 4553 3331 4625 ab
3373 4553 3488 4625 alio
3521 4552 3700 4609 fuerit

254 4618 489 4677 ex’VOce
534 4618 726 4695 meus,
779 4623 962 4678 altera
1008 4639 1082 4678 ex
1113 4640 1260 4679 voce
1295 4618 1568 4679 usitatus.
1613 4618 1761 4679 Nam
1781 4624 1916 4694 jure
1941 4618 1998 4681 D
2027 4618 2299 4692 oblatus,"
2316 4640 2433 4679 non
2464 4625 2561 4679 hic
2592 4624 2825 4695 agitur;
2858 4624 2931 4677 ita
2965 4623 3140 4695 etiam
3170 4624 3340 4693 panis
3373 4623 3698 4680 fermenta-

257 4698 466 4765 quaerat
495 4694 735 4765 aliquis,
767 4710 841 4747 an
886 4698 1196 4764 prepterea
1245 4712 1411 4749 meus
1440 4695 1669 4750 dicatur
1713 4712 1744 4749 a
1777 4711 1916 4749 neo-

257 4763 441 4837 phyto,
486 4763 626 4836 quia
675 4763 946 4819 eumdem
995 4763 1121 4837 ipse
1165 4766 1529 4821 obtulisset?
1572 4767 1739 4831 Quod
1770 4782 1915 4820 sane

292 4835 449 4908 alam,
481 4835 705 4890 faceret
753 4835 1053 4891 auctorem
1084 4837 1249 4891 illum
1290 4838 1631 4908 neutiquam
1678 4839 1915 4891 sedisse

261 4907 1095 4980 Mediolani,_quandoquidem
1126 4908 1184 4960 in
1216 4924 1283 4962 ea
1314 4907 1548 4962 civitate
1583 4909 1915 4978 neophytos

266 4980 384 5030 ante
439 4978 707 5032 octavam
762 4979 853 5049 sui
904 4980 1274 5049 baptismatis
1306 4995 1513 5049 panem
1545 4996 1575 5031 a
1606 4981 1916 5034 sacerdote

265 5049 717 5119 consecrandum
750 5048 961 5104 offerre
982 5048 1127 5104 inon
1170 5048 1563 5104 conSuevisse
1595 5054 1734 5105 tom.
1770 5050 1812 5119 I,
1846 5050 1919 5104 ad

267 5115 484 5190 Praefat.
520 5120 742 5189 Expos.
793 5121 852 5174 in
902 5120 1113 5190 psalm.
1148 5138 1349 5190 cxvm,
1393 5122 1773 5175 observatum
1799 5115 1915 5176 est.

269 5186 473 5263 Deinde
510 5186 744 5263 rog—abit
772 5207 880 5245 nec
904 5186 1228 5261 immerito,
1276 5186 1416 5246 num
1454 5194 1629 5263 panis
1666 5193 1920 5246 usitatus

269 5208 473 5245 ueinue
510 5208 576 5245 ro
624 5208 744 5245 amt
772 5208 880 5245 nec
918 5208 1228 5261 immerito,
1276 5208 1416 5246 num
1454 5209 1629 5263 panis
1666 5208 1920 5246 usnatus

268 5257 367 5313 hoc
396 5262 525 5316 loco
565 5208 719 5316 igcm
758 5263 835 5316 sit
884 5278 953 5317 ac
994 5263 1379 5317 fermentatus
1410 5265 1437 5317 9
1479 5264 1541 5317 In
1572 5264 1723 5317 cibis
1763 5264 1920 5318 enim

271 5333 611 5398 quotiilianis
633 5349 756 5406 non
787 5334 965 5387 alium
998 5334 1181 5406 ferme
1205 5334 1557 5406 adhibemus
1595 5351 1769 5406 quam
1800 5335 1920 5388 fer-

271 5407 592 5480 mentatum.
629 5405 772 5480 Haec
802 5409 927 5480 erat
956 5405 1154 5480 opinio
1194 5406 1318 5460 Jac.
1342 5405 1642 5461 Sirmondi
1675 5409 1731 5459 et
1788 5422 1921 5459 car-

274 5469 466 5547 dinalis
492 5474 689 5542 Bonae,
711 5477 959 5531 doctiss.
978 5469 1299 5544 hominum,
1318 5480 1521 5533 contra
1550 5492 1703 5547 quos
1726 5480 1923 5531 tamen

275 5538 630 5619 llabillonius
670 5538 931 5619 (Dissert.
992 5547 1065 5602 de
1109 5538 1332 5619 azyma,
1375 5564 1507 5619 pap.
1567 5538 1636 5602 38
1686 5552 1744 5601 et
1796 5548 1919 5616 131,

274 5613 460 5692 tuetur
476 5618 823 5692 oppositam,
857 5621 917 5672 et
944 5635 1155 5689 panem
1179 5613 1641 5689 azymu'metiam
1662 5613 1924 5692 quando;

278 5687 522 5765 quedici
553 5687 1411 5765 communematqueusitatum
1438 5687 1925 5765 Ruperti'astruit

280 5758 619 5819 auctoritate.
651 5761 769 5820 Sed
807 5764 870 5819 ut
913 5758 1235 5823 difﬁcultas
1279 5758 1552 5843 utraque'
1567 5762 1920 5845 resolvatur,

544 5867 798 5945 Paxaea.
840 5868 995 5937 XVI.

2025 4701 2122 4751 tus
2169 4711 2486 4766 azymusve
2518 4695 2614 4763 sit,
2640 4694 2846 4767 statim
2882 4709 2913 4747 e
2959 4694 3150 4767 primo
3198 4699 3522 4765 conspectu
3562 4695 3698 4767 ejus

2027 4783 2144 4822 non
2190 4763 2594 4837 distinguitur.
2644 4763 2794 4837 Quid
2838 4763 2982 4837 vero
3016 4765 3079 4837 (si
3126 4763 3513 4837 fermentatus
3564 4763 3702 4823 cum

2026 4853 2229 4908 azymo
2263 4835 2730 4910 mist—us_f_uerit?
2759 4835 2929 4910 Certe
2951 4836 3287 4910 Chronieon
3310 4837 3481 4910 Datii,
3507 4838 3561 4893 si
3578 4856 3698 4910 qua

2027 4906 2433 4990 inscrisptioni
2465 4907 2634 4975 fides,
2665 4906 3125 4990 M-ed‘iolanensis‘
3157 4909 3422 4990 episcopi
3446 4906 3701 4990 Ambro-

2028 4981 2121 5035 sio
2176 4980 2333 5053 hunc
2384 4977 2969 5053 more_m_att_ribuit_;
3021 4978 3129 5032 sed
3185 4977 3331 5034 illud
3366 4977 3523 5051 opus
3560 4980 3702 5053 jure

2025 5051 2500 5123 pseudonymum
2541 5048 2746 5103 haberi
2773 5049 3162 5123 manifestum
3183 5055 3305 5123 est.

2097 5121 2208 5191 (69)
2260 5121 2408 5175 Mss.
2452 5135 2579 5191 non,
2615 5120 2820 5190 pauci,
2883 5125 2938 5175 et
2986 5136 3120 5175 cum
3182 5121 3277 5177 his
3327 5123 3702 5179 Lanfrancus

2025 5189 2199 5264 atque
2230 5192 2509 5265 Algerus,
2534 5189 2855 5265 fit’corpus
2868 5193 3136 5262 Christi;
3168 5209 3317 5248 mss.
3351 5197 3546 5250 tamen
3576 5196 3700 5265 alii,

2027 5268 2082 5319 et
2104 5262 2495 5332 Vomnes’editq
2514 5262 2577 5317 lit
2600 5279 2739 5318 caro
2765 5263 3015 5318 Christi.
3046 5265 3282 5319 Rursus
3302 5269 3497 5320 autem
3515 5262 3701 5321 verba

2028 5335 2336 5408 sequentia
2366 5335 2442 5388 ita
2461 5334 2612 5408 citat
2649 5335 2712 5388 Β.
2754 5334 3043 5408 Algerus,
3094 5339 3157 5390 ut
3190 5336 3434 5408 (omisso
3466 5337 3704 5408 integro

2026 5421 2208 5480 versu
2239 5405 2351 5460 ista
2383 5406 2714 5480 subuectat,
2756 5405 3141 5480 Consecratio
3175 5406 3365 5480 igitur
3395 5407 3540 5480 :_sed
3565 5405 3703 5480 quae

2027 5478 2306 5531 continuo
2338 5480 2473 5547 post
2500 5493 2575 5531 ex
2606 5477 2718 5530 hoc
2769 5478 2958 5547 capite
3002 5477 3342 5532 referuntur
3384 5478 3457 5531 ab
3490 5477 3702 5531 eodem

2026 5547 2269 5619 Algero,
2302 5547 2499 5603 locum
2546 5549 2907 5603 contractius
2946 5549 3317 5619 propositum
3367 5563 3506 5619 esse
3538 5547 3703 5601 clare

2027 5618 2365 5674 ostendunt.
2399 5619 2548 5674 Mss.
2572 5622 2766 5675 autem
2804 5623 2861 5673 et
2894 5618 3031 5675 edit.
3066 5618 3180 5674 hoc
3213 5633 3329 5672 uno
3361 5618 3706 5687 discrepant

2025 5690 2179 5765 inter
2205 5706 2293 5761 se,
2326 5691 2485 5765 quod
2516 5691 2576 5745 in
2592 5690 2803 5765 multis
2824 5689 3335 5765 illorumbabetur
3352 5688 3700 5765 astruimus,

2027 5764 2086 5827 et
2114 5777 2234 5825 vox
2263 5759 2714 5826 consecratione
2755 5760 3240 5843 praetermittitur,
3272 5762 3448 5837 atque
3474 5759 3536 5827 in
3564 5759 3702 5837 plu;

3320 5867 3414 5939 15.
