  <div class='ocr_page' id='page_1' title='image "/cluster/home/n/w/nwhite01/storage/ocr_20150623/16/hvd.32044096580444/235.png"; bbox 0 0 4024 6176; ppageno 0'>
   <div class='ocr_carea' id='block_1_1' title="bbox 369 295 498 361">
    <p class='ocr_par' dir='ltr' id='par_1_1' title="bbox 369 295 498 361">
     <span class='ocr_line' id='line_1_1' title="bbox 369 295 498 361; baseline -0.023 0"><span class='ocrx_word' id='word_1_1' title='bbox 369 295 498 361; x_wconf 74' lang='lat'>459</span> 
     </span>
    </p>
   </div>
   <div class='ocr_carea' id='block_1_2' title="bbox 375 465 2122 560">
    <p class='ocr_par' dir='ltr' id='par_1_2' title="bbox 375 465 2122 560">
     <span class='ocr_line' id='line_1_2' title="bbox 375 465 2122 560; baseline -0.005 -10"><span class='ocrx_word' id='word_1_2' title='bbox 375 465 642 550; x_wconf 78' lang='lat' dir='ltr'>Christi?</span> <span class='ocrx_word' id='word_1_3' title='bbox 673 491 1152 546; x_wconf 83' lang='lat' dir='ltr'>Consecratione.</span> <span class='ocrx_word' id='word_1_4' title='bbox 1185 489 1570 545; x_wconf 90' lang='lat' dir='ltr'>Consecratio</span> <span class='ocrx_word' id='word_1_5' title='bbox 1603 491 1796 544; x_wconf 87' lang='lat' dir='ltr'>autem</span> <span class='ocrx_word' id='word_1_6' title='bbox 1828 490 2046 560; x_wconf 78' lang='lat' dir='ltr'>quibus</span> <span class='ocrx_word' id='word_1_7' title='bbox 2085 472 2122 532; x_wconf 55' lang='grc' dir='ltr'><strong>λ</strong></span> 
     </span>
    </p>
   </div>
   <div class='ocr_carea' id='block_1_3' title="bbox 374 578 2045 651">
    <p class='ocr_par' dir='ltr' id='par_1_3' title="bbox 374 578 2045 651">
     <span class='ocr_line' id='line_1_3' title="bbox 374 578 2045 651; baseline -0.004 -14"><span class='ocrx_word' id='word_1_8' title='bbox 374 582 590 637; x_wconf 79' lang='lat' dir='ltr'>verbis</span> <span class='ocrx_word' id='word_1_9' title='bbox 625 584 736 649; x_wconf 90' lang='lat' dir='ltr'>est,</span> <span class='ocrx_word' id='word_1_10' title='bbox 767 581 942 651; x_wconf 72' lang='lat' dir='ltr'>cujus</span> <span class='ocrx_word' id='word_1_11' title='bbox 987 579 1414 634; x_wconf 79' lang='lat' dir='ltr'>sermonibus?</span> <span class='ocrx_word' id='word_1_12' title='bbox 1449 579 1680 632; x_wconf 85' lang='lat' dir='ltr'>Domini</span> <span class='ocrx_word' id='word_1_13' title='bbox 1712 578 1876 632; x_wconf 84' lang='lat' dir='ltr'>Jcsu.</span> <span class='ocrx_word' id='word_1_14' title='bbox 1899 579 2045 631; x_wconf 78' lang='lat' dir='ltr'>Nam</span> 
     </span>
    </p>
   </div>
   <div class='ocr_carea' id='block_1_4' title="bbox 373 667 2040 742">
    <p class='ocr_par' dir='ltr' id='par_1_4' title="bbox 373 667 2040 742">
     <span class='ocr_line' id='line_1_4' title="bbox 373 667 2040 742; baseline -0.004 -16"><span class='ocrx_word' id='word_1_15' title='bbox 373 675 428 726; x_wconf 91' lang='lat' dir='ltr'>et</span> <span class='ocrx_word' id='word_1_16' title='bbox 452 671 673 742; x_wconf 80' lang='lat' dir='ltr'>reliqua</span> <span class='ocrx_word' id='word_1_17' title='bbox 697 671 894 724; x_wconf 84' lang='lat' dir='ltr'>omnia</span> <span class='ocrx_word' id='word_1_18' title='bbox 927 685 1059 740; x_wconf 61' lang='lat' dir='ltr'>quae</span> <span class='ocrx_word' id='word_1_19' title='bbox 1083 669 1358 722; x_wconf 89' lang='lat' dir='ltr'>dicuntur</span> <span class='ocrx_word' id='word_1_20' title='bbox 1379 668 1492 736; x_wconf 78' lang='grc' dir='ltr'>(Ἷο)</span> <span class='ocrx_word' id='word_1_21' title='bbox 1516 669 1573 720; x_wconf 89' lang='lat' dir='ltr'>in</span> <span class='ocrx_word' id='word_1_22' title='bbox 1607 667 2040 738; x_wconf 87' lang='lat' dir='ltr'>superioribus,</span> 
     </span>
    </p>
   </div>
   <div class='ocr_carea' id='block_1_5' title="bbox 371 756 2044 828">
    <p class='ocr_par' dir='ltr' id='par_1_5' title="bbox 371 756 2044 828">
     <span class='ocr_line' id='line_1_5' title="bbox 371 756 2044 828; baseline -0.004 -14"><span class='ocrx_word' id='word_1_23' title='bbox 371 776 406 814; x_wconf 84' lang='lat' dir='ltr'>a</span> <span class='ocrx_word' id='word_1_24' title='bbox 437 759 744 814; x_wconf 87' lang='lat' dir='ltr'>sacerdote</span> <span class='ocrx_word' id='word_1_25' title='bbox 768 759 1060 828; x_wconf 89' lang='lat' dir='ltr'>dicuntur,</span> <span class='ocrx_word' id='word_1_26' title='bbox 1088 757 1291 811; x_wconf 89' lang='lat' dir='ltr'>laudes</span> <span class='ocrx_word' id='word_1_27' title='bbox 1318 757 1436 810; x_wconf 88' lang='lat' dir='ltr'>Deo</span> <span class='ocrx_word' id='word_1_28' title='bbox 1455 756 1820 824; x_wconf 84' lang='lat' dir='ltr'>deferuntur,</span> <span class='ocrx_word' id='word_1_29' title='bbox 1858 757 2044 809; x_wconf 95' lang='lat' dir='ltr'>oratio</span> 
     </span>
    </p>
   </div>
   <div class='ocr_carea' id='block_1_6' title="bbox 368 839 2042 920">
    <p class='ocr_par' dir='ltr' id='par_1_6' title="bbox 368 839 2042 920">
     <span class='ocr_line' id='line_1_6' title="bbox 368 839 2042 920; baseline -0.002 -18"><span class='ocrx_word' id='word_1_30' title='bbox 368 849 588 920; x_wconf 87' lang='lat' dir='ltr'>petitur</span> <span class='ocrx_word' id='word_1_31' title='bbox 625 865 730 918; x_wconf 88' lang='lat' dir='ltr'>pro</span> <span class='ocrx_word' id='word_1_32' title='bbox 763 847 1002 918; x_wconf 88' lang='lat' dir='ltr'>populo,</span> <span class='ocrx_word' id='word_1_33' title='bbox 1049 863 1154 916; x_wconf 88' lang='lat' dir='ltr'>pro</span> <span class='ocrx_word' id='word_1_34' title='bbox 1187 845 1459 917; x_wconf 76' lang='lat' dir='ltr'>regibus,</span> <span class='ocrx_word' id='word_1_35' title='bbox 1493 860 1599 915; x_wconf 89' lang='lat' dir='ltr'>pro</span> <span class='ocrx_word' id='word_1_36' title='bbox 1635 839 1868 898; x_wconf 75' lang='lat' dir='ltr'>caetéris</span> <span class='ocrx_word' id='word_1_37' title='bbox 1897 861 1908 898; x_wconf 89' lang='lat'><strong>:</strong></span> <span class='ocrx_word' id='word_1_38' title='bbox 1941 844 2042 898; x_wconf 91' lang='lat' dir='ltr'>ubi</span> 
     </span>
    </p>
   </div>
   <div class='ocr_carea' id='block_1_7' title="bbox 369 931 2046 1004">
    <p class='ocr_par' dir='ltr' id='par_1_7' title="bbox 369 931 2046 1004">
     <span class='ocr_line' id='line_1_7' title="bbox 369 931 2046 1004; baseline -0.004 -11"><span class='ocrx_word' id='word_1_39' title='bbox 369 940 606 992; x_wconf 75' lang='lat' dir='ltr'>venitur</span> <span class='ocrx_word' id='word_1_40' title='bbox 634 941 697 992; x_wconf 89' lang='lat' dir='ltr'>ut</span> <span class='ocrx_word' id='word_1_41' title='bbox 717 935 1067 991; x_wconf 80' lang='lat' dir='ltr'>conﬁciatur</span> <span class='ocrx_word' id='word_1_42' title='bbox 1091 933 1426 989; x_wconf 76' lang='lat' dir='ltr'>venerabile</span> <span class='ocrx_word' id='word_1_43' title='bbox 1453 936 1906 1002; x_wconf 82' lang='lat' dir='ltr'>sacramentum,</span> <span class='ocrx_word' id='word_1_44' title='bbox 1925 931 2046 1004; x_wconf 81' lang='lat' dir='ltr'>jam</span> 
     </span>
    </p>
   </div>
   <div class='ocr_carea' id='block_1_8' title="bbox 371 1021 2050 1092">
    <p class='ocr_par' dir='ltr' id='par_1_8' title="bbox 371 1021 2050 1092">
     <span class='ocr_line' id='line_1_8' title="bbox 371 1021 2050 1092; baseline -0.007 -7"><span class='ocrx_word' id='word_1_45' title='bbox 371 1043 492 1085; x_wconf 87' lang='lat' dir='ltr'>non</span> <span class='ocrx_word' id='word_1_46' title='bbox 538 1027 667 1082; x_wconf 89' lang='lat' dir='ltr'>suis</span> <span class='ocrx_word' id='word_1_47' title='bbox 699 1025 1080 1081; x_wconf 87' lang='lat' dir='ltr'>sermonibus</span> <span class='ocrx_word' id='word_1_48' title='bbox 1128 1024 1310 1078; x_wconf 90' lang='lat' dir='ltr'>utitur</span> <span class='ocrx_word' id='word_1_49' title='bbox 1359 1022 1678 1092; x_wconf 86' lang='lat' dir='ltr'>sacerdos,</span> <span class='ocrx_word' id='word_1_50' title='bbox 1714 1022 1822 1076; x_wconf 89' lang='lat' dir='ltr'>sed</span> <span class='ocrx_word' id='word_1_51' title='bbox 1870 1021 2050 1076; x_wconf 89' lang='lat' dir='ltr'>utitur</span> 
     </span>
    </p>
   </div>
   <div class='ocr_carea' id='block_1_9' title="bbox 373 1110 2045 1184">
    <p class='ocr_par' dir='ltr' id='par_1_9' title="bbox 373 1110 2045 1184">
     <span class='ocr_line' id='line_1_9' title="bbox 373 1110 2045 1184; baseline -0.004 -13"><span class='ocrx_word' id='word_1_52' title='bbox 373 1116 754 1172; x_wconf 86' lang='lat' dir='ltr'>sermonibus</span> <span class='ocrx_word' id='word_1_53' title='bbox 785 1113 1026 1168; x_wconf 85' lang='lat' dir='ltr'>Christi.</span> <span class='ocrx_word' id='word_1_54' title='bbox 1072 1113 1232 1184; x_wconf 82' lang='lat' dir='ltr'>Ergo</span> <span class='ocrx_word' id='word_1_55' title='bbox 1262 1126 1462 1167; x_wconf 89' lang='lat' dir='ltr'>sermo</span> <span class='ocrx_word' id='word_1_56' title='bbox 1512 1110 1732 1166; x_wconf 87' lang='lat' dir='ltr'>Christi</span> <span class='ocrx_word' id='word_1_57' title='bbox 1761 1111 1876 1165; x_wconf 93' lang='lat' dir='ltr'>hoc</span> <span class='ocrx_word' id='word_1_58' title='bbox 1899 1126 2045 1166; x_wconf 90' lang='lat' dir='ltr'>con-</span> 
     </span>
    </p>
   </div>
   <div class='ocr_carea' id='block_1_10' title="bbox 374 1205 982 1262">
    <p class='ocr_par' dir='ltr' id='par_1_10' title="bbox 374 1205 982 1262">
     <span class='ocr_line' id='line_1_10' title="bbox 374 1205 982 1262; baseline -0.01 0"><span class='ocrx_word' id='word_1_59' title='bbox 374 1207 500 1262; x_wconf 83' lang='lat' dir='ltr'>ficit</span> <span class='ocrx_word' id='word_1_60' title='bbox 529 1205 982 1260; x_wconf 84' lang='lat' dir='ltr'>sacramentum.</span> 
     </span>
    </p>
   </div>
   <div class='ocr_carea' id='block_1_11' title="bbox 373 1342 2048 1420">
    <p class='ocr_par' dir='ltr' id='par_1_11' title="bbox 373 1342 2048 1420">
     <span class='ocr_line' id='line_1_11' title="bbox 373 1342 2048 1420; baseline -0.005 -16"><span class='ocrx_word' id='word_1_61' title='bbox 373 1350 545 1404; x_wconf 90' lang='lat' dir='ltr'>ribus</span> <span class='ocrx_word' id='word_1_62' title='bbox 584 1348 754 1420; x_wconf 82' lang='lat' dir='ltr'>legas</span> <span class='ocrx_word' id='word_1_63' title='bbox 790 1345 1178 1420; x_wconf 68' lang='lat' dir='ltr'>consecratio</span> <span class='ocrx_word' id='word_1_64' title='bbox 1207 1351 1400 1420; x_wconf 84' lang='lat' dir='ltr'>autem</span> <span class='ocrx_word' id='word_1_65' title='bbox 1435 1359 1454 1420; x_wconf 84' lang='lat'>:_</span> <span class='ocrx_word' id='word_1_66' title='bbox 1484 1343 1620 1420; x_wconf 87' lang='lat' dir='ltr'>edit.</span> <span class='ocrx_word' id='word_1_67' title='bbox 1655 1342 2048 1420; x_wconf 79' lang='lat' dir='ltr'>vero_interse</span> 
     </span>
    </p>
   </div>
   <div class='ocr_carea' id='block_1_12' title="bbox 377 1413 2049 1488">
    <p class='ocr_par' dir='ltr' id='par_1_12' title="bbox 377 1413 2049 1488">
     <span class='ocr_line' id='line_1_12' title="bbox 377 1413 2049 1488; baseline -0.005 -14"><span class='ocrx_word' id='word_1_68' title='bbox 377 1413 754 1488; x_wconf 73' lang='lat' dir='ltr'>conveniunt,</span> <span class='ocrx_word' id='word_1_69' title='bbox 807 1417 923 1488; x_wconf 86' lang='lat' dir='ltr'>nisi</span> <span class='ocrx_word' id='word_1_70' title='bbox 955 1415 1111 1486; x_wconf 89' lang='lat' dir='ltr'>quod</span> <span class='ocrx_word' id='word_1_71' title='bbox 1160 1419 1393 1470; x_wconf 86' lang='lat' dir='ltr'>veteres</span> <span class='ocrx_word' id='word_1_72' title='bbox 1439 1414 1936 1488; x_wconf 80' lang='lat' dir='ltr'>iuterpungebant</span> <span class='ocrx_word' id='word_1_73' title='bbox 1976 1413 2049 1466; x_wconf 89' lang='lat' dir='ltr'>ad</span> 
     </span>
    </p>
   </div>
   <div class='ocr_carea' id='block_1_13' title="bbox 377 1486 2050 1559">
    <p class='ocr_par' dir='ltr' id='par_1_13' title="bbox 377 1486 2050 1559">
     <span class='ocr_line' id='line_1_13' title="bbox 377 1486 2050 1559; baseline -0.005 -13"><span class='ocrx_word' id='word_1_74' title='bbox 377 1507 512 1546; x_wconf 91' lang='lat' dir='ltr'>eum</span> <span class='ocrx_word' id='word_1_75' title='bbox 541 1486 780 1545; x_wconf 85' lang='lat' dir='ltr'>modum</span> <span class='ocrx_word' id='word_1_76' title='bbox 813 1505 828 1545; x_wconf 85' lang='lat'>:</span> <span class='ocrx_word' id='word_1_77' title='bbox 858 1487 983 1542; x_wconf 86' lang='lat' dir='ltr'>Hoc</span> <span class='ocrx_word' id='word_1_78' title='bbox 1015 1487 1204 1559; x_wconf 80' lang='lat' dir='ltr'>igitur</span> <span class='ocrx_word' id='word_1_79' title='bbox 1239 1492 1604 1559; x_wconf 76' lang='lat' dir='ltr'>astruamus,_</span> <span class='ocrx_word' id='word_1_80' title='bbox 1635 1486 1912 1559; x_wconf 83' lang='lat' dir='ltr'>quomodo</span> <span class='ocrx_word' id='word_1_81' title='bbox 1941 1499 2050 1555; x_wconf 86' lang='lat' dir='ltr'>po-</span> 
     </span>
    </p>
   </div>
   <div class='ocr_carea' id='block_1_14' title="bbox 339 1557 2049 1634">
    <p class='ocr_par' dir='ltr' id='par_1_14' title="bbox 339 1557 2049 1634">
     <span class='ocr_line' id='line_1_14' title="bbox 339 1557 2049 1634; baseline -0.005 -18"><span class='ocrx_word' id='word_1_82' title='bbox 339 1579 347 1590; x_wconf 91' lang='grc'><strong>·</strong></span> <span class='ocrx_word' id='word_1_83' title='bbox 379 1569 498 1618; x_wconf 85' lang='lat' dir='ltr'>test</span> <span class='ocrx_word' id='word_1_84' title='bbox 537 1562 635 1634; x_wconf 77' lang='lat' dir='ltr'>qui</span> <span class='ocrx_word' id='word_1_85' title='bbox 669 1561 844 1632; x_wconf 87' lang='lat' dir='ltr'>panis</span> <span class='ocrx_word' id='word_1_86' title='bbox 885 1565 996 1634; x_wconf 82' lang='lat' dir='ltr'>est,</span> <span class='ocrx_word' id='word_1_87' title='bbox 1025 1557 1238 1634; x_wconf 70' lang='lat' dir='ltr'>corpus</span> <span class='ocrx_word' id='word_1_88' title='bbox 1278 1571 1420 1634; x_wconf 70' lang='lat' dir='ltr'>esse</span> <span class='ocrx_word' id='word_1_89' title='bbox 1438 1557 1691 1634; x_wconf 47' lang='lat' dir='ltr'>Christi</span> <span class='ocrx_word' id='word_1_90' title='bbox 1737 1571 2049 1634; x_wconf 79' lang='lat' dir='ltr'>consecra-</span> 
     </span>
    </p>
   </div>
   <div class='ocr_carea' id='block_1_15' title="bbox 337 1627 1938 1698">
    <p class='ocr_par' dir='ltr' id='par_1_15' title="bbox 337 1627 1938 1698">
     <span class='ocr_line' id='line_1_15' title="bbox 337 1627 1938 1698; baseline -0.006 -9"><span class='ocrx_word' id='word_1_91' title='bbox 337 1667 342 1673; x_wconf 71' lang='grc' dir='ltr'><em>ι</em></span> <span class='ocrx_word' id='word_1_92' title='bbox 379 1627 562 1696; x_wconf 63' lang='lat' dir='ltr'>tione:</span> <span class='ocrx_word' id='word_1_93' title='bbox 585 1627 989 1687; x_wconf 42' lang='lat' dir='ltr'>Cobsecratio&#39;</span> <span class='ocrx_word' id='word_1_94' title='bbox 1013 1627 1222 1698; x_wconf 81' lang='lat' dir='ltr'>igitur,</span> <span class='ocrx_word' id='word_1_95' title='bbox 1256 1633 1366 1681; x_wconf 87' lang='lat' dir='ltr'>etc.</span> <span class='ocrx_word' id='word_1_96' title='bbox 1404 1627 1598 1680; x_wconf 88' lang='lat' dir='ltr'>Minus</span> <span class='ocrx_word' id='word_1_97' title='bbox 1631 1627 1938 1681; x_wconf 90' lang='lat' dir='ltr'>concinne.</span> 
     </span>
    </p>
   </div>
   <div class='ocr_carea' id='block_1_16' title="bbox 448 1697 2048 1774">
    <p class='ocr_par' dir='ltr' id='par_1_16' title="bbox 448 1697 2048 1774">
     <span class='ocr_line' id='line_1_16' title="bbox 448 1697 2048 1774; baseline -0.006 -15"><span class='ocrx_word' id='word_1_98' title='bbox 448 1704 562 1774; x_wconf 84' lang='grc' dir='ltr'>(Ἷο)</span> <span class='ocrx_word' id='word_1_99' title='bbox 583 1703 800 1756; x_wconf 90' lang='lat' dir='ltr'>Omnes</span> <span class='ocrx_word' id='word_1_100' title='bbox 855 1700 994 1755; x_wconf 89' lang='lat' dir='ltr'>edit.</span> <span class='ocrx_word' id='word_1_101' title='bbox 1030 1697 1098 1774; x_wconf 80' lang='lat' dir='ltr'>ac</span> <span class='ocrx_word' id='word_1_102' title='bbox 1142 1715 1288 1774; x_wconf 88' lang='lat' dir='ltr'>ms_s_.</span> <span class='ocrx_word' id='word_1_103' title='bbox 1337 1699 1610 1752; x_wconf 87' lang='lat' dir='ltr'>undecim</span> <span class='ocrx_word' id='word_1_104' title='bbox 1659 1699 1950 1774; x_wconf 71' lang='lat' dir='ltr'>omittunt,</span> <span class='ocrx_word' id='word_1_105' title='bbox 1986 1697 2048 1750; x_wconf 84' lang='lat' dir='ltr'>in</span> 
     </span>
    </p>
   </div>
   <div class='ocr_carea' id='block_1_17' title="bbox 377 1769 2048 1848">
    <p class='ocr_par' dir='ltr' id='par_1_17' title="bbox 377 1769 2048 1848">
     <span class='ocr_line' id='line_1_17' title="bbox 377 1769 2048 1848; baseline -0.01 -18"><span class='ocrx_word' id='word_1_106' title='bbox 377 1769 1476 1848; x_wconf 44' lang='lat' dir='ltr'>saperioribus,asaeerdoteilicuntur</span> <span class='ocrx_word' id='word_1_107' title='bbox 1491 1784 1653 1848; x_wconf 62' lang='lat' dir='ltr'>:qute</span> <span class='ocrx_word' id='word_1_108' title='bbox 1670 1784 1778 1822; x_wconf 90' lang='lat' dir='ltr'>nos</span> <span class='ocrx_word' id='word_1_109' title='bbox 1799 1769 2048 1848; x_wconf 63' lang='lat' dir='ltr'>aliorum</span> 
     </span>
    </p>
   </div>
   <div class='ocr_carea' id='block_1_18' title="bbox 381 1839 2127 1911">
    <p class='ocr_par' dir='ltr' id='par_1_18' title="bbox 381 1839 2127 1911">
     <span class='ocr_line' id='line_1_18' title="bbox 381 1839 2127 1911; baseline -0.006 -10"><span class='ocrx_word' id='word_1_110' title='bbox 381 1839 672 1911; x_wconf 54' lang='lat' dir='ltr'>co&#39;dicum,</span> <span class='ocrx_word' id='word_1_111' title='bbox 715 1839 969 1897; x_wconf 84' lang='lat' dir='ltr'>maxime</span> <span class='ocrx_word' id='word_1_112' title='bbox 999 1855 1140 1895; x_wconf 90' lang='lat' dir='ltr'>vero</span> <span class='ocrx_word' id='word_1_113' title='bbox 1173 1840 1382 1910; x_wconf 83' lang='lat' dir='ltr'>Benig.</span> <span class='ocrx_word' id='word_1_114' title='bbox 1421 1843 1475 1893; x_wconf 90' lang='lat' dir='ltr'>et</span> <span class='ocrx_word' id='word_1_115' title='bbox 1503 1839 1755 1911; x_wconf 88' lang='lat' dir='ltr'>Clarom.</span> <span class='ocrx_word' id='word_1_116' title='bbox 1789 1840 2048 1893; x_wconf 86' lang='lat' dir='ltr'>auctori-</span> <span class='ocrx_word' id='word_1_117' title='bbox 2079 1847 2127 1908; x_wconf 84' lang='grc' dir='ltr'>Β</span> 
     </span>
    </p>
   </div>
   <div class='ocr_carea' id='block_1_19' title="bbox 378 1910 2048 1982">
    <p class='ocr_par' dir='ltr' id='par_1_19' title="bbox 378 1910 2048 1982">
     <span class='ocr_line' id='line_1_19' title="bbox 378 1910 2048 1982; baseline -0.005 -10"><span class='ocrx_word' id='word_1_118' title='bbox 378 1921 494 1972; x_wconf 87' lang='lat' dir='ltr'>tate</span> <span class='ocrx_word' id='word_1_119' title='bbox 527 1917 916 1971; x_wconf 89' lang='lat' dir='ltr'>restitnimus.</span> <span class='ocrx_word' id='word_1_120' title='bbox 953 1914 1027 1966; x_wconf 82' lang='lat' dir='ltr'>At</span> <span class='ocrx_word' id='word_1_121' title='bbox 1057 1915 1494 1982; x_wconf 85' lang='lat' dir='ltr'>consequenter</span> <span class='ocrx_word' id='word_1_122' title='bbox 1515 1927 1640 1980; x_wconf 91' lang='lat' dir='ltr'>pro,</span> <span class='ocrx_word' id='word_1_123' title='bbox 1667 1910 1899 1964; x_wconf 84' lang='lat' dir='ltr'>laudem</span> <span class='ocrx_word' id='word_1_124' title='bbox 1924 1911 2048 1982; x_wconf 79' lang='lat' dir='ltr'>Deo</span> 
     </span>
    </p>
   </div>
   <div class='ocr_carea' id='block_1_20' title="bbox 381 1981 2051 2054">
    <p class='ocr_par' dir='ltr' id='par_1_20' title="bbox 381 1981 2051 2054">
     <span class='ocr_line' id='line_1_20' title="bbox 381 1981 2051 2054; baseline -0.006 -10"><span class='ocrx_word' id='word_1_125' title='bbox 381 1989 662 2044; x_wconf 72' lang='lat' dir='ltr'>deterunt.</span> <span class='ocrx_word' id='word_1_126' title='bbox 693 2007 709 2040; x_wconf 92' lang='grc'>.·</span> <span class='ocrx_word' id='word_1_127' title='bbox 749 1985 940 2038; x_wconf 84' lang='lat' dir='ltr'>oratio</span> <span class='ocrx_word' id='word_1_128' title='bbox 959 1983 1367 2054; x_wconf 65' lang='lat' dir='ltr'>praemittitur,</span> <span class='ocrx_word' id='word_1_129' title='bbox 1396 1983 1554 2052; x_wconf 89' lang='lat' dir='ltr'>quod</span> <span class='ocrx_word' id='word_1_130' title='bbox 1587 1981 1910 2054; x_wconf 83' lang='lat' dir='ltr'>habeturin</span> <span class='ocrx_word' id='word_1_131' title='bbox 1932 1981 2051 2054; x_wconf 86' lang='lat' dir='ltr'>edit</span> 
     </span>
    </p>
   </div>
   <div class='ocr_carea' id='block_1_21' title="bbox 381 2053 2050 2126">
    <p class='ocr_par' dir='ltr' id='par_1_21' title="bbox 381 2053 2050 2126">
     <span class='ocr_line' id='line_1_21' title="bbox 381 2053 2050 2126; baseline -0.005 -12"><span class='ocrx_word' id='word_1_132' title='bbox 381 2061 554 2114; x_wconf 84' lang='lat' dir='ltr'>Rom.</span> <span class='ocrx_word' id='word_1_133' title='bbox 588 2059 717 2114; x_wconf 66' lang='lat' dir='ltr'>alia:</span> <span class='ocrx_word' id='word_1_134' title='bbox 749 2053 985 2126; x_wconf 83' lang='lat' dir='ltr'>quidem</span> <span class='ocrx_word' id='word_1_135' title='bbox 1035 2058 1091 2108; x_wconf 90' lang='lat' dir='ltr'>et</span> <span class='ocrx_word' id='word_1_136' title='bbox 1138 2070 1286 2106; x_wconf 87' lang='lat' dir='ltr'>mss.</span> <span class='ocrx_word' id='word_1_137' title='bbox 1339 2069 1561 2126; x_wconf 78' lang='lat' dir='ltr'>omnes</span> <span class='ocrx_word' id='word_1_138' title='bbox 1585 2053 1886 2119; x_wconf 79' lang='lat' dir='ltr'>exhibent,</span> <span class='ocrx_word' id='word_1_139' title='bbox 1922 2053 2050 2126; x_wconf 79' lang='lat' dir='ltr'>laus</span> 
     </span>
    </p>
   </div>
   <div class='ocr_carea' id='block_1_22' title="bbox 379 2123 2048 2196">
    <p class='ocr_par' dir='ltr' id='par_1_22' title="bbox 379 2123 2048 2196">
     <span class='ocr_line' id='line_1_22' title="bbox 379 2123 2048 2196; baseline -0.007 -10"><span class='ocrx_word' id='word_1_140' title='bbox 379 2132 506 2186; x_wconf 88' lang='lat' dir='ltr'>Deo</span> <span class='ocrx_word' id='word_1_141' title='bbox 525 2123 802 2184; x_wconf 55' lang='lat' dir='ltr'>(Ie/ortu}</span> <span class='ocrx_word' id='word_1_142' title='bbox 835 2143 846 2181; x_wconf 92' lang='lat'>:</span> <span class='ocrx_word' id='word_1_143' title='bbox 882 2127 987 2180; x_wconf 86' lang='lat' dir='ltr'>sed</span> <span class='ocrx_word' id='word_1_144' title='bbox 1012 2127 1067 2178; x_wconf 90' lang='lat' dir='ltr'>in</span> <span class='ocrx_word' id='word_1_145' title='bbox 1090 2123 1362 2196; x_wconf 86' lang='lat' dir='ltr'>sequenti</span> <span class='ocrx_word' id='word_1_146' title='bbox 1393 2123 1827 2196; x_wconf 87' lang='lat' dir='ltr'>membrointer</span> <span class='ocrx_word' id='word_1_147' title='bbox 1857 2140 1922 2178; x_wconf 88' lang='lat' dir='ltr'>se</span> <span class='ocrx_word' id='word_1_148' title='bbox 1953 2125 2048 2177; x_wconf 86' lang='lat' dir='ltr'>tri-</span> 
     </span>
    </p>
   </div>
   <div class='ocr_carea' id='block_1_23' title="bbox 381 2195 2045 2265">
    <p class='ocr_par' dir='ltr' id='par_1_23' title="bbox 381 2195 2045 2265">
     <span class='ocr_line' id='line_1_23' title="bbox 381 2195 2045 2265; baseline -0.005 -8"><span class='ocrx_word' id='word_1_149' title='bbox 381 2202 590 2256; x_wconf 86' lang='lat' dir='ltr'>fariam</span> <span class='ocrx_word' id='word_1_150' title='bbox 612 2200 970 2254; x_wconf 84' lang='lat' dir='ltr'>dividuntur.</span> <span class='ocrx_word' id='word_1_151' title='bbox 1005 2195 1233 2250; x_wconf 81' lang='lat' dir='ltr'>Etenim</span> <span class='ocrx_word' id='word_1_152' title='bbox 1254 2195 1520 2249; x_wconf 81' lang='lat' dir='ltr'>vet.edit.</span> <span class='ocrx_word' id='word_1_153' title='bbox 1547 2211 1613 2247; x_wconf 90' lang='lat' dir='ltr'>ac</span> <span class='ocrx_word' id='word_1_154' title='bbox 1638 2195 1873 2265; x_wconf 89' lang='lat' dir='ltr'>quidam</span> <span class='ocrx_word' id='word_1_155' title='bbox 1898 2211 2045 2249; x_wconf 88' lang='lat' dir='ltr'>mss.</span> 
     </span>
    </p>
   </div>
   <div class='ocr_carea' id='block_1_24' title="bbox 379 2265 2046 2346">
    <p class='ocr_par' dir='ltr' id='par_1_24' title="bbox 379 2265 2046 2346">
     <span class='ocr_line' id='line_1_24' title="bbox 379 2265 2046 2346; baseline -0.005 -18"><span class='ocrx_word' id='word_1_156' title='bbox 379 2275 622 2346; x_wconf 83' lang='lat' dir='ltr'>legunt,</span> <span class='ocrx_word' id='word_1_157' title='bbox 676 2270 942 2346; x_wconf 67' lang='lat' dir='ltr'>oratione</span> <span class='ocrx_word' id='word_1_158' title='bbox 993 2269 1250 2346; x_wconf 77' lang='lat' dir='ltr'>petitur;</span> <span class='ocrx_word' id='word_1_159' title='bbox 1303 2266 1432 2346; x_wconf 78' lang='lat' dir='ltr'>cod.</span> <span class='ocrx_word' id='word_1_160' title='bbox 1493 2265 1746 2346; x_wconf 83' lang='lat' dir='ltr'>Gemet.,</span> <span class='ocrx_word' id='word_1_161' title='bbox 1808 2266 2046 2346; x_wconf 37' lang='lat' dir='ltr'>Erat-eL,</span> 
     </span>
    </p>
   </div>
   <div class='ocr_carea' id='block_1_25' title="bbox 380 2337 2048 2410">
    <p class='ocr_par' dir='ltr' id='par_1_25' title="bbox 380 2337 2048 2410">
     <span class='ocr_line' id='line_1_25' title="bbox 380 2337 2048 2410; baseline -0.005 -10"><span class='ocrx_word' id='word_1_162' title='bbox 380 2337 570 2400; x_wconf 71' lang='lat' dir='ltr'>Amet.</span> <span class='ocrx_word' id='word_1_163' title='bbox 605 2337 672 2397; x_wconf 84' lang='lat' dir='ltr'>ac</span> <span class='ocrx_word' id='word_1_164' title='bbox 703 2342 942 2408; x_wconf 89' lang='lat' dir='ltr'>&#39;l‘eller.,</span> <span class='ocrx_word' id='word_1_165' title='bbox 993 2337 1186 2393; x_wconf 78' lang='lat' dir='ltr'>oratio</span> <span class='ocrx_word' id='word_1_166' title='bbox 1225 2338 1413 2410; x_wconf 57' lang='lat' dir='ltr'>petit;</span> <span class='ocrx_word' id='word_1_167' title='bbox 1461 2340 1761 2410; x_wconf 89' lang='lat' dir='ltr'>postremo</span> <span class='ocrx_word' id='word_1_168' title='bbox 1811 2337 2048 2410; x_wconf 84' lang='lat' dir='ltr'>Benig.,</span> 
     </span>
    </p>
   </div>
   <div class='ocr_carea' id='block_1_26' title="bbox 381 2408 2048 2483">
    <p class='ocr_par' dir='ltr' id='par_1_26' title="bbox 381 2408 2048 2483">
     <span class='ocr_line' id='line_1_26' title="bbox 381 2408 2048 2483; baseline -0.007 -11"><span class='ocrx_word' id='word_1_169' title='bbox 381 2418 673 2483; x_wconf 77' lang='lat' dir='ltr'>Remem.,</span> <span class='ocrx_word' id='word_1_170' title='bbox 707 2412 982 2483; x_wconf 82' lang='lat' dir='ltr'>Clarom.,</span> <span class='ocrx_word' id='word_1_171' title='bbox 1017 2409 1189 2462; x_wconf 85' lang='lat' dir='ltr'>Sorb.</span> <span class='ocrx_word' id='word_1_172' title='bbox 1219 2413 1273 2462; x_wconf 88' lang='lat' dir='ltr'>et</span> <span class='ocrx_word' id='word_1_173' title='bbox 1294 2408 1573 2483; x_wconf 81' lang='lat' dir='ltr'>Colbert.,</span> <span class='ocrx_word' id='word_1_174' title='bbox 1594 2408 2048 2483; x_wconf 76' lang='lat' dir='ltr'>pratiOpetitur;</span> 
     </span>
    </p>
   </div>
   <div class='ocr_carea' id='block_1_27' title="bbox 382 2479 2053 2558">
    <p class='ocr_par' dir='ltr' id='par_1_27' title="bbox 382 2479 2053 2558">
     <span class='ocr_line' id='line_1_27' title="bbox 382 2479 2053 2558; baseline -0.014 -15"><span class='ocrx_word' id='word_1_175' title='bbox 382 2503 559 2558; x_wconf 87' lang='lat' dir='ltr'>quam</span> <span class='ocrx_word' id='word_1_176' title='bbox 590 2479 901 2558; x_wconf 75' lang='lat' dir='ltr'>lectionem</span> <span class='ocrx_word' id='word_1_177' title='bbox 933 2481 1005 2534; x_wconf 91' lang='lat' dir='ltr'>ob</span> <span class='ocrx_word' id='word_1_178' title='bbox 1030 2479 1350 2558; x_wconf 81' lang='lat' dir='ltr'>triumeod.</span> <span class='ocrx_word' id='word_1_179' title='bbox 1385 2479 1786 2558; x_wconf 61' lang='lat' dir='ltr'>antiquitatem</span> <span class='ocrx_word' id='word_1_180' title='bbox 1816 2479 1892 2532; x_wconf 88' lang='lat' dir='ltr'>ita</span> <span class='ocrx_word' id='word_1_181' title='bbox 1910 2497 2053 2550; x_wconf 60' lang='lat' dir='ltr'>prae-</span> 
     </span>
    </p>
   </div>
   <div class='ocr_carea' id='block_1_28' title="bbox 381 2550 2050 2630">
    <p class='ocr_par' dir='ltr' id='par_1_28' title="bbox 381 2550 2050 2630">
     <span class='ocr_line' id='line_1_28' title="bbox 381 2550 2050 2630; baseline -0.005 -17"><span class='ocrx_word' id='word_1_182' title='bbox 381 2550 649 2623; x_wconf 64' lang='lat' dir='ltr'>ferimus,</span> <span class='ocrx_word' id='word_1_183' title='bbox 693 2559 754 2610; x_wconf 89' lang='lat' dir='ltr'>ut</span> <span class='ocrx_word' id='word_1_184' title='bbox 783 2553 1251 2630; x_wconf 58' lang='lat' dir='ltr'>aliai&#39;un}_neuti&#39;i</span> <span class='ocrx_word' id='word_1_185' title='bbox 1299 2550 1677 2630; x_wconf 71' lang='lat' dir='ltr'>derogemus.</span> <span class='ocrx_word' id='word_1_186' title='bbox 1711 2550 2050 2630; x_wconf 75' lang='lat' dir='ltr'>Observan-</span> 
     </span>
    </p>
   </div>
   <div class='ocr_carea' id='block_1_29' title="bbox 382 2621 2050 2690">
    <p class='ocr_par' dir='ltr' id='par_1_29' title="bbox 382 2621 2050 2690">
     <span class='ocr_line' id='line_1_29' title="bbox 382 2621 2050 2690; baseline -0.005 -6"><span class='ocrx_word' id='word_1_187' title='bbox 382 2630 521 2684; x_wconf 85' lang='lat' dir='ltr'>dum</span> <span class='ocrx_word' id='word_1_188' title='bbox 553 2621 744 2681; x_wconf 85' lang='lat' dir='ltr'>autem</span> <span class='ocrx_word' id='word_1_189' title='bbox 779 2624 968 2677; x_wconf 80' lang='lat' dir='ltr'>obiter</span> <span class='ocrx_word' id='word_1_190' title='bbox 1007 2621 1211 2674; x_wconf 66' lang='lat' dir='ltr'>Missa}</span> <span class='ocrx_word' id='word_1_191' title='bbox 1245 2621 1668 2690; x_wconf 66' lang='lat' dir='ltr'>prmt‘atienem,</span> <span class='ocrx_word' id='word_1_192' title='bbox 1704 2625 1766 2673; x_wconf 91' lang='lat' dir='ltr'>ut</span> <span class='ocrx_word' id='word_1_193' title='bbox 1795 2621 2050 2690; x_wconf 88' lang='lat' dir='ltr'>loquun-</span> 
     </span>
    </p>
   </div>
   <div class='ocr_carea' id='block_1_30' title="bbox 329 2691 2051 2768">
    <p class='ocr_par' dir='ltr' id='par_1_30' title="bbox 329 2691 2051 2768">
     <span class='ocr_line' id='line_1_30' title="bbox 329 2691 2051 2768; baseline -0.012 -13"><span class='ocrx_word' id='word_1_194' title='bbox 329 2749 337 2755; x_wconf 92' lang='lat'>.</span> <span class='ocrx_word' id='word_1_195' title='bbox 381 2706 496 2768; x_wconf 89' lang='lat' dir='ltr'>tur,</span> <span class='ocrx_word' id='word_1_196' title='bbox 533 2714 600 2752; x_wconf 88' lang='lat' dir='ltr'>ac</span> <span class='ocrx_word' id='word_1_197' title='bbox 635 2711 872 2750; x_wconf 82' lang='lat' dir='ltr'>sacrum</span> <span class='ocrx_word' id='word_1_198' title='bbox 904 2693 1209 2768; x_wconf 9' lang='lat' dir='ltr'>rtrisagion</span> <span class='ocrx_word' id='word_1_199' title='bbox 1255 2708 1362 2760; x_wconf 88' lang='lat' dir='ltr'>per</span> <span class='ocrx_word' id='word_1_200' title='bbox 1391 2707 1588 2768; x_wconf 79' lang='lat' dir='ltr'>voces,</span> <span class='ocrx_word' id='word_1_201' title='bbox 1623 2691 1754 2745; x_wconf 78' lang='lat' dir='ltr'>laus</span> <span class='ocrx_word' id='word_1_202' title='bbox 1787 2692 1910 2745; x_wconf 70' lang='grc' dir='ltr'>Πρω</span> <span class='ocrx_word' id='word_1_203' title='bbox 1957 2693 2051 2768; x_wconf 61' lang='grc' dir='ltr'>Δρ.</span> 
     </span>
    </p>
   </div>
   <div class='ocr_carea' id='block_1_31' title="bbox 381 2762 2050 2836">
    <p class='ocr_par' dir='ltr' id='par_1_31' title="bbox 381 2762 2050 2836">
     <span class='ocr_line' id='line_1_31' title="bbox 381 2762 2050 2836; baseline -0.012 -12"><span class='ocrx_word' id='word_1_204' title='bbox 381 2762 584 2824; x_wconf 69' lang='lat' dir='ltr'>fertur</span> <span class='ocrx_word' id='word_1_205' title='bbox 617 2788 632 2821; x_wconf 89' lang='lat'><em>:</em></span> <span class='ocrx_word' id='word_1_206' title='bbox 665 2767 1011 2836; x_wconf 88' lang='lat' dir='ltr'>sequentem</span> <span class='ocrx_word' id='word_1_207' title='bbox 1056 2779 1197 2816; x_wconf 84' lang='lat' dir='ltr'>vero</span> <span class='ocrx_word' id='word_1_208' title='bbox 1245 2762 1672 2836; x_wconf 81' lang='lat' dir='ltr'>precationem,</span> <span class='ocrx_word' id='word_1_209' title='bbox 1713 2779 1889 2836; x_wconf 85' lang='lat' dir='ltr'>quam</span> <span class='ocrx_word' id='word_1_210' title='bbox 1927 2765 2050 2831; x_wconf 78' lang='lat' dir='ltr'>pri-</span> 
     </span>
    </p>
   </div>
   <div class='ocr_carea' id='block_1_32' title="bbox 382 2833 2046 2904">
    <p class='ocr_par' dir='ltr' id='par_1_32' title="bbox 382 2833 2046 2904">
     <span class='ocr_line' id='line_1_32' title="bbox 382 2833 2046 2904; baseline -0.004 -9"><span class='ocrx_word' id='word_1_211' title='bbox 382 2857 537 2896; x_wconf 88' lang='lat' dir='ltr'>mam</span> <span class='ocrx_word' id='word_1_212' title='bbox 562 2833 807 2894; x_wconf 82' lang='lat' dir='ltr'>canonis</span> <span class='ocrx_word' id='word_1_213' title='bbox 843 2835 1190 2895; x_wconf 87' lang='lat' dir='ltr'>vocitamus,</span> <span class='ocrx_word' id='word_1_214' title='bbox 1229 2849 1334 2902; x_wconf 90' lang='lat' dir='ltr'>per</span> <span class='ocrx_word' id='word_1_215' title='bbox 1378 2833 1531 2900; x_wconf 86' lang='lat' dir='ltr'>illas,</span> <span class='ocrx_word' id='word_1_216' title='bbox 1571 2834 1762 2886; x_wconf 81' lang='lat' dir='ltr'>oratio</span> <span class='ocrx_word' id='word_1_217' title='bbox 1797 2837 2046 2904; x_wconf 80' lang='lat' dir='ltr'>petitur,</span> 
     </span>
    </p>
   </div>
   <div class='ocr_carea' id='block_1_33' title="bbox 385 2904 2052 2984">
    <p class='ocr_par' dir='ltr' id='par_1_33' title="bbox 385 2904 2052 2984">
     <span class='ocr_line' id='line_1_33' title="bbox 385 2904 2052 2984; baseline -0.003 -19"><span class='ocrx_word' id='word_1_218' title='bbox 385 2909 734 2984; x_wconf 83' lang='lat' dir='ltr'>signiticari.</span> <span class='ocrx_word' id='word_1_219' title='bbox 761 2907 883 2962; x_wconf 84' lang='lat' dir='ltr'>Nec</span> <span class='ocrx_word' id='word_1_220' title='bbox 907 2922 1050 2984; x_wconf 78' lang='lat' dir='ltr'>sane</span> <span class='ocrx_word' id='word_1_221' title='bbox 1084 2904 1454 2984; x_wconf 42' lang='lat' dir='ltr'>obstat-quod</span> <span class='ocrx_word' id='word_1_222' title='bbox 1473 2904 1713 2984; x_wconf 73' lang='lat' dir='ltr'>scripsit</span> <span class='ocrx_word' id='word_1_223' title='bbox 1731 2909 2052 2984; x_wconf 75' lang='lat' dir='ltr'>auctorpro</span> 
     </span>
    </p>
   </div>
   <div class='ocr_carea' id='block_1_34' title="bbox 379 2975 2047 3053">
    <p class='ocr_par' dir='ltr' id='par_1_34' title="bbox 379 2975 2047 3053">
     <span class='ocr_line' id='line_1_34' title="bbox 379 2975 2047 3053; baseline -0.005 -15"><span class='ocrx_word' id='word_1_224' title='bbox 379 2975 651 3053; x_wconf 38' lang='lat' dir='ltr'>retr/ibus,</span> <span class='ocrx_word' id='word_1_225' title='bbox 676 2995 792 3034; x_wconf 91' lang='lat' dir='ltr'>non</span> <span class='ocrx_word' id='word_1_226' title='bbox 823 2993 928 3053; x_wconf 86' lang='lat' dir='ltr'>pro</span> <span class='ocrx_word' id='word_1_227' title='bbox 959 2975 1436 3053; x_wconf 78' lang='lat' dir='ltr'>imperatoribus.</span> <span class='ocrx_word' id='word_1_228' title='bbox 1469 2975 1620 3053; x_wconf 82' lang='lat' dir='ltr'>_Nam</span> <span class='ocrx_word' id='word_1_229' title='bbox 1657 2979 2047 3053; x_wconf 68' lang='lat' dir='ltr'>praeterquam</span> 
     </span>
    </p>
   </div>
   <div class='ocr_carea' id='block_1_35' title="bbox 380 3040 2049 3126">
    <p class='ocr_par' dir='ltr' id='par_1_35' title="bbox 380 3040 2049 3126">
     <span class='ocr_line' id='line_1_35' title="bbox 380 3040 2049 3126; baseline -0.005 -17"><span class='ocrx_word' id='word_1_230' title='bbox 380 3040 538 3126; x_wconf 70' lang='lat' dir='ltr'>quod</span> <span class='ocrx_word' id='word_1_231' title='bbox 571 3040 677 3106; x_wconf 70' lang='lat' dir='ltr'>rex</span> <span class='ocrx_word' id='word_1_232' title='bbox 718 3040 841 3126; x_wconf 45' lang='lat' dir='ltr'>pro-</span> <span class='ocrx_word' id='word_1_233' title='bbox 875 3040 1225 3126; x_wconf 76' lang='lat' dir='ltr'>imperatore</span> <span class='ocrx_word' id='word_1_234' title='bbox 1265 3040 1962 3126; x_wconf 46' lang='lat' dir='ltr'>apudnbonos-auctores</span> <span class='ocrx_word' id='word_1_235' title='bbox 1995 3053 2049 3101; x_wconf 88' lang='lat' dir='ltr'>ct</span> 
     </span>
    </p>
   </div>
   <div class='ocr_carea' id='block_1_36' title="bbox 381 3117 2048 3189">
    <p class='ocr_par' dir='ltr' id='par_1_36' title="bbox 381 3117 2048 3189">
     <span class='ocr_line' id='line_1_36' title="bbox 381 3117 2048 3189; baseline -0.007 -8"><span class='ocrx_word' id='word_1_236' title='bbox 381 3117 765 3180; x_wconf 52' lang='lat' dir='ltr'>Ambrosium</span> <span class='ocrx_word' id='word_1_237' title='bbox 795 3123 990 3189; x_wconf 85' lang='lat' dir='ltr'>ipsum</span> <span class='ocrx_word' id='word_1_238' title='bbox 1024 3118 1380 3187; x_wconf 83' lang='lat' dir='ltr'>repetimus;</span> <span class='ocrx_word' id='word_1_239' title='bbox 1429 3117 1578 3170; x_wconf 81' lang='lat' dir='ltr'>forte</span> <span class='ocrx_word' id='word_1_240' title='bbox 1612 3119 2048 3187; x_wconf 86' lang='lat' dir='ltr'>usurpavithoc</span> 
     </span>
    </p>
   </div>
   <div class='ocr_carea' id='block_1_37' title="bbox 1828 283 2382 353">
    <p class='ocr_par' dir='ltr' id='par_1_37' title="bbox 1828 283 2382 353">
     <span class='ocr_line' id='line_1_37' title="bbox 1828 283 2382 353; baseline 0.002 -2"><span class='ocrx_word' id='word_1_241' title='bbox 1828 291 1893 353; x_wconf 91' lang='lat' dir='ltr'>S.</span> <span class='ocrx_word' id='word_1_242' title='bbox 1941 283 2382 352; x_wconf 88' lang='lat' dir='ltr'>AMBROSII.</span> 
     </span>
    </p>
   </div>
   <div class='ocr_carea' id='block_1_38' title="bbox 3681 293 3792 360">
    <p class='ocr_par' dir='ltr' id='par_1_38' title="bbox 3681 293 3792 360">
     <span class='ocr_line' id='line_1_38' title="bbox 3681 293 3792 360; baseline 0 0"><span class='ocrx_word' id='word_1_243' title='bbox 3681 293 3792 360; x_wconf 82' lang='lat'>460</span> 
     </span>
    </p>
   </div>
   <div class='ocr_carea' id='block_1_39' title="bbox 2230 489 3792 562">
    <p class='ocr_par' dir='ltr' id='par_1_39' title="bbox 2230 489 3792 562">
     <span class='ocr_line' id='line_1_39' title="bbox 2230 489 3792 562; baseline 0.003 -20"><span class='ocrx_word' id='word_1_244' title='bbox 2230 489 2316 542; x_wconf 78' lang='grc'>15.</span> <span class='ocrx_word' id='word_1_245' title='bbox 2350 489 2496 553; x_wconf 89' lang='lat' dir='ltr'>Quis</span> <span class='ocrx_word' id='word_1_246' title='bbox 2526 491 2617 543; x_wconf 90' lang='lat' dir='ltr'>est</span> <span class='ocrx_word' id='word_1_247' title='bbox 2640 504 2838 543; x_wconf 88' lang='lat' dir='ltr'>sermo</span> <span class='ocrx_word' id='word_1_248' title='bbox 2869 489 3087 542; x_wconf 88' lang='lat' dir='ltr'>Christi</span> <span class='ocrx_word' id='word_1_249' title='bbox 3135 505 3147 544; x_wconf 75' lang='grc' dir='ltr'>ε</span> <span class='ocrx_word' id='word_1_250' title='bbox 3188 489 3407 560; x_wconf 87' lang='lat' dir='ltr'>Nempe</span> <span class='ocrx_word' id='word_1_251' title='bbox 3439 490 3490 545; x_wconf 89' lang='lat' dir='ltr'>is</span> <span class='ocrx_word' id='word_1_252' title='bbox 3525 507 3638 562; x_wconf 88' lang='lat' dir='ltr'>quo</span> <span class='ocrx_word' id='word_1_253' title='bbox 3659 492 3792 547; x_wconf 80' lang='lat' dir='ltr'>facta</span> 
     </span>
    </p>
   </div>
   <div class='ocr_carea' id='block_1_40' title="bbox 2160 578 3788 650">
    <p class='ocr_par' dir='ltr' id='par_1_40' title="bbox 2160 578 3788 650">
     <span class='ocr_line' id='line_1_40' title="bbox 2160 578 3788 650; baseline 0.002 -18"><span class='ocrx_word' id='word_1_254' title='bbox 2160 581 2298 632; x_wconf 90' lang='lat' dir='ltr'>sunt</span> <span class='ocrx_word' id='word_1_255' title='bbox 2328 579 2540 632; x_wconf 89' lang='lat' dir='ltr'>omnia.</span> <span class='ocrx_word' id='word_1_256' title='bbox 2573 579 2764 632; x_wconf 88' lang='lat' dir='ltr'>Jussit</span> <span class='ocrx_word' id='word_1_257' title='bbox 2797 578 3102 647; x_wconf 90' lang='lat' dir='ltr'>Dominus,</span> <span class='ocrx_word' id='word_1_258' title='bbox 3125 581 3180 632; x_wconf 90' lang='lat' dir='ltr'>et</span> <span class='ocrx_word' id='word_1_259' title='bbox 3203 578 3414 632; x_wconf 86' lang='lat' dir='ltr'>factum</span> <span class='ocrx_word' id='word_1_260' title='bbox 3446 582 3534 633; x_wconf 91' lang='lat' dir='ltr'>est</span> <span class='ocrx_word' id='word_1_261' title='bbox 3563 581 3788 650; x_wconf 78' lang='lat' dir='ltr'>coelum;</span> 
     </span>
    </p>
   </div>
   <div class='ocr_carea' id='block_1_41' title="bbox 2154 666 3792 738">
    <p class='ocr_par' dir='ltr' id='par_1_41' title="bbox 2154 666 3792 738">
     <span class='ocr_line' id='line_1_41' title="bbox 2154 666 3792 738; baseline 0.001 -18"><span class='ocrx_word' id='word_1_262' title='bbox 2154 666 2339 736; x_wconf 80' lang='lat' dir='ltr'>jussit</span> <span class='ocrx_word' id='word_1_263' title='bbox 2371 668 2679 736; x_wconf 85' lang='lat' dir='ltr'>Dominus,</span> <span class='ocrx_word' id='word_1_264' title='bbox 2707 667 2926 720; x_wconf 83' lang='lat' dir='ltr'>etfacta</span> <span class='ocrx_word' id='word_1_265' title='bbox 2957 671 3048 721; x_wconf 90' lang='lat' dir='ltr'>est</span> <span class='ocrx_word' id='word_1_266' title='bbox 3080 672 3273 736; x_wconf 80' lang='lat' dir='ltr'>terra;</span> <span class='ocrx_word' id='word_1_267' title='bbox 3305 667 3482 738; x_wconf 86' lang='lat' dir='ltr'>jussit</span> <span class='ocrx_word' id='word_1_268' title='bbox 3503 669 3792 736; x_wconf 86' lang='lat' dir='ltr'>Dominus,</span> 
     </span>
    </p>
   </div>
   <div class='ocr_carea' id='block_1_42' title="bbox 2159 755 3796 826">
    <p class='ocr_par' dir='ltr' id='par_1_42' title="bbox 2159 755 3796 826">
     <span class='ocr_line' id='line_1_42' title="bbox 2159 755 3796 826; baseline 0.001 -18"><span class='ocrx_word' id='word_1_269' title='bbox 2159 757 2215 808; x_wconf 89' lang='lat' dir='ltr'>et</span> <span class='ocrx_word' id='word_1_270' title='bbox 2270 755 2422 808; x_wconf 81' lang='lat' dir='ltr'>facta</span> <span class='ocrx_word' id='word_1_271' title='bbox 2471 759 2610 809; x_wconf 91' lang='lat' dir='ltr'>sunt</span> <span class='ocrx_word' id='word_1_272' title='bbox 2647 755 2874 824; x_wconf 88' lang='lat' dir='ltr'>maria;</span> <span class='ocrx_word' id='word_1_273' title='bbox 2933 755 3119 826; x_wconf 82' lang='lat' dir='ltr'>jussit</span> <span class='ocrx_word' id='word_1_274' title='bbox 3181 757 3484 825; x_wconf 89' lang='lat' dir='ltr'>Dominus,</span> <span class='ocrx_word' id='word_1_275' title='bbox 3537 762 3588 810; x_wconf 89' lang='lat' dir='ltr'>et</span> <span class='ocrx_word' id='word_1_276' title='bbox 3625 758 3796 811; x_wconf 88' lang='lat' dir='ltr'>omnis</span> 
     </span>
    </p>
   </div>
   <div class='ocr_carea' id='block_1_43' title="bbox 2160 844 3796 916">
    <p class='ocr_par' dir='ltr' id='par_1_43' title="bbox 2160 844 3796 916">
     <span class='ocr_line' id='line_1_43' title="bbox 2160 844 3796 916; baseline 0.002 -19"><span class='ocrx_word' id='word_1_277' title='bbox 2160 847 2426 898; x_wconf 85' lang='lat' dir='ltr'>creatura</span> <span class='ocrx_word' id='word_1_278' title='bbox 2457 849 2737 916; x_wconf 84' lang='lat' dir='ltr'>generata</span> <span class='ocrx_word' id='word_1_279' title='bbox 2755 844 3034 913; x_wconf 60' lang='lat' dir='ltr'>esttGen.</span> <span class='ocrx_word' id='word_1_280' title='bbox 3068 844 3148 913; x_wconf 71' lang='lat'>1,1</span> <span class='ocrx_word' id='word_1_281' title='bbox 3187 849 3244 898; x_wconf 84' lang='lat' dir='ltr'>et</span> <span class='ocrx_word' id='word_1_282' title='bbox 3265 847 3451 916; x_wconf 84' lang='lat' dir='ltr'>seqq.)</span> <span class='ocrx_word' id='word_1_283' title='bbox 3473 845 3646 898; x_wconf 77' lang='lat' dir='ltr'>Vides</span> <span class='ocrx_word' id='word_1_284' title='bbox 3668 861 3796 916; x_wconf 82' lang='lat' dir='ltr'>ergo</span> 
     </span>
    </p>
   </div>
   <div class='ocr_carea' id='block_1_44' title="bbox 2166 932 3800 1004">
    <p class='ocr_par' dir='ltr' id='par_1_44' title="bbox 2166 932 3800 1004">
     <span class='ocr_line' id='line_1_44' title="bbox 2166 932 3800 1004; baseline 0.001 -17"><span class='ocrx_word' id='word_1_285' title='bbox 2166 933 2312 997; x_wconf 85' lang='lat'>369</span> <span class='ocrx_word' id='word_1_286' title='bbox 2345 950 2518 1004; x_wconf 88' lang='lat' dir='ltr'>quam</span> <span class='ocrx_word' id='word_1_287' title='bbox 2554 934 2924 1004; x_wconf 86' lang='lat' dir='ltr'>operatorius</span> <span class='ocrx_word' id='word_1_288' title='bbox 2967 936 3044 987; x_wconf 88' lang='lat' dir='ltr'>sit</span> <span class='ocrx_word' id='word_1_289' title='bbox 3091 949 3288 988; x_wconf 89' lang='lat' dir='ltr'>sermo</span> <span class='ocrx_word' id='word_1_290' title='bbox 3319 932 3552 987; x_wconf 87' lang='lat' dir='ltr'>Christi.</span> <span class='ocrx_word' id='word_1_291' title='bbox 3586 933 3642 987; x_wconf 88' lang='lat' dir='ltr'>Si</span> <span class='ocrx_word' id='word_1_292' title='bbox 3671 949 3800 1004; x_wconf 84' lang='lat' dir='ltr'>ergo</span> 
     </span>
    </p>
   </div>
   <div class='ocr_carea' id='block_1_45' title="bbox 2161 1023 3808 1092">
    <p class='ocr_par' dir='ltr' id='par_1_45' title="bbox 2161 1023 3808 1092">
     <span class='ocr_line' id='line_1_45' title="bbox 2161 1023 3808 1092; baseline -0.001 -15"><span class='ocrx_word' id='word_1_293' title='bbox 2161 1027 2317 1077; x_wconf 88' lang='lat' dir='ltr'>tanta</span> <span class='ocrx_word' id='word_1_294' title='bbox 2340 1023 2436 1076; x_wconf 87' lang='lat' dir='ltr'>vis</span> <span class='ocrx_word' id='word_1_295' title='bbox 2459 1025 2550 1078; x_wconf 88' lang='lat' dir='ltr'>est</span> <span class='ocrx_word' id='word_1_296' title='bbox 2571 1023 2629 1076; x_wconf 90' lang='lat' dir='ltr'>in</span> <span class='ocrx_word' id='word_1_297' title='bbox 2647 1038 2923 1077; x_wconf 90' lang='lat' dir='ltr'>sermone</span> <span class='ocrx_word' id='word_1_298' title='bbox 2958 1023 3188 1077; x_wconf 87' lang='lat' dir='ltr'>Domini</span> <span class='ocrx_word' id='word_1_299' title='bbox 3225 1023 3386 1088; x_wconf 84' lang='lat' dir='ltr'>Jesu,</span> <span class='ocrx_word' id='word_1_300' title='bbox 3410 1027 3473 1076; x_wconf 90' lang='lat' dir='ltr'>ut</span> <span class='ocrx_word' id='word_1_301' title='bbox 3505 1023 3808 1092; x_wconf 85' lang='lat' dir='ltr'>inciperent</span> 
     </span>
    </p>
   </div>
   <div class='ocr_carea' id='block_1_46' title="bbox 2163 1111 3802 1184">
    <p class='ocr_par' dir='ltr' id='par_1_46' title="bbox 2163 1111 3802 1184">
     <span class='ocr_line' id='line_1_46' title="bbox 2163 1111 3802 1184; baseline 0 -18"><span class='ocrx_word' id='word_1_302' title='bbox 2163 1127 2302 1166; x_wconf 91' lang='lat' dir='ltr'>esse</span> <span class='ocrx_word' id='word_1_303' title='bbox 2349 1129 2480 1182; x_wconf 68' lang='lat' dir='ltr'>quae</span> <span class='ocrx_word' id='word_1_304' title='bbox 2509 1128 2626 1166; x_wconf 91' lang='lat' dir='ltr'>non</span> <span class='ocrx_word' id='word_1_305' title='bbox 2667 1115 2832 1166; x_wconf 90' lang='lat' dir='ltr'>erant</span> <span class='ocrx_word' id='word_1_306' title='bbox 2865 1111 3008 1181; x_wconf 81' lang='grc' dir='ltr'>(Ἠ),</span> <span class='ocrx_word' id='word_1_307' title='bbox 3061 1115 3278 1183; x_wconf 88' lang='lat' dir='ltr'>quanto</span> <span class='ocrx_word' id='word_1_308' title='bbox 3318 1113 3508 1184; x_wconf 82' lang='lat' dir='ltr'>magis</span> <span class='ocrx_word' id='word_1_309' title='bbox 3551 1115 3802 1181; x_wconf 86' lang='lat' dir='ltr'>operato-</span> 
     </span>
    </p>
   </div>
   <div class='ocr_carea' id='block_1_47' title="bbox 2164 1200 3808 1271">
    <p class='ocr_par' dir='ltr' id='par_1_47' title="bbox 2164 1200 3808 1271">
     <span class='ocr_line' id='line_1_47' title="bbox 2164 1200 3808 1271; baseline 0.001 -17"><span class='ocrx_word' id='word_1_310' title='bbox 2164 1201 2290 1254; x_wconf 89' lang='lat' dir='ltr'>rius</span> <span class='ocrx_word' id='word_1_311' title='bbox 2323 1204 2433 1254; x_wconf 89' lang='lat' dir='ltr'>est.</span> <span class='ocrx_word' id='word_1_312' title='bbox 2468 1204 2530 1254; x_wconf 89' lang='lat' dir='ltr'>ut</span> <span class='ocrx_word' id='word_1_313' title='bbox 2563 1201 2682 1254; x_wconf 84' lang='lat' dir='ltr'>sint</span> <span class='ocrx_word' id='word_1_314' title='bbox 2707 1217 2838 1271; x_wconf 84' lang='lat' dir='ltr'>quae</span> <span class='ocrx_word' id='word_1_315' title='bbox 2869 1204 3051 1266; x_wconf 88' lang='lat' dir='ltr'>erant,</span> <span class='ocrx_word' id='word_1_316' title='bbox 3079 1204 3134 1254; x_wconf 89' lang='lat' dir='ltr'>et</span> <span class='ocrx_word' id='word_1_317' title='bbox 3173 1201 3231 1255; x_wconf 91' lang='lat' dir='ltr'>in</span> <span class='ocrx_word' id='word_1_318' title='bbox 3271 1200 3428 1255; x_wconf 90' lang='lat' dir='ltr'>aliud</span> <span class='ocrx_word' id='word_1_319' title='bbox 3461 1204 3808 1255; x_wconf 85' lang='lat' dir='ltr'>commuten-</span> 
     </span>
    </p>
   </div>
   <div class='ocr_carea' id='block_1_48' title="bbox 2161 1341 3810 1414">
    <p class='ocr_par' dir='ltr' id='par_1_48' title="bbox 2161 1341 3810 1414">
     <span class='ocr_line' id='line_1_48' title="bbox 2161 1341 3810 1414; baseline -0.001 -16"><span class='ocrx_word' id='word_1_320' title='bbox 2161 1344 2298 1398; x_wconf 86' lang='lat' dir='ltr'>tidei</span> <span class='ocrx_word' id='word_1_321' title='bbox 2335 1343 2678 1414; x_wconf 83' lang='lat' dir='ltr'>suspicione</span> <span class='ocrx_word' id='word_1_322' title='bbox 2724 1343 3095 1398; x_wconf 89' lang='lat' dir='ltr'>liberandum</span> <span class='ocrx_word' id='word_1_323' title='bbox 3137 1343 3252 1397; x_wconf 89' lang='lat' dir='ltr'>ista</span> <span class='ocrx_word' id='word_1_324' title='bbox 3300 1342 3614 1397; x_wconf 85' lang='lat' dir='ltr'>sufﬁciant.</span> <span class='ocrx_word' id='word_1_325' title='bbox 3659 1341 3810 1406; x_wconf 86' lang='lat' dir='ltr'>Quod</span> 
     </span>
    </p>
   </div>
   <div class='ocr_carea' id='block_1_49' title="bbox 2161 1414 3813 1484">
    <p class='ocr_par' dir='ltr' id='par_1_49' title="bbox 2161 1414 3813 1484">
     <span class='ocr_line' id='line_1_49' title="bbox 2161 1414 3813 1484; baseline 0.001 -17"><span class='ocrx_word' id='word_1_326' title='bbox 2161 1431 2338 1484; x_wconf 87' lang='lat' dir='ltr'>porro</span> <span class='ocrx_word' id='word_1_327' title='bbox 2355 1415 2424 1468; x_wconf 89' lang='lat' dir='ltr'>ad</span> <span class='ocrx_word' id='word_1_328' title='bbox 2453 1418 2646 1484; x_wconf 87' lang='lat' dir='ltr'>ipsum</span> <span class='ocrx_word' id='word_1_329' title='bbox 2677 1415 2890 1482; x_wconf 89' lang='lat' dir='ltr'>locum,</span> <span class='ocrx_word' id='word_1_330' title='bbox 2926 1415 3078 1468; x_wconf 91' lang='lat' dir='ltr'>idem</span> <span class='ocrx_word' id='word_1_331' title='bbox 3108 1415 3501 1483; x_wconf 82' lang='lat' dir='ltr'>Lant‘rancus,</span> <span class='ocrx_word' id='word_1_332' title='bbox 3523 1414 3622 1468; x_wconf 87' lang='lat' dir='ltr'>lib.</span> <span class='ocrx_word' id='word_1_333' title='bbox 3655 1415 3813 1468; x_wconf 88' lang='lat' dir='ltr'>cit.et</span> 
     </span>
    </p>
   </div>
   <div class='ocr_carea' id='block_1_50' title="bbox 2160 1485 3813 1556">
    <p class='ocr_par' dir='ltr' id='par_1_50' title="bbox 2160 1485 3813 1556">
     <span class='ocr_line' id='line_1_50' title="bbox 2160 1485 3813 1556; baseline -0.002 -16"><span class='ocrx_word' id='word_1_334' title='bbox 2160 1487 2442 1556; x_wconf 70' lang='lat' dir='ltr'>Algerus.</span> <span class='ocrx_word' id='word_1_335' title='bbox 2477 1487 2550 1540; x_wconf 84' lang='lat' dir='ltr'>de</span> <span class='ocrx_word' id='word_1_336' title='bbox 2581 1487 2846 1539; x_wconf 81' lang='lat' dir='ltr'>Sacram.</span> <span class='ocrx_word' id='word_1_337' title='bbox 2887 1485 2986 1539; x_wconf 89' lang='lat' dir='ltr'>lib.</span> <span class='ocrx_word' id='word_1_338' title='bbox 3021 1502 3060 1554; x_wconf 86' lang='grc' dir='ltr'>ι,</span> <span class='ocrx_word' id='word_1_339' title='bbox 3095 1502 3222 1555; x_wconf 89' lang='lat' dir='ltr'>cap.</span> <span class='ocrx_word' id='word_1_340' title='bbox 3260 1487 3314 1555; x_wconf 81' lang='grc'>7,</span> <span class='ocrx_word' id='word_1_341' title='bbox 3349 1485 3813 1554; x_wconf 88' lang='lat' dir='ltr'>respondentpa-</span> 
     </span>
    </p>
   </div>
   <div class='ocr_carea' id='block_1_51' title="bbox 2161 1557 3813 1626">
    <p class='ocr_par' dir='ltr' id='par_1_51' title="bbox 2161 1557 3813 1626">
     <span class='ocr_line' id='line_1_51' title="bbox 2161 1557 3813 1626; baseline -0.001 -15"><span class='ocrx_word' id='word_1_342' title='bbox 2161 1575 2293 1612; x_wconf 88' lang='lat' dir='ltr'>nem</span> <span class='ocrx_word' id='word_1_343' title='bbox 2308 1558 2578 1611; x_wconf 88' lang='lat' dir='ltr'>etvinum</span> <span class='ocrx_word' id='word_1_344' title='bbox 2602 1557 2930 1610; x_wconf 87' lang='lat' dir='ltr'>secundum</span> <span class='ocrx_word' id='word_1_345' title='bbox 2949 1558 3209 1626; x_wconf 86' lang='lat' dir='ltr'>speciem</span> <span class='ocrx_word' id='word_1_346' title='bbox 3225 1562 3530 1610; x_wconf 84' lang='lat' dir='ltr'>externam</span> <span class='ocrx_word' id='word_1_347' title='bbox 3546 1570 3681 1610; x_wconf 87' lang='lat' dir='ltr'>esse</span> <span class='ocrx_word' id='word_1_348' title='bbox 3693 1571 3813 1626; x_wconf 64' lang='lat' dir='ltr'>quae</span> 
     </span>
    </p>
   </div>
   <div class='ocr_carea' id='block_1_52' title="bbox 2164 1627 3816 1683">
    <p class='ocr_par' dir='ltr' id='par_1_52' title="bbox 2164 1627 3816 1683">
     <span class='ocr_line' id='line_1_52' title="bbox 2164 1627 3816 1683; baseline -0.002 -1"><span class='ocrx_word' id='word_1_349' title='bbox 2164 1632 2330 1683; x_wconf 86' lang='lat' dir='ltr'>erant</span> <span class='ocrx_word' id='word_1_350' title='bbox 2364 1646 2374 1682; x_wconf 91' lang='lat'>:</span> <span class='ocrx_word' id='word_1_351' title='bbox 2410 1631 2468 1682; x_wconf 91' lang='lat' dir='ltr'>at</span> <span class='ocrx_word' id='word_1_352' title='bbox 2497 1643 2638 1682; x_wconf 86' lang='lat' dir='ltr'>vero</span> <span class='ocrx_word' id='word_1_353' title='bbox 2657 1629 2983 1682; x_wconf 90' lang='lat' dir='ltr'>secundum</span> <span class='ocrx_word' id='word_1_354' title='bbox 2999 1628 3288 1682; x_wconf 77' lang='lat' dir='ltr'>internum</span> <span class='ocrx_word' id='word_1_355' title='bbox 3309 1627 3674 1682; x_wconf 87' lang='lat' dir='ltr'>substaniam</span> <span class='ocrx_word' id='word_1_356' title='bbox 3692 1642 3816 1680; x_wconf 89' lang='lat' dir='ltr'>con-</span> 
     </span>
    </p>
   </div>
   <div class='ocr_carea' id='block_1_53' title="bbox 2161 1697 3816 1768">
    <p class='ocr_par' dir='ltr' id='par_1_53' title="bbox 2161 1697 3816 1768">
     <span class='ocr_line' id='line_1_53' title="bbox 2161 1697 3816 1768; baseline -0.002 -15"><span class='ocrx_word' id='word_1_357' title='bbox 2161 1699 2312 1754; x_wconf 85' lang='lat' dir='ltr'>verti</span> <span class='ocrx_word' id='word_1_358' title='bbox 2356 1700 2414 1752; x_wconf 89' lang='lat' dir='ltr'>in</span> <span class='ocrx_word' id='word_1_359' title='bbox 2467 1715 2684 1768; x_wconf 86' lang='lat' dir='ltr'>corpus</span> <span class='ocrx_word' id='word_1_360' title='bbox 2717 1699 2957 1753; x_wconf 86' lang='lat' dir='ltr'>Christi.</span> <span class='ocrx_word' id='word_1_361' title='bbox 3005 1699 3189 1762; x_wconf 87' lang='lat' dir='ltr'>Quam</span> <span class='ocrx_word' id='word_1_362' title='bbox 3233 1700 3664 1768; x_wconf 80' lang='lat' dir='ltr'>expositionem</span> <span class='ocrx_word' id='word_1_363' title='bbox 3692 1697 3816 1750; x_wconf 91' lang='lat' dir='ltr'>licet</span> 
     </span>
    </p>
   </div>
   <div class='ocr_carea' id='block_1_54' title="bbox 2164 1769 3818 1840">
    <p class='ocr_par' dir='ltr' id='par_1_54' title="bbox 2164 1769 3818 1840">
     <span class='ocr_line' id='line_1_54' title="bbox 2164 1769 3818 1840; baseline -0.002 -16"><span class='ocrx_word' id='word_1_364' title='bbox 2164 1771 2575 1825; x_wconf 86' lang='lat' dir='ltr'>Ambrosianis</span> <span class='ocrx_word' id='word_1_365' title='bbox 2598 1770 2800 1823; x_wconf 89' lang='lat' dir='ltr'>verbis</span> <span class='ocrx_word' id='word_1_366' title='bbox 2829 1773 3002 1840; x_wconf 87' lang='lat' dir='ltr'>atque</span> <span class='ocrx_word' id='word_1_367' title='bbox 3033 1771 3324 1840; x_wconf 73' lang='lat' dir='ltr'>exemplis</span> <span class='ocrx_word' id='word_1_368' title='bbox 3350 1772 3425 1823; x_wconf 87' lang='lat' dir='ltr'>ita</span> <span class='ocrx_word' id='word_1_369' title='bbox 3452 1769 3743 1840; x_wconf 79' lang='lat' dir='ltr'>roborant,</span> <span class='ocrx_word' id='word_1_370' title='bbox 3762 1771 3818 1822; x_wconf 90' lang='lat' dir='ltr'>ut</span> 
     </span>
    </p>
   </div>
   <div class='ocr_carea' id='block_1_55' title="bbox 2162 1839 3818 1910">
    <p class='ocr_par' dir='ltr' id='par_1_55' title="bbox 2162 1839 3818 1910">
     <span class='ocr_line' id='line_1_55' title="bbox 2162 1839 3818 1910; baseline -0.002 -15"><span class='ocrx_word' id='word_1_371' title='bbox 2162 1841 2306 1896; x_wconf 88' lang='lat' dir='ltr'>nihil</span> <span class='ocrx_word' id='word_1_372' title='bbox 2338 1842 2590 1910; x_wconf 89' lang='lat' dir='ltr'>amplius</span> <span class='ocrx_word' id='word_1_373' title='bbox 2624 1839 3420 1908; x_wconf 85' lang='lat' dir='ltr'>videaturdesiderandum;</span> <span class='ocrx_word' id='word_1_374' title='bbox 3451 1843 3644 1894; x_wconf 89' lang='lat' dir='ltr'>tamen</span> <span class='ocrx_word' id='word_1_375' title='bbox 3677 1839 3818 1893; x_wconf 84' lang='lat' dir='ltr'>Mor-</span> 
     </span>
    </p>
   </div>
   <div class='ocr_carea' id='block_1_56' title="bbox 2164 1910 3818 1983">
    <p class='ocr_par' dir='ltr' id='par_1_56' title="bbox 2164 1910 3818 1983">
     <span class='ocr_line' id='line_1_56' title="bbox 2164 1910 3818 1983; baseline -0.002 -17"><span class='ocrx_word' id='word_1_376' title='bbox 2164 1927 2332 1967; x_wconf 83' lang='lat' dir='ltr'>naeus</span> <span class='ocrx_word' id='word_1_377' title='bbox 2369 1913 2559 1966; x_wconf 79' lang='lat' dir='ltr'>l’lcss.</span> <span class='ocrx_word' id='word_1_378' title='bbox 2607 1913 2758 1964; x_wconf 84' lang='lat' dir='ltr'>idem</span> <span class='ocrx_word' id='word_1_379' title='bbox 2801 1917 3211 1983; x_wconf 83' lang='lat' dir='ltr'>argumentum</span> <span class='ocrx_word' id='word_1_380' title='bbox 3255 1914 3429 1983; x_wconf 83' lang='lat' dir='ltr'>quasi</span> <span class='ocrx_word' id='word_1_381' title='bbox 3477 1910 3818 1980; x_wconf 88' lang='lat' dir='ltr'>postliminio</span> 
     </span>
    </p>
   </div>
   <div class='ocr_carea' id='block_1_57' title="bbox 2164 1983 3820 2053">
    <p class='ocr_par' dir='ltr' id='par_1_57' title="bbox 2164 1983 3820 2053">
     <span class='ocr_line' id='line_1_57' title="bbox 2164 1983 3820 2053; baseline -0.002 -15"><span class='ocrx_word' id='word_1_382' title='bbox 2164 1986 2503 2038; x_wconf 84' lang='lat' dir='ltr'>revocatum</span> <span class='ocrx_word' id='word_1_383' title='bbox 2535 1984 2694 2037; x_wconf 86' lang='lat' dir='ltr'>card.</span> <span class='ocrx_word' id='word_1_384' title='bbox 2725 1984 3004 2037; x_wconf 79' lang='lat' dir='ltr'>l’erronio</span> <span class='ocrx_word' id='word_1_385' title='bbox 3029 1986 3326 2053; x_wconf 80' lang='lat' dir='ltr'>Opposuit.</span> <span class='ocrx_word' id='word_1_386' title='bbox 3361 1983 3450 2037; x_wconf 90' lang='lat' dir='ltr'>Ad</span> <span class='ocrx_word' id='word_1_387' title='bbox 3471 1984 3584 2037; x_wconf 88' lang='lat' dir='ltr'>hoc</span> <span class='ocrx_word' id='word_1_388' title='bbox 3614 1983 3820 2036; x_wconf 87' lang='lat' dir='ltr'>duore-</span> 
     </span>
    </p>
   </div>
   <div class='ocr_carea' id='block_1_58' title="bbox 2162 2054 3822 2125">
    <p class='ocr_par' dir='ltr' id='par_1_58' title="bbox 2162 2054 3822 2125">
     <span class='ocr_line' id='line_1_58' title="bbox 2162 2054 3822 2125; baseline -0.001 -17"><span class='ocrx_word' id='word_1_389' title='bbox 2162 2055 2362 2125; x_wconf 84' lang='lat' dir='ltr'>posuit</span> <span class='ocrx_word' id='word_1_390' title='bbox 2391 2054 2727 2120; x_wconf 85' lang='lat' dir='ltr'>cardinalis,</span> <span class='ocrx_word' id='word_1_391' title='bbox 2753 2070 2961 2124; x_wconf 89' lang='lat' dir='ltr'>nempe</span> <span class='ocrx_word' id='word_1_392' title='bbox 2977 2055 3300 2124; x_wconf 83' lang='lat' dir='ltr'>vcrbaipsa</span> <span class='ocrx_word' id='word_1_393' title='bbox 3333 2071 3452 2109; x_wconf 87' lang='lat' dir='ltr'>non</span> <span class='ocrx_word' id='word_1_394' title='bbox 3471 2069 3671 2108; x_wconf 85' lang='lat' dir='ltr'>carere</span> <span class='ocrx_word' id='word_1_395' title='bbox 3692 2069 3822 2106; x_wconf 88' lang='lat' dir='ltr'>sus-</span> 
     </span>
    </p>
   </div>
   <div class='ocr_carea' id='block_1_59' title="bbox 2165 2125 3822 2196">
    <p class='ocr_par' dir='ltr' id='par_1_59' title="bbox 2165 2125 3822 2196">
     <span class='ocr_line' id='line_1_59' title="bbox 2165 2125 3822 2196; baseline 0 -18"><span class='ocrx_word' id='word_1_396' title='bbox 2165 2127 2398 2196; x_wconf 86' lang='lat' dir='ltr'>picione</span> <span class='ocrx_word' id='word_1_397' title='bbox 2441 2125 2858 2194; x_wconf 82' lang='lat' dir='ltr'>corruptionis,</span> <span class='ocrx_word' id='word_1_398' title='bbox 2901 2126 3131 2179; x_wconf 86' lang='lat' dir='ltr'>scilicet</span> <span class='ocrx_word' id='word_1_399' title='bbox 3179 2131 3425 2196; x_wconf 84' lang='lat' dir='ltr'>propter</span> <span class='ocrx_word' id='word_1_400' title='bbox 3457 2129 3822 2178; x_wconf 87' lang='lat' dir='ltr'>memoratam</span> 
     </span>
    </p>
   </div>
   <div class='ocr_carea' id='block_1_60' title="bbox 2165 2195 3824 2266">
    <p class='ocr_par' dir='ltr' id='par_1_60' title="bbox 2165 2195 3824 2266">
     <span class='ocr_line' id='line_1_60' title="bbox 2165 2195 3824 2266; baseline -0.002 -16"><span class='ocrx_word' id='word_1_401' title='bbox 2165 2195 2480 2250; x_wconf 83' lang='lat' dir='ltr'>I.ant‘ranci</span> <span class='ocrx_word' id='word_1_402' title='bbox 2503 2197 2904 2250; x_wconf 74' lang='lat' dir='ltr'>auctoritatem</span> <span class='ocrx_word' id='word_1_403' title='bbox 2927 2212 2938 2250; x_wconf 90' lang='lat'><strong>:</strong></span> <span class='ocrx_word' id='word_1_404' title='bbox 2961 2195 3435 2250; x_wconf 38' lang='lat' dir='ltr'>deinde&#39;illorum</span> <span class='ocrx_word' id='word_1_405' title='bbox 3469 2211 3824 2266; x_wconf 82' lang='lat' dir='ltr'>nequaquam</span> 
     </span>
    </p>
   </div>
   <div class='ocr_carea' id='block_1_61' title="bbox 2163 2268 3824 2337">
    <p class='ocr_par' dir='ltr' id='par_1_61' title="bbox 2163 2268 3824 2337">
     <span class='ocr_line' id='line_1_61' title="bbox 2163 2268 3824 2337; baseline -0.002 -15"><span class='ocrx_word' id='word_1_406' title='bbox 2163 2269 2318 2322; x_wconf 87' lang='lat' dir='ltr'>hunc</span> <span class='ocrx_word' id='word_1_407' title='bbox 2352 2283 2490 2322; x_wconf 82' lang='lat' dir='ltr'>esse</span> <span class='ocrx_word' id='word_1_408' title='bbox 2513 2283 2778 2337; x_wconf 89' lang='lat' dir='ltr'>sensum,</span> <span class='ocrx_word' id='word_1_409' title='bbox 2813 2271 2874 2320; x_wconf 91' lang='lat' dir='ltr'>ut</span> <span class='ocrx_word' id='word_1_410' title='bbox 2895 2269 3065 2336; x_wconf 88' lang='lat' dir='ltr'>panis</span> <span class='ocrx_word' id='word_1_411' title='bbox 3089 2283 3156 2321; x_wconf 90' lang='lat' dir='ltr'>ac</span> <span class='ocrx_word' id='word_1_412' title='bbox 3185 2268 3388 2321; x_wconf 87' lang='lat' dir='ltr'>vinum</span> <span class='ocrx_word' id='word_1_413' title='bbox 3409 2268 3678 2321; x_wconf 87' lang='lat' dir='ltr'>dicantur</span> <span class='ocrx_word' id='word_1_414' title='bbox 3697 2281 3824 2319; x_wconf 85' lang='lat' dir='ltr'>esse</span> 
     </span>
    </p>
   </div>
   <div class='ocr_carea' id='block_1_62' title="bbox 2165 2339 3826 2411">
    <p class='ocr_par' dir='ltr' id='par_1_62' title="bbox 2165 2339 3826 2411">
     <span class='ocr_line' id='line_1_62' title="bbox 2165 2339 3826 2411; baseline -0.001 -19"><span class='ocrx_word' id='word_1_415' title='bbox 2165 2357 2288 2411; x_wconf 65' lang='lat' dir='ltr'>qua:</span> <span class='ocrx_word' id='word_1_416' title='bbox 2311 2345 2502 2405; x_wconf 84' lang='lat' dir='ltr'>erant,</span> <span class='ocrx_word' id='word_1_417' title='bbox 2539 2339 2667 2393; x_wconf 85' lang='lat' dir='ltr'>sive</span> <span class='ocrx_word' id='word_1_418' title='bbox 2692 2339 2746 2391; x_wconf 91' lang='lat' dir='ltr'>id</span> <span class='ocrx_word' id='word_1_419' title='bbox 2788 2339 3161 2411; x_wconf 83' lang='lat' dir='ltr'>quoderant,</span> <span class='ocrx_word' id='word_1_420' title='bbox 3201 2355 3336 2392; x_wconf 91' lang='lat' dir='ltr'>cum</span> <span class='ocrx_word' id='word_1_421' title='bbox 3371 2339 3430 2392; x_wconf 90' lang='lat' dir='ltr'>in</span> <span class='ocrx_word' id='word_1_422' title='bbox 3463 2339 3645 2408; x_wconf 88' lang='lat' dir='ltr'>priori</span> <span class='ocrx_word' id='word_1_423' title='bbox 3676 2341 3826 2411; x_wconf 80' lang='lat' dir='ltr'>parte</span> 
     </span>
    </p>
   </div>
   <div class='ocr_carea' id='block_1_63' title="bbox 2164 2409 3818 2480">
    <p class='ocr_par' dir='ltr' id='par_1_63' title="bbox 2164 2409 3818 2480">
     <span class='ocr_line' id='line_1_63' title="bbox 2164 2409 3818 2480; baseline -0.002 -16"><span class='ocrx_word' id='word_1_424' title='bbox 2164 2409 2472 2464; x_wconf 79' lang='lat' dir='ltr'>sententiae</span> <span class='ocrx_word' id='word_1_425' title='bbox 2503 2411 2674 2480; x_wconf 87' lang='lat' dir='ltr'>panis</span> <span class='ocrx_word' id='word_1_426' title='bbox 2705 2414 2802 2463; x_wconf 88' lang='lat' dir='ltr'>aut</span> <span class='ocrx_word' id='word_1_427' title='bbox 2849 2410 2969 2462; x_wconf 78' lang='lat' dir='ltr'>vini</span> <span class='ocrx_word' id='word_1_428' title='bbox 3017 2409 3176 2463; x_wconf 88' lang='lat' dir='ltr'>nulla</span> <span class='ocrx_word' id='word_1_429' title='bbox 3215 2411 3294 2463; x_wconf 87' lang='lat' dir='ltr'>sit</span> <span class='ocrx_word' id='word_1_430' title='bbox 3327 2411 3549 2464; x_wconf 81' lang='lat' dir='ltr'>mentio</span> <span class='ocrx_word' id='word_1_431' title='bbox 3585 2427 3596 2462; x_wconf 91' lang='grc'>;</span> <span class='ocrx_word' id='word_1_432' title='bbox 3633 2409 3735 2462; x_wconf 88' lang='lat' dir='ltr'>sed</span> <span class='ocrx_word' id='word_1_433' title='bbox 3763 2411 3818 2460; x_wconf 88' lang='lat' dir='ltr'>ut</span> 
     </span>
    </p>
   </div>
   <div class='ocr_carea' id='block_1_64' title="bbox 2205 2480 3826 2550">
    <p class='ocr_par' dir='ltr' id='par_1_64' title="bbox 2205 2480 3826 2550">
     <span class='ocr_line' id='line_1_64' title="bbox 2205 2480 3826 2550; baseline -0.002 -16"><span class='ocrx_word' id='word_1_434' title='bbox 2205 2499 2290 2534; x_wconf 72' lang='lat' dir='ltr'>ire</span> <span class='ocrx_word' id='word_1_435' title='bbox 2330 2487 2502 2535; x_wconf 77' lang='lat' dir='ltr'>erant</span> <span class='ocrx_word' id='word_1_436' title='bbox 2549 2481 2896 2550; x_wconf 86' lang='lat' dir='ltr'>simpliciter</span> <span class='ocrx_word' id='word_1_437' title='bbox 2944 2480 3214 2535; x_wconf 88' lang='lat' dir='ltr'>dicantur</span> <span class='ocrx_word' id='word_1_438' title='bbox 3259 2497 3425 2545; x_wconf 87' lang='lat' dir='ltr'>esse,</span> <span class='ocrx_word' id='word_1_439' title='bbox 3478 2497 3596 2534; x_wconf 87' lang='lat' dir='ltr'>non</span> <span class='ocrx_word' id='word_1_440' title='bbox 3643 2483 3826 2533; x_wconf 86' lang='lat' dir='ltr'>autem</span> 
     </span>
    </p>
   </div>
   <div class='ocr_carea' id='block_1_65' title="bbox 2165 2499 3830 2622">
    <p class='ocr_par' dir='ltr' id='par_1_65' title="bbox 2165 2499 3830 2622">
     <span class='ocr_line' id='line_1_65' title="bbox 2205 2499 3826 2550; baseline -0.002 -16"><span class='ocrx_word' id='word_1_441' title='bbox 2205 2499 2290 2534; x_wconf 71' lang='lat' dir='ltr'>ire</span> <span class='ocrx_word' id='word_1_442' title='bbox 2330 2499 2502 2535; x_wconf 74' lang='lat' dir='ltr'>erant</span> <span class='ocrx_word' id='word_1_443' title='bbox 2549 2499 2896 2550; x_wconf 82' lang='lat' dir='ltr'>sunpuener</span> <span class='ocrx_word' id='word_1_444' title='bbox 2944 2499 3214 2535; x_wconf 66' lang='lat' dir='ltr'>tueamur</span> <span class='ocrx_word' id='word_1_445' title='bbox 3259 2499 3425 2545; x_wconf 87' lang='lat' dir='ltr'>esse,</span> <span class='ocrx_word' id='word_1_446' title='bbox 3478 2499 3596 2534; x_wconf 88' lang='lat' dir='ltr'>non</span> <span class='ocrx_word' id='word_1_447' title='bbox 3643 2499 3826 2533; x_wconf 76' lang='lat' dir='ltr'>muem</span> 
     </span>
     <span class='ocr_line' id='line_1_66' title="bbox 2165 2499 3830 2622; baseline -0.002 -16"><span class='ocrx_word' id='word_1_448' title='bbox 2165 2499 2428 2619; x_wconf 54' lang='lat' dir='ltr'>gestrui,</span> <span class='ocrx_word' id='word_1_449' title='bbox 2479 2568 2548 2606; x_wconf 87' lang='lat' dir='ltr'>eo</span> <span class='ocrx_word' id='word_1_450' title='bbox 2597 2552 2752 2622; x_wconf 89' lang='lat' dir='ltr'>quod</span> <span class='ocrx_word' id='word_1_451' title='bbox 2786 2553 3138 2605; x_wconf 83' lang='lat' dir='ltr'>sacramenti</span> <span class='ocrx_word' id='word_1_452' title='bbox 3187 2554 3437 2606; x_wconf 74' lang='lat' dir='ltr'>materia</span> <span class='ocrx_word' id='word_1_453' title='bbox 3497 2568 3602 2620; x_wconf 86' lang='lat' dir='ltr'>per</span> <span class='ocrx_word' id='word_1_454' title='bbox 3640 2555 3830 2604; x_wconf 86' lang='lat' dir='ltr'>trans-</span> 
     </span>
    </p>
   </div>
   <div class='ocr_carea' id='block_1_66' title="bbox 2164 2624 3828 2694">
    <p class='ocr_par' dir='ltr' id='par_1_66' title="bbox 2164 2624 3828 2694">
     <span class='ocr_line' id='line_1_67' title="bbox 2164 2624 3828 2694; baseline -0.002 -20"><span class='ocrx_word' id='word_1_455' title='bbox 2164 2624 2846 2676; x_wconf 88' lang='lat' dir='ltr'>substantiationcmtota</span> <span class='ocrx_word' id='word_1_456' title='bbox 2880 2624 3118 2676; x_wconf 83' lang='lat' dir='ltr'>essendi</span> <span class='ocrx_word' id='word_1_457' title='bbox 3145 2625 3538 2694; x_wconf 76' lang='lat' dir='ltr'>geneialitate</span> <span class='ocrx_word' id='word_1_458' title='bbox 3565 2638 3677 2694; x_wconf 80' lang='lat' dir='ltr'>non</span> <span class='ocrx_word' id='word_1_459' title='bbox 3703 2635 3828 2690; x_wconf 84' lang='lat' dir='ltr'>spo-</span> 
     </span>
    </p>
   </div>
   <div class='ocr_carea' id='block_1_67' title="bbox 2163 2693 3832 2763">
    <p class='ocr_par' dir='ltr' id='par_1_67' title="bbox 2163 2693 3832 2763">
     <span class='ocr_line' id='line_1_68' title="bbox 2163 2693 3832 2763; baseline -0.002 -15"><span class='ocrx_word' id='word_1_460' title='bbox 2163 2695 2356 2760; x_wconf 80' lang='lat' dir='ltr'>tiatur,</span> <span class='ocrx_word' id='word_1_461' title='bbox 2381 2695 2484 2748; x_wconf 91' lang='lat' dir='ltr'>sed</span> <span class='ocrx_word' id='word_1_462' title='bbox 2508 2695 2580 2746; x_wconf 89' lang='lat' dir='ltr'>ab</span> <span class='ocrx_word' id='word_1_463' title='bbox 2604 2710 2742 2748; x_wconf 88' lang='lat' dir='ltr'>esse</span> <span class='ocrx_word' id='word_1_464' title='bbox 2761 2695 3042 2763; x_wconf 87' lang='lat' dir='ltr'>specitico</span> <span class='ocrx_word' id='word_1_465' title='bbox 3069 2693 3429 2748; x_wconf 82' lang='lat' dir='ltr'>transfertur</span> <span class='ocrx_word' id='word_1_466' title='bbox 3445 2695 3505 2746; x_wconf 88' lang='lat' dir='ltr'>in</span> <span class='ocrx_word' id='word_1_467' title='bbox 3528 2693 3684 2746; x_wconf 85' lang='lat' dir='ltr'>aliud</span> <span class='ocrx_word' id='word_1_468' title='bbox 3703 2705 3832 2746; x_wconf 83' lang='lat' dir='ltr'>esse</span> 
     </span>
    </p>
   </div>
   <div class='ocr_carea' id='block_1_68' title="bbox 2163 2765 3830 2834">
    <p class='ocr_par' dir='ltr' id='par_1_68' title="bbox 2163 2765 3830 2834">
     <span class='ocr_line' id='line_1_69' title="bbox 2163 2765 3830 2834; baseline -0.002 -15"><span class='ocrx_word' id='word_1_469' title='bbox 2163 2767 2529 2834; x_wconf 88' lang='lat' dir='ltr'>specitieum,</span> <span class='ocrx_word' id='word_1_470' title='bbox 2565 2766 2756 2832; x_wconf 88' lang='lat' dir='ltr'>idest,</span> <span class='ocrx_word' id='word_1_471' title='bbox 2792 2781 2907 2818; x_wconf 90' lang='lat' dir='ltr'>non</span> <span class='ocrx_word' id='word_1_472' title='bbox 2950 2765 3300 2834; x_wconf 87' lang='lat' dir='ltr'>simpliciter</span> <span class='ocrx_word' id='word_1_473' title='bbox 3329 2766 3402 2818; x_wconf 89' lang='lat' dir='ltr'>ad</span> <span class='ocrx_word' id='word_1_474' title='bbox 3437 2781 3560 2818; x_wconf 88' lang='lat' dir='ltr'>non</span> <span class='ocrx_word' id='word_1_475' title='bbox 3591 2780 3698 2818; x_wconf 89' lang='lat' dir='ltr'>eus</span> <span class='ocrx_word' id='word_1_476' title='bbox 3729 2767 3830 2834; x_wconf 85' lang='lat' dir='ltr'>ter-</span> 
     </span>
    </p>
   </div>
   <div class='ocr_carea' id='block_1_69' title="bbox 2165 2833 3828 2904">
    <p class='ocr_par' dir='ltr' id='par_1_69' title="bbox 2165 2833 3828 2904">
     <span class='ocr_line' id='line_1_70' title="bbox 2165 2833 3828 2904; baseline -0.002 -16"><span class='ocrx_word' id='word_1_477' title='bbox 2165 2833 2435 2904; x_wconf 81' lang='lat' dir='ltr'>minetur,</span> <span class='ocrx_word' id='word_1_478' title='bbox 2472 2837 2574 2889; x_wconf 84' lang='lat' dir='ltr'>scd</span> <span class='ocrx_word' id='word_1_479' title='bbox 2610 2836 2678 2888; x_wconf 88' lang='lat' dir='ltr'>ad</span> <span class='ocrx_word' id='word_1_480' title='bbox 2711 2835 2866 2889; x_wconf 88' lang='lat' dir='ltr'>aliud</span> <span class='ocrx_word' id='word_1_481' title='bbox 2899 2851 3026 2903; x_wconf 90' lang='lat' dir='ltr'>ens,</span> <span class='ocrx_word' id='word_1_482' title='bbox 3067 2833 3166 2888; x_wconf 79' lang='lat' dir='ltr'>cui</span> <span class='ocrx_word' id='word_1_483' title='bbox 3197 2837 3621 2904; x_wconf 86' lang='lat' dir='ltr'>successione,</span> <span class='ocrx_word' id='word_1_484' title='bbox 3648 2833 3828 2888; x_wconf 89' lang='lat' dir='ltr'>conti-</span> 
     </span>
    </p>
   </div>
   <div class='ocr_carea' id='block_1_70' title="bbox 2164 2907 3837 2978">
    <p class='ocr_par' dir='ltr' id='par_1_70' title="bbox 2164 2907 3837 2978">
     <span class='ocr_line' id='line_1_71' title="bbox 2164 2907 3837 2978; baseline -0.001 -18"><span class='ocrx_word' id='word_1_485' title='bbox 2164 2907 2714 2978; x_wconf 79' lang='lat' dir='ltr'>gnitaleexistendi,</span> <span class='ocrx_word' id='word_1_486' title='bbox 2740 2911 2794 2960; x_wconf 88' lang='lat' dir='ltr'>et</span> <span class='ocrx_word' id='word_1_487' title='bbox 2826 2907 3214 2961; x_wconf 88' lang='lat' dir='ltr'>accidentium</span> <span class='ocrx_word' id='word_1_488' title='bbox 3245 2910 3426 2976; x_wconf 82' lang='lat' dir='ltr'>queis</span> <span class='ocrx_word' id='word_1_489' title='bbox 3462 2911 3708 2976; x_wconf 87' lang='lat' dir='ltr'>uterque</span> <span class='ocrx_word' id='word_1_490' title='bbox 3729 2909 3837 2959; x_wconf 88' lang='lat' dir='ltr'>ter-</span> 
     </span>
    </p>
   </div>
   <div class='ocr_carea' id='block_1_71' title="bbox 2164 2977 3832 3048">
    <p class='ocr_par' dir='ltr' id='par_1_71' title="bbox 2164 2977 3832 3048">
     <span class='ocr_line' id='line_1_72' title="bbox 2164 2977 3832 3048; baseline -0.001 -18"><span class='ocrx_word' id='word_1_491' title='bbox 2164 2977 2358 3031; x_wconf 87' lang='lat' dir='ltr'>minus</span> <span class='ocrx_word' id='word_1_492' title='bbox 2383 2980 2729 3046; x_wconf 89' lang='lat' dir='ltr'>suppositus</span> <span class='ocrx_word' id='word_1_493' title='bbox 2754 2979 2878 3042; x_wconf 79' lang='lat' dir='ltr'>fuit,</span> <span class='ocrx_word' id='word_1_494' title='bbox 2898 2978 3114 3032; x_wconf 88' lang='lat' dir='ltr'>unitate</span> <span class='ocrx_word' id='word_1_495' title='bbox 3131 2977 3414 3048; x_wconf 78' lang='lat' dir='ltr'>jungitur</span> <span class='ocrx_word' id='word_1_496' title='bbox 3431 2983 3488 3032; x_wconf 89' lang='lat' dir='ltr'>et</span> <span class='ocrx_word' id='word_1_497' title='bbox 3509 2979 3832 3048; x_wconf 85' lang='lat' dir='ltr'>colligatur.</span> 
     </span>
    </p>
   </div>
   <div class='ocr_carea' id='block_1_72' title="bbox 2165 3047 3832 3117">
    <p class='ocr_par' dir='ltr' id='par_1_72' title="bbox 2165 3047 3832 3117">
     <span class='ocr_line' id='line_1_73' title="bbox 2165 3047 3832 3117; baseline -0.002 -15"><span class='ocrx_word' id='word_1_498' title='bbox 2165 3049 2306 3102; x_wconf 66' lang='lat' dir='ltr'>llaac</span> <span class='ocrx_word' id='word_1_499' title='bbox 2338 3064 2476 3102; x_wconf 85' lang='lat' dir='ltr'>vere</span> <span class='ocrx_word' id='word_1_500' title='bbox 2509 3064 2577 3102; x_wconf 88' lang='lat' dir='ltr'>ac</span> <span class='ocrx_word' id='word_1_501' title='bbox 2622 3049 2923 3117; x_wconf 84' lang='lat' dir='ltr'>sapienter</span> <span class='ocrx_word' id='word_1_502' title='bbox 2959 3049 3109 3102; x_wconf 89' lang='lat' dir='ltr'>dicta</span> <span class='ocrx_word' id='word_1_503' title='bbox 3138 3047 3446 3104; x_wconf 82' lang='lat' dir='ltr'>omnibus</span> <span class='ocrx_word' id='word_1_504' title='bbox 3477 3047 3832 3103; x_wconf 85' lang='lat' dir='ltr'>sinceritatis</span> 
     </span>
    </p>
   </div>
   <div class='ocr_carea' id='block_1_73' title="bbox 2163 3117 3839 3190">
    <p class='ocr_par' dir='ltr' id='par_1_73' title="bbox 2163 3117 3839 3190">
     <span class='ocr_line' id='line_1_74' title="bbox 2163 3117 3839 3190; baseline -0.001 -18"><span class='ocrx_word' id='word_1_505' title='bbox 2163 3136 2336 3190; x_wconf 90' lang='lat' dir='ltr'>quam</span> <span class='ocrx_word' id='word_1_506' title='bbox 2379 3119 2770 3174; x_wconf 87' lang='lat' dir='ltr'>contentionis</span> <span class='ocrx_word' id='word_1_507' title='bbox 2803 3119 3226 3174; x_wconf 87' lang='lat' dir='ltr'>amantioribus</span> <span class='ocrx_word' id='word_1_508' title='bbox 3267 3124 3556 3190; x_wconf 86' lang='lat' dir='ltr'>poterant</span> <span class='ocrx_word' id='word_1_509' title='bbox 3603 3117 3839 3173; x_wconf 82' lang='lat' dir='ltr'>satisfa-</span> 
     </span>
    </p>
   </div>
   <div class='ocr_carea' id='block_1_74' title="bbox 377 3189 3844 3270">
    <p class='ocr_par' dir='ltr' id='par_1_74' title="bbox 377 3189 3844 3270">
     <span class='ocr_line' id='line_1_75' title="bbox 377 3189 3844 3270; baseline -0.003 -18"><span class='ocrx_word' id='word_1_510' title='bbox 377 3196 755 3262; x_wconf 87' lang='lat' dir='ltr'>vocabulum,</span> <span class='ocrx_word' id='word_1_511' title='bbox 789 3197 851 3246; x_wconf 89' lang='lat' dir='ltr'>ut</span> <span class='ocrx_word' id='word_1_512' title='bbox 876 3189 1036 3270; x_wconf 70' lang='lat' dir='ltr'>Pauli</span> <span class='ocrx_word' id='word_1_513' title='bbox 1069 3190 1379 3270; x_wconf 75' lang='lat' dir='ltr'>etpcutioni</span> <span class='ocrx_word' id='word_1_514' title='bbox 1414 3189 1433 3241; x_wconf 94' lang='lat' dir='ltr'>l</span> <span class='ocrx_word' id='word_1_515' title='bbox 1465 3189 1716 3270; x_wconf 49' lang='lat' dir='ltr'>&#39;ljimoth.</span> <span class='ocrx_word' id='word_1_516' title='bbox 1751 3207 1811 3257; x_wconf 77' lang='grc' dir='ltr'>υ,</span> <span class='ocrx_word' id='word_1_517' title='bbox 1849 3190 1896 3260; x_wconf 83' lang='grc'>1,</span> <span class='ocrx_word' id='word_1_518' title='bbox 1931 3206 2049 3244; x_wconf 87' lang='lat' dir='ltr'>ma-</span> <span class='ocrx_word' id='word_1_519' title='bbox 2080 3209 2130 3270; x_wconf 69' lang='grc' dir='ltr'><strong>ρ</strong></span> <span class='ocrx_word' id='word_1_520' title='bbox 2165 3189 2318 3259; x_wconf 78' lang='lat' dir='ltr'>cere,</span> <span class='ocrx_word' id='word_1_521' title='bbox 2353 3193 2633 3270; x_wconf 74' lang='lat' dir='ltr'>reclamat</span> <span class='ocrx_word' id='word_1_522' title='bbox 2663 3195 2854 3270; x_wconf 72' lang='lat' dir='ltr'>tamen</span> <span class='ocrx_word' id='word_1_523' title='bbox 2877 3191 3069 3244; x_wconf 88' lang='lat' dir='ltr'>adhuc</span> <span class='ocrx_word' id='word_1_524' title='bbox 3103 3189 3484 3262; x_wconf 77' lang='lat' dir='ltr'>Albertinus,</span> <span class='ocrx_word' id='word_1_525' title='bbox 3518 3207 3588 3246; x_wconf 88' lang='lat' dir='ltr'>ea</span> <span class='ocrx_word' id='word_1_526' title='bbox 3611 3191 3682 3244; x_wconf 89' lang='lat' dir='ltr'>de</span> <span class='ocrx_word' id='word_1_527' title='bbox 3713 3204 3844 3270; x_wconf 82' lang='lat' dir='ltr'>quo-</span> 
     </span>
    </p>
   </div>
   <div class='ocr_carea' id='block_1_75' title="bbox 379 3260 2049 3341">
    <p class='ocr_par' dir='ltr' id='par_1_75' title="bbox 379 3260 2049 3341">
     <span class='ocr_line' id='line_1_76' title="bbox 379 3260 2049 3341; baseline -0.005 -18"><span class='ocrx_word' id='word_1_528' title='bbox 379 3270 478 3341; x_wconf 82' lang='lat' dir='ltr'>gis</span> <span class='ocrx_word' id='word_1_529' title='bbox 510 3260 857 3341; x_wconf 76' lang='lat' dir='ltr'>accederet._</span> <span class='ocrx_word' id='word_1_530' title='bbox 891 3260 1320 3341; x_wconf 63' lang='lat' dir='ltr'>Aduolabimus</span> <span class='ocrx_word' id='word_1_531' title='bbox 1360 3263 1648 3341; x_wconf 67' lang='lat' dir='ltr'>praeterea</span> <span class='ocrx_word' id='word_1_532' title='bbox 1701 3276 1985 3341; x_wconf 58' lang='lat' dir='ltr'>curionem</span> <span class='ocrx_word' id='word_1_533' title='bbox 2017 3278 2049 3314; x_wconf 89' lang='lat' dir='ltr'>a</span> 
     </span>
    </p>
   </div>
   <div class='ocr_carea' id='block_1_76' title="bbox 377 3331 2044 3411">
    <p class='ocr_par' dir='ltr' id='par_1_76' title="bbox 377 3331 2044 3411">
     <span class='ocr_line' id='line_1_77' title="bbox 377 3331 2044 3411; baseline -0.007 -15"><span class='ocrx_word' id='word_1_534' title='bbox 377 3331 671 3411; x_wconf 67' lang='lat' dir='ltr'>Gregorio</span> <span class='ocrx_word' id='word_1_535' title='bbox 706 3337 778 3411; x_wconf 69' lang='lat' dir='ltr'>id,</span> <span class='ocrx_word' id='word_1_536' title='bbox 801 3335 901 3411; x_wconf 57' lang='lat' dir='ltr'>lib.</span> <span class='ocrx_word' id='word_1_537' title='bbox 938 3349 1042 3411; x_wconf 53' lang='grc' dir='ltr'>γρ,</span> <span class='ocrx_word' id='word_1_538' title='bbox 1075 3333 1246 3401; x_wconf 88' lang='lat' dir='ltr'>epsit.</span> <span class='ocrx_word' id='word_1_539' title='bbox 1279 3331 1330 3398; x_wconf 81' lang='grc' dir='ltr'>Ἷ,</span> <span class='ocrx_word' id='word_1_540' title='bbox 1357 3331 1556 3411; x_wconf 74' lang='lat' dir='ltr'>indici.</span> <span class='ocrx_word' id='word_1_541' title='bbox 1591 3331 1641 3398; x_wconf 66' lang='lat'>“2,</span> <span class='ocrx_word' id='word_1_542' title='bbox 1677 3333 2044 3400; x_wconf 69' lang='lat' dir='ltr'>etCypriano</span> 
     </span>
    </p>
   </div>
   <div class='ocr_carea' id='block_1_77' title="bbox 379 3402 2047 3472">
    <p class='ocr_par' dir='ltr' id='par_1_77' title="bbox 379 3402 2047 3472">
     <span class='ocr_line' id='line_1_78' title="bbox 379 3402 2047 3472; baseline -0.004 -7"><span class='ocrx_word' id='word_1_543' title='bbox 379 3412 482 3465; x_wconf 87' lang='lat' dir='ltr'>lib.</span> <span class='ocrx_word' id='word_1_544' title='bbox 502 3402 591 3464; x_wconf 44' lang='lat' dir='ltr'>&quot;de</span> <span class='ocrx_word' id='word_1_545' title='bbox 621 3402 780 3462; x_wconf 65' lang='lat' dir='ltr'>(fuit.</span> <span class='ocrx_word' id='word_1_546' title='bbox 808 3403 972 3458; x_wconf 80' lang='lat' dir='ltr'>Eccl.</span> <span class='ocrx_word' id='word_1_547' title='bbox 995 3419 1229 3472; x_wconf 88' lang='lat' dir='ltr'>precem</span> <span class='ocrx_word' id='word_1_548' title='bbox 1263 3402 1494 3468; x_wconf 80' lang='lat' dir='ltr'>vocari;</span> <span class='ocrx_word' id='word_1_549' title='bbox 1529 3417 1635 3455; x_wconf 90' lang='lat' dir='ltr'>nec</span> <span class='ocrx_word' id='word_1_550' title='bbox 1663 3418 1776 3456; x_wconf 86' lang='lat' dir='ltr'>non</span> <span class='ocrx_word' id='word_1_551' title='bbox 1810 3419 2047 3471; x_wconf 87' lang='lat' dir='ltr'>precem</span> 
     </span>
    </p>
   </div>
   <div class='ocr_carea' id='block_1_78' title="bbox 378 3473 2043 3544">
    <p class='ocr_par' dir='ltr' id='par_1_78' title="bbox 378 3473 2043 3544">
     <span class='ocr_line' id='line_1_79' title="bbox 378 3473 2043 3544; baseline -0.004 -8"><span class='ocrx_word' id='word_1_552' title='bbox 378 3483 530 3536; x_wconf 90' lang='lat' dir='ltr'>inter</span> <span class='ocrx_word' id='word_1_553' title='bbox 567 3497 636 3534; x_wconf 87' lang='lat' dir='ltr'>ac</span> <span class='ocrx_word' id='word_1_554' title='bbox 685 3477 1008 3531; x_wconf 88' lang='lat' dir='ltr'>orationem</span> <span class='ocrx_word' id='word_1_555' title='bbox 1047 3475 1119 3527; x_wconf 88' lang='lat' dir='ltr'>ab</span> <span class='ocrx_word' id='word_1_556' title='bbox 1169 3475 1497 3544; x_wconf 81' lang='lat' dir='ltr'>Augustino</span> <span class='ocrx_word' id='word_1_557' title='bbox 1553 3473 1723 3542; x_wconf 85' lang='lat' dir='ltr'>epist.</span> <span class='ocrx_word' id='word_1_558' title='bbox 1773 3473 1872 3527; x_wconf 69' lang='lat' dir='ltr'>lit)</span> <span class='ocrx_word' id='word_1_559' title='bbox 1905 3475 2043 3530; x_wconf 88' lang='lat' dir='ltr'>edit.</span> 
     </span>
    </p>
   </div>
   <div class='ocr_carea' id='block_1_79' title="bbox 331 3545 2047 3616">
    <p class='ocr_par' dir='ltr' id='par_1_79' title="bbox 331 3545 2047 3616">
     <span class='ocr_line' id='line_1_80' title="bbox 331 3545 2047 3616; baseline -0.004 -9"><span class='ocrx_word' id='word_1_560' title='bbox 331 3557 337 3564; x_wconf 81' lang='grc'><strong>”</strong></span> <span class='ocrx_word' id='word_1_561' title='bbox 379 3569 549 3607; x_wconf 70' lang='lat' dir='ltr'>nova:</span> <span class='ocrx_word' id='word_1_562' title='bbox 575 3549 853 3605; x_wconf 79' lang='lat' dir='ltr'>constitui</span> <span class='ocrx_word' id='word_1_563' title='bbox 897 3547 1009 3600; x_wconf 89' lang='lat' dir='ltr'>hoc</span> <span class='ocrx_word' id='word_1_564' title='bbox 1045 3545 1428 3612; x_wconf 86' lang='lat' dir='ltr'>discriminis,</span> <span class='ocrx_word' id='word_1_565' title='bbox 1467 3547 1526 3597; x_wconf 92' lang='lat' dir='ltr'>ut</span> <span class='ocrx_word' id='word_1_566' title='bbox 1563 3561 1694 3616; x_wconf 70' lang='lat' dir='ltr'>qua:</span> <span class='ocrx_word' id='word_1_567' title='bbox 1727 3561 2047 3600; x_wconf 86' lang='lat' dir='ltr'>consecra-</span> 
     </span>
    </p>
   </div>
   <div class='ocr_carea' id='block_1_80' title="bbox 376 3617 2048 3692">
    <p class='ocr_par' dir='ltr' id='par_1_80' title="bbox 376 3617 2048 3692">
     <span class='ocr_line' id='line_1_81' title="bbox 376 3617 2048 3692; baseline -0.012 -14"><span class='ocrx_word' id='word_1_568' title='bbox 376 3625 598 3679; x_wconf 87' lang='lat' dir='ltr'>tionem</span> <span class='ocrx_word' id='word_1_569' title='bbox 630 3620 990 3692; x_wconf 51' lang='lat' dir='ltr'>pra’cedunt,</span> <span class='ocrx_word' id='word_1_570' title='bbox 1010 3617 1425 3692; x_wconf 68' lang='lat' dir='ltr'>precationes:</span> <span class='ocrx_word' id='word_1_571' title='bbox 1452 3632 1583 3692; x_wconf 66' lang='lat' dir='ltr'>quae</span> <span class='ocrx_word' id='word_1_572' title='bbox 1617 3632 1756 3670; x_wconf 88' lang='lat' dir='ltr'>vero</span> <span class='ocrx_word' id='word_1_573' title='bbox 1779 3617 1934 3692; x_wconf 79' lang='lat' dir='ltr'>illam</span> <span class='ocrx_word' id='word_1_574' title='bbox 1960 3633 2048 3671; x_wconf 72' lang='lat' dir='ltr'>se-</span> 
     </span>
    </p>
   </div>
   <div class='ocr_carea' id='block_1_81' title="bbox 377 3687 2044 3766">
    <p class='ocr_par' dir='ltr' id='par_1_81' title="bbox 377 3687 2044 3766">
     <span class='ocr_line' id='line_1_82' title="bbox 377 3687 2044 3766; baseline -0.005 -16"><span class='ocrx_word' id='word_1_575' title='bbox 377 3687 655 3766; x_wconf 53' lang='lat' dir='ltr'>quuntur&#39;,</span> <span class='ocrx_word' id='word_1_576' title='bbox 693 3691 990 3746; x_wconf 88' lang='lat' dir='ltr'>orationes</span> <span class='ocrx_word' id='word_1_577' title='bbox 1026 3687 1148 3766; x_wconf 83' lang='lat' dir='ltr'>dici</span> <span class='ocrx_word' id='word_1_578' title='bbox 1189 3687 1633 3766; x_wconf 78' lang='lat' dir='ltr'>ecclesiasticus</span> <span class='ocrx_word' id='word_1_579' title='bbox 1680 3704 1808 3766; x_wconf 69' lang='lat' dir='ltr'>mos</span> <span class='ocrx_word' id='word_1_580' title='bbox 1843 3689 2044 3742; x_wconf 84' lang='lat' dir='ltr'>volue-</span> 
     </span>
    </p>
   </div>
   <div class='ocr_carea' id='block_1_82' title="bbox 375 3758 2046 3828">
    <p class='ocr_par' dir='ltr' id='par_1_82' title="bbox 375 3758 2046 3828">
     <span class='ocr_line' id='line_1_83' title="bbox 375 3758 2046 3828; baseline -0.005 -8"><span class='ocrx_word' id='word_1_581' title='bbox 375 3758 470 3820; x_wconf 65' lang='lat' dir='ltr'>rit.</span> <span class='ocrx_word' id='word_1_582' title='bbox 503 3766 619 3820; x_wconf 85' lang='lat' dir='ltr'>Sed</span> <span class='ocrx_word' id='word_1_583' title='bbox 646 3765 873 3817; x_wconf 89' lang='lat' dir='ltr'>huncce</span> <span class='ocrx_word' id='word_1_584' title='bbox 907 3762 1204 3813; x_wconf 89' lang='lat' dir='ltr'>auctorem</span> <span class='ocrx_word' id='word_1_585' title='bbox 1237 3758 1296 3811; x_wconf 91' lang='lat' dir='ltr'>in</span> <span class='ocrx_word' id='word_1_586' title='bbox 1328 3759 1585 3828; x_wconf 82' lang='lat' dir='ltr'>singulis</span> <span class='ocrx_word' id='word_1_587' title='bbox 1619 3760 1866 3812; x_wconf 86' lang='lat' dir='ltr'>vocibus</span> <span class='ocrx_word' id='word_1_588' title='bbox 1897 3776 2046 3812; x_wconf 85' lang='lat' dir='ltr'>exa-</span> 
     </span>
    </p>
   </div>
   <div class='ocr_carea' id='block_1_83' title="bbox 378 3830 2047 3900">
    <p class='ocr_par' dir='ltr' id='par_1_83' title="bbox 378 3830 2047 3900">
     <span class='ocr_line' id='line_1_84' title="bbox 378 3830 2047 3900; baseline -0.004 -10"><span class='ocrx_word' id='word_1_589' title='bbox 378 3840 532 3890; x_wconf 88' lang='lat' dir='ltr'>ctum</span> <span class='ocrx_word' id='word_1_590' title='bbox 565 3852 681 3888; x_wconf 89' lang='lat' dir='ltr'>non</span> <span class='ocrx_word' id='word_1_591' title='bbox 731 3848 866 3886; x_wconf 82' lang='lat' dir='ltr'>esse</span> <span class='ocrx_word' id='word_1_592' title='bbox 901 3832 1240 3900; x_wconf 86' lang='lat' dir='ltr'>neutiquam</span> <span class='ocrx_word' id='word_1_593' title='bbox 1289 3830 1621 3898; x_wconf 79' lang='lat' dir='ltr'>mirabitur,</span> <span class='ocrx_word' id='word_1_594' title='bbox 1669 3831 1768 3900; x_wconf 83' lang='lat' dir='ltr'>qui</span> <span class='ocrx_word' id='word_1_595' title='bbox 1801 3832 2047 3885; x_wconf 88' lang='lat' dir='ltr'>canonis</span> 
     </span>
    </p>
   </div>
   <div class='ocr_carea' id='block_1_84' title="bbox 377 3901 2046 3977">
    <p class='ocr_par' dir='ltr' id='par_1_84' title="bbox 377 3901 2046 3977">
     <span class='ocr_line' id='line_1_85' title="bbox 377 3901 2046 3977; baseline -0.002 -19"><span class='ocrx_word' id='word_1_596' title='bbox 377 3923 550 3977; x_wconf 83' lang='lat' dir='ltr'>quem</span> <span class='ocrx_word' id='word_1_597' title='bbox 583 3906 781 3971; x_wconf 74' lang='lat' dir='ltr'>refert,</span> <span class='ocrx_word' id='word_1_598' title='bbox 831 3903 1094 3972; x_wconf 70' lang='lat' dir='ltr'>integras</span> <span class='ocrx_word' id='word_1_599' title='bbox 1131 3901 1430 3954; x_wconf 81' lang='lat' dir='ltr'>orationes</span> <span class='ocrx_word' id='word_1_600' title='bbox 1465 3901 1944 3955; x_wconf 79' lang='lat' dir='ltr'>animam&#39;ertcrit</span> <span class='ocrx_word' id='word_1_601' title='bbox 1974 3904 2046 3955; x_wconf 89' lang='lat' dir='ltr'>ab</span> 
     </span>
    </p>
   </div>
   <div class='ocr_carea' id='block_1_85' title="bbox 377 3976 929 4048">
    <p class='ocr_par' dir='ltr' id='par_1_85' title="bbox 377 3976 929 4048">
     <span class='ocr_line' id='line_1_86' title="bbox 377 3976 929 4048; baseline -0.014 -16"><span class='ocrx_word' id='word_1_602' title='bbox 377 3976 448 4032; x_wconf 87' lang='lat' dir='ltr'>eo</span> <span class='ocrx_word' id='word_1_603' title='bbox 471 3976 929 4048; x_wconf 64' lang='lat' dir='ltr'>praetermissus.</span> 
     </span>
    </p>
   </div>
   <div class='ocr_carea' id='block_1_86' title="bbox 447 4041 2044 4115">
    <p class='ocr_par' dir='ltr' id='par_1_86' title="bbox 447 4041 2044 4115">
     <span class='ocr_line' id='line_1_87' title="bbox 447 4041 2044 4115; baseline -0.004 -13"><span class='ocrx_word' id='word_1_604' title='bbox 447 4041 662 4115; x_wconf 62' lang='lat' dir='ltr'>(71)]ta</span> <span class='ocrx_word' id='word_1_605' title='bbox 694 4049 808 4098; x_wconf 83' lang='lat' dir='ltr'>vet.</span> <span class='ocrx_word' id='word_1_606' title='bbox 843 4045 978 4098; x_wconf 88' lang='lat' dir='ltr'>edit.</span> <span class='ocrx_word' id='word_1_607' title='bbox 1005 4059 1072 4096; x_wconf 87' lang='lat' dir='ltr'>ac</span> <span class='ocrx_word' id='word_1_608' title='bbox 1111 4058 1255 4094; x_wconf 86' lang='lat' dir='ltr'>mss.</span> <span class='ocrx_word' id='word_1_609' title='bbox 1294 4045 1542 4111; x_wconf 81' lang='lat' dir='ltr'>excepto</span> <span class='ocrx_word' id='word_1_610' title='bbox 1575 4041 1706 4115; x_wconf 85' lang='lat' dir='ltr'>cod.</span> <span class='ocrx_word' id='word_1_611' title='bbox 1750 4042 1896 4096; x_wconf 87' lang='lat' dir='ltr'>Illid.</span> <span class='ocrx_word' id='word_1_612' title='bbox 1922 4043 2044 4113; x_wconf 87' lang='lat' dir='ltr'>ubi,</span> 
     </span>
    </p>
   </div>
   <div class='ocr_carea' id='block_1_87' title="bbox 331 4111 2048 4193">
    <p class='ocr_par' dir='ltr' id='par_1_87' title="bbox 331 4111 2048 4193">
     <span class='ocr_line' id='line_1_88' title="bbox 331 4111 2048 4193; baseline -0.005 -18"><span class='ocrx_word' id='word_1_613' title='bbox 331 4131 334 4136; x_wconf 85' lang='lat'>&#39;</span> <span class='ocrx_word' id='word_1_614' title='bbox 377 4111 590 4193; x_wconf 74' lang='lat' dir='ltr'>quanto</span> <span class='ocrx_word' id='word_1_615' title='bbox 611 4118 864 4188; x_wconf 73' lang='lat' dir='ltr'>magis...</span> <span class='ocrx_word' id='word_1_616' title='bbox 892 4131 1026 4193; x_wconf 43' lang='lat' dir='ltr'>(IIII/li</span> <span class='ocrx_word' id='word_1_617' title='bbox 1065 4117 1476 4193; x_wconf 76' lang='lat' dir='ltr'>er.&#39;ml,__totum</span> <span class='ocrx_word' id='word_1_618' title='bbox 1517 4113 1860 4193; x_wconf 46' lang='lat' dir='ltr'>omittitur“:</span> <span class='ocrx_word' id='word_1_619' title='bbox 1907 4111 2048 4193; x_wconf 71' lang='lat' dir='ltr'>ulli-</span> 
     </span>
    </p>
   </div>
   <div class='ocr_carea' id='block_1_88' title="bbox 373 4183 2046 4258">
    <p class='ocr_par' dir='ltr' id='par_1_88' title="bbox 373 4183 2046 4258">
     <span class='ocr_line' id='line_1_89' title="bbox 373 4183 2046 4258; baseline -0.005 -12"><span class='ocrx_word' id='word_1_620' title='bbox 373 4183 528 4246; x_wconf 70' lang='lat' dir='ltr'>fnum</span> <span class='ocrx_word' id='word_1_621' title='bbox 558 4183 953 4258; x_wconf 15' lang='lat' dir='ltr'>VBi&#39;O‘Wpal‘lClll</span> <span class='ocrx_word' id='word_1_622' title='bbox 999 4187 1167 4239; x_wconf 70' lang='lat' dir='ltr'>llam.</span> <span class='ocrx_word' id='word_1_623' title='bbox 1211 4185 1346 4238; x_wconf 85' lang='lat' dir='ltr'>edit.</span> <span class='ocrx_word' id='word_1_624' title='bbox 1380 4183 1714 4258; x_wconf 9' lang='lat' dir='ltr'>liis_verqbis</span> <span class='ocrx_word' id='word_1_625' title='bbox 1755 4183 1940 4258; x_wconf 81' lang='lat' dir='ltr'>eti&#39;ert,</span> <span class='ocrx_word' id='word_1_626' title='bbox 1987 4191 2046 4238; x_wconf 81' lang='lat' dir='ltr'>ut</span> 
     </span>
    </p>
   </div>
   <div class='ocr_carea' id='block_1_89' title="bbox 375 4255 2046 4334">
    <p class='ocr_par' dir='ltr' id='par_1_89' title="bbox 375 4255 2046 4334">
     <span class='ocr_line' id='line_1_90' title="bbox 375 4255 2046 4334; baseline -0.005 -17"><span class='ocrx_word' id='word_1_627' title='bbox 375 4282 501 4334; x_wconf 65' lang='lat' dir='ltr'>quae</span> <span class='ocrx_word' id='word_1_628' title='bbox 526 4268 698 4316; x_wconf 85' lang='lat' dir='ltr'>erant</span> <span class='ocrx_word' id='word_1_629' title='bbox 734 4255 806 4312; x_wconf 46' lang='lat' dir='ltr'>&#39;in</span> <span class='ocrx_word' id='word_1_630' title='bbox 831 4258 1188 4334; x_wconf 45' lang='lat' dir='ltr'>alim/panni;</span> <span class='ocrx_word' id='word_1_631' title='bbox 1199 4262 1454 4334; x_wconf 70' lang='lat' dir='ltr'>utentur.</span> <span class='ocrx_word' id='word_1_632' title='bbox 1477 4255 1792 4334; x_wconf 67' lang='lat' dir='ltr'>Praeiverat</span> <span class='ocrx_word' id='word_1_633' title='bbox 1810 4257 2046 4334; x_wconf 81' lang='lat' dir='ltr'>quidem</span> 
     </span>
    </p>
   </div>
   <div class='ocr_carea' id='block_1_90' title="bbox 373 4326 2042 4390">
    <p class='ocr_par' dir='ltr' id='par_1_90' title="bbox 373 4326 2042 4390">
     <span class='ocr_line' id='line_1_91' title="bbox 373 4326 2042 4390; baseline -0.005 -1"><span class='ocrx_word' id='word_1_634' title='bbox 373 4326 457 4390; x_wconf 89' lang='lat' dir='ltr'>illi</span> <span class='ocrx_word' id='word_1_635' title='bbox 491 4334 868 4388; x_wconf 81' lang='lat' dir='ltr'>Lanfrancus</span> <span class='ocrx_word' id='word_1_636' title='bbox 903 4329 957 4381; x_wconf 88' lang='lat' dir='ltr'>in</span> <span class='ocrx_word' id='word_1_637' title='bbox 988 4328 1088 4381; x_wconf 90' lang='lat' dir='ltr'>lib.</span> <span class='ocrx_word' id='word_1_638' title='bbox 1123 4329 1479 4380; x_wconf 62' lang='lat' dir='ltr'>deb‘acram.</span> <span class='ocrx_word' id='word_1_639' title='bbox 1502 4326 1590 4378; x_wconf 84' lang='lat' dir='ltr'>sic</span> <span class='ocrx_word' id='word_1_640' title='bbox 1620 4327 1772 4378; x_wconf 87' lang='lat' dir='ltr'>enim</span> <span class='ocrx_word' id='word_1_641' title='bbox 1809 4328 1862 4378; x_wconf 92' lang='lat' dir='ltr'>in</span> <span class='ocrx_word' id='word_1_642' title='bbox 1897 4343 2042 4382; x_wconf 79' lang='lat' dir='ltr'>mss.</span> 
     </span>
    </p>
   </div>
   <div class='ocr_carea' id='block_1_91' title="bbox 377 4397 2049 4478">
    <p class='ocr_par' dir='ltr' id='par_1_91' title="bbox 377 4397 2049 4478">
     <span class='ocr_line' id='line_1_92' title="bbox 377 4397 2049 4478; baseline -0.005 -18"><span class='ocrx_word' id='word_1_643' title='bbox 377 4406 738 4478; x_wconf 83' lang='lat' dir='ltr'>quibusdam</span> <span class='ocrx_word' id='word_1_644' title='bbox 772 4403 967 4478; x_wconf 75' lang='lat' dir='ltr'>locum</span> <span class='ocrx_word' id='word_1_645' title='bbox 983 4401 1141 4478; x_wconf 79' lang='lat' dir='ltr'>hunc</span> <span class='ocrx_word' id='word_1_646' title='bbox 1166 4398 1282 4478; x_wconf 82' lang='lat' dir='ltr'>legi</span> <span class='ocrx_word' id='word_1_647' title='bbox 1305 4397 1669 4478; x_wconf 69' lang='lat' dir='ltr'>testiﬁcatur.</span> <span class='ocrx_word' id='word_1_648' title='bbox 1693 4397 1814 4478; x_wconf 43' lang='lat' dir='ltr'>Sed.</span> <span class='ocrx_word' id='word_1_649' title='bbox 1831 4403 1883 4451; x_wconf 88' lang='lat' dir='ltr'>et</span> <span class='ocrx_word' id='word_1_650' title='bbox 1905 4399 2049 4478; x_wconf 50' lang='lat' dir='ltr'>lian-</span> 
     </span>
    </p>
   </div>
   <div class='ocr_carea' id='block_1_92' title="bbox 373 4469 2048 4540">
    <p class='ocr_par' dir='ltr' id='par_1_92' title="bbox 373 4469 2048 4540">
     <span class='ocr_line' id='line_1_93' title="bbox 373 4469 2048 4540; baseline -0.004 -10"><span class='ocrx_word' id='word_1_651' title='bbox 373 4469 580 4532; x_wconf 49' lang='lat' dir='ltr'>fi‘anco</span> <span class='ocrx_word' id='word_1_652' title='bbox 607 4479 658 4530; x_wconf 85' lang='lat' dir='ltr'>et</span> <span class='ocrx_word' id='word_1_653' title='bbox 699 4477 867 4527; x_wconf 70' lang='lat' dir='ltr'>llam.</span> <span class='ocrx_word' id='word_1_654' title='bbox 903 4471 1040 4524; x_wconf 82' lang='lat' dir='ltr'>edit.</span> <span class='ocrx_word' id='word_1_655' title='bbox 1089 4471 1509 4540; x_wconf 79' lang='lat' dir='ltr'>gravissimum</span> <span class='ocrx_word' id='word_1_656' title='bbox 1549 4469 1766 4540; x_wconf 80' lang='lat' dir='ltr'>crimen</span> <span class='ocrx_word' id='word_1_657' title='bbox 1803 4470 2048 4523; x_wconf 75' lang='lat' dir='ltr'>intendit</span> 
     </span>
    </p>
   </div>
   <div class='ocr_carea' id='block_1_93' title="bbox 371 4538 2119 4632">
    <p class='ocr_par' dir='ltr' id='par_1_93' title="bbox 371 4538 2119 4632">
     <span class='ocr_line' id='line_1_94' title="bbox 371 4538 2119 4632; baseline -0.005 -30"><span class='ocrx_word' id='word_1_658' title='bbox 371 4549 539 4602; x_wconf 79' lang='lat' dir='ltr'>Edm.</span> <span class='ocrx_word' id='word_1_659' title='bbox 576 4547 918 4600; x_wconf 75' lang='lat' dir='ltr'>Albertinus</span> <span class='ocrx_word' id='word_1_660' title='bbox 954 4543 1052 4594; x_wconf 84' lang='lat' dir='ltr'>lib.</span> <span class='ocrx_word' id='word_1_661' title='bbox 1089 4538 1124 4592; x_wconf 71' lang='grc' dir='ltr'>ῐι</span> <span class='ocrx_word' id='word_1_662' title='bbox 1163 4541 1236 4593; x_wconf 65' lang='lat' dir='ltr'>de</span> <span class='ocrx_word' id='word_1_663' title='bbox 1260 4538 1864 4632; x_wconf 41' lang='lat' dir='ltr'>fierinam.flint-11.,p.</span> <span class='ocrx_word' id='word_1_664' title='bbox 1890 4542 2040 4609; x_wconf 51' lang='grc' dir='ltr'>Μελ)</span> <span class='ocrx_word' id='word_1_665' title='bbox 2069 4572 2119 4632; x_wconf 83' lang='lat' dir='ltr'>D</span> 
     </span>
     <span class='ocr_line' id='line_1_95' title="bbox 531 4611 1995 4632; baseline 0 0"><span class='ocrx_word' id='word_1_666' title='bbox 531 4621 540 4628; x_wconf 91' lang='lat'><strong>-</strong></span> <span class='ocrx_word' id='word_1_667' title='bbox 737 4619 744 4632; x_wconf 94' lang='lat' dir='ltr'><strong>I</strong></span> <span class='ocrx_word' id='word_1_668' title='bbox 884 4616 894 4632; x_wconf 75' lang='grc' dir='ltr'>Ι</span> <span class='ocrx_word' id='word_1_669' title='bbox 952 4629 1046 4632; x_wconf 33' lang='grc' dir='ltr'>..κνς</span> <span class='ocrx_word' id='word_1_670' title='bbox 1128 4613 1478 4632; x_wconf 42' lang='grc' dir='ltr'>1---..μ--λ..τ-.ι</span> <span class='ocrx_word' id='word_1_671' title='bbox 1573 4611 1747 4632; x_wconf 38' lang='grc' dir='ltr'>⁷».ν.-.μ-</span> <span class='ocrx_word' id='word_1_672' title='bbox 1788 4628 1888 4632; x_wconf 44' lang='grc' dir='ltr'>ΑμΑ-</span> <span class='ocrx_word' id='word_1_673' title='bbox 1924 4613 1995 4632; x_wconf 31' lang='lat' dir='ltr'>Ila</span> 
     </span>
    </p>
   </div>
   <div class='ocr_carea' id='block_1_94' title="bbox 373 4609 2042 4690">
    <p class='ocr_par' dir='ltr' id='par_1_94' title="bbox 373 4609 2042 4690">
     <span class='ocr_line' id='line_1_96' title="bbox 373 4609 2042 4690; baseline -0.004 -18"><span class='ocrx_word' id='word_1_674' title='bbox 373 4621 542 4690; x_wconf 86' lang='lat' dir='ltr'>quasi</span> <span class='ocrx_word' id='word_1_675' title='bbox 578 4619 844 4672; x_wconf 82' lang='lat' dir='ltr'>eumdem</span> <span class='ocrx_word' id='word_1_676' title='bbox 883 4616 1073 4666; x_wconf 73' lang='lat' dir='ltr'>iutttltll</span> <span class='ocrx_word' id='word_1_677' title='bbox 1109 4613 1500 4680; x_wconf 68' lang='lat' dir='ltr'>depravarint.</span> <span class='ocrx_word' id='word_1_678' title='bbox 1538 4609 1754 4690; x_wconf 68' lang='lat' dir='ltr'>Verum</span> <span class='ocrx_word' id='word_1_679' title='bbox 1787 4628 1894 4690; x_wconf 80' lang='lat' dir='ltr'>nec</span> <span class='ocrx_word' id='word_1_680' title='bbox 1923 4613 2042 4665; x_wconf 79' lang='lat' dir='ltr'>lio-</span> 
     </span>
    </p>
   </div>
   <div class='ocr_carea' id='block_1_95' title="bbox 370 4682 2042 4759">
    <p class='ocr_par' dir='ltr' id='par_1_95' title="bbox 370 4682 2042 4759">
     <span class='ocr_line' id='line_1_97' title="bbox 370 4682 2042 4759; baseline -0.004 -17"><span class='ocrx_word' id='word_1_681' title='bbox 370 4682 562 4743; x_wconf 70' lang='lat' dir='ltr'>Iiianis</span> <span class='ocrx_word' id='word_1_682' title='bbox 595 4689 748 4759; x_wconf 86' lang='lat' dir='ltr'>quod</span> <span class='ocrx_word' id='word_1_683' title='bbox 785 4687 922 4738; x_wconf 83' lang='lat' dir='ltr'>tanti</span> <span class='ocrx_word' id='word_1_684' title='bbox 955 4685 1504 4759; x_wconf 65' lang='lat' dir='ltr'>viriauctoritatem</span> <span class='ocrx_word' id='word_1_685' title='bbox 1536 4682 1722 4759; x_wconf 79' lang='lat' dir='ltr'>secuti</span> <span class='ocrx_word' id='word_1_686' title='bbox 1757 4683 1892 4759; x_wconf 81' lang='lat' dir='ltr'>sint,</span> <span class='ocrx_word' id='word_1_687' title='bbox 1915 4686 2042 4759; x_wconf 79' lang='lat' dir='ltr'>_cri-_</span> 
     </span>
    </p>
   </div>
   <div class='ocr_carea' id='block_1_96' title="bbox 369 4753 2040 4822">
    <p class='ocr_par' dir='ltr' id='par_1_96' title="bbox 369 4753 2040 4822">
     <span class='ocr_line' id='line_1_98' title="bbox 369 4753 2040 4822; baseline -0.004 -9"><span class='ocrx_word' id='word_1_688' title='bbox 369 4761 514 4813; x_wconf 86' lang='lat' dir='ltr'>mini</span> <span class='ocrx_word' id='word_1_689' title='bbox 545 4753 893 4813; x_wconf 51' lang='lat' dir='ltr'>vertendum</span> <span class='ocrx_word' id='word_1_690' title='bbox 921 4773 1026 4808; x_wconf 83' lang='lat' dir='ltr'>nec</span> <span class='ocrx_word' id='word_1_691' title='bbox 1063 4755 1390 4807; x_wconf 63' lang='lat' dir='ltr'>Lant&#39;ramso</span> <span class='ocrx_word' id='word_1_692' title='bbox 1434 4753 1545 4822; x_wconf 88' lang='lat' dir='ltr'>ipsi</span> <span class='ocrx_word' id='word_1_693' title='bbox 1573 4755 1874 4807; x_wconf 84' lang='lat' dir='ltr'>acensatio</span> <span class='ocrx_word' id='word_1_694' title='bbox 1909 4754 2040 4808; x_wconf 72' lang='lat' dir='ltr'>t‘alsi</span> 
     </span>
    </p>
   </div>
   <div class='ocr_carea' id='block_1_97' title="bbox 369 4824 2044 4900">
    <p class='ocr_par' dir='ltr' id='par_1_97' title="bbox 369 4824 2044 4900">
     <span class='ocr_line' id='line_1_99' title="bbox 369 4824 2044 4900; baseline -0.004 -16"><span class='ocrx_word' id='word_1_695' title='bbox 369 4830 748 4900; x_wconf 86' lang='lat' dir='ltr'>impingenda</span> <span class='ocrx_word' id='word_1_696' title='bbox 767 4832 876 4900; x_wconf 87' lang='lat' dir='ltr'>est.</span> <span class='ocrx_word' id='word_1_697' title='bbox 897 4828 1044 4879; x_wconf 61' lang='lat' dir='ltr'>Nam</span> <span class='ocrx_word' id='word_1_698' title='bbox 1070 4829 1448 4900; x_wconf 59' lang='lat' dir='ltr'>prietetipiam</span> <span class='ocrx_word' id='word_1_699' title='bbox 1465 4824 1618 4900; x_wconf 76' lang='lat' dir='ltr'>quod</span> <span class='ocrx_word' id='word_1_700' title='bbox 1642 4841 1704 4877; x_wconf 88' lang='lat' dir='ltr'>ea</span> <span class='ocrx_word' id='word_1_701' title='bbox 1717 4825 1846 4900; x_wconf 82' lang='lat' dir='ltr'>dem</span> <span class='ocrx_word' id='word_1_702' title='bbox 1866 4827 2044 4878; x_wconf 83' lang='lat' dir='ltr'>omis-</span> 
     </span>
    </p>
   </div>
   <div class='ocr_carea' id='block_1_98' title="bbox 371 4897 2039 4968">
    <p class='ocr_par' dir='ltr' id='par_1_98' title="bbox 371 4897 2039 4968">
     <span class='ocr_line' id='line_1_100' title="bbox 371 4897 2039 4968; baseline -0.004 -13"><span class='ocrx_word' id='word_1_703' title='bbox 371 4919 434 4956; x_wconf 91' lang='lat' dir='ltr'>sa</span> <span class='ocrx_word' id='word_1_704' title='bbox 455 4897 592 4954; x_wconf 70' lang='lat' dir='ltr'>sunt</span> <span class='ocrx_word' id='word_1_705' title='bbox 625 4915 805 4968; x_wconf 78' lang='lat' dir='ltr'>supia</span> <span class='ocrx_word' id='word_1_706' title='bbox 840 4899 896 4950; x_wconf 85' lang='lat' dir='ltr'>in</span> <span class='ocrx_word' id='word_1_707' title='bbox 931 4899 1061 4950; x_wconf 85' lang='lat' dir='ltr'>cod.</span> <span class='ocrx_word' id='word_1_708' title='bbox 1112 4897 1258 4949; x_wconf 84' lang='lat' dir='ltr'>lllid.</span> <span class='ocrx_word' id='word_1_709' title='bbox 1313 4901 1368 4950; x_wconf 85' lang='lat' dir='ltr'>et</span> <span class='ocrx_word' id='word_1_710' title='bbox 1399 4897 1670 4968; x_wconf 77' lang='lat' dir='ltr'>similiter</span> <span class='ocrx_word' id='word_1_711' title='bbox 1705 4897 2039 4968; x_wconf 15' lang='lat' dir='ltr'>oznittirpo-</span> 
     </span>
    </p>
   </div>
   <div class='ocr_carea' id='block_1_99' title="bbox 368 4967 2036 5040">
    <p class='ocr_par' dir='ltr' id='par_1_99' title="bbox 368 4967 2036 5040">
     <span class='ocr_line' id='line_1_101' title="bbox 368 4967 2036 5040; baseline -0.004 -14"><span class='ocrx_word' id='word_1_712' title='bbox 368 4978 534 5026; x_wconf 87' lang='lat' dir='ltr'>tuere</span> <span class='ocrx_word' id='word_1_713' title='bbox 553 4973 609 5024; x_wconf 91' lang='lat' dir='ltr'>in</span> <span class='ocrx_word' id='word_1_714' title='bbox 628 4967 722 5040; x_wconf 74' lang='lat' dir='ltr'>qui</span> <span class='ocrx_word' id='word_1_715' title='bbox 737 4969 980 5022; x_wconf 79' lang='lat' dir='ltr'>busdam</span> <span class='ocrx_word' id='word_1_716' title='bbox 1003 4968 1156 5034; x_wconf 54' lang='lat' dir='ltr'>aliis,</span> <span class='ocrx_word' id='word_1_717' title='bbox 1176 4969 1312 5040; x_wconf 83' lang='lat' dir='ltr'>quis</span> <span class='ocrx_word' id='word_1_718' title='bbox 1327 4968 1522 5019; x_wconf 84' lang='lat' dir='ltr'>credat</span> <span class='ocrx_word' id='word_1_719' title='bbox 1541 4967 1612 5018; x_wconf 90' lang='lat' dir='ltr'>ab</span> <span class='ocrx_word' id='word_1_720' title='bbox 1633 4983 1702 5019; x_wconf 84' lang='lat' dir='ltr'>eo</span> <span class='ocrx_word' id='word_1_721' title='bbox 1723 4967 2036 5040; x_wconf 77' lang='lat' dir='ltr'>quaesitum</span> 
     </span>
    </p>
   </div>
   <div class='ocr_carea' id='block_1_100' title="bbox 369 5038 2035 5114">
    <p class='ocr_par' dir='ltr' id='par_1_100' title="bbox 369 5038 2035 5114">
     <span class='ocr_line' id='line_1_102' title="bbox 369 5038 2035 5114; baseline -0.004 -17"><span class='ocrx_word' id='word_1_722' title='bbox 369 5038 672 5114; x_wconf 64' lang='lat' dir='ltr'>etl&#39;ugiunf,</span> <span class='ocrx_word' id='word_1_723' title='bbox 703 5043 749 5094; x_wconf 90' lang='grc' dir='ltr'>Ι.</span> <span class='ocrx_word' id='word_1_724' title='bbox 776 5039 872 5110; x_wconf 79' lang='lat' dir='ltr'>qui</span> <span class='ocrx_word' id='word_1_725' title='bbox 907 5040 1145 5090; x_wconf 77' lang='lat' dir='ltr'>alterum</span> <span class='ocrx_word' id='word_1_726' title='bbox 1171 5039 1482 5092; x_wconf 74' lang='lat' dir='ltr'>lectionem</span> <span class='ocrx_word' id='word_1_727' title='bbox 1508 5039 1560 5090; x_wconf 76' lang='lat' dir='ltr'>in</span> <span class='ocrx_word' id='word_1_728' title='bbox 1589 5055 1732 5091; x_wconf 71' lang='lat' dir='ltr'>mss.</span> <span class='ocrx_word' id='word_1_729' title='bbox 1765 5038 2035 5114; x_wconf 81' lang='lat' dir='ltr'>pluribus</span> 
     </span>
    </p>
   </div>
   <div class='ocr_carea' id='block_1_101' title="bbox 368 5110 2040 5178">
    <p class='ocr_par' dir='ltr' id='par_1_101' title="bbox 368 5110 2040 5178">
     <span class='ocr_line' id='line_1_103' title="bbox 368 5110 2040 5178; baseline -0.004 -10"><span class='ocrx_word' id='word_1_730' title='bbox 368 5110 606 5169; x_wconf 77' lang='lat' dir='ltr'>exstare</span> <span class='ocrx_word' id='word_1_731' title='bbox 640 5129 752 5166; x_wconf 87' lang='lat' dir='ltr'>non</span> <span class='ocrx_word' id='word_1_732' title='bbox 786 5111 1172 5162; x_wconf 73' lang='lat' dir='ltr'>tilSSillllliililS</span> <span class='ocrx_word' id='word_1_733' title='bbox 1225 5126 1350 5162; x_wconf 83' lang='lat' dir='ltr'>eam</span> <span class='ocrx_word' id='word_1_734' title='bbox 1395 5111 1656 5177; x_wconf 80' lang='lat' dir='ltr'>exponit,</span> <span class='ocrx_word' id='word_1_735' title='bbox 1700 5126 1890 5178; x_wconf 78' lang='lat' dir='ltr'>neque</span> <span class='ocrx_word' id='word_1_736' title='bbox 1927 5110 2040 5163; x_wconf 85' lang='lat' dir='ltr'>alio</span> 
     </span>
    </p>
   </div>
   <div class='ocr_carea' id='block_1_102' title="bbox 367 5180 2041 5254">
    <p class='ocr_par' dir='ltr' id='par_1_102' title="bbox 367 5180 2041 5254">
     <span class='ocr_line' id='line_1_104' title="bbox 367 5180 2041 5254; baseline -0.004 -14"><span class='ocrx_word' id='word_1_737' title='bbox 367 5202 552 5240; x_wconf 86' lang='lat' dir='ltr'>sensu</span> <span class='ocrx_word' id='word_1_738' title='bbox 580 5183 828 5254; x_wconf 74' lang='lat' dir='ltr'>intelligi</span> <span class='ocrx_word' id='word_1_739' title='bbox 853 5196 1051 5250; x_wconf 75' lang='lat' dir='ltr'>posse,</span> <span class='ocrx_word' id='word_1_740' title='bbox 1089 5181 1204 5254; x_wconf 69' lang='lat' dir='ltr'>nisi</span> <span class='ocrx_word' id='word_1_741' title='bbox 1241 5180 1530 5233; x_wconf 85' lang='lat' dir='ltr'>catholico</span> <span class='ocrx_word' id='word_1_742' title='bbox 1565 5181 1734 5249; x_wconf 86' lang='lat' dir='ltr'>plane</span> <span class='ocrx_word' id='word_1_743' title='bbox 1761 5181 2041 5254; x_wconf 85' lang='lat' dir='ltr'>demons-</span> 
     </span>
    </p>
   </div>
   <div class='ocr_carea' id='block_1_103' title="bbox 363 5252 2041 5328">
    <p class='ocr_par' dir='ltr' id='par_1_103' title="bbox 363 5252 2041 5328">
     <span class='ocr_line' id='line_1_105' title="bbox 363 5252 2041 5328; baseline -0.004 -17"><span class='ocrx_word' id='word_1_744' title='bbox 363 5263 516 5324; x_wconf 83' lang='lat' dir='ltr'>trat;</span> <span class='ocrx_word' id='word_1_745' title='bbox 563 5257 616 5310; x_wconf 61' lang='grc' dir='ltr'>ρι’</span> <span class='ocrx_word' id='word_1_746' title='bbox 655 5252 1083 5328; x_wconf 64' lang='lat' dir='ltr'>quidivm&#39;sam</span> <span class='ocrx_word' id='word_1_747' title='bbox 1128 5252 1284 5328; x_wconf 80' lang='lat' dir='ltr'>illam</span> <span class='ocrx_word' id='word_1_748' title='bbox 1335 5268 1509 5322; x_wconf 90' lang='lat' dir='ltr'>quam</span> <span class='ocrx_word' id='word_1_749' title='bbox 1556 5252 1874 5328; x_wconf 76' lang='lat' dir='ltr'>anteponit,</span> <span class='ocrx_word' id='word_1_750' title='bbox 1911 5253 2041 5306; x_wconf 80' lang='lat' dir='ltr'>loco</span> 
     </span>
    </p>
   </div>
   <div class='ocr_carea' id='block_1_104' title="bbox 365 5323 2043 5400">
    <p class='ocr_par' dir='ltr' id='par_1_104' title="bbox 365 5323 2043 5400">
     <span class='ocr_line' id='line_1_106' title="bbox 365 5323 2043 5400; baseline -0.003 -19"><span class='ocrx_word' id='word_1_751' title='bbox 365 5323 546 5400; x_wconf 86' lang='lat' dir='ltr'>petito</span> <span class='ocrx_word' id='word_1_752' title='bbox 581 5345 654 5382; x_wconf 79' lang='lat' dir='ltr'>ex</span> <span class='ocrx_word' id='word_1_753' title='bbox 673 5323 880 5380; x_wconf 78' lang='lat' dir='ltr'>libello</span> <span class='ocrx_word' id='word_1_754' title='bbox 915 5326 986 5377; x_wconf 68' lang='lat' dir='ltr'>de</span> <span class='ocrx_word' id='word_1_755' title='bbox 1009 5323 1835 5400; x_wconf 44' lang='lat' dir='ltr'>iiI‘rstrriisnpteconﬁrmat</span> <span class='ocrx_word' id='word_1_756' title='bbox 1861 5339 2043 5400; x_wconf 84' lang='lat' dir='ltr'>;_cu_m</span> 
     </span>
    </p>
   </div>
   <div class='ocr_carea' id='block_1_105' title="bbox 368 5393 2042 5454">
    <p class='ocr_par' dir='ltr' id='par_1_105' title="bbox 368 5393 2042 5454">
     <span class='ocr_line' id='line_1_107' title="bbox 368 5393 2042 5454; baseline -0.004 0"><span class='ocrx_word' id='word_1_757' title='bbox 368 5393 529 5454; x_wconf 69' lang='lat' dir='ltr'>cnim</span> <span class='ocrx_word' id='word_1_758' title='bbox 563 5400 674 5454; x_wconf 81' lang='lat' dir='ltr'>hoc</span> <span class='ocrx_word' id='word_1_759' title='bbox 708 5399 856 5451; x_wconf 86' lang='lat' dir='ltr'>idem</span> <span class='ocrx_word' id='word_1_760' title='bbox 897 5393 1196 5452; x_wconf 61' lang='lat' dir='ltr'>.kziilirosii</span> <span class='ocrx_word' id='word_1_761' title='bbox 1227 5393 1627 5448; x_wconf 84' lang='lat' dir='ltr'>testimonium</span> <span class='ocrx_word' id='word_1_762' title='bbox 1659 5394 1897 5446; x_wconf 88' lang='lat' dir='ltr'>nonnisi</span> <span class='ocrx_word' id='word_1_763' title='bbox 1941 5394 2042 5448; x_wconf 90' lang='lat' dir='ltr'>ab-</span> 
     </span>
    </p>
   </div>
   <div class='ocr_carea' id='block_1_106' title="bbox 362 5464 2038 5537">
    <p class='ocr_par' dir='ltr' id='par_1_106' title="bbox 362 5464 2038 5537">
     <span class='ocr_line' id='line_1_108' title="bbox 362 5464 2038 5537; baseline -0.004 -15"><span class='ocrx_word' id='word_1_764' title='bbox 362 5473 599 5525; x_wconf 83' lang='lat' dir='ltr'>snrdca</span> <span class='ocrx_word' id='word_1_765' title='bbox 637 5470 813 5523; x_wconf 83' lang='lat' dir='ltr'>realis</span> <span class='ocrx_word' id='word_1_766' title='bbox 850 5469 1186 5537; x_wconf 66' lang='lat' dir='ltr'>prmsentim</span> <span class='ocrx_word' id='word_1_767' title='bbox 1223 5481 1409 5518; x_wconf 81' lang='lat' dir='ltr'>sensu</span> <span class='ocrx_word' id='word_1_768' title='bbox 1449 5465 1638 5534; x_wconf 88' lang='lat' dir='ltr'>possit</span> <span class='ocrx_word' id='word_1_769' title='bbox 1681 5464 2038 5537; x_wconf 87' lang='lat' dir='ltr'>detorqueri,</span> 
     </span>
    </p>
   </div>
   <div class='ocr_carea' id='block_1_107' title="bbox 362 5535 2042 5606">
    <p class='ocr_par' dir='ltr' id='par_1_107' title="bbox 362 5535 2042 5606">
     <span class='ocr_line' id='line_1_109' title="bbox 362 5535 2042 5606; baseline -0.004 -10"><span class='ocrx_word' id='word_1_770' title='bbox 362 5543 527 5596; x_wconf 83' lang='lat' dir='ltr'>haud</span> <span class='ocrx_word' id='word_1_771' title='bbox 560 5535 972 5594; x_wconf 79' lang='lat' dir='ltr'>verisimilesit</span> <span class='ocrx_word' id='word_1_772' title='bbox 1003 5537 1520 5606; x_wconf 79' lang='lat' dir='ltr'>eumseriptorcm,</span> <span class='ocrx_word' id='word_1_773' title='bbox 1543 5535 2042 5604; x_wconf 76' lang='lat' dir='ltr'>quemAmbrosii</span> 
     </span>
    </p>
   </div>
   <div class='ocr_carea' id='block_1_108' title="bbox 364 5605 2038 5674">
    <p class='ocr_par' dir='ltr' id='par_1_108' title="bbox 364 5605 2038 5674">
     <span class='ocr_line' id='line_1_110' title="bbox 364 5605 2038 5674; baseline -0.003 -8"><span class='ocrx_word' id='word_1_774' title='bbox 364 5615 490 5666; x_wconf 64' lang='lat' dir='ltr'>Sim</span> <span class='ocrx_word' id='word_1_775' title='bbox 507 5615 618 5665; x_wconf 78' lang='lat' dir='ltr'>iam</span> <span class='ocrx_word' id='word_1_776' title='bbox 651 5615 820 5664; x_wconf 78' lang='lat' dir='ltr'>vocat</span> <span class='ocrx_word' id='word_1_777' title='bbox 839 5609 1222 5666; x_wconf 80' lang='lat' dir='ltr'>Albertimus,</span> <span class='ocrx_word' id='word_1_778' title='bbox 1240 5605 1397 5660; x_wconf 85' lang='lat' dir='ltr'>illius</span> <span class='ocrx_word' id='word_1_779' title='bbox 1416 5606 1648 5674; x_wconf 86' lang='lat' dir='ltr'>placitis</span> <span class='ocrx_word' id='word_1_780' title='bbox 1672 5605 1884 5660; x_wconf 81' lang='lat' dir='ltr'>docere</span> <span class='ocrx_word' id='word_1_781' title='bbox 1905 5623 2038 5661; x_wconf 87' lang='lat' dir='ltr'>con-</span> 
     </span>
    </p>
   </div>
   <div class='ocr_carea' id='block_1_109' title="bbox 329 5676 2035 5745">
    <p class='ocr_par' dir='ltr' id='par_1_109' title="bbox 329 5676 2035 5745">
     <span class='ocr_line' id='line_1_111' title="bbox 329 5676 2035 5745; baseline -0.002 -10"><span class='ocrx_word' id='word_1_782' title='bbox 329 5685 535 5736; x_wconf 80' lang='lat' dir='ltr'>‘traria</span> <span class='ocrx_word' id='word_1_783' title='bbox 584 5699 595 5736; x_wconf 89' lang='lat'><strong>:</strong></span> <span class='ocrx_word' id='word_1_784' title='bbox 639 5685 694 5736; x_wconf 72' lang='lat'>3°</span> <span class='ocrx_word' id='word_1_785' title='bbox 757 5681 988 5735; x_wconf 85' lang='lat' dir='ltr'>tandem</span> <span class='ocrx_word' id='word_1_786' title='bbox 1038 5695 1156 5732; x_wconf 90' lang='lat' dir='ltr'>non</span> <span class='ocrx_word' id='word_1_787' title='bbox 1195 5677 1439 5730; x_wconf 89' lang='lat' dir='ltr'>cadebat</span> <span class='ocrx_word' id='word_1_788' title='bbox 1485 5676 1541 5728; x_wconf 91' lang='lat' dir='ltr'>in</span> <span class='ocrx_word' id='word_1_789' title='bbox 1584 5677 1927 5745; x_wconf 77' lang='lat' dir='ltr'>gravitatem</span> <span class='ocrx_word' id='word_1_790' title='bbox 1966 5695 2035 5732; x_wconf 88' lang='lat' dir='ltr'>ac</span> 
     </span>
    </p>
   </div>
   <div class='ocr_carea' id='block_1_110' title="bbox 357 5747 2034 5832">
    <p class='ocr_par' dir='ltr' id='par_1_110' title="bbox 357 5747 2034 5832">
     <span class='ocr_line' id='line_1_112' title="bbox 357 5747 2034 5832; baseline -0.003 -25"><span class='ocrx_word' id='word_1_791' title='bbox 357 5753 747 5832; x_wconf 67' lang='lat' dir='ltr'>prudentiam,</span> <span class='ocrx_word' id='word_1_792' title='bbox 803 5765 916 5821; x_wconf 87' lang='lat' dir='ltr'>qua</span> <span class='ocrx_word' id='word_1_793' title='bbox 945 5751 1090 5832; x_wconf 40' lang='lat' dir='ltr'>lerat</span> <span class='ocrx_word' id='word_1_794' title='bbox 1139 5747 1637 5832; x_wconf 32' lang='lat' dir='ltr'>Lanfrancushut</span> <span class='ocrx_word' id='word_1_795' title='bbox 1685 5749 2034 5832; x_wconf 70' lang='lat' dir='ltr'>sententiam</span> 
     </span>
    </p>
   </div>
   <div class='ocr_carea' id='block_1_111' title="bbox 357 5816 2032 5890">
    <p class='ocr_par' dir='ltr' id='par_1_111' title="bbox 357 5816 2032 5890">
     <span class='ocr_line' id='line_1_113' title="bbox 357 5816 2032 5890; baseline 0 -17"><span class='ocrx_word' id='word_1_796' title='bbox 357 5816 519 5876; x_wconf 81' lang='lat' dir='ltr'>illam</span> <span class='ocrx_word' id='word_1_797' title='bbox 557 5816 994 5890; x_wconf 75' lang='lat' dir='ltr'>corrumperet,</span> <span class='ocrx_word' id='word_1_798' title='bbox 1049 5833 1224 5890; x_wconf 79' lang='lat' dir='ltr'>quam</span> <span class='ocrx_word' id='word_1_799' title='bbox 1245 5816 1654 5890; x_wconf 72' lang='lat' dir='ltr'>evinpcbatab</span> <span class='ocrx_word' id='word_1_800' title='bbox 1687 5818 2032 5890; x_wconf 81' lang='lat' dir='ltr'>adversario</span> 
     </span>
    </p>
   </div>
   <div class='ocr_carea' id='block_1_112' title="bbox 353 5885 2032 5970">
    <p class='ocr_par' dir='ltr' id='par_1_112' title="bbox 353 5885 2032 5970">
     <span class='ocr_line' id='line_1_114' title="bbox 353 5885 2032 5970; baseline 0 -23"><span class='ocrx_word' id='word_1_801' title='bbox 353 5905 496 5954; x_wconf 76' lang='lat' dir='ltr'>esse</span> <span class='ocrx_word' id='word_1_802' title='bbox 561 5885 912 5966; x_wconf 71' lang='lat' dir='ltr'>corruptam.</span> <span class='ocrx_word' id='word_1_803' title='bbox 955 5885 1086 5948; x_wconf 53' lang='lat' dir='ltr'>Sed‘</span> <span class='ocrx_word' id='word_1_804' title='bbox 1119 5887 1192 5944; x_wconf 87' lang='lat' dir='ltr'>ad</span> <span class='ocrx_word' id='word_1_805' title='bbox 1244 5885 1640 5970; x_wconf 81' lang='lat' dir='ltr'>Lant&#39;rancum</span> <span class='ocrx_word' id='word_1_806' title='bbox 1675 5889 1834 5950; x_wconf 85' lang='lat' dir='ltr'>omni</span> <span class='ocrx_word' id='word_1_807' title='bbox 1863 5889 2032 5947; x_wconf 79' lang='lat' dir='ltr'>malae</span> 
     </span>
    </p>
   </div>
   <div class='ocr_carea' id='block_1_113' title="bbox 2163 3261 3844 3334">
    <p class='ocr_par' dir='ltr' id='par_1_113' title="bbox 2163 3261 3844 3334">
     <span class='ocr_line' id='line_1_115' title="bbox 2163 3261 3844 3334; baseline -0.001 -18"><span class='ocrx_word' id='word_1_808' title='bbox 2163 3279 2289 3316; x_wconf 85' lang='lat' dir='ltr'>rum</span> <span class='ocrx_word' id='word_1_809' title='bbox 2323 3261 2652 3316; x_wconf 88' lang='lat' dir='ltr'>substantia</span> <span class='ocrx_word' id='word_1_810' title='bbox 2702 3262 2844 3334; x_wconf 86' lang='lat' dir='ltr'>nihil</span> <span class='ocrx_word' id='word_1_811' title='bbox 2879 3265 3198 3330; x_wconf 81' lang='lat' dir='ltr'>permanet,</span> <span class='ocrx_word' id='word_1_812' title='bbox 3232 3278 3506 3334; x_wconf 61' lang='lat' dir='ltr'>quaeque</span> <span class='ocrx_word' id='word_1_813' title='bbox 3538 3266 3681 3317; x_wconf 88' lang='lat' dir='ltr'>sunt</span> <span class='ocrx_word' id='word_1_814' title='bbox 3710 3261 3844 3315; x_wconf 88' lang='lat' dir='ltr'>sim-</span> 
     </span>
    </p>
   </div>
   <div class='ocr_carea' id='block_1_114' title="bbox 2161 3333 3844 3403">
    <p class='ocr_par' dir='ltr' id='par_1_114' title="bbox 2161 3333 3844 3403">
     <span class='ocr_line' id='line_1_116' title="bbox 2161 3333 3844 3403; baseline 0.001 -18"><span class='ocrx_word' id='word_1_815' title='bbox 2161 3335 2392 3403; x_wconf 86' lang='lat' dir='ltr'>pliciter</span> <span class='ocrx_word' id='word_1_816' title='bbox 2419 3349 2537 3386; x_wconf 88' lang='lat' dir='ltr'>non</span> <span class='ocrx_word' id='word_1_817' title='bbox 2567 3349 2696 3400; x_wconf 85' lang='lat' dir='ltr'>ens,</span> <span class='ocrx_word' id='word_1_818' title='bbox 2729 3334 2788 3385; x_wconf 89' lang='lat' dir='ltr'>in</span> <span class='ocrx_word' id='word_1_819' title='bbox 2818 3333 3120 3388; x_wconf 87' lang='lat' dir='ltr'>latitudine</span> <span class='ocrx_word' id='word_1_820' title='bbox 3171 3336 3334 3388; x_wconf 83' lang='lat' dir='ltr'>entis</span> <span class='ocrx_word' id='word_1_821' title='bbox 3377 3333 3694 3388; x_wconf 80' lang='lat' dir='ltr'>remanere</span> <span class='ocrx_word' id='word_1_822' title='bbox 3715 3347 3844 3402; x_wconf 85' lang='lat' dir='ltr'>per-</span> 
     </span>
    </p>
   </div>
   <div class='ocr_carea' id='block_1_115' title="bbox 2162 3405 3846 3476">
    <p class='ocr_par' dir='ltr' id='par_1_115' title="bbox 2162 3405 3846 3476">
     <span class='ocr_line' id='line_1_117' title="bbox 2162 3405 3846 3476; baseline -0.002 -18"><span class='ocrx_word' id='word_1_823' title='bbox 2162 3421 2411 3475; x_wconf 87' lang='lat' dir='ltr'>negans.</span> <span class='ocrx_word' id='word_1_824' title='bbox 2451 3405 2558 3458; x_wconf 86' lang='lat' dir='ltr'>llis</span> <span class='ocrx_word' id='word_1_825' title='bbox 2587 3405 2744 3458; x_wconf 89' lang='lat' dir='ltr'>addit</span> <span class='ocrx_word' id='word_1_826' title='bbox 2783 3405 2853 3458; x_wconf 91' lang='lat' dir='ltr'>de</span> <span class='ocrx_word' id='word_1_827' title='bbox 2885 3420 3034 3473; x_wconf 89' lang='lat' dir='ltr'>pane</span> <span class='ocrx_word' id='word_1_828' title='bbox 3065 3421 3134 3459; x_wconf 92' lang='lat' dir='ltr'>ac</span> <span class='ocrx_word' id='word_1_829' title='bbox 3165 3407 3302 3459; x_wconf 89' lang='lat' dir='ltr'>vino</span> <span class='ocrx_word' id='word_1_830' title='bbox 3344 3405 3743 3476; x_wconf 88' lang='lat' dir='ltr'>pronuntiari,</span> <span class='ocrx_word' id='word_1_831' title='bbox 3793 3409 3846 3456; x_wconf 84' lang='lat' dir='ltr'>ut</span> 
     </span>
    </p>
   </div>
   <div class='ocr_carea' id='block_1_116' title="bbox 2161 3477 3847 3548">
    <p class='ocr_par' dir='ltr' id='par_1_116' title="bbox 2161 3477 3847 3548">
     <span class='ocr_line' id='line_1_118' title="bbox 2161 3477 3847 3548; baseline -0.001 -19"><span class='ocrx_word' id='word_1_832' title='bbox 2161 3479 2284 3529; x_wconf 74' lang='lat' dir='ltr'>sint</span> <span class='ocrx_word' id='word_1_833' title='bbox 2325 3494 2448 3548; x_wconf 63' lang='lat' dir='ltr'>quae</span> <span class='ocrx_word' id='word_1_834' title='bbox 2470 3482 2642 3548; x_wconf 79' lang='lat' dir='ltr'>erant</span> <span class='ocrx_word' id='word_1_835' title='bbox 2679 3479 2882 3548; x_wconf 83' lang='lat' dir='ltr'>:crant</span> <span class='ocrx_word' id='word_1_836' title='bbox 2919 3480 3133 3548; x_wconf 86' lang='lat' dir='ltr'>autem,</span> <span class='ocrx_word' id='word_1_837' title='bbox 3179 3477 3398 3548; x_wconf 88' lang='lat' dir='ltr'>inquit,</span> <span class='ocrx_word' id='word_1_838' title='bbox 3443 3477 3507 3531; x_wconf 87' lang='lat' dir='ltr'>in</span> <span class='ocrx_word' id='word_1_839' title='bbox 3539 3493 3682 3531; x_wconf 87' lang='lat' dir='ltr'>esse</span> <span class='ocrx_word' id='word_1_840' title='bbox 3713 3490 3847 3548; x_wconf 84' lang='lat' dir='ltr'>spe-</span> 
     </span>
    </p>
   </div>
   <div class='ocr_carea' id='block_1_117' title="bbox 2163 3547 3844 3616">
    <p class='ocr_par' dir='ltr' id='par_1_117' title="bbox 2163 3547 3844 3616">
     <span class='ocr_line' id='line_1_119' title="bbox 2163 3547 3844 3616; baseline 0.001 -17"><span class='ocrx_word' id='word_1_841' title='bbox 2163 3547 2532 3616; x_wconf 32' lang='lat' dir='ltr'>citico’panis</span> <span class='ocrx_word' id='word_1_842' title='bbox 2565 3551 2619 3601; x_wconf 90' lang='lat' dir='ltr'>et</span> <span class='ocrx_word' id='word_1_843' title='bbox 2649 3547 2789 3610; x_wconf 84' lang='lat' dir='ltr'>vini,</span> <span class='ocrx_word' id='word_1_844' title='bbox 2833 3547 2986 3600; x_wconf 90' lang='lat' dir='ltr'>unde</span> <span class='ocrx_word' id='word_1_845' title='bbox 3029 3547 3335 3602; x_wconf 85' lang='lat' dir='ltr'>concludit</span> <span class='ocrx_word' id='word_1_846' title='bbox 3388 3547 3844 3602; x_wconf 86' lang='lat' dir='ltr'>substantialem</span> 
     </span>
    </p>
   </div>
   <div class='ocr_carea' id='block_1_118' title="bbox 2163 3617 3844 3687">
    <p class='ocr_par' dir='ltr' id='par_1_118' title="bbox 2163 3617 3844 3687">
     <span class='ocr_line' id='line_1_120' title="bbox 2163 3617 3844 3687; baseline -0.001 -16"><span class='ocrx_word' id='word_1_847' title='bbox 2163 3619 2278 3671; x_wconf 86' lang='lat' dir='ltr'>dici</span> <span class='ocrx_word' id='word_1_848' title='bbox 2312 3634 2425 3671; x_wconf 89' lang='lat' dir='ltr'>non</span> <span class='ocrx_word' id='word_1_849' title='bbox 2458 3634 2636 3687; x_wconf 87' lang='lat' dir='ltr'>posse</span> <span class='ocrx_word' id='word_1_850' title='bbox 2669 3617 2820 3670; x_wconf 87' lang='lat' dir='ltr'>hanc</span> <span class='ocrx_word' id='word_1_851' title='bbox 2840 3617 3234 3687; x_wconf 88' lang='lat' dir='ltr'>mutationem,</span> <span class='ocrx_word' id='word_1_852' title='bbox 3258 3621 3373 3672; x_wconf 88' lang='lat' dir='ltr'>sed</span> <span class='ocrx_word' id='word_1_853' title='bbox 3394 3617 3844 3674; x_wconf 85' lang='lat' dir='ltr'>accidentalem.</span> 
     </span>
    </p>
   </div>
   <div class='ocr_carea' id='block_1_119' title="bbox 2161 3689 3841 3761">
    <p class='ocr_par' dir='ltr' id='par_1_119' title="bbox 2161 3689 3841 3761">
     <span class='ocr_line' id='line_1_121' title="bbox 2161 3689 3841 3761; baseline -0.001 -19"><span class='ocrx_word' id='word_1_854' title='bbox 2161 3689 2230 3742; x_wconf 78' lang='lat' dir='ltr'>Et</span> <span class='ocrx_word' id='word_1_855' title='bbox 2262 3705 2400 3743; x_wconf 88' lang='lat' dir='ltr'>vero</span> <span class='ocrx_word' id='word_1_856' title='bbox 2426 3705 2597 3742; x_wconf 90' lang='lat' dir='ltr'>suum</span> <span class='ocrx_word' id='word_1_857' title='bbox 2622 3689 2734 3742; x_wconf 89' lang='lat' dir='ltr'>hoc</span> <span class='ocrx_word' id='word_1_858' title='bbox 2753 3689 3121 3761; x_wconf 83' lang='lat' dir='ltr'>ratiocinium</span> <span class='ocrx_word' id='word_1_859' title='bbox 3145 3692 3402 3761; x_wconf 79' lang='lat' dir='ltr'>egregie</span> <span class='ocrx_word' id='word_1_860' title='bbox 3427 3692 3841 3745; x_wconf 74' lang='lat' dir='ltr'>confirmatum</span> 
     </span>
    </p>
   </div>
   <div class='ocr_carea' id='block_1_120' title="bbox 2158 3759 3842 3831">
    <p class='ocr_par' dir='ltr' id='par_1_120' title="bbox 2158 3759 3842 3831">
     <span class='ocr_line' id='line_1_122' title="bbox 2158 3759 3842 3831; baseline -0.001 -17"><span class='ocrx_word' id='word_1_861' title='bbox 2158 3765 2322 3830; x_wconf 71' lang='lat' dir='ltr'>putat.</span> <span class='ocrx_word' id='word_1_862' title='bbox 2361 3776 2430 3814; x_wconf 92' lang='lat' dir='ltr'>co</span> <span class='ocrx_word' id='word_1_863' title='bbox 2470 3761 2626 3830; x_wconf 91' lang='lat' dir='ltr'>quod</span> <span class='ocrx_word' id='word_1_864' title='bbox 2677 3759 2951 3814; x_wconf 88' lang='lat' dir='ltr'>subditur</span> <span class='ocrx_word' id='word_1_865' title='bbox 2997 3776 3008 3814; x_wconf 93' lang='lat'>:</span> <span class='ocrx_word' id='word_1_866' title='bbox 3057 3782 3082 3811; x_wconf 79' lang='grc' dir='ltr'><strong>(ι</strong></span> <span class='ocrx_word' id='word_1_867' title='bbox 3121 3759 3208 3814; x_wconf 75' lang='grc' dir='ltr'>Τιί</span> <span class='ocrx_word' id='word_1_868' title='bbox 3257 3759 3396 3830; x_wconf 71' lang='lat' dir='ltr'>ipse</span> <span class='ocrx_word' id='word_1_869' title='bbox 3446 3778 3611 3831; x_wconf 87' lang='lat' dir='ltr'>eras,</span> <span class='ocrx_word' id='word_1_870' title='bbox 3659 3761 3842 3831; x_wconf 88' lang='lat' dir='ltr'>inquit</span> 
     </span>
    </p>
   </div>
   <div class='ocr_carea' id='block_1_121' title="bbox 2159 3831 3849 3896">
    <p class='ocr_par' dir='ltr' id='par_1_121' title="bbox 2159 3831 3849 3896">
     <span class='ocr_line' id='line_1_123' title="bbox 2159 3831 3849 3896; baseline 0.001 -14"><span class='ocrx_word' id='word_1_871' title='bbox 2159 3836 2630 3894; x_wconf 83' lang='lat' dir='ltr'>auctor-noster,</span> <span class='ocrx_word' id='word_1_872' title='bbox 2682 3832 2786 3884; x_wconf 82' lang='lat' dir='ltr'>sed</span> <span class='ocrx_word' id='word_1_873' title='bbox 2821 3846 2976 3896; x_wconf 88' lang='lat' dir='ltr'>eras,</span> <span class='ocrx_word' id='word_1_874' title='bbox 3033 3857 3053 3878; x_wconf 75' lang='grc' dir='ltr'><em>η</em></span> <span class='ocrx_word' id='word_1_875' title='bbox 3109 3836 3218 3886; x_wconf 89' lang='lat' dir='ltr'>etc.</span> <span class='ocrx_word' id='word_1_876' title='bbox 3273 3855 3293 3881; x_wconf 73' lang='grc' dir='ltr'><strong><em>α</em></strong></span> <span class='ocrx_word' id='word_1_877' title='bbox 3360 3835 3475 3888; x_wconf 74' lang='lat' dir='ltr'>Cui</span> <span class='ocrx_word' id='word_1_878' title='bbox 3523 3831 3849 3888; x_wconf 85' lang='lat' dir='ltr'>verisimile</span> 
     </span>
    </p>
   </div>
   <div class='ocr_carea' id='block_1_122' title="bbox 2159 3902 3843 3974">
    <p class='ocr_par' dir='ltr' id='par_1_122' title="bbox 2159 3902 3843 3974">
     <span class='ocr_line' id='line_1_124' title="bbox 2159 3902 3843 3974; baseline 0 -19"><span class='ocrx_word' id='word_1_879' title='bbox 2159 3903 2254 3967; x_wconf 88' lang='lat' dir='ltr'>sit,</span> <span class='ocrx_word' id='word_1_880' title='bbox 2289 3905 2481 3974; x_wconf 78' lang='lat' dir='ltr'>pergit</span> <span class='ocrx_word' id='word_1_881' title='bbox 2513 3902 2894 3970; x_wconf 84' lang='lat' dir='ltr'>Albertimns,</span> <span class='ocrx_word' id='word_1_882' title='bbox 2958 3902 3119 3956; x_wconf 85' lang='lat' dir='ltr'>illum</span> <span class='ocrx_word' id='word_1_883' title='bbox 3166 3906 3526 3960; x_wconf 84' lang='lat' dir='ltr'>mutationis</span> <span class='ocrx_word' id='word_1_884' title='bbox 3565 3905 3843 3959; x_wconf 82' lang='lat' dir='ltr'>acciden-</span> 
     </span>
    </p>
   </div>
   <div class='ocr_carea' id='block_1_123' title="bbox 2159 3974 3848 4042">
    <p class='ocr_par' dir='ltr' id='par_1_123' title="bbox 2159 3974 3848 4042">
     <span class='ocr_line' id='line_1_125' title="bbox 2159 3974 3848 4042; baseline 0 -16"><span class='ocrx_word' id='word_1_885' title='bbox 2159 3974 2292 4026; x_wconf 82' lang='lat' dir='ltr'>talis</span> <span class='ocrx_word' id='word_1_886' title='bbox 2322 3974 2653 4042; x_wconf 78' lang='lat' dir='ltr'>exemplum</span> <span class='ocrx_word' id='word_1_887' title='bbox 2686 3975 2758 4026; x_wconf 90' lang='lat' dir='ltr'>ad</span> <span class='ocrx_word' id='word_1_888' title='bbox 2790 3974 3033 4027; x_wconf 89' lang='lat' dir='ltr'>theseos</span> <span class='ocrx_word' id='word_1_889' title='bbox 3074 3990 3199 4028; x_wconf 69' lang='lat' dir='ltr'>sua:</span> <span class='ocrx_word' id='word_1_890' title='bbox 3224 3978 3758 4032; x_wconf 70' lang='lat' dir='ltr'>conﬁrmationem</span> <span class='ocrx_word' id='word_1_891' title='bbox 3776 3987 3848 4026; x_wconf 83' lang='lat' dir='ltr'>ex</span> 
     </span>
    </p>
   </div>
   <div class='ocr_carea' id='block_1_124' title="bbox 2159 4045 3849 4114">
    <p class='ocr_par' dir='ltr' id='par_1_124' title="bbox 2159 4045 3849 4114">
     <span class='ocr_line' id='line_1_126' title="bbox 2159 4045 3849 4114; baseline 0.001 -18"><span class='ocrx_word' id='word_1_892' title='bbox 2159 4045 2444 4098; x_wconf 85' lang='lat' dir='ltr'>industria</span> <span class='ocrx_word' id='word_1_893' title='bbox 2470 4046 2752 4114; x_wconf 74' lang='lat' dir='ltr'>elegisse,</span> <span class='ocrx_word' id='word_1_894' title='bbox 2770 4045 2902 4098; x_wconf 88' lang='lat' dir='ltr'>siin</span> <span class='ocrx_word' id='word_1_895' title='bbox 2921 4061 2989 4098; x_wconf 87' lang='lat' dir='ltr'>ea</span> <span class='ocrx_word' id='word_1_896' title='bbox 3011 4045 3082 4098; x_wconf 90' lang='lat' dir='ltr'>de</span> <span class='ocrx_word' id='word_1_897' title='bbox 3103 4046 3433 4102; x_wconf 86' lang='lat' dir='ltr'>mutatione</span> <span class='ocrx_word' id='word_1_898' title='bbox 3467 4045 3849 4102; x_wconf 85' lang='lat' dir='ltr'>substantiali</span> 
     </span>
    </p>
   </div>
   <div class='ocr_carea' id='block_1_125' title="bbox 2157 4116 3848 4183">
    <p class='ocr_par' dir='ltr' id='par_1_125' title="bbox 2157 4116 3848 4183">
     <span class='ocr_line' id='line_1_127' title="bbox 2157 4116 3848 4183; baseline 0.001 -15"><span class='ocrx_word' id='word_1_899' title='bbox 2157 4120 2432 4180; x_wconf 78' lang='lat' dir='ltr'>ageretur</span> <span class='ocrx_word' id='word_1_900' title='bbox 2461 4119 2488 4168; x_wconf 62' lang='grc' dir='ltr'>ί)</span> <span class='ocrx_word' id='word_1_901' title='bbox 2521 4137 2546 4162; x_wconf 86' lang='grc'>››</span> <span class='ocrx_word' id='word_1_902' title='bbox 2589 4116 2836 4168; x_wconf 85' lang='lat' dir='ltr'>l’rimam</span> <span class='ocrx_word' id='word_1_903' title='bbox 2881 4116 3086 4169; x_wconf 86' lang='lat' dir='ltr'>harum</span> <span class='ocrx_word' id='word_1_904' title='bbox 3119 4117 3412 4171; x_wconf 82' lang='lat' dir='ltr'>rationein</span> <span class='ocrx_word' id='word_1_905' title='bbox 3451 4123 3619 4172; x_wconf 85' lang='lat' dir='ltr'>temo</span> <span class='ocrx_word' id='word_1_906' title='bbox 3655 4118 3752 4183; x_wconf 89' lang='lat' dir='ltr'>IlI,</span> <span class='ocrx_word' id='word_1_907' title='bbox 3778 4116 3848 4169; x_wconf 81' lang='lat' dir='ltr'>de</span> 
     </span>
    </p>
   </div>
   <div class='ocr_carea' id='block_1_126' title="bbox 2157 4186 3849 4260">
    <p class='ocr_par' dir='ltr' id='par_1_126' title="bbox 2157 4186 3849 4260">
     <span class='ocr_line' id='line_1_128' title="bbox 2157 4186 3849 4260; baseline 0.001 -22"><span class='ocrx_word' id='word_1_908' title='bbox 2157 4186 2735 4260; x_wconf 9' lang='lat' dir='ltr'>Iferpctuitater/irtci</span> <span class='ocrx_word' id='word_1_909' title='bbox 2755 4186 2855 4260; x_wconf 87' lang='lat' dir='ltr'>lib_.</span> <span class='ocrx_word' id='word_1_910' title='bbox 2879 4203 2976 4254; x_wconf 84' lang='lat' dir='ltr'>vn,</span> <span class='ocrx_word' id='word_1_911' title='bbox 3004 4204 3054 4241; x_wconf 90' lang='lat' dir='ltr'>c.</span> <span class='ocrx_word' id='word_1_912' title='bbox 3075 4187 3109 4241; x_wconf 83' lang='lat'><strong>6</strong></span> <span class='ocrx_word' id='word_1_913' title='bbox 3127 4189 3244 4254; x_wconf 87' lang='lat' dir='ltr'>et&#39;l,</span> <span class='ocrx_word' id='word_1_914' title='bbox 3271 4188 3542 4242; x_wconf 88' lang='lat' dir='ltr'>solutam</span> <span class='ocrx_word' id='word_1_915' title='bbox 3561 4193 3849 4260; x_wconf 62' lang='lat' dir='ltr'>reperies,</span> 
     </span>
    </p>
   </div>
   <div class='ocr_carea' id='block_1_127' title="bbox 2158 4257 3851 4327">
    <p class='ocr_par' dir='ltr' id='par_1_127' title="bbox 2158 4257 3851 4327">
     <span class='ocr_line' id='line_1_129' title="bbox 2158 4257 3851 4327; baseline 0.001 -18"><span class='ocrx_word' id='word_1_916' title='bbox 2158 4257 2237 4310; x_wconf 89' lang='lat' dir='ltr'>ibi</span> <span class='ocrx_word' id='word_1_917' title='bbox 2263 4258 2414 4312; x_wconf 89' lang='lat' dir='ltr'>enim</span> <span class='ocrx_word' id='word_1_918' title='bbox 2438 4258 2780 4327; x_wconf 86' lang='lat' dir='ltr'>planissime</span> <span class='ocrx_word' id='word_1_919' title='bbox 2813 4258 3057 4311; x_wconf 88' lang='lat' dir='ltr'>docetur</span> <span class='ocrx_word' id='word_1_920' title='bbox 3086 4264 3393 4313; x_wconf 82' lang='lat' dir='ltr'>auctorem</span> <span class='ocrx_word' id='word_1_921' title='bbox 3427 4257 3712 4315; x_wconf 75' lang='lat' dir='ltr'>nostrum</span> <span class='ocrx_word' id='word_1_922' title='bbox 3743 4259 3851 4313; x_wconf 87' lang='lat' dir='ltr'>hoc</span> 
     </span>
    </p>
   </div>
   <div class='ocr_carea' id='block_1_128' title="bbox 2158 4329 3852 4398">
    <p class='ocr_par' dir='ltr' id='par_1_128' title="bbox 2158 4329 3852 4398">
     <span class='ocr_line' id='line_1_130' title="bbox 2158 4329 3852 4398; baseline 0 -16"><span class='ocrx_word' id='word_1_923' title='bbox 2158 4329 2288 4382; x_wconf 90' lang='lat' dir='ltr'>loco</span> <span class='ocrx_word' id='word_1_924' title='bbox 2315 4345 2386 4382; x_wconf 88' lang='lat' dir='ltr'>ne</span> <span class='ocrx_word' id='word_1_925' title='bbox 2411 4329 2710 4381; x_wconf 84' lang='lat' dir='ltr'>minimmn</span> <span class='ocrx_word' id='word_1_926' title='bbox 2734 4329 2968 4398; x_wconf 84' lang='lat' dir='ltr'>quidem</span> <span class='ocrx_word' id='word_1_927' title='bbox 2991 4329 3062 4381; x_wconf 91' lang='lat' dir='ltr'>ab</span> <span class='ocrx_word' id='word_1_928' title='bbox 3087 4345 3199 4384; x_wconf 89' lang='lat' dir='ltr'>usu</span> <span class='ocrx_word' id='word_1_929' title='bbox 3223 4335 3273 4384; x_wconf 91' lang='lat' dir='ltr'>ct</span> <span class='ocrx_word' id='word_1_930' title='bbox 3295 4333 3756 4386; x_wconf 83' lang='lat' dir='ltr'>consuetudine</span> <span class='ocrx_word' id='word_1_931' title='bbox 3779 4330 3852 4383; x_wconf 57' lang='lat' dir='ltr'>lo.</span> 
     </span>
    </p>
   </div>
   <div class='ocr_carea' id='block_1_129' title="bbox 2157 4394 3847 4473">
    <p class='ocr_par' dir='ltr' id='par_1_129' title="bbox 2157 4394 3847 4473">
     <span class='ocr_line' id='line_1_131' title="bbox 2157 4394 3847 4473; baseline 0.002 -22"><span class='ocrx_word' id='word_1_932' title='bbox 2157 4401 2371 4470; x_wconf 74' lang='lat' dir='ltr'>qtlt&#39;lltli</span> <span class='ocrx_word' id='word_1_933' title='bbox 2404 4400 2683 4453; x_wconf 84' lang='lat' dir='ltr'>recedere</span> <span class='ocrx_word' id='word_1_934' title='bbox 2711 4394 2892 4469; x_wconf 77' lang='lat' dir='ltr'>:quod</span> <span class='ocrx_word' id='word_1_935' title='bbox 2917 4394 3072 4453; x_wconf 80' lang='lat' dir='ltr'>aeris</span> <span class='ocrx_word' id='word_1_936' title='bbox 3097 4417 3327 4456; x_wconf 84' lang='lat' dir='ltr'>necnon</span> <span class='ocrx_word' id='word_1_937' title='bbox 3353 4419 3544 4473; x_wconf 59' lang='lat' dir='ltr'>aqua:</span> <span class='ocrx_word' id='word_1_938' title='bbox 3566 4402 3847 4467; x_wconf 74' lang='lat' dir='ltr'>ﬂuvialis,</span> 
     </span>
    </p>
   </div>
   <div class='ocr_carea' id='block_1_130' title="bbox 2158 4473 3852 4542">
    <p class='ocr_par' dir='ltr' id='par_1_130' title="bbox 2158 4473 3852 4542">
     <span class='ocr_line' id='line_1_132' title="bbox 2158 4473 3852 4542; baseline 0.002 -21"><span class='ocrx_word' id='word_1_939' title='bbox 2158 4486 2436 4540; x_wconf 70' lang='lat' dir='ltr'>(puni-um</span> <span class='ocrx_word' id='word_1_940' title='bbox 2462 4474 2742 4540; x_wconf 70' lang='lat' dir='ltr'>perpetuo</span> <span class='ocrx_word' id='word_1_941' title='bbox 2771 4476 3082 4538; x_wconf 78' lang='lat' dir='ltr'>imitentur,</span> <span class='ocrx_word' id='word_1_942' title='bbox 3123 4473 3326 4527; x_wconf 85' lang='lat' dir='ltr'>eadem</span> <span class='ocrx_word' id='word_1_943' title='bbox 3375 4478 3584 4528; x_wconf 87' lang='lat' dir='ltr'>tamen</span> <span class='ocrx_word' id='word_1_944' title='bbox 3612 4488 3852 4542; x_wconf 86' lang='lat' dir='ltr'>semper</span> 
     </span>
    </p>
   </div>
   <div class='ocr_carea' id='block_1_131' title="bbox 2157 4542 3854 4611">
    <p class='ocr_par' dir='ltr' id='par_1_131' title="bbox 2157 4542 3854 4611">
     <span class='ocr_line' id='line_1_133' title="bbox 2157 4542 3854 4611; baseline 0.002 -17"><span class='ocrx_word' id='word_1_945' title='bbox 2157 4544 2429 4609; x_wconf 75' lang='lat' dir='ltr'>dicimus,</span> <span class='ocrx_word' id='word_1_946' title='bbox 2456 4543 2723 4611; x_wconf 69' lang='lat' dir='ltr'>exempla</span> <span class='ocrx_word' id='word_1_947' title='bbox 2750 4542 2990 4595; x_wconf 79' lang='lat' dir='ltr'>miritire</span> <span class='ocrx_word' id='word_1_948' title='bbox 3013 4543 3326 4598; x_wconf 81' lang='lat' dir='ltr'>illustrant.</span> <span class='ocrx_word' id='word_1_949' title='bbox 3357 4545 3523 4599; x_wconf 77' lang='lat' dir='ltr'>Hinc</span> <span class='ocrx_word' id='word_1_950' title='bbox 3550 4547 3732 4600; x_wconf 84' lang='lat' dir='ltr'>etiam</span> <span class='ocrx_word' id='word_1_951' title='bbox 3751 4543 3854 4598; x_wconf 78' lang='lat' dir='ltr'>dif-</span> 
     </span>
    </p>
   </div>
   <div class='ocr_carea' id='block_1_132' title="bbox 2157 4613 3861 4684">
    <p class='ocr_par' dir='ltr' id='par_1_132' title="bbox 2157 4613 3861 4684">
     <span class='ocr_line' id='line_1_134' title="bbox 2157 4613 3861 4684; baseline 0.001 -18"><span class='ocrx_word' id='word_1_952' title='bbox 2157 4614 2281 4666; x_wconf 77' lang='lat' dir='ltr'>ﬂari</span> <span class='ocrx_word' id='word_1_953' title='bbox 2307 4617 2528 4680; x_wconf 79' lang='lat' dir='ltr'>posset,</span> <span class='ocrx_word' id='word_1_954' title='bbox 2555 4614 2707 4682; x_wconf 84' lang='lat' dir='ltr'>quod</span> <span class='ocrx_word' id='word_1_955' title='bbox 2736 4613 2923 4666; x_wconf 87' lang='lat' dir='ltr'>intulit</span> <span class='ocrx_word' id='word_1_956' title='bbox 2946 4615 3016 4666; x_wconf 89' lang='lat' dir='ltr'>de</span> <span class='ocrx_word' id='word_1_957' title='bbox 3048 4615 3328 4684; x_wconf 68' lang='lat' dir='ltr'>specitico</span> <span class='ocrx_word' id='word_1_958' title='bbox 3355 4633 3562 4671; x_wconf 74' lang='lat' dir='ltr'>sensu</span> <span class='ocrx_word' id='word_1_959' title='bbox 3589 4618 3751 4670; x_wconf 77' lang='lat' dir='ltr'>idem</span> <span class='ocrx_word' id='word_1_960' title='bbox 3769 4616 3861 4669; x_wconf 75' lang='lat' dir='ltr'>Al-</span> 
     </span>
    </p>
   </div>
   <div class='ocr_carea' id='block_1_133' title="bbox 2157 4685 3856 4756">
    <p class='ocr_par' dir='ltr' id='par_1_133' title="bbox 2157 4685 3856 4756">
     <span class='ocr_line' id='line_1_135' title="bbox 2157 4685 3856 4756; baseline 0.001 -19"><span class='ocrx_word' id='word_1_961' title='bbox 2157 4685 2445 4750; x_wconf 79' lang='lat' dir='ltr'>bcrtinus,</span> <span class='ocrx_word' id='word_1_962' title='bbox 2470 4685 2926 4753; x_wconf 80' lang='lat' dir='ltr'>nisicaptioncm</span> <span class='ocrx_word' id='word_1_963' title='bbox 2949 4687 3276 4756; x_wconf 81' lang='lat' dir='ltr'>argumenti</span> <span class='ocrx_word' id='word_1_964' title='bbox 3300 4704 3494 4756; x_wconf 80' lang='lat' dir='ltr'>supra</span> <span class='ocrx_word' id='word_1_965' title='bbox 3515 4689 3700 4741; x_wconf 84' lang='lat' dir='ltr'>nobis</span> <span class='ocrx_word' id='word_1_966' title='bbox 3729 4689 3856 4740; x_wconf 80' lang='lat' dir='ltr'>l’er—</span> 
     </span>
    </p>
   </div>
   <div class='ocr_carea' id='block_1_134' title="bbox 2156 4756 3858 4826">
    <p class='ocr_par' dir='ltr' id='par_1_134' title="bbox 2156 4756 3858 4826">
     <span class='ocr_line' id='line_1_136' title="bbox 2156 4756 3858 4826; baseline 0.002 -18"><span class='ocrx_word' id='word_1_967' title='bbox 2156 4758 2360 4808; x_wconf 74' lang='lat' dir='ltr'>ionius</span> <span class='ocrx_word' id='word_1_968' title='bbox 2375 4756 2708 4824; x_wconf 82' lang='lat' dir='ltr'>aperuisset</span> <span class='ocrx_word' id='word_1_969' title='bbox 2729 4772 2796 4809; x_wconf 90' lang='lat' dir='ltr'>ae</span> <span class='ocrx_word' id='word_1_970' title='bbox 2821 4756 3110 4824; x_wconf 86' lang='lat' dir='ltr'>diluisset,</span> <span class='ocrx_word' id='word_1_971' title='bbox 3136 4757 3289 4826; x_wconf 80' lang='lat' dir='ltr'>quod</span> <span class='ocrx_word' id='word_1_972' title='bbox 3315 4760 3549 4814; x_wconf 78' lang='lat' dir='ltr'>sedulo</span> <span class='ocrx_word' id='word_1_973' title='bbox 3567 4758 3858 4813; x_wconf 80' lang='lat' dir='ltr'>dissimu-</span> 
     </span>
    </p>
   </div>
   <div class='ocr_carea' id='block_1_135' title="bbox 2155 4826 3856 4896">
    <p class='ocr_par' dir='ltr' id='par_1_135' title="bbox 2155 4826 3856 4896">
     <span class='ocr_line' id='line_1_137' title="bbox 2155 4826 3856 4896; baseline 0.003 -18"><span class='ocrx_word' id='word_1_974' title='bbox 2155 4826 2294 4879; x_wconf 71' lang='lat' dir='ltr'>lavit</span> <span class='ocrx_word' id='word_1_975' title='bbox 2318 4827 2427 4878; x_wconf 83' lang='lat' dir='ltr'>istc</span> <span class='ocrx_word' id='word_1_976' title='bbox 2455 4827 2738 4879; x_wconf 77' lang='lat' dir='ltr'>minister.</span> <span class='ocrx_word' id='word_1_977' title='bbox 2785 4826 2897 4880; x_wconf 73' lang='lat' dir='ltr'>Sed</span> <span class='ocrx_word' id='word_1_978' title='bbox 2925 4827 3018 4880; x_wconf 87' lang='lat' dir='ltr'>hic</span> <span class='ocrx_word' id='word_1_979' title='bbox 3043 4829 3378 4896; x_wconf 76' lang='lat' dir='ltr'>exemplum</span> <span class='ocrx_word' id='word_1_980' title='bbox 3421 4846 3618 4884; x_wconf 86' lang='lat' dir='ltr'>unum</span> <span class='ocrx_word' id='word_1_981' title='bbox 3679 4829 3856 4883; x_wconf 74' lang='lat' dir='ltr'>affer-</span> 
     </span>
    </p>
   </div>
   <div class='ocr_carea' id='block_1_136' title="bbox 2155 4897 3851 4969">
    <p class='ocr_par' dir='ltr' id='par_1_136' title="bbox 2155 4897 3851 4969">
     <span class='ocr_line' id='line_1_138' title="bbox 2155 4897 3851 4969; baseline 0.002 -19"><span class='ocrx_word' id='word_1_982' title='bbox 2155 4903 2250 4950; x_wconf 84' lang='lat' dir='ltr'>tur</span> <span class='ocrx_word' id='word_1_983' title='bbox 2279 4899 2615 4950; x_wconf 80' lang='lat' dir='ltr'>mutationis</span> <span class='ocrx_word' id='word_1_984' title='bbox 2638 4897 3053 4951; x_wconf 86' lang='lat' dir='ltr'>accidentalis:</span> <span class='ocrx_word' id='word_1_985' title='bbox 3082 4915 3249 4967; x_wconf 72' lang='lat' dir='ltr'>ergo,</span> <span class='ocrx_word' id='word_1_986' title='bbox 3274 4900 3474 4969; x_wconf 70' lang='lat' dir='ltr'>inquit</span> <span class='ocrx_word' id='word_1_987' title='bbox 3501 4902 3629 4968; x_wconf 77' lang='lat' dir='ltr'>ille,</span> <span class='ocrx_word' id='word_1_988' title='bbox 3658 4903 3732 4955; x_wconf 86' lang='lat' dir='ltr'>de</span> <span class='ocrx_word' id='word_1_989' title='bbox 3757 4915 3851 4954; x_wconf 84' lang='lat' dir='ltr'>ac-</span> 
     </span>
    </p>
   </div>
   <div class='ocr_carea' id='block_1_137' title="bbox 2155 4969 3859 5040">
    <p class='ocr_par' dir='ltr' id='par_1_137' title="bbox 2155 4969 3859 5040">
     <span class='ocr_line' id='line_1_139' title="bbox 2155 4969 3859 5040; baseline 0.003 -21"><span class='ocrx_word' id='word_1_990' title='bbox 2155 4969 2425 5040; x_wconf 77' lang='lat' dir='ltr'>cidentuli</span> <span class='ocrx_word' id='word_1_991' title='bbox 2457 4972 2674 5022; x_wconf 87' lang='lat' dir='ltr'>tantum</span> <span class='ocrx_word' id='word_1_992' title='bbox 2698 4969 3086 5022; x_wconf 84' lang='lat' dir='ltr'>conversione</span> <span class='ocrx_word' id='word_1_993' title='bbox 3105 4971 3300 5040; x_wconf 82' lang='lat' dir='ltr'>agitur</span> <span class='ocrx_word' id='word_1_994' title='bbox 3320 4971 3381 5024; x_wconf 90' lang='lat' dir='ltr'>in</span> <span class='ocrx_word' id='word_1_995' title='bbox 3409 4971 3533 5025; x_wconf 78' lang='lat' dir='ltr'>hoc</span> <span class='ocrx_word' id='word_1_996' title='bbox 3561 4971 3859 5027; x_wconf 67' lang='lat' dir='ltr'>loco.Sed</span> 
     </span>
    </p>
   </div>
   <div class='ocr_carea' id='block_1_138' title="bbox 2154 5039 3860 5112">
    <p class='ocr_par' dir='ltr' id='par_1_138' title="bbox 2154 5039 3860 5112">
     <span class='ocr_line' id='line_1_140' title="bbox 2154 5039 3860 5112; baseline 0.002 -21"><span class='ocrx_word' id='word_1_997' title='bbox 2154 5039 2248 5092; x_wconf 86' lang='lat' dir='ltr'>hic</span> <span class='ocrx_word' id='word_1_998' title='bbox 2265 5041 2531 5108; x_wconf 74' lang='lat' dir='ltr'>exempla</span> <span class='ocrx_word' id='word_1_999' title='bbox 2549 5041 2721 5093; x_wconf 86' lang='lat' dir='ltr'>multa</span> <span class='ocrx_word' id='word_1_1000' title='bbox 2740 5040 3217 5094; x_wconf 83' lang='lat' dir='ltr'>substantialium</span> <span class='ocrx_word' id='word_1_1001' title='bbox 3235 5044 3652 5098; x_wconf 84' lang='lat' dir='ltr'>mutationum</span> <span class='ocrx_word' id='word_1_1002' title='bbox 3673 5041 3860 5112; x_wconf 71' lang='lat' dir='ltr'>subji-</span> 
     </span>
    </p>
   </div>
   <div class='ocr_carea' id='block_1_139' title="bbox 2153 5111 3860 5181">
    <p class='ocr_par' dir='ltr' id='par_1_139' title="bbox 2153 5111 3860 5181">
     <span class='ocr_line' id='line_1_141' title="bbox 2153 5111 3860 5181; baseline 0.002 -19"><span class='ocrx_word' id='word_1_1003' title='bbox 2153 5113 2416 5172; x_wconf 76' lang='lat' dir='ltr'>ciuntur:</span> <span class='ocrx_word' id='word_1_1004' title='bbox 2437 5128 2599 5180; x_wconf 75' lang='lat' dir='ltr'>ergo,</span> <span class='ocrx_word' id='word_1_1005' title='bbox 2619 5111 2936 5181; x_wconf 79' lang='lat' dir='ltr'>inquimus,</span> <span class='ocrx_word' id='word_1_1006' title='bbox 2959 5113 3028 5164; x_wconf 87' lang='lat' dir='ltr'>de</span> <span class='ocrx_word' id='word_1_1007' title='bbox 3053 5113 3395 5166; x_wconf 87' lang='lat' dir='ltr'>subtantiali</span> <span class='ocrx_word' id='word_1_1008' title='bbox 3435 5111 3860 5170; x_wconf 71' lang='lat' dir='ltr'>conversione</span> 
     </span>
    </p>
   </div>
   <div class='ocr_carea' id='block_1_140' title="bbox 2153 5182 3861 5258">
    <p class='ocr_par' dir='ltr' id='par_1_140' title="bbox 2153 5182 3861 5258">
     <span class='ocr_line' id='line_1_142' title="bbox 2153 5182 3861 5258; baseline 0.002 -24"><span class='ocrx_word' id='word_1_1009' title='bbox 2153 5182 2249 5253; x_wconf 83' lang='lat' dir='ltr'>agi</span> <span class='ocrx_word' id='word_1_1010' title='bbox 2274 5184 2453 5258; x_wconf 80' lang='lat' dir='ltr'>multo</span> <span class='ocrx_word' id='word_1_1011' title='bbox 2479 5182 2854 5258; x_wconf 66' lang='lat' dir='ltr'>potiorijure</span> <span class='ocrx_word' id='word_1_1012' title='bbox 2889 5182 3246 5258; x_wconf 76' lang='lat' dir='ltr'>colligimus.</span> <span class='ocrx_word' id='word_1_1013' title='bbox 3287 5185 3508 5258; x_wconf 78' lang='lat' dir='ltr'>Itaque</span> <span class='ocrx_word' id='word_1_1014' title='bbox 3549 5190 3861 5258; x_wconf 81' lang='lat' dir='ltr'>geminam</span> 
     </span>
    </p>
   </div>
   <div class='ocr_carea' id='block_1_141' title="bbox 2151 5253 3858 5324">
    <p class='ocr_par' dir='ltr' id='par_1_141' title="bbox 2151 5253 3858 5324">
     <span class='ocr_line' id='line_1_143' title="bbox 2151 5253 3858 5324; baseline 0.002 -19"><span class='ocrx_word' id='word_1_1015' title='bbox 2151 5255 2537 5324; x_wconf 80' lang='lat' dir='ltr'>agnoscimus</span> <span class='ocrx_word' id='word_1_1016' title='bbox 2573 5255 2630 5306; x_wconf 88' lang='lat' dir='ltr'>in</span> <span class='ocrx_word' id='word_1_1017' title='bbox 2667 5253 3034 5306; x_wconf 66' lang='lat' dir='ltr'>liueharistia</span> <span class='ocrx_word' id='word_1_1018' title='bbox 3070 5253 3582 5324; x_wconf 59' lang='lat' dir='ltr'>conversionem:</span> <span class='ocrx_word' id='word_1_1019' title='bbox 3608 5258 3858 5310; x_wconf 79' lang='lat' dir='ltr'>alterum</span> 
     </span>
    </p>
   </div>
   <div class='ocr_carea' id='block_1_142' title="bbox 2152 5325 3863 5397">
    <p class='ocr_par' dir='ltr' id='par_1_142' title="bbox 2152 5325 3863 5397">
     <span class='ocr_line' id='line_1_144' title="bbox 2152 5325 3863 5397; baseline 0.003 -21"><span class='ocrx_word' id='word_1_1020' title='bbox 2152 5325 2742 5395; x_wconf 84' lang='lat' dir='ltr'>substantialem,qua</span> <span class='ocrx_word' id='word_1_1021' title='bbox 2760 5325 2927 5394; x_wconf 89' lang='lat' dir='ltr'>panis</span> <span class='ocrx_word' id='word_1_1022' title='bbox 2942 5325 3274 5379; x_wconf 86' lang='lat' dir='ltr'>substantia</span> <span class='ocrx_word' id='word_1_1023' title='bbox 3289 5327 3340 5378; x_wconf 91' lang='lat' dir='ltr'>in</span> <span class='ocrx_word' id='word_1_1024' title='bbox 3361 5341 3613 5397; x_wconf 85' lang='lat' dir='ltr'>corpus</span> <span class='ocrx_word' id='word_1_1025' title='bbox 3633 5328 3863 5383; x_wconf 73' lang='lat' dir='ltr'>Christi</span> 
     </span>
    </p>
   </div>
   <div class='ocr_carea' id='block_1_143' title="bbox 2151 5397 3862 5470">
    <p class='ocr_par' dir='ltr' id='par_1_143' title="bbox 2151 5397 3862 5470">
     <span class='ocr_line' id='line_1_145' title="bbox 2151 5397 3862 5470; baseline 0.002 -22"><span class='ocrx_word' id='word_1_1026' title='bbox 2151 5398 2708 5470; x_wconf 77' lang='lat' dir='ltr'>totacomnmtatur;</span> <span class='ocrx_word' id='word_1_1027' title='bbox 2729 5397 3436 5470; x_wconf 78' lang='lat' dir='ltr'>alteramaccidentalem,</span> <span class='ocrx_word' id='word_1_1028' title='bbox 3462 5414 3593 5469; x_wconf 87' lang='lat' dir='ltr'>qua</span> <span class='ocrx_word' id='word_1_1029' title='bbox 3613 5401 3862 5470; x_wconf 87' lang='lat' dir='ltr'>species</span> 
     </span>
    </p>
   </div>
   <div class='ocr_carea' id='block_1_144' title="bbox 2150 5467 3868 5538">
    <p class='ocr_par' dir='ltr' id='par_1_144' title="bbox 2150 5467 3868 5538">
     <span class='ocr_line' id='line_1_146' title="bbox 2150 5467 3868 5538; baseline 0.003 -20"><span class='ocrx_word' id='word_1_1030' title='bbox 2150 5469 2320 5536; x_wconf 89' lang='lat' dir='ltr'>panis</span> <span class='ocrx_word' id='word_1_1031' title='bbox 2343 5467 2412 5520; x_wconf 90' lang='lat' dir='ltr'>ad</span> <span class='ocrx_word' id='word_1_1032' title='bbox 2430 5467 2562 5536; x_wconf 79' lang='lat' dir='ltr'>ejus</span> <span class='ocrx_word' id='word_1_1033' title='bbox 2586 5467 2959 5536; x_wconf 66' lang='lat' dir='ltr'>prsesentiam</span> <span class='ocrx_word' id='word_1_1034' title='bbox 2995 5467 3456 5538; x_wconf 77' lang='lat' dir='ltr'>signiﬁcandam</span> <span class='ocrx_word' id='word_1_1035' title='bbox 3485 5467 3868 5526; x_wconf 63' lang='lat' dir='ltr'>naturaliter</span> 
     </span>
    </p>
   </div>
   <div class='ocr_carea' id='block_1_145' title="bbox 2150 5537 3866 5614">
    <p class='ocr_par' dir='ltr' id='par_1_145' title="bbox 2150 5537 3866 5614">
     <span class='ocr_line' id='line_1_147' title="bbox 2150 5537 3866 5614; baseline 0.003 -24"><span class='ocrx_word' id='word_1_1036' title='bbox 2150 5537 2478 5614; x_wconf 29' lang='lat' dir='ltr'>desti‘natze,</span> <span class='ocrx_word' id='word_1_1037' title='bbox 2515 5537 3094 5614; x_wconf 74' lang='lat' dir='ltr'>Dominicicorporis</span> <span class='ocrx_word' id='word_1_1038' title='bbox 3118 5539 3511 5614; x_wconf 74' lang='lat' dir='ltr'>tiguraetiunt</span> <span class='ocrx_word' id='word_1_1039' title='bbox 3536 5546 3730 5614; x_wconf 81' lang='lat' dir='ltr'>atque</span> <span class='ocrx_word' id='word_1_1040' title='bbox 3763 5559 3866 5596; x_wconf 84' lang='lat' dir='ltr'>an-</span> 
     </span>
    </p>
   </div>
   <div class='ocr_carea' id='block_1_146' title="bbox 2145 5609 3865 5680">
    <p class='ocr_par' dir='ltr' id='par_1_146' title="bbox 2145 5609 3865 5680">
     <span class='ocr_line' id='line_1_148' title="bbox 2145 5609 3865 5680; baseline 0.003 -18"><span class='ocrx_word' id='word_1_1041' title='bbox 2145 5609 2315 5678; x_wconf 74' lang='lat' dir='ltr'>titypi</span> <span class='ocrx_word' id='word_1_1042' title='bbox 2337 5609 2664 5663; x_wconf 76' lang='lat' dir='ltr'>Verissime</span> <span class='ocrx_word' id='word_1_1043' title='bbox 2689 5609 2925 5680; x_wconf 88' lang='lat' dir='ltr'>quidem</span> <span class='ocrx_word' id='word_1_1044' title='bbox 2967 5609 3116 5678; x_wconf 74' lang='lat' dir='ltr'>lucc,</span> <span class='ocrx_word' id='word_1_1045' title='bbox 3160 5609 3215 5664; x_wconf 86' lang='lat' dir='ltr'>et</span> <span class='ocrx_word' id='word_1_1046' title='bbox 3237 5611 3304 5663; x_wconf 89' lang='lat' dir='ltr'>ad</span> <span class='ocrx_word' id='word_1_1047' title='bbox 3328 5609 3729 5668; x_wconf 74' lang='lat' dir='ltr'>catholicum</span> <span class='ocrx_word' id='word_1_1048' title='bbox 3754 5614 3865 5668; x_wconf 86' lang='lat' dir='ltr'>do-</span> 
     </span>
    </p>
   </div>
   <div class='ocr_carea' id='block_1_147' title="bbox 2149 5681 3866 5749">
    <p class='ocr_par' dir='ltr' id='par_1_147' title="bbox 2149 5681 3866 5749">
     <span class='ocr_line' id='line_1_149' title="bbox 2149 5681 3866 5749; baseline 0.006 -18"><span class='ocrx_word' id='word_1_1049' title='bbox 2149 5695 2282 5749; x_wconf 76' lang='lat' dir='ltr'>gma</span> <span class='ocrx_word' id='word_1_1050' title='bbox 2327 5684 2530 5734; x_wconf 89' lang='lat' dir='ltr'>contra</span> <span class='ocrx_word' id='word_1_1051' title='bbox 2577 5681 2972 5734; x_wconf 83' lang='lat' dir='ltr'>Calvimanam</span> <span class='ocrx_word' id='word_1_1052' title='bbox 3033 5681 3480 5736; x_wconf 87' lang='lat' dir='ltr'>cavillationem</span> <span class='ocrx_word' id='word_1_1053' title='bbox 3527 5685 3866 5741; x_wconf 83' lang='lat' dir='ltr'>vindican-</span> 
     </span>
    </p>
   </div>
   <div class='ocr_carea' id='block_1_148' title="bbox 2148 5752 3868 5824">
    <p class='ocr_par' dir='ltr' id='par_1_148' title="bbox 2148 5752 3868 5824">
     <span class='ocr_line' id='line_1_150' title="bbox 2148 5752 3868 5824; baseline 0.006 -22"><span class='ocrx_word' id='word_1_1054' title='bbox 2148 5752 2718 5824; x_wconf 81' lang='lat' dir='ltr'>dumcontendimus</span> <span class='ocrx_word' id='word_1_1055' title='bbox 2759 5767 2897 5806; x_wconf 89' lang='lat' dir='ltr'>esse</span> <span class='ocrx_word' id='word_1_1056' title='bbox 2932 5753 3357 5824; x_wconf 88' lang='lat' dir='ltr'>invictissima__:</span> <span class='ocrx_word' id='word_1_1057' title='bbox 3383 5754 3550 5824; x_wconf 86' lang='lat' dir='ltr'>quid</span> <span class='ocrx_word' id='word_1_1058' title='bbox 3581 5760 3796 5812; x_wconf 85' lang='lat' dir='ltr'>tamen</span> <span class='ocrx_word' id='word_1_1059' title='bbox 3812 5757 3868 5811; x_wconf 88' lang='lat' dir='ltr'>si</span> 
     </span>
    </p>
   </div>
   <div class='ocr_carea' id='block_1_149' title="bbox 2142 5821 3866 5894">
    <p class='ocr_par' dir='ltr' id='par_1_149' title="bbox 2142 5821 3866 5894">
     <span class='ocr_line' id='line_1_151' title="bbox 2142 5821 3866 5894; baseline 0.005 -20"><span class='ocrx_word' id='word_1_1060' title='bbox 2142 5821 2347 5894; x_wconf 77' lang='lat' dir='ltr'>verbis</span> <span class='ocrx_word' id='word_1_1061' title='bbox 2365 5822 2504 5892; x_wconf 89' lang='lat' dir='ltr'>illis,</span> <span class='ocrx_word' id='word_1_1062' title='bbox 2533 5829 2592 5876; x_wconf 84' lang='lat' dir='ltr'>ut</span> <span class='ocrx_word' id='word_1_1063' title='bbox 2609 5824 2731 5876; x_wconf 82' lang='lat' dir='ltr'>sint</span> <span class='ocrx_word' id='word_1_1064' title='bbox 2750 5840 2876 5894; x_wconf 65' lang='lat' dir='ltr'>quae</span> <span class='ocrx_word' id='word_1_1065' title='bbox 2894 5829 3086 5891; x_wconf 79' lang='lat' dir='ltr'>erant,</span> <span class='ocrx_word' id='word_1_1066' title='bbox 3119 5825 3242 5880; x_wconf 84' lang='lat' dir='ltr'>etin</span> <span class='ocrx_word' id='word_1_1067' title='bbox 3273 5821 3450 5878; x_wconf 63' lang='lat' dir='ltr'>aliaet</span> <span class='ocrx_word' id='word_1_1068' title='bbox 3469 5835 3866 5883; x_wconf 80' lang='lat' dir='ltr'>commuten-</span> 
     </span>
    </p>
   </div>
   <div class='ocr_carea' id='block_1_150' title="bbox 2145 5892 3866 5971">
    <p class='ocr_par' dir='ltr' id='par_1_150' title="bbox 2145 5892 3866 5971">
     <span class='ocr_line' id='line_1_152' title="bbox 2145 5892 3866 5971; baseline 0.008 -23"><span class='ocrx_word' id='word_1_1069' title='bbox 2145 5898 2262 5971; x_wconf 85' lang='lat' dir='ltr'>tur,</span> <span class='ocrx_word' id='word_1_1070' title='bbox 2295 5892 2654 5954; x_wconf 88' lang='lat' dir='ltr'>divisionem</span> <span class='ocrx_word' id='word_1_1071' title='bbox 2697 5892 2986 5952; x_wconf 76' lang='lat' dir='ltr'>contineri</span> <span class='ocrx_word' id='word_1_1072' title='bbox 3041 5894 3566 5956; x_wconf 81' lang='lat' dir='ltr'>aftirmaverimus</span> <span class='ocrx_word' id='word_1_1073' title='bbox 3611 5902 3643 5959; x_wconf 87' lang='lat'><strong>?</strong></span> <span class='ocrx_word' id='word_1_1074' title='bbox 3684 5899 3866 5962; x_wconf 79' lang='lat' dir='ltr'>Certe</span> 
     </span>
    </p>
   </div>
  </div>
