4024 6176
267 322 355 388 461
745 306 756 310 ’
1407 321 1518 386 DE
1563 317 2162 388 SACRAMENTIS
2207 319 2367 386 LIB.
2411 317 2522 385 1v.

3548 317 3671 386 462

259 527 376 580 tur?
416 523 636 578 Caelum
682 539 800 580 non
847 527 990 593 erat,
1035 540 1196 579 mare
1227 540 1342 578 non
1385 527 1527 594 erat,
1573 527 1729 579 terra
1779 539 1898 579 non
1924 507 1977 570 Α
2011 525 2099 578 cis
2141 523 2296 594 fons,
2338 523 2439 594 qui
2477 537 2715 577 amarus
2754 524 2878 577 erat
2911 523 3128 592 (Exod.
3170 540 3270 595 xv,
3320 523 3524 594 23-25),
3557 523 3672 580 hoc

259 617 382 682 erat,
438 613 538 666 sed
595 613 733 667 audi
791 613 1082 668 dicentem
1139 614 1364 668 David:
1427 613 1560 684 Ipse
1610 614 1785 682 dixit,
1841 620 1899 668 et

260 702 394 756 facta
430 708 602 767 sunt;
656 705 785 774 ipse
821 703 1146 769 mandavit,
1192 709 1249 758 et
1290 709 1491 758 creata
1531 709 1667 757 sunt
1708 701 1895 772 (Psal.

257 807 465 858 cxnvm,
505 792 580 860 5).

322 898 398 952 16.
439 897 594 968 Ergo
634 899 740 952 tibi
779 901 840 954 ut
889 899 1302 969 respondeam,
1343 915 1461 954 non
1511 903 1634 954 erat
1682 914 1900 968 corpus

258 986 456 1040 Christi
477 989 609 1040 ante
633 989 1140 1041 consecrationem
1163 1003 1174 1042 :
1209 989 1314 1042 sed
1339 991 1474 1058 post
1497 988 1902 1042 consecratio-

255 1091 374 1130 nem
401 1075 528 1130 dico
551 1075 656 1130 tibi
677 1077 812 1148 quia
826 1075 952 1147 jam
975 1092 1192 1146 corpus
1214 1080 1306 1131 est
1321 1077 1563 1131 Christi.
1580 1077 1711 1146 Ipse
1733 1076 1900 1146 dixit,

255 1167 305 1218 et
331 1164 538 1218 factum
569 1169 689 1235 est;
742 1166 873 1235 ipse
922 1166 1238 1236 mandavit,
1290 1169 1346 1220 et
1377 1169 1640 1220 creatum
1671 1170 1782 1220 est.
1815 1165 1904 1219 Tu

252 1253 369 1322 ipse
397 1269 549 1324 eras,
585 1254 691 1308 sed
724 1269 858 1308 eras
907 1257 1079 1309 vetus
1119 1257 1424 1310 creatura:
1475 1258 1681 1326 postea
1731 1269 1907 1326 quam

257 1346 622 1398 consecratus
674 1359 762 1412 es,
799 1359 952 1398 nova
1001 1347 1289 1414 creatura,
1325 1359 1463 1399 esse
1497 1343 1750 1414 coepisti.
1805 1343 1907 1396 Vis

257 1433 394 1486 scire
453 1448 629 1502 quam
685 1447 838 1486 nova
891 1435 1210 1488 creatura?
1273 1433 1507 1504 Omnis,
1567 1433 1784 1504 inquit,
1845 1434 1908 1486 in

257 1519 478 1576 Clu-isto
511 1537 662 1576 nova
693 1529 969 1576 creatura
1000 1522 1085 1591 (Il
1115 1523 1252 1578 Cor.
1273 1540 1332 1593 v,
1367 1523 1477 1588 t7).

315 1628 392 1682 Π.
441 1629 663 1699 Accipe
710 1645 856 1701 ergo
905 1630 1399 1700 quemadmodum
1445 1645 1642 1684 sermo
1689 1628 1910 1682 Christi

255 1721 566 1772 creaturam
619 1733 851 1773 omnem
899 1723 1123 1774 mutare
1175 1719 1574 1789 consueverit,
1621 1722 1677 1773 et
1705 1721 1910 1786 mutet,

253 1822 371 1860 cum
427 1807 575 1878 vult,
627 1808 892 1862 instituta
943 1811 1190 1863 naturae.
1247 1807 1552 1873 Quomodo
1609 1807 1914 1878 requiris?

2014 617 2124 682 est,
2159 613 2404 668 mutavit
2450 611 2936 666 consuetudinem
2985 616 3208 668 naturae
3251 629 3400 683 suaa,
3448 613 3677 684 accepit

2014 702 2383 758 dulcedinem
2415 702 2640 772 gratia).
2666 701 2885 771 Accipe
2915 705 2972 756 et
3003 704 3289 773 quartum
3319 703 3673 773 exemplum.

2015 791 2320 846 Ceciderat
2349 789 2571 844 ferrum
2619 790 2851 844 securis
2897 791 2958 844 in
2996 806 3204 863 aquas,
3254 792 3421 862 quasi
3455 791 3679 846 ferrum

2017 896 2125 934 sua
2183 879 2612 934 consuetudine
2659 879 2997 934 demersum
3050 884 3179 934 est:
3237 880 3400 934 misit
3451 881 3681 952 lignum

2016 969 2296 1037 Elismus,
2360 969 2554 1022 statim
2611 968 2834 1022 ferrum
2893 967 3181 1022 elevatum
3234 971 3346 1037 est,
3403 971 3460 1022 et
3509 968 3682 1040 aquis

2017 1059 2422 1128 supernatavit
2465 1056 2581 1127 (IV
2615 1057 2760 1130 Reg.
2795 1075 2873 1128 Vl,
2904 1058 2998 1126 6):
3051 1057 3252 1128 utique
3297 1059 3498 1112 contra
3545 1073 3684 1112 con-

2019 1147 2391 1201 suetudinem
2413 1145 2585 1216 ferri;
2619 1149 2711 1201 est
2750 1146 2905 1202 enim
2928 1147 3203 1201 materies
3225 1145 3485 1218 gravior,
3509 1161 3686 1218 quam

2019 1251 2301 1308 aquarum
2335 1239 2426 1290 est
2460 1235 2831 1290 elementum.

2093 1326 2180 1380 19.
2202 1325 2292 1379 Ex
2314 1325 2604 1396 hisigitur
2633 1325 2910 1379 omnibus
2941 1339 3058 1380 non
3086 1323 3372 1397 intelligis
3408 1326 3690 1396 quantum

2023 1417 2301 1485 operetur
2331 1429 2529 1468 sermo
2561 1413 2869 1468 caelestis?
2911 1413 2973 1468 Si
3015 1418 3293 1484 operatus
3323 1418 3416 1470 est
3443 1414 3504 1468 in
3534 1413 3692 1469 fonte

2021 1507 2278 1568 terreno,
2312 1503 2364 1558 si
2389 1507 2668 1574 operatus
2691 1507 2784 1558 est
2819 1519 3018 1558 sermo
3041 1503 3306 1558 caelestis
3341 1503 3402 1558 in
3425 1503 3558 1558 aliis
3593 1518 3694 1558 re-

2022 1593 2158 1664 bus,
2217 1607 2336 1647 non
2394 1595 2672 1662 cperatur
2735 1591 2798 1646 in
2855 1592 3202 1648 coelestibus
3250 1591 3696 1647 Sacramentis?

2025 1681 2184 1753 Ergo
2218 1681 2476 1735 didicisti
2507 1681 2666 1752 quod
2698 1695 2774 1736 ex
2801 1697 2951 1751 pane
2983 1696 3202 1752 corpus
3231 1681 3328 1736 fiat
3365 1679 3609 1751 Christi,
3641 1683 3700 1736 et

2025 1771 2184 1842 quod
2214 1770 2413 1824 vinum
2445 1773 2501 1824 et
2549 1786 2701 1841 aqua
2745 1771 2806 1824 in
2856 1770 3101 1825 calicem
3149 1770 3427 1825 mittitur:
3483 1769 3592 1826 sed
3635 1769 3702 1824 fit

291 1859 368 1860 ηκ
445 1859 575 1878 γη,
943 1859 1188 1863 ητα--
1255 1859 1544 1873 «ﬁrm---
2227 1859 2238 1870 .
2658 1859 2668 1870 .
3016 1859 3028 1870 .
3309 1860 3322 1872 .

252 1897 474 1967 Accipe,
541 1900 596 1952 et
654 1898 842 1968 primo
903 1899 1165 1952 omnium
1224 1899 1295 1952 de
1349 1898 1730 1970 generatione
1779 1895 1914 1968 ejus
1945 1875 2276 1970 Βῗῗῳὲίξξδ
2340 1859 3701 1970 ξὲῗδῖωῗίιῖξῗξμγῖῄῖξμμθρωιξθξιδσ-(ΞΒᾸῌἯΘ

249 2001 545 2041 sumamus
577 1987 932 2057 exemplum.
966 1986 1347 2041 Consuetudo
1380 1991 1472 2041 est
1502 1990 1564 2041 ut
1594 2003 1711 2041 non
1743 2001 1918 2057 gene-

250 2079 398 2129 retur
417 2076 618 2146 homo,
646 2077 762 2130 nisi
785 2093 860 2130 ex
882 2077 1009 2130 viro
1034 2080 1090 2130 et
1113 2077 1378 2144 muliere,
1406 2081 1462 2130 et
1487 2075 1915 2130 consuetudine

251 2164 542 2236 conjugali
569 2180 582 2234 ;
615 2165 722 2219 sed
753 2165 890 2236 quia
920 2165 1105 2219 voluit
1138 2165 1446 2234 Dominus,
1481 2165 1618 2236 quia
1649 2165 1762 2219 hoc
1792 2163 1916 2218 ele-

252 2252 326 2322 git
346 2257 803 2322 sacramentum,
832 2253 902 2308 de
928 2253 1149 2324 Spiritu
1171 2258 1379 2309 sancto
1401 2257 1458 2309 et
1481 2254 1724 2325 Virgine
1743 2256 1918 2308 natus

250 2345 332 2396 est
351 2341 648 2413 Christus,
675 2343 788 2398 hoc
813 2347 922 2411 est,
951 2345 1239 2398 mediator
1259 2345 1366 2398 Dei
1389 2347 1445 2397 et
1487 2343 1790 2398 hominum
1815 2343 1918 2397 ho-

247 2447 332 2484 mo
361 2431 642 2486 Christus
681 2433 863 2486 Jesus
900 2433 956 2502 (1
990 2433 1133 2488 Tim.
1158 2451 1220 2502 ιι,
1258 2433 1334 2500 5).
1371 2433 1554 2487 Vides
1595 2448 1740 2504 ergo
1781 2431 1920 2502 quia

251 2523 440 2574 contra
457 2521 726 2574 instituta
747 2525 804 2575 et
826 2522 1093 2576 ordinem
1116 2526 1288 2577 natus
1312 2524 1422 2592 cst,
1440 2521 1616 2576 homo
1635 2524 1726 2576 est
1747 2524 1920 2576 natus

248 2624 315 2662 ex
343 2610 632 2682 Virgine?

319 2708 462 2771 370
517 2717 603 2770 18.
649 2718 869 2788 Accipe
913 2717 1092 2772 aliud.
1138 2717 1479 2789 Urgebatur
1514 2717 1770 2788 populus
1811 2717 1921 2771 Ju-

247 2805 502 2860 daeorum
533 2806 606 2858 ab
630 2806 956 2878 [Egyptiis,
981 2807 1344 2861 interclusus
1367 2810 1491 2861 erat
1509 2806 1652 2860 mari
1675 2822 1686 2861 :
1721 2807 1921 2861 divino

246 2895 482 2965 imperio
541 2895 710 2966 virga
759 2896 999 2964 Moyses
1050 2897 1242 2968 tetigit
1290 2912 1496 2966 aquas,
1549 2899 1605 2949 et
1649 2911 1714 2950 se
1767 2895 1922 2949 unda

248 2984 442 3038 divisit
493 2985 716 3054 (Exod.
781 3001 903 3054 xw,
965 2985 1094 3055 21);
1165 3001 1284 3040 non
1333 2985 1533 3055 utique
1593 2985 1922 3039 secundum

250 3087 367 3126 suae
385 3079 620 3127 naturae
641 3073 1150 3143 consuetudinem,
1195 3073 1304 3128 sed
1324 3073 1651 3128 secundum
1675 3074 1923 3145 gratiam

249 3161 508 3216 caelestis
567 3163 795 3232 imperii
827 3162 955 3232 ('72).
993 3163 1213 3233 Accipe
1244 3163 1421 3218 aliud.
1457 3163 1700 3218 Sitiebat
1733 3179 1922 3232 popu-

245 3249 352 3320 lus,
387 3251 559 3305 venit
590 3251 661 3304 ad
694 3251 914 3306 fontem
943 3267 955 3306 :
1004 3267 1241 3306 amarus
1291 3254 1414 3306 erat
1461 3251 1617 3321 fons,
1650 3252 1810 3306 misit
1850 3251 1923 3305 li-

244 3356 421 3410 gnum
444 3343 698 3395 sanctus
719 3340 960 3411 Moyses
991 3341 1052 3394 in
1085 3341 1324 3411 fontem,
1359 3344 1416 3396 et
1446 3340 1638 3396 factus
1667 3344 1760 3396 est
1789 3341 1922 3395 dul-

243 3485 592 3552 particulam
609 3490 676 3556 et
697 3484 989 3556 interdum
1009 3499 1117 3554 pro
1145 3483 1244 3539 vel
1259 3484 1508 3556 positam
1542 3484 1661 3556 legi
1684 3484 1923 3554 negabit

245 3571 429 3610 nemo.
465 3555 626 3620 Quid
647 3556 802 3608 enim
826 3555 1197 3625 frequentius
1220 3555 1353 3610 istis
1373 3555 1684 3610 formulis:
1718 3556 1922 3611 Domi-

249 3627 691 3681 nusmortiﬁcat
715 3632 772 3680 et
800 3628 1095 3680 viriticat:
1123 3626 1344 3680 delueit
1368 3627 1443 3681 ad
1461 3627 1710 3696 inferos,
1739 3634 1795 3681 et
1818 3643 1922 3681 re-

247 3697 422 3752 ducit.
440 3698 732 3752 Dominus
749 3714 1065 3768 pauperem
1087 3697 1248 3760 facit,
1277 3705 1332 3751 et
1358 3699 1545 3752 ditat:
1579 3699 1922 3752 Immiliatet

248 3769 564 3824 sublevat?
598 3768 870 3822 Profecto
889 3785 1004 3822 non
1025 3773 1338 3839 utrumque
1373 3769 1570 3838 simul,
1597 3769 1702 3822 sed
1729 3774 1922 3824 utrum

248 3839 516 3906 voluerit,
545 3840 834 3894 Dominus
875 3839 1034 3892 facit.
1061 3839 1342 3909 Expende
1378 3843 1564 3894 totum
1605 3839 1820 3910 locum,
1848 3841 1919 3895 de

247 3927 356 3982 quo
377 3914 603 3982 agitur,
623 3915 680 3964 et
701 3913 822 3964 tres
846 3910 1091 3964 etl'ectus
1139 3913 1354 3965 divinae
1393 3911 1668 3980 potentiae
1706 3913 1921 3982 depre-

248 3981 469 4037 hendes
515 3983 638 4036 illic
678 3983 948 4052 proponi,
989 3983 1345 4036 creationem
1377 3983 1608 4036 scilicet
1642 3999 1759 4036 non
1784 3981 1921 4037 exi-

247 4057 548 4120 stantium,
585 4053 964 4107 existentium
996 4069 1138 4107 vero
1171 4054 1262 4107 vel
1295 4054 1809 4108 conservationem
1825 4055 1920 4109 vel

249 4127 724 4192 conversionem,
761 4140 865 4194 pro
897 4127 960 4178 ut
990 4123 1111 4178 Deo
1139 4125 1336 4178 visum
1368 4124 1562 4178 fuerit.

314 4199 425 4264 (Ἶὲ)
456 4197 574 4250 Ms.
609 4195 883 4264 Clarom.,
917 4196 1132 4266 gratia:
1153 4194 1415 4250 caelestis
1446 4197 1776 4267 imperium.

311 4269 424 4338 (73)
457 4269 617 4320 Clar.
653 4268 805 4332 cod.,
841 4267 1287 4321 consecratione
1322 4267 1572 4321 caelesti.
1609 4269 1792 4323 Porro
1823 4285 1922 4323 sc-

248 4340 482 4408 quentis
515 4338 683 4392 dubii
715 4338 1067 4392 solutionem
1099 4339 1390 4392 adversus
1412 4339 1797 4393 orthodoxam
1822 4341 1924 4394 do-

247 4411 493 4464 ctrinam
517 4411 610 4464 sic
633 4411 806 4462 vertit
824 4409 1188 4478 Albertinus,
1215 4413 1275 4462 ut
1293 4410 1436 4463 velit
1463 4425 1580 4464 non
1611 4411 1725 4464 alio
1749 4411 1922 4466 modo

249 4482 548 4535 Christum
573 4496 606 4533 a
626 4480 800 4552 nobis
826 4480 884 4533 in
919 4480 1288 4534 Eucharistia
1313 4482 1488 4552 sumi,
1515 4482 1627 4535 nisi
1654 4499 1770 4552 quo
1792 4498 1925 4536 cum

251 4552 306 4604 in
319 4553 618 4622 baptismo
637 4551 902 4624 induere,
927 4567 994 4624 ac
1019 4553 1308 4624 sanguine
1333 4551 1762 4624 ejusdemtingi
1780 4554 1922 4608 dici-

253 4639 395 4678 mur.
414 4624 538 4678 Sed
563 4623 956 4692 respondetur
973 4623 1125 4694 inter
1143 4623 1574 4677 Eucharistiam
1605 4640 1673 4677 ac
1695 4623 1920 4694 baptis-

252 4709 407 4748 mum
439 4695 944 4764 comparationem
977 4693 1035 4746 in
1073 4693 1185 4748 hoc
1215 4695 1461 4763 institui,
1505 4696 1659 4764 quod
1701 4693 1790 4748 ex,
1813 4695 1923 4750 hoc

249 4770 490 4819 auctore
502 4765 956 4819 similitudinem
979 4765 1200 4836 idcirco
1215 4765 1272 4818 in
1287 4769 1534 4836 utroque
1555 4771 1922 4821 sacramento

251 4836 532 4890 Christus
589 4837 875 4906 posuerit,
915 4852 987 4889 ne
1018 4835 1074 4889 in
1127 4836 1309 4890 altero
1357 4835 1584 4904 mortis,
1632 4838 1692 4890 in
1739 4839 1923 4892 altero

254 4909 526 4976 corporis
569 4912 627 4961 et
657 4908 968 4978 sanguinis
1021 4908 1265 4961 horrore
1315 4909 1726 4962 afticeremur:
1776 4910 1924 4963 duas

249 4981 441 5032 autem
475 4979 612 5032 illas
645 4979 1061 5032 similitudines
1080 4979 1267 5050 inhoc
1286 4978 1540 5046 differre,
1567 4980 1720 5050 quod
1745 4981 1926 5034 altera

253 5050 325 5102 sit
354 5051 444 5103 rei
477 5053 698 5103 tantum
733 5066 838 5118 per
887 5065 1032 5104 suos
1083 5048 1348 5119 effectus,
1401 5048 1598 5104 altera
1621 5051 1706 5104 rei
1751 5052 1924 5106 etiam

255 5134 355 5188 per
381 5137 556 5194 suam
590 5121 977 5194 substantiam
1011 5123 1348 5190 praesentis.
1383 5120 1548 5185 Quod
1581 5135 1722 5176 vero
1751 5126 1926 5194 urget

257 5193 514 5260 speciem
539 5192 848 5263 sanguinis
877 5193 972 5245 hic
1002 5194 1254 5260 positam
1285 5209 1391 5262 pro
1424 5195 1687 5260 veritate,
1721 5197 1782 5248 ut
1816 5192 1924 5263 op-

257 5269 510 5385 ponatur
540 5263 946 5317 similitudini:
982 5279 1092 5316 nos
1115 5264 1352 5333 quidem
1378 5263 1628 5318 fatemur
1664 5266 1926 5334 speciem

298 5348 364 5385 oc
384 5350 574 5385 sensu
593 5335 944 5385 uuandonue
961 5335 1136 5385 sumi.
1163 5350 1298 5385 cum
1317 5351 1526 5385 nempe
1544 5337 1600 5385 in
1625 5341 1922 5385 concreto-

298 5348 364 5386 oc
384 5350 574 5387 sensu
593 5335 944 5404 quandoque
961 5335 1136 5402 sumi,
1163 5350 1298 5387 cum
1317 5351 1526 5404 nempe
1544 5337 1600 5388 in
1625 5341 1922 5405 concreto,

262 5409 318 5456 ut
345 5406 661 5475 loquamur
690 5422 822 5459 cum
855 5406 1249 5476 philosophis,
1285 5407 1604 5476 accipitur;
1655 5407 1762 5460 sed
1792 5408 1928 5461 abs-

261 5479 440 5547 tracta
467 5477 582 5529 hoc
611 5477 742 5531 loco
783 5477 918 5546 poni
947 5477 1081 5547 jure
1114 5478 1545 5531 contendimus.
1591 5478 1739 5531 Nam
1763 5478 1819 5532 1ο
1837 5478 1926 5532 sic

261 5544 408 5601 inter
466 5549 729 5616 speciem
776 5544 831 5602 et
878 5544 1324 5602 similitudinem
1373 5549 1607 5603 abunde
1657 5553 1932 5604 servatur

263 5619 575 5692 oppositi_o,
607 5635 738 5674 cum
757 5619 992 5692 species
1015 5619 1204 5692 forma
1225 5623 1466 5674 externa
1484 5621 1578 5686 sit,
1615 5624 1670 5675 et
1689 5621 1928 5692 propria

261 5691 364 5758 rei,
396 5693 476 5762 ut
505 5689 824 5762 Perronius
875 5690 1154 5762 loquitur,
1193 5692 1570 5762 apparentia:
1605 5689 1927 5748 similitudo

262 5773 400 5824 Vero
421 5761 523 5820 his
544 5761 600 5820 ia
616 5763 768 5822 locis
788 5762 936 5822 nihil
953 5761 1113 5822 aliud
1141 5761 1568 5824 ’nis’i’remotam
1590 5763 1923 5842 analogiam

2029 1949 2298 2018 Consec.,
2333 1949 2470 2003 dist.
2504 1949 2557 2019 2,
2591 1965 2642 2004 c.
2676 1949 2886 2019 Panis,
2917 1947 3160 2021 gErgo,
3195 1951 3253 2004 et
3281 1947 3312 2021 ἕ
3343 1949 3466 2004 Sed
3495 1947 3698 2018 forte).

2096 2039 2184 2092 20.
2221 2037 2338 2093 Sed
2370 2037 2520 2092 forte
2544 2037 2725 2092 dicis:
2777 2037 3050 2108 Speciem
3097 2038 3411 2111 sanguinis
3460 2053 3579 2093 non
3607 2037 3702 2092 vi-

2027 2127 2158 2182 deo.
2193 2127 2310 2182 Sed
2340 2127 2518 2181 habet
2561 2127 3036 2182 similitudinem:
3089 2128 3246 2182 sicut
3290 2127 3446 2182 enim
3492 2125 3702 2182 mortis

2028 2215 2470 2271 similitudinem
2523 2217 2856 2286 sumpsisti,
2911 2218 2990 2270 ita
3039 2217 3215 2271 etiam
3257 2216 3704 2271 similitudinem

2029 2298 2168 2360 371
2206 2305 2454 2376 pretiosi
2503 2305 2820 2378 sanguinis
2868 2304 3066 2375 bibis;
3124 2307 3187 2360 ut
3236 2305 3436 2360 nullus
3486 2305 3703 2360 horror

2031 2396 2264 2450 cruoris
2286 2395 2384 2464 sit,
2407 2397 2463 2449 et
2480 2396 2732 2465 pretium
2753 2396 2947 2448 tamen
2961 2397 3239 2464 cperetur
3255 2393 3700 2465 redemptionis.

2032 2484 2299 2539 Didicisti
2323 2500 2464 2555 ergo
2486 2483 2621 2556 quia
2641 2483 2798 2554 quod
2830 2482 3073 2554 accipis,
3109 2499 3328 2554 corpus
3348 2485 3441 2538 est
3459 2483 3702 2540 Christi.

2689 2590 2942 2646 CAPUT
2973 2591 3044 2646 V.

2033 2681 2190 2754 Ipsis
2209 2680 2450 2736 Domini
2467 2679 2896 2754 verbiscm'pus
2912 2697 2980 2754 ac
3000 2681 3355 2754 sanguinem!
3367 2679 3498 2754 ejus
3507 2691 3708 2754 con_se-_

2103 2754 2270 2807 arari
2291 2759 2350 2807 et
2377 2768 2518 2806 vere
2535 2752 2746 2825 cantici
2757 2751 3160 2825 ,‘proindeque
3177 2753 3316 2807 hinc
3331 2751 3485 2808 bene
3505 2751 3709 2825 colligi

2095 2841 2226 2896 prae
2245 2840 2456 2897 manna
2490 2822 2923 2878 excellere'lioc
2939 2822 3396 2897 sacramentum,
3420 2823 3588 2897 cuius
3616 2822 3708 2880 ve-

2105 2897 2260 2950 ritas
2293 2895 2678 2967 consignatur
2699 2911 2816 2966 per
2851 2911 3067 2965 vocem,
3099 2895 3313 2950 Amen.

2103 2984 2192 3039 21.
2215 2984 2320 3038 Vis
2342 2984 2498 3038 scire
2521 2983 2657 3055 quia
2697 2984 2902 3038 verbis
2947 2983 3294 3040 coelestibus
3319 2985 3708 3040 consecratur

2032 3073 2144 3139 (De
2179 3073 2446 3142 Consec.,
2481 3073 2616 3126 dist.
2649 3073 2702 3142 '2,
2738 3089 2790 3128 e.
2815 3072 3076 3146 Panis,2
3110 3073 3212 3128 Vis
3227 3072 3454 3144 scire)?
3483 3073 3705 3144 Accipe

2033 3179 2166 3235 quae
2190 3166 2326 3218 sunt
2348 3161 2550 3216 verba.
2577 3161 2729 3216 Dicit
2755 3163 3070 3218 sacerdos:
3116 3161 3233 3216 Fac
3260 3161 3456 3232 nobis,
3496 3161 3706 3233 inquit,

1958 3251 2187 3317 Ghanc
2208 3252 2565 3307 oblationem
2601 3251 2940 3322 ascriptum,
2983 3255 3168 3306 ratam
3207 3251 3342 3322 ('74),
3381 3250 3708 3306 rationabi-

2032 3341 2170 3412 lem,
2221 3340 2679 3411 acceptabilem:
2747 3340 2904 3412 quod
2951 3340 3142 3412 figura
3191 3343 3283 3395 est
3336 3339 3606 3411 corporis
3651 3342 3710 3396 et

2035 3486 2206 3540 sonet
2227 3499 2242 3552 ;
2266 3484 2322 3538 2°
2339 3483 2435 3537 hic
2460 3485 2667 3538 auctor
2681 3481 2900 3538 Christi
2921 3497 3138 3555 corpus
3157 3485 3329 3554 atque
3353 3483 3706 3555 sanguinem

2035 3557 2149 3610 hoc
2168 3560 2289 3610 toto
2315 3555 2502 3624 capite
2525 3558 2882 3624 praesentem
2901 3554 3378 3626 clarersupponit,
3394 3559 3456 3610 ut
3467 3554 3705 3626 planum

2035 3629 2134 3681 ﬁet
2173 3627 2360 3680 libera
2401 3631 2595 3681 mente
2633 3627 2984 3680 examinanti
3011 3641 3026 3694 ;
3055 3625 3114 3678 3°
3145 3643 3278 3680 cum
3319 3625 3614 3682 hominem
3643 3627 3704 3682 in

2035 3697 2584 3770 baptismate‘mori
2629 3713 2701 3770 ac
2747 3697 3174 3770 resurgere_in
3219 3697 3321 3752 lib.
3373 3715 3434 3770 ιι,
3486 3714 3612 3768 cap.
3646 3699 3700 3770 6,

2033 3767 2248 3824 docere
2279 3768 2562 3837 instituat,
2589 3768 2640 3822 ei
2663 3769 2810 3822 satis
2824 3767 2944 3822 non
2962 3771 3053 3822 est
3075 3767 3272 3823 dicere
3298 3783 3311 3823 :
3351 3790 3372 3817 α
3395 3767 3705 3824 Inventum

2033 3844 2124 3894 est
2145 3841 2440 3911 quomodo
2465 3840 2640 3894 homo
2661 3841 2835 3894 vivus
2857 3843 3186 3894 moreretur
3213 3843 3272 3894 et
3297 3840 3473 3894 vivus
3494 3857 3702 3896 resuta-

2033 3916 2166 3984 get;
2205 3936 2226 3959 υ
2279 3911 2384 3965 sed
2415 3911 2585 3984 quasi
2617 3914 2925 3984 vereretur
2953 3927 3025 3966 ne
3057 3911 3193 3984 quis
3245 3911 3515 3966 crederet
3543 3928 3610 3967 se
3639 3913 3702 3968 in

2033 3982 2326 4053 baptismo
2347 3997 2486 4036 vere
2510 3983 2756 4051 obiisse,
2781 3983 2976 4036 statim
2999 3982 3337 4054 subjungit:
3374 4004 3397 4034 ι
3429 3985 3580 4048 Quid
3611 3987 3704 4040 est

2035 4057 2254 4108 vivus?
2301 4054 2428 4108 Hoc
2459 4057 2551 4108 est
2577 4054 2695 4108 vita
2726 4055 2997 4124 corporis
3045 4055 3256 4108 vivens
3305 4070 3438 4109 cum
3468 4056 3698 4110 veniret

2033 4127 2105 4180 ad
2137 4126 2377 4193 fontem,
2412 4128 2468 4179 et
2495 4128 2867 4196 mergeretur
2895 4125 2954 4179 in
2985 4124 3205 4180 fontem
3231 4140 3245 4196 ;
3283 4147 3305 4174 κ
3343 4142 3476 4180 cum
3506 4131 3702 4180 autem

2034 4199 2094 4250 in
2125 4197 2238 4252 hoc
2269 4197 2422 4250 libro
2454 4212 2664 4266 panem
2709 4200 2765 4250 et
2801 4197 3004 4250 vinum
3047 4197 3176 4250 ﬁeri
3208 4213 3426 4267 corpus
3457 4213 3525 4251 ac
3557 4213 3702 4252 san-

2031 4268 2275 4340 guinem
2329 4267 2503 4322 toties
2560 4271 2801 4338 repetat,
2859 4284 3160 4340 nunquam
3215 4271 3408 4323 tamen
3465 4268 3702 4340 illorum

2033 4339 2356 4394 naturalem
2423 4354 2728 4394 remanere
2794 4339 3184 4393 substantiam
3250 4341 3466 4394 monet.
3535 4339 3701 4392 Adde

2034 4411 2264 4466 tandem
2299 4427 2416 4464 non
2448 4411 2639 4481 magis
2670 4411 2794 4465 tolli
2826 4410 3134 4465 horrorem
3164 4410 3250 4464 rei
3281 4409 3615 4481 cuiuspiam
3647 4411 3702 4464 si

2033 4483 2210 4551 absit,
2253 4499 2434 4554 quam,
2468 4483 2520 4535 si
2561 4480 2848 4553 legatur;
2905 4481 3116 4554 horror
3147 4481 3326 4554 enim
3363 4480 3632 4554 nascitur
3668 4497 3701 4535 e

2037 4551 2322 4608 sensuum
2355 4551 2682 4622 affectione,
2717 4569 2848 4624 quae
2890 4569 3006 4606 non
3044 4552 3160 4606 nisi
3198 4551 3271 4606 ab
3301 4555 3544 4606 externa
3573 4551 3701 4606 for-

1957 4611 2013 4674 D
2040 4643 2128 4680 ma
2161 4629 2583 4680 commovetur.

2107 4697 2220 4765 (Ἠ)
2236 4697 2364 4750 Vox
2379 4701 2568 4750 ratam
2593 4696 2792 4750 deerat
2808 4694 2869 4748 in
2891 4695 3120 4748 cunctis
3139 4692 3277 4749 edit.
3302 4710 3372 4749 ac
3393 4710 3542 4750 mss.
3557 4711 3704 4750 non-

2038 4769 2245 4822 nullis:
2279 4771 2335 4820 at
2363 4767 2695 4838 epluribus
2728 4765 2860 4838 aliis
2890 4765 3242 4838 restituitur.
3273 4765 3344 4838 Et
3373 4765 3702 4838 interjectis

2039 4839 2272 4911 duobus
2298 4837 2520 4911 verbis,
2550 4837 2719 4911 Rom.
2745 4836 3056 4911 edit._so_la,
3087 4836 3244 4911 quod
3272 4837 3339 4911 ﬁt
3369 4839 3431 4892 in
3458 4836 3708 4911 ﬁguram

2039 4909 2325 4981 corporis,
2351 4911 2461 4962 etc.
2482 4908 2598 4962 Sed
2618 4907 2946 4962 communis
2966 4907 3138 4962 lectio
3169 4907 3431 4981 legitima
3458 4907 3570 4978 est,
3593 4924 3706 4964 nec

2037 4980 2150 5034 vel
2172 4985 2578 5034 transversum
2608 4995 2868 5050 unguem
2901 4995 2930 5032 a
2963 4980 3060 5048 pio
3091 4983 3147 5033 et
3189 4980 3478 5035 catholico
3519 4997 3707 5036 sensu

2038 5053 2389 5106 abhorrens.
2413 5051 2678 5120 Namque
2697 5051 2831 5104 istic
2862 5067 2980 5105 non
3002 5051 3074 5104 de
3097 5051 3391 5106 oblatione
3414 5053 3708 5107 Dominici

2040 5123 2309 5192 corporis
2331 5122 2734 5194 acsanguinis
2753 5121 2876 5192 jam
2913 5125 3284 5194 consecrata,
3318 5123 3426 5178 sed
3457 5124 3529 5178 de
3554 5139 3708 5194 prte-

2037 5195 2337 5265 paratione
2369 5193 2682 5248 oblationis
2730 5193 2826 5264 agi
2876 5193 3097 5248 clarum
3147 5198 3257 5248 est.
3294 5195 3469 5265 Atqui
3503 5193 3616 5249 hoc
3646 5195 3708 5250 in

2039 5269 2194 5320 statu
2225 5265 2360 5335 pani
2392 5279 2526 5337 cum
2548 5281 2814 5335 corpore,
2840 5269 2897 5319 et
2925 5266 3062 5319 vino
3086 5281 3219 5319 cum
3241 5268 3534 5337 sanguine
3568 5282 3706 5319 ana-

2039 5337 2257 5408 logiam
2321 5336 2632 5406 quamdam
2688 5353 2756 5389 ac
2809 5337 3278 5408 similitudinem,
3309 5336 3374 5390 in
3427 5337 3705 5408 ercedere

2041 5407 2334 5462 communi
2369 5423 2670 5462 consensu
2701 5423 2776 5461 ex
2805 5407 2908 5461 SS.
2945 5408 3218 5462 Pati-ibus
3251 5407 3465 5462 docent
3494 5407 3707 5460 Catho-

2039 5479 2156 5533 lici.
2191 5478 2482 5533 Caeterum
2515 5479 2574 5532 in
2622 5479 2875 5532 maxime
2918 5477 3386 5534 consecrationis
3433 5475 3701 5547 eﬂ'ectus,

2041 5551 2170 5604 sive
2202 5551 2331 5620 ipsa
2365 5551 2734 5604 consecratio
2765 5553 2826 5604 ut
2851 5548 2973 5620 jam
3006 5553 3242 5620 peracta
3281 5563 3387 5620 per
3416 5546 3705 5620 anticipa-

2038 5618 2258 5676 tionem
2306 5622 2402 5676 hic
2451 5618 3026 5692 spectaretur,‘quae_
3083 5618 3705 5692 Albertinisententia

2039 5696 2162 5761 est;
2206 5709 2326 5748 non
2353 5689 2547 5748 tamen
2579 5693 2722 5746 illud
2765 5689 2968 5746 contra
2999 5689 3346 5761 catholicam
3377 5689 3706 5761 doctrinam

2037 5759 2356 5845 quidquam
2377 5763 2617 5825 faceret.
2645 5761 2790 5835 Quis
2821 5763 2976 5822 enim
3007 5759 3387 5838 puerulorum
3418 5760 3706 5832 orthodo-
