4024 6176
422 318 550 386 463

1863 305 1927 368 S.
1976 297 2418 367 AMBROSII.

3705 305 3814 380 464

423 518 736 592 sanguinis
787 515 1018 571 Domini
1063 513 1253 568 nostri
1276 498 1443 566 'Jesu
1481 507 1722 564 Christi.
1755 507 1864 573 Qui
1897 491 2159 578 pridiefA
2192 503 2510 559 sacerdos:
2544 503 2776 574 Corpus
2805 503 3026 560 Christi
3051 507 3156 574 ;-et
3183 507 3246 559 tu
3277 505 3454 562 dicis:
3503 508 3694 578 Amen,
3715 509 3817 566 hoc

419 624 594 680 quam
641 608 958 678 pateretur,
1009 605 1068 658 in
1119 601 1342 657 sanctis
1391 599 1664 654 manibus
1701 598 1830 652 suis
1861 596 2088 666 accepit

417 713 650 768 panem,
693 694 958 766 respexit
998 693 1058 748 in
1117 692 1331 747 coelum
1387 690 1461 743 ad
1519 693 1592 758 te,
1651 690 1853 742 sancte
1913 685 2085 738 Pater

417 786 813 858 omnipotens,
839 787 1058 838 aeterne
1077 781 1257 850 Deus,
1283 779 1504 851 gratias
1526 793 1734 848 agens,
1757 774 2079 843 benedixit,

416 876 613 948 fregit,
651 875 1018 943 fractumque
1049 869 1335 942 apostolis
1358 859 1496 922 suis
1523 871 1579 922 et
1611 865 1920 936 discipulis
1953 863 2080 917 suis

415 967 525 1033 ('75:,
541 963 795 1033 tradidit,
820 962 1056 1017 dicens:
1077 957 1368 1030 Accipite,
1387 963 1445 1011 et
1460 957 1558 1012 edi
1565 961 1622 1010 te
1639 956 1833 1010 exhoc
1847 968 2048 1008 omnes
2064 971 2080 1014 ,-

416 1055 524 1110 lioe
545 1057 635 1108 cst
659 1053 814 1107 enim
839 1066 1050 1122 corpus
1069 1064 1276 1115 meum,
1297 1046 1448 1119 quod
1463 1061 1575 1118 pro
1596 1043 1799 1098 multis
1819 1041 2082 1098 confrin-

412 1148 592 1216 getur
619 1143 781 1211 (Luc.
816 1157 960 1208 xxu,
997 1139 1103 1208 19).
1821 1179 1830 1193 ,

483 1233 572 1286 22.
605 1230 886 1286 Similiter
933 1229 1107 1282 etiam
1149 1226 1390 1281 calicem
1436 1227 1750 1296 postquam
1791 1224 2082 1277 coenatum

413 1323 524 1390 est,
574 1319 764 1391 pridie
814 1333 992 1390 quam
1040 1318 1356 1387 pateretur,
1407 1314 1655 1384 accepit,
1706 1311 1972 1382 respexit
2025 1309 2082 1362 in

413 1410 628 1466 caelum
647 1409 720 1463 ad
740 1411 816 1479 te,
843 1410 1046 1462 sancte
1061 1407 1235 1460 Pater
1247 1404 1641 1474 omnipotens,
1663 1404 1882 1456 teterne
1897 1399 2079 1467 Deus,

413 1499 636 1572 gratias
658 1513 868 1570 agens,
887 1495 1210 1563 benedixit,
1235 1493 1522 1564 apostolis
1545 1492 1674 1546 suis
1692 1493 1748 1546 et
1769 1487 2080 1558 discipulis

411 1588 541 1644 suis
589 1586 846 1654 tradidit,
890 1585 1126 1640 dicens:
1180 1583 1473 1654 Accipite,
1519 1587 1576 1634 et
1624 1579 1819 1635 bibite
1859 1595 1938 1633 ex
1973 1577 2081 1632 hoc

407 1677 685 1738 bomnes;
707 1676 806 1730 bic
819 1681 909 1728 est
923 1674 1079 1728 enim
1102 1673 1348 1743 sanguis
1377 1686 1542 1724 meus
1552 1668 1790 1740 (Matt/1.
1806 1684 1970 1736 xxvx,
1987 1667 2075 1734 27,

407 1767 519 1836 28).
565 1765 710 1820 Vide
751 1764 848 1818 illa
887 1763 1102 1818 omnia.
1146 1761 1248 1815 Illa
1293 1759 1478 1814 verba
1515 1756 1900 1829 evangelistm
1941 1759 2080 1810 sunt

2192 596 2302 662 est,
2337 609 2560 648 verum.
2593 594 2758 659 Quod
2789 595 3101 649 conﬁtetur
3127 593 3347 666 lingua,
3371 595 3814 654 teneataffectus.

2821 682 3072 737 CAPUT
3114 683 3208 738 Vl.

2189 769 2570 845 Excelicplia
2585 773 2946 845 sacramenti
2959 771 3060 844 bqj
3065 787 3132 826 us
3143 771 3281 826 inde
3288 771 3550 843 probata,
3571 773 3710 845 quod
3719 790 3817 845 per

2258 841 2406 914 illud
2425 842 2732 897 Dominica
2755 844 2959 914 passio
2979 841 3124 914 rene
3136 841 3320 910 vetui,
3345 841 3662 898 sermonem
3683 841 3816 908 ﬁnit,

2257 913 2331 967 de
2343 915 2594 968 materia
2605 913 2902 985 proximis
2922 913 3134 970 diebus
3148 930 3180 968 a
3193 929 3260 968 se
3273 915 3574 968 tractanda
3586 917 3820 969 strictim

2251 999 2650 1054 praemonens.

2255 1072 2342 1126 26.
2383 1071 2457 1126 Ut
2489 1073 2649 1128 scias
2679 1075 2874 1128 antem
2905 1073 3019 1129 hoc
3065 1089 3202 1128 esse
3253 1077 3691 1144 sacramentum,
3723 1075 3823 1130 hu-

2178 1159 2282 1231 jus
2324 1160 2515 1232 ﬁgura
2554 1165 2688 1216 ante
2719 1163 3050 1232 praecessit.
3086 1162 3309 1216 Deinde
3341 1165 3612 1233 quantum
3643 1163 3715 1218 sit
3742 1179 3824 1218 sa-

2185 1255 2570 1320 cramentum,
2613 1266 2936 1323 cognosce.
2979 1251 3126 1306 V'ide
3165 1251 3306 1323 quid
3347 1251 3534 1306 dicat:
3573 1251 3824 1316 Quoties-

2184 1355 2418 1410 cunque
2453 1339 2566 1394 hoc
2595 1339 2881 1409 feceritis,
2906 1341 3080 1395 toties
3103 1341 3706 1395 commemorationem
3726 1341 3825 1396 mei

2185 1425 2437 1497 facietis,
2463 1427 2650 1484 donec
2683 1429 2895 1484 iterum
2925 1429 3233 1484 adveniam
3263 1429 3321 1499 (I
3351 1428 3486 1484 Cor.
3517 1447 3598 1499 XI,
3627 1429 3730 1500 26).

2255 1516 2342 1570 2'7.
2365 1517 2436 1571 Et
2457 1518 2741 1573 sacerdos
2763 1518 2904 1572 dicit
2927 1533 2940 1573 :
2984 1517 3456 1595 Ergqmemores
3479 1517 3827 1589 gloriosissi-
3853 1520 3860 1555 ι

2182 1619 2293 1660 mae
2324 1604 2458 1675 ejus
2489 1606 2814 1676 passionis,
2839 1609 2896 1660 et
2926 1607 2999 1660 ab
3031 1605 3240 1660 inferis
3273 1606 3740 1675 resurrectionis,
3776 1611 3826 1661 et

2183 1693 2242 1747 in
2284 1695 2498 1750 coelum
2538 1695 2935 1765 ascensionis,
2977 1693 3281 1750 offerimus
3321 1694 3429 1750 tibi
3467 1694 3614 1749 hanc
3651 1695 3828 1749 imma-

2185 1781 2438 1837 culalam
2487 1783 2762 1854 hostiam,
2806 1784 3212 1840 rationabilem
3253 1784 3532 1854 hostiam,
3571 1785 3828 1838 incruen-

405 1869 600 1927 usque
647 1854 719 1908 ad
751 1851 1206 1943 Accipitc,_sive
1257 1864 1495 1943 corpus,
1529 1851 1665 1943 sive.
1697 1851 2074 1943 sanguinem-
2105 1873 2152 1934 Β
2183 1874 2300 1932 tam
2339 1871 2615 1943 hostiam,
2657 1851 2815 1927 hunc
2845 1889 3056 1943 panem
3085 1876 3383 1943 sanctum,
3427 1875 3483 1928 et
3513 1851 3742 1928 calicem
3758 1873 3833 1926 vi-

405 1945 548 2000 Inde
565 1943 744 1998 verba
769 1946 907 1998 sunt
935 1940 1187 1996 Christi:
1224 1939 1515 2010 Accipite,
1553 1943 1610 1991 ct
1641 1935 1834 1991 bibite
1864 1951 1942 1990 ex
1971 1935 2079 1990 hoc

409 2049 642 2097 omnes;
673 2033 770 2087 bis
801 2038 858 2086 et
890 2031 1045 2086 enim
1067 2029 1312 2100 sanguis
1340 2043 1523 2082 meus.
1561 2025 1630 2080 Et
1651 2025 1784 2080 vide
1817 2025 2074 2096 singula.

476 2123 565 2179 23.
599 2122 709 2186 Qui
741 2121 948 2192 pridie,
989 2119 1196 2190 inquit,
1231 2134 1406 2190 quam
1428 2118 1746 2188 pateretur,
1771 2115 1829 2168 in
1852 2115 2076 2168 sanctis

406 2212 682 2270 manibus
713 2211 842 2266 suis
874 2209 1099 2280 accepit
1132 2223 1363 2280 panem.
1397 2208 1724 2276 Antequam
1755 2218 2076 2258 consecre-

405 2307 520 2374 tur,
556 2302 726 2373 panis
750 2303 870 2370 est;
904 2299 1002 2354 ubi
1018 2301 1211 2352 autem
1242 2296 1422 2351 verba
1443 2294 1666 2348 Christi
1687 2291 2074 2360 accesserint,

407 2407 626 2462 corpus
659 2393 752 2445 est
779 2389 1020 2444 Christi.
1056 2387 1320 2458 Denique
1351 2384 1486 2440 audi
1520 2383 1808 2438 dicentem
1835 2397 1846 2436 :
1895 2381 2076 2436 Acci-

397 2483 550 2555 pite,
567 2487 626 2536 et
651 2479 750 2535 edi
754 2485 812 2532 te
827 2495 904 2532 ex
921 2493 988 2532 eo
1009 2492 1228 2542 omnes,
1254 2475 1363 2529 hoc
1375 2479 1466 2529 est
1481 2473 1636 2527 enim
1655 2487 1868 2542 corpus
1888 2486 2076 2524 meum

405 2569 584 2641 (Ibid.
618 2568 730 2636 26).
766 2567 836 2622 Et
866 2570 998 2621 ante
1045 2565 1226 2620 verba
1257 2561 1496 2630 Christi,
1531 2560 1686 2616 calix
1715 2562 1826 2628 est,
1870 2559 1990 2614 vini
2021 2562 2076 2612 et

404 2675 576 2731 aquae
625 2657 877 2729 plenus:
920 2655 1020 2710 ubi
1079 2653 1260 2708 verba
1300 2651 1517 2707 Christi
1559 2651 1795 2720 operata
1836 2648 2072 2717 fuerint,

402 2749 488 2804 ibi
527 2747 778 2818 sanguis
817 2743 1036 2800 Christi
1077 2743 1350 2811 efﬁcitur,
1393 2741 1494 2812 qui
1533 2739 1766 2810 plebem
1806 2737 2071 2792 redemit.

404 2837 566 2909 Ergo
603 2835 798 2889 videte
837 2833 1073 2905 quantis
1123 2831 1446 2904 generibus
1495 2832 1706 2899 potens
1747 2829 1838 2881 est
1877 2841 2073 2882 sermo

401 2925 624 2982 Christi
654 2924 934 2978 universa
967 2924 1334 2977 convertere.
1371 2918 1594 2972 Deinde
1625 2917 1753 2987 ipse
1785 2915 2073 2970 Dominus

402 3016 585 3072 Jesus
624 3013 973 3068 testiﬁcatur
1010 3009 1184 3066 nobis
1224 3009 1380 3080 quod
1441 3023 1658 3078 corpus
1699 3023 1871 3061 suum
1911 3005 2071 3060 acci-

399 3108 634 3180 piamus
676 3107 733 3159 et
771 3101 1144 3174 sanguinem.
1179 3097 1478 3170 Numquid
1509 3097 1794 3153 debemus
1826 3097 1896 3152 de
1937 3095 2072 3167 ejus

399 3196 518 3252 ﬁde
549 3197 606 3251 et
635 3192 1047 3249 testiﬁcatione
1077 3188 1344 3244 dubitare
1365 3189 1394 3242 ‘?

481 3285 630 3350 372
669 3292 756 3347 24.
819 3290 946 3346 Jam
1004 3287 1132 3343 redi
1187 3301 1419 3340 mecum
1475 3285 1548 3338 ad
1603 3283 2068 3354 propositionem

399 3401 609 3442 meum.
642 3383 920 3454 Magnum
944 3378 1178 3450 quidem
1201 3379 1258 3430 et
1287 3374 1642 3444 venerabile,
1669 3375 1826 3446 quod
1858 3391 2069 3430 manna

399 3474 627 3530 Judaeis
658 3471 804 3542 pluit
831 3485 863 3524 e
895 3468 1045 3523 coelo
1077 3465 1291 3536 (Exod.
1330 3482 1448 3536 xw,
1485 3464 1610 3534 14):
1647 3464 1754 3519 sed
1781 3465 2064 3536 intellige.

399 3563 551 3628 Quid
591 3565 683 3616 est
739 3558 1014 3630 amplius,
1082 3571 1294 3610 manna
1351 3555 1424 3610 de
1477 3553 1648 3622 cmlo,
1718 3566 1792 3608 an
1851 3570 2068 3625 corpus

399 3651 668 3708 Christi?
724 3648 954 3718 Corpus
1007 3645 1208 3716 utique
1256 3643 1496 3712 (".hristi,
1566 3643 1667 3714 qui
1705 3646 1912 3698 auctor
1977 3647 2072 3700 est

402 3741 557 3797 cceli.
593 3739 814 3794 Deinde
845 3752 1055 3791 manna
1089 3733 1190 3806 qui
1220 3733 1613 3802 manducavit,
1636 3736 1907 3804 mortuus
1939 3737 2068 3788 est:

401 3831 504 3902 qui
532 3826 972 3884 manducavcrit
1005 3825 1124 3878 hoc,
1150 3838 1388 3893 corpus,
1422 3823 1519 3876 ﬁet
1551 3822 1603 3875 ei
1627 3822 1902 3877 remissio
1935 3838 2071 3893 pec-

403 3922 687 3984 catorum,
721 3918 779 3970 et
808 3931 925 3969 non
955 3913 1238 3968 morietur
1267 3912 1325 3965 in
1356 3914 1640 3965 aeternum
1663 3911 1774 3982 (De
1795 3911 2064 3982 Consec.,

403 4007 540 4062 dist.
574 4007 627 4073 2,
663 4022 715 4059 c.
749 4004 928 4069 Ante,
959 4001 990 4074 ἕ
1031 4001 1142 4067 Qui
1172 4000 1462 4068 manduc.)

473 4096 561 4151 25.
586 4093 746 4166 Ergo
761 4108 877 4147 non
893 4092 1080 4146 otiose
1095 4090 1244 4143 dicis
1258 4092 1318 4142 tu
1335 4087 1482 4158 (76);
1508 4088 1714 4157 Amen,
1729 4088 1850 4160 jam
1874 4089 1932 4143 in
1947 4091 2068 4160 spi-

401 4188 516 4242 ritu
535 4184 824 4240 conﬁtens
849 4179 1006 4253 quod
1029 4177 1286 4249 accipias
1311 4193 1529 4248 corpus
1543 4176 1782 4233 Christi.
1802 4179 2069 4234 Dicittibi

401 4345 632 4398 xorum,
651 4325 858 4400 quivel
884 4321 1744 4400 primoribuslabriselementa
1759 4322 2068 4400 religionis

401 4393 770 4468 delibaverit,
813 4393 929 4452 no'n
971 4396 1167 4468 statim
1206 4393 1560 4468 respondeat
1599 4394 1658 4446 in
1692 4393 2069 4468 Eucharistia

400 4475 516 4529 duo
547 4465 770 4538 inesse,
806 4469 1044 4540 signum
1077 4465 1350 4520 videlicet
1379 4481 1448 4518 ac
1497 4481 1620 4519 rem
1653 4466 2067 4540 signiﬁcatam,

401 4561 508 4600 seu
543 4538 978 4598 sacramentum
1012 4543 1065 4592 et
1096 4553 1217 4592 rem
1243 4551 1503 4592 sacram:
1537 4553 1788 4607 quorum
1820 4538 2066 4592 alterum

400 4617 583 4670 altero
625 4629 740 4670 non
781 4611 1116 4666 excluditur
1133 4610 1176 4683 ἱ)Δ
1198 4607 1485 4683 Qupcirca
1521 4604 1980 4683 Perroniiﬂﬁrma
2015 4617 2071 4665 et
2099 4604 2150 4664 D
2174 4604 2595 4683 busquihusih
2619 4604 2800 4666 missa

399 4687 630 4756 integra
664 4688 856 4738 manet
905 4679 1239 4756 responsio.
1273 4679 1436 4756 Quod
1483 4684 1676 4756 autem
1727 4679 2069 4756 Albertinus

403 4751 573 4812 Rcui.
595 4757 853 4809 editores
877 4753 1184 4806 adulterati
1213 4751 1465 4820 hujusce
1497 4751 1612 4804 loci
1638 4755 1750 4804 tam
1776 4751 2068 4807 invidiose

399 4827 719 4894 insimulat,
756 4827 1004 4895 primum
1042 4839 1322 4894 rogamus
1342 4822 1632 4895 undeipsi
1665 4826 1895 4876 anstet
1919 4839 2065 4878 mss.

398 4901 460 4953 in
490 4914 606 4969 quo
639 4893 868 4969 legatur
899 4897 961 4947 lit
1016 4896 1076 4969 in
1107 4893 1375 4964 ligurum,
1410 4893 1634 4969 nullum
1681 4899 1937 4969 exstare.
1976 4898 2066 4965 At,

399 4965 588 5040 inquit
620 4965 737 5040 ille,
761 4967 876 5040 alio
915 4965 1087 5040 modo
1112 4969 1223 5040 vet.
1253 4980 1458 5040 omnes
1496 4965 1871 5040 edit.uc_uncti
1895 4982 2066 5040 mss.,

400 5036 784 5105 Paschasius,
827 5038 1080 5107 denique
1123 5036 1435 5090 Durandus
1475 5039 1531 5090 et
1569 5037 1666 5089 alii
1703 5036 1896 5092 locum
1939 5037 2072 5092 effe-

400 5115 554 5167 runt.
599 5110 872 5166 Fatcmur
931 5108 1188 5178 quidem,
1252 5107 1356 5160 sed
1419 5109 1718 5178 corruptio
1767 5107 1880 5162 loci
1921 5109 2067 5164 adeo

400 5183 656 5240 celebris
696 5197 766 5236 eo
806 5180 1038 5233 videtur
1078 5179 1272 5232 minus
1314 5179 1659 5248 probabilis,
1685 5195 1800 5250 quo
1834 5179 2066 5234 facilius

401 5254 672 5311 convinci
693 5257 904 5324 potest.
927 5251 1226 5324 Addeinon
1250 5255 1362 5324 tam
1387 5256 1644 5324 atrocem
1669 5251 2067 5324 corruptionis

399 5321 713 5384 censuram
735 5325 812 5379 ibi
831 5322 1335 5394 afﬁigendam,ubi
1359 5321 1558 5374 verbis
1581 5337 1793 5394 parum
1807 5323 2064 5394 mutatis,

397 5399 606 5455 eadem
635 5397 923 5452 sententia
959 5393 1126 5464 plane
1175 5395 1472 5464 remanet:
1512 5393 1668 5462 quod
1701 5393 1936 5464 quidem
1967 5394 2064 5449 hic

396 5470 616 5528 factum
646 5484 784 5524 esse
817 5463 1004 5538 liquet
1029 5479 1101 5520 ex
1133 5463 1326 5538 dictis.

469 5543 582 5612 ('15)
612 5541 692 5597 Et
725 5533 1183 5612 discipulissuis
1204 5534 1262 5612 in_
1293 5534 1420 5612 sola
1451 5533 1588 5589 edit.
1627 5534 1795 5612 item.
1815 5540 2064 5604 praeter-

397 5605 652 5669 missum
679 5615 790 5666 est.
827 5605 981 5664 Infra
1005 5605 1178 5661 etiam
1209 5605 1309 5659 ubi
1341 5621 1547 5660 omnes
1577 5605 1714 5660 edit.
1751 5621 1882 5662 cum
1915 5625 2062 5664 mss.

399 5683 676 5762 omnibus
690 5682 904 5750 ferunt,
920 5693 1030 5762 pro
1051 5675 1910 5762 multis'cont‘ringetpr,eadem
1926 5679 2062 5762 edit.

401 5755 572 5816 Rom.
597 5754 675 5812 ita
710 5747 987 5825 correxit,
1019 5763 1128 5832 pro
1165 5747 1334 5806 vobis
1359 5747 1554 5832 datur,
1595 5747 1745 5810 forte
1778 5751 1841 5807 ut
1866 5755 2068 5815 αιιοιο.

2181 1963 2256 2014 tae
2275 1963 2542 2016 aeternae:
2578 1963 2634 2015 et
2665 1961 2917 2032 petimus
2949 1965 3004 2016 et
3036 1977 3368 2032 precamur,
3401 1966 3464 2018 ut
3501 1961 3829 2031 ἣρω-εωθ-

2180 2049 2398 2103 tionem
2422 2049 2719 2120 suscipias
2748 2049 2806 2104 in
2829 2050 3069 2104 sublimi
3091 2049 3257 2104 altari
3280 2054 3382 2105 tuo
3406 2065 3511 2121 per
3528 2066 3726 2104 manus
3742 2065 3830 2104 an-

2182 2137 2448 2209 gelorum
2469 2141 2722 2208 tuorum,
2739 2139 2894 2192 sicut
2909 2139 3218 2210 suscipere
3233 2140 3514 2212 dignatus
3528 2155 3592 2194 es
3609 2153 3830 2193 munera

2179 2227 2346 2296 pueri
2384 2227 2467 2281 tui
2495 2227 2644 2298 justi
2677 2228 2845 2298 Abel,
2881 2231 2938 2282 et
2975 2229 3336 2283 sacriﬁcium
3368 2229 3708 2300 patriarchae
3737 2239 3829 2282 n'o-

2179 2317 2287 2370 stri
2329 2315 2602 2386 Abrahae,
2646 2319 2702 2372 ct
2740 2317 2898 2389 quod
2937 2318 3040 2372 tibi
3082 2317 3292 2374 obtulit
3333 2333 3601 2374 summus
3639 2332 3826 2372 sacer-

2180 2405 2290 2459 dos
2331 2405 2798 2461 Melchisedech.

2249 2494 2338 2548 28.
2383 2494 2542 2566 Ergo
2581 2495 3052 2568 quotiescunque
3091 2496 3522 2569 accipis,qquid
3569 2495 3670 2550 tibi
3707 2493 3832 2550 dicit

2178 2583 2504 2652 Apostolus
2525 2586 2552 2638 ε’
2581 2583 3062 2656 Quotiescunque
3092 2585 3444 2658 accipimus,
3466 2589 3705 2641 mortem
3732 2584 3834 2638 De-

2179 2671 2318 2726 mini
2336 2673 2750 2726 annuntiamus
2765 2673 2877 2744 (De
2898 2674 3166 2743 Causea,
3184 2674 3322 2729 dist.
3342 2675 3396 2744 2,
3413 2691 3463 2729 c.
3480 2672 3831 2746 Jiquotiesc).

2179 2761 2242 2816 Si
2281 2765 2526 2816 mortem
2585 2763 3022 2830 annuntiamus,
3065 2760 3488 2818 annuntiamus
3543 2761 3832 2816 remissio-

2179 2865 2311 2904 nem
2332 2853 2726 2920 peccatorum.
2761 2851 2822 2906 Si
2854 2852 3327 2922 quotiescunque
3376 2850 3691 2906 effunditur
3717 2863 3836 2904 san-

2179 2937 2338 3010 guis,
2373 2941 2433 2992 in
2465 2941 2880 2994 remissionem
2911 2943 3288 3012 peccatorum
3325 2941 3630 3009 funditur;
3660 2938 3832 2994 debeo

2179 3027 2342 3081 illum
2371 3043 2608 3102 semper
2638 3029 2928 3100 accipere,
2960 3032 3024 3084 ut
3053 3045 3293 3100 semper
3323 3030 3466 3084 mihi
3500 3030 3730 3101 peccata
3757 3024 3834 3081 di-

2177 3116 2498 3172 mittantur.
2539 3116 2648 3182 Qui
2707 3133 2947 3189 semper
2991 3133 3196 3189 pecco,
3239 3133 3484 3190 semper
3521 3117 3704 3173 debeo
3738 3115 3836 3170 ha-

2176 3203 2320 3260 bere
2359 3205 2730 3260 medicinam.

2249 3292 2336 3350 29.
2379 3294 2614 3350 Interim
2654 3299 2710 3349 et
2750 3295 2922 3350 hodie
2963 3299 3244 3368 quantum
3281 3297 3612 3368 potuimus,
3655 3294 3838 3367 expla-

2176 3385 2482 3453 navimus;
2517 3385 2622 3438 sed
2655 3385 2912 3440 crastina
2942 3385 3034 3440 die
3066 3385 3322 3441 Sabbate
3364 3389 3422 3443 et
3454 3386 3746 3444 Dominica
3776 3383 3838 3437 de

2177 3473 2460 3528 orationis
2501 3473 2706 3528 ordine
2746 3474 3032 3544 dicemus,
3076 3475 3581 3546 quemadmodum
3635 3489 3840 3546 possu-

2175 3579 2329 3618 mus.
2355 3562 2640 3617 Dominus
2663 3563 2822 3617 Deus
2846 3567 3052 3618 noster
3071 3569 3398 3620 conservet
3416 3563 3589 3621 vobis
3608 3562 3837 3636 gratiam

2176 3644 2558 3723 quam'dedit,
2593 3655 2650 3706 et
2679 3651 2887 3707 oculos
2932 3667 3085 3724 quos
3124 3653 3297 3708 vobis
3329 3655 3589 3726 aperuit,
3619 3650 3838 3724 plenius

2175 3739 2505 3794 illuminare
2527 3740 2804 3812 dignetur
2819 3757 2927 3812 per
2947 3742 3316 3814 unigenitum
3335 3742 3557 3799 Filium
3575 3755 3742 3797 suum
3759 3753 3840 3792 re-

2175 3845 2310 3901 gem
2341 3846 2409 3882 ac
2439 3829 2794 3885 salvatorem
2837 3831 3152 3885 Dominum
3197 3831 3390 3887 Deum
3431 3834 3720 3901 nostrum,
3747 3841 3842 3898 per

2174 3934 2347 3989 quem
2381 3918 2518 3988 sibi,
2553 3923 2608 3972 et
2641 3935 2773 3974 cum
2805 3935 2922 3991 quo
2955 3919 3072 3974 sibi
3103 3923 3193 3974 est
3223 3920 3382 3991 laus,
3407 3921 3620 3990 honor,
3645 3915 3836 3992 gloria,

2175 4007 2630 4080 magniﬁcentia,
2665 4011 2928 4078 potestas
2953 4025 3086 4063 cum
3125 4008 3350 4080 Spiritu
3391 4013 3624 4080 sancto,
3663 4023 3695 4062 a
3731 4019 3840 4060 sae-

2175 4097 2348 4165 culis,
2409 4100 2465 4150 et
2523 4112 2700 4166 nunc,
2762 4101 2819 4152 et
2871 4113 3127 4168 semper,
3177 4102 3236 4153 et
3283 4098 3344 4154 in
3396 4101 3596 4154 omnia
3635 4092 3839 4152 saecula

2175 4185 2554 4240 smeulorum.
2589 4188 2796 4242 Amen.

2175 4327 2260 4382 ris
2327 4327 2774 4401 verhacanoni
2841 4328 3098 4401 liturgiae
3165 4329 3666 4401 accommodaret.
3732 4321 3836 4401 Sed

2177 4399 2448 4472 quamvis
2480 4399 2632 4454 idem
2668 4400 2764 4453 ille
2811 4395 3022 4472 canon',
3056 4403 3118 4455 ut
3149 4415 3351 4470 super.
3387 4417 3520 4472 cap.
3554 4399 3696 4455 etin
3727 4395 3839 4452 Ad-

2173 4468 2376 4525 monit.
2399 4470 2777 4524 observatum
2796 4474 2906 4534 est,
2925 4471 3020 4525 hic
3035 4468 3355 4539 referatur;
3376 4468 3515 4526 eum
3529 4475 3838 4524 tamennon

2173 4541 2441 4596 exhiberi
2465 4557 2656 4612 neque
2672 4543 2985 4665 integrum,
3005 4557 3196 4614 neque
3211 4542 3425 4596 iisdem
3439 4539 3838 4612 sempervoci-

2174 4613 2520 4665 busauihus
2539 4615 2595 4665 in
2619 4612 2800 4665 missa
2830 4613 2964 4665 ibus
2983 4613 3153 4665 libris
3169 4613 3444 4665 habetur.
3471 4612 3646 4665 facile
3669 4623 3838 4665 agno-

2830 4613 2964 4666 ibus
2983 4612 3153 4666 libris
3169 4613 3444 4681 habetur,
3471 4612 3646 4667 facile
3669 4623 3839 4681 agne-

2177 4679 2452 4754 scet,'qui
2475 4684 2682 4736 ambos
2711 4683 3042 4738 contulerit.
3065 4683 3230 4748 Quod
3255 4683 3345 4736 vel
3374 4679 3836 4751 inﬁdaejauct'oris

2174 4753 2385 4808 memoi
2405 4755 2494 4818 im,
2520 4753 2610 4808 vel
2637 4755 2898 4808 varietati
2917 4755 3183 4808 codicum
3204 4755 3617 4823 imputandum
3633 4756 3739 4808 est.

2247 4825 2518 4894 (76)Gill.
2551 4828 2608 4878 et
2659 4825 2826 4880 Rom.
2876 4825 3012 4879 edit.
3067 4841 3200 4878 cum
3245 4827 3456 4894 paucis
3512 4841 3683 4892 mss.,
3735 4836 3838 4894 non

2177 4891 2364 4950 otiose
2387 4913 2512 4949 cum
2535 4897 2772 4966 aeripis,
2803 4901 2864 4950 tu
2879 4895 3051 4960 dicis,
3071 4891 3306 4967 quidam
3331 4896 3492 4963 cod.,
3521 4891 3838 4967 respondes

2180 4973 2256 5030 lu,
2289 4969 2512 5030 Amen;
2555 4964 2791 5021 Am'erb.
2842 4971 3018 5036 atque
3075 4966 3244 5020 Erus.
3289 4983 3425 5020 cum
3481 4964 3638 5022 mss.
3677 4964 3842 5034 longe

2175 5038 2446 5108 plurimis
2493 5038 3052 5108 probatissimisque
3100 5039 3390 5104 omittunt,
3429 5054 3563 5092 cum
3607 5037 3836 5106 accipis.

2179 5109 2249 5164 Et
2269 5111 2546 5163 continuo
2587 5114 2738 5178 post,
2761 5108 2860 5162 ubi
2896 5109 3032 5163 edit.
3067 5123 3291 5170 omnes,
3319 5124 3388 5162 ac
3425 5109 3636 5178 plures
3673 5120 3834 5171 mss.,

2175 5181 2236 5234 in
2261 5181 2480 5254 Spiritu
2519 5180 2991 5254 coniitcnsz_alii
3039 5195 3186 5234 mss.
3229 5179 3458 5250 aliquot
3503 5178 3840 5254 praeferunt,

2173 5269 2234 5306 ιη
2259 5244 2477 5322 spiritu
2503 5249 2822 5306 conlidens.
2848 5250 3152 5322 Postremo
3173 5254 3306 5304 ante
3330 5244 3545 5319 voces,
3569 5250 3717 5322 dicit
3736 5244 3836 5322 tibi

2174 5317 2489 5394 sacerdos:
2509 5337 2654 5376 mss.
2671 5321 2932 5394 nonnulli
2951 5322 3326 5394 praemittunt,
3345 5336 3478 5394 eum
3498 5317 3561 5376 tu
3569 5317 3837 5394 petieris:

2175 5393 2332 5465 quod
2365 5393 2535 5448 abest
2561 5409 2595 5447 a
2639 5393 2905 5463 reliquis,
2939 5397 2996 5448 et
3043 5393 3182 5448 edit.
3215 5392 3520 5465 omnibus.
3553 5392 3838 5465 Caeterum

2173 5459 2290 5520 tam
2321 5465 2636 5535 perspicue
2666 5459 2983 5534 aperteque
3007 5465 3178 5535 panis
3199 5479 3270 5518 ac
3290 5463 3507 5535 viniin
3549 5474 3766 5532 corpus
3787 5459 3840 5535 et

2176 5532 2544 5608 sanguinein;
2567 5532 2789 5590 Christi
2831 5532 3170 5608 conversio,
3201 5538 3260 5608 et
3289 5533 3494 5604 realis,
3519 5538 3589 5608 ut
3613 5532 3820 5608 vocant

2176 5568 2527 5608 Βαιιδιιιιιῠιιι
2569 5568 2673 5590 υιιι
2690 5568 2789 5590 ιδιι
2831 5568 3170 5604 υυυνῦιοιυ,
3201 5568 3260 5590 σι
3291 5568 3494 5604 Ιῠαιιο,
3522 5568 3586 5590 ιιι
3623 5568 3820 5587 νυυυιιιυ

2173 5607 2510 5688 praesentia,
2533 5606 2645 5688 hoc
2664 5609 2796 5688 tot_o_
2824 5606 3358 5688 capite‘asserilur,
3395 5610 3462 5688 ut
3490 5607 3606 5688 qui.
3624 5568 3838 5688 aliquid

2174 5671 2228 5735 ei
2249 5679 2390 5735 novi
2418 5671 2658 5734 luminis
2689 5671 2914 5735 addere
2927 5677 3122 5748 vellet,
3143 5693 3262 5734 non
3283 5671 3441 5732 aliud
3465 5671 3665 5734 moliri
3684 5671 3838 5730 vide-

2173 5754 2355 5834 retur,
2390 5765 2566 5830 quem
2587 5751 2641 5809 si
2673 5750 2824 5810 alios
2852 5749 3054 5810 radios
3085 5750 3199 5811 soli
3228 5752 3428 5830 aptare
3461 5748 3772 5828 cogitaret.
