4024 6176
235 353 320 424 465
1343 353 1456 416 DE
1499 352 2102 418 SACRAMENTIS
2147 355 2305 419 LIB.
2353 348 2432 417 V.

230 539 3604 567 m

1411 703 1769 784 LIBER
1845 703 2409 795 QUINTUS.

625 1061 773 1126 373
811 1070 1065 1126 CAPUT
1088 1069 1412 1127 PRIMUM.

199 1177 452 1251 Primum
483 1178 707 1251 repetit
739 1178 890 1250 quod
923 1177 1052 1251 jam
1087 1184 1237 1251 ante
1275 1177 1493 1251 dictum
1525 1182 1616 1231 es't
1645 1191 1854 1251 saeraf

261 1249 460 1321 menti,
483 1247 658 1321 atque
689 1247 836 1303 adeo
866 1247 1057 1321 ipsius
1089 1248 1322 1303 Christi
1350 1248 1600 1321 ligurem
1630 1249 1692 1303 in
1711 1247 1857 1302 Mel-

262 1320 576 1392 chisedech
634 1320 892 1392 ejusque
923 1321 1224 1374 sacri/icio
1269 1320 1665 1392 prwcesisse:
1738 1325 1855 1373 tum

260 1391 543 1464 duplicem
577 1389 809 1464 causam
839 1407 948 1444 cur
967 1407 1112 1464 aqua
1144 1392 1204 1444 in
1225 1389 1410 1444 calice
1431 1390 1852 1460 admisceatur,

261 1463 319 1516 in
348 1463 604 1514 modium
631 1461 892 1532 profert.

261 1586 303 1639 l.
341 1586 670 1640 Hesternus
705 1602 902 1640 sermo
931 1589 1136 1641 noster
1165 1602 1233 1639 ac
1261 1589 1544 1640 tractatus
1566 1601 1756 1656 usque
1781 1585 1851 1639 ad

197 1675 367 1728 sancti
397 1674 604 1728 altaris
624 1679 993 1729 sacramenta
1013 1674 1300 1729 deductus
1325 1679 1435 1729 est.
1463 1674 1533 1728 Et
1555 1674 1847 1746 cognovi-

199 1779 314 1817 mus
336 1767 845 1819 sacramentorum
869 1765 1116 1818 istorum
1144 1763 1390 1834 figuram
1414 1763 1668 1817 Abi-aha:
1711 1767 1852 1816 tem-

199 1851 428 1920 poribus
477 1853 901 1922 przccessisse,
955 1852 1191 1922 quando
1237 1853 1447 1906 obtulit
1494 1852 1853 1906 sacriﬁcium

197 1944 422 1994 sanctus
446 1941 891 1996 Melchisedech
911 1941 1086 2009 (Gen.
1114 1958 1232 2008 xxv,
1263 1941 1368 2011 18),
1391 1956 1580 2012 neque
1599 1941 1848 2010 initium,

195 2044 366 2100 neque
404 2031 586 2084 tinem
637 2029 864 2084 habens
916 2029 1142 2084 dierum
1175 2028 1385 2098 (Hebr.
1411 2047 1510 2098 vn,
1545 2029 1621 2098 3).
1675 2029 1848 2098 Audi,

194 2117 370 2187 homo,
402 2118 550 2189 quid
602 2119 757 2172 dicat
789 2119 1005 2172 Paulus
1052 2119 1363 2188 apostolus
1409 2119 1482 2172 ad
1535 2118 1847 2173 Hebraeos.

195 2205 294 2259 Ubi
311 2211 444 2261 sunt
466 2208 572 2278 qui
597 2207 803 2262 Filium
829 2208 931 2262 Dei
951 2208 1153 2262 dicunt
1173 2223 1312 2262 esse
1340 2207 1411 2262 de
1451 2210 1714 2280 tempore
1737 2207 1850 2277 (7'7)

193 2294 670 2350 Melchisedech?
727 2296 954 2350 Dictum
1003 2299 1114 2366 est,
1165 2297 1303 2367 quia
1353 2311 1544 2368 neque
1593 2296 1846 2364 initium,

191 2399 363 2453 neque
395 2385 577 2439 tinem
623 2384 852 2439 dierum
899 2384 1112 2438 habet:
1149 2385 1200 2438 si
1255 2384 1695 2439 Melchisedech
1728 2401 1846 2439 non
1885 2369 1932 2429 Β

191 2470 346 2526 habet
369 2472 604 2527 initium
626 2473 875 2541 dierum,
900 2489 1040 2527 num
1063 2473 1338 2528 Christus
1376 2473 1594 2528 habere
1617 2473 1848 2544 potuit?

190 2559 290 2614 Sed
321 2577 436 2615 non
467 2563 568 2615 est
600 2561 732 2632 plus
766 2562 957 2634 figura
986 2578 1162 2634 quam
1193 2563 1433 2616 veritas.
1489 2563 1667 2618 Vides
1701 2579 1846 2634 ergo

189 2648 310 2718 quia
339 2649 468 2720 ipse
499 2650 733 2720 primus
755 2653 810 2704 et
831 2651 1200 2704 novissimus
1221 2652 1423 2722 (Apoc.
1449 2669 1487 2720 ι,
1511 2651 1586 2716 8).
1611 2651 1846 2706 Primus

191 2737 312 2807 quia
359 2742 575 2793 auctor
622 2742 714 2794 est
758 2739 1058 2794 omnium:
1111 2740 1479 2794 novissimus
1527 2739 1668 2810 (78),
1730 2756 1848 2794 non

189 2826 329 2896 quod
345 2827 528 2882 tinem
553 2827 830 2896 inveniat,
865 2827 972 2881 sed
1005 2827 1159 2898 quod
1196 2828 1472 2882 universa
1511 2827 1843 2882 concludat.

249 2915 296 2969 ‘2.
333 2916 610 2970 Diximus
641 2932 787 2987 ergo
819 2915 975 2988 quod
1009 2916 1066 2970 in
1116 2916 1282 2970 altari
1313 2916 1704 2970 constituatur
1754 2933 1848 2970 ca-

189 3002 258 3056 lix
279 3006 332 3058 et
357 3004 562 3074 panis.
597 3004 658 3058 ln
690 3004 934 3058 calicem
965 3005 1105 3076 quid
1142 3005 1434 3058 mittitur?
1467 3003 1676 3059 Vinum
1712 3001 1863 3074 (79).

191 3090 249 3145 Et
287 3093 421 3164 quid
471 3093 689 3147 aliud?
736 3093 904 3164 Aqua
955 3093 1066 3164 (De
1119 3093 1387 3164 Consec.,
1423 3093 1559 3148 dist.
1593 3095 1645 3163 ‘2,
1697 3110 1748 3148 c.
1786 3093 1852 3148 In

188 3180 454 3250 calicem).
491 3181 614 3236 Sed
650 3186 708 3236 tu
759 3181 899 3235 mihi
931 3182 1118 3236 dicis:
1166 3181 1472 3246 Quomodo
1505 3198 1650 3255 ergo
1702 3183 1852 3238 Mel-

193 3269 496 3324 chisedech
539 3286 746 3341 panem
781 3277 836 3324 et
866 3271 1068 3325 vinum
1100 3271 1353 3326 obtulit?
1381 3271 1532 3336 Quid
1579 3271 1696 3326 sibi
1728 3272 1853 3326 vult

188 3359 444 3414 admistio
474 3361 701 3430 aquae?
735 3359 1040 3414 Raiionem
1072 3360 1295 3430 accipe.

248 3447 296 3500 3.
331 3447 598 3502 Primum
649 3448 910 3502 omnium
942 3449 1130 3519 ﬁgura
1181 3465 1313 3519 quae
1357 3452 1488 3504 ante
1539 3449 1854 3519 praecessit

190 3536 434 3606 tempore
469 3535 690 3607 Moysi,
727 3537 865 3608 quid
899 3537 1122 3592 habet?
1167 3537 1312 3602 Quia
1345 3554 1475 3592 cum
1525 3539 1713 3592 sitiret
1744 3554 1851 3610 po-

192 3625 349 3693 pulus
413 3625 784 3695 Judaeorum,
846 3627 900 3680 et
967 3630 1360 3681 murmuraret
1417 3627 1573 3698 quod
1641 3641 1852 3698 aquam

1887 1027 1942 1088 Α
1976 1058 2078 1098 eos
2107 1043 2218 1114 (80)
2247 1049 2459 1115 petra:
2488 1049 2662 1116 petra
2695 1052 2890 1100 autem
2923 1051 3054 1100 erat
3091 1043 3370 1099 Christus
3405 1044 3464 1116 (I
3503 1045 3640 1100 Cor.

1975 1151 2033 1204 x,
2068 1134 2144 1201 4).
2180 1133 2313 1188 Non
2361 1134 2682 1188 immobilis
2713 1138 2878 1206 petra
2927 1150 3060 1206 qua:
3110 1133 3390 1205 populum
3423 1149 3643 1205 seque-

1971 1221 2164 1276 batur.
2202 1223 2271 1277 Et
2300 1227 2360 1278 tu
2418 1223 2578 1292 bibe,
2614 1227 2675 1278 ut
2734 1227 2787 1278 te
2819 1223 3094 1278 Christus
3153 1225 3456 1294 sequatur.
3496 1222 3643 1278 Vide

1972 1312 2338 1381 mysterium.
2401 1312 2663 1382 Moyses,
2726 1313 2838 1367 hoc
2897 1315 3032 1382 est,,
3067 1311 3389 1383 propheta:
3451 1310 3640 1383 virga,

1971 1407 2084 1462 hoc
2124 1413 2235 1478 est,
2300 1409 2556 1488 verbum.
2607 1409 2732 1464 Dei.
2767 1401 2918 1466 374
2943 1411 3236 1465 Sacerdos
3295 1409 3479 1464 verbo
3535 1408 3644 1464 Dei

1968 1497 2154 1569 tangit
2189 1501 2432 1568 petram,
2467 1503 2522 1552 et
2573 1499 2697 1552 tluit
2726 1515 2896 1570 aqua,
2950 1502 3005 1552 ct
3036 1499 3184 1552 bibit
3226 1497 3481 1569 populus
3513 1497 3639 1553 Dei.

1969 1585 2182 1658 Tangit
2215 1603 2360 1658 ergo
2391 1587 2698 1656 sacerdos,
2733 1587 3021 1642 redundat
3051 1604 3202 1658 aqua
3233 1587 3292 1640 in
3323 1586 3526 1655 calice,
3548 1602 3644 1642 sa-

1968 1674 2034 1728 lit
2063 1675 2121 1728 in
2155 1676 2334 1730 vitam
2365 1680 2665 1746 aeternam,
2701 1681 2756 1730 et
2778 1676 2926 1730 bibit
2955 1676 3211 1747 populus
3245 1676 3370 1746 Dei,
3402 1677 3504 1748 qui
3536 1675 3642 1732 Dei

1971 1764 2218 1836 gratiam
2253 1769 2614 1820 consecutus
2648 1768 2758 1820 est.
2795 1765 3063 1819 Didicisti
3095 1781 3240 1837 ergo
3271 1765 3403 1820 hoc.

2039 1871 2337 1943 4.,Accipe
2356 1876 2412 1926 et
2439 1873 2617 1927 aliud.
2653 1873 2718 1928 In
2750 1876 3012 1943 tempore
3047 1873 3371 1928 Dominicae
3400 1872 3640 1942 passio-

1969 1961 2063 2014 nis
2094 1976 2226 2014 cum
2259 1961 2580 2016 Sabbatum
2613 1979 2891 2034 magnum
2925 1963 3190 2032 instaret,
3236 1963 3371 2034 quia
3405 1961 3642 2016 vivebat

1971 2049 2256 2105 Dominus
2281 2055 2486 2105 noster
2507 2051 2688 2105 Jesus
2711 2051 2988 2106 Christus
3027 2052 3119 2105 vel
3152 2051 3434 2120 latrones,
3469 2049 3640 2105 missi

1968 2143 2106 2192 sunt
2136 2140 2234 2209 pui
2283 2143 2658 2209 percuterent
2696 2156 2838 2196 eos:
2889 2141 3196 2195 venientes
3243 2143 3437 2194 autem
3477 2140 3642 2194 inve-

1966 2231 2178 2282 nerunt
2195 2227 2537 2284 defunctum
2563 2230 2873 2284 Dominum
2900 2230 3104 2284 Jesum
3127 2229 3428 2284 Christum
3454 2244 3468 2296 ;
3499 2230 3640 2282 tunc

1967 2333 2122 2372 unus
2154 2317 2225 2371 de
2259 2317 2542 2372 militibus
2563 2319 2764 2372 lancea
2787 2318 2974 2390 tetigit
2995 2318 3150 2373 latus
3168 2317 3303 2390 ejus
3333 2317 3467 2387 (81),
3489 2319 3546 2372 et
3566 2317 3639 2371 de

1969 2405 2148 2460 latere
2183 2405 2316 2478 ejus
2363 2423 2514 2478 aqua
2563 2407 2730 2462 ﬂuxit
2770 2411 2825 2462 et
2855 2407 3104 2480 sanguis
3143 2407 3334 2476 (Joan.
3367 2423 3492 2471 xix,
3539 2405 3630 2474 33,

1969 2495 2081 2559 3t).
2112 2496 2302 2558 Quare
2334 2511 2482 2566 aqua
2506 2499 2534 2550 ?
2565 2512 2746 2566 quare
2777 2496 3071 2568 sanguis?
3111 2499 3298 2567 Aqua,
3339 2497 3403 2550 ut
3433 2510 3637 2550 emun-

1971 2584 2172 2638 daret:
2237 2585 2509 2656 sanguis,
2572 2589 2633 2639 ut
2664 2585 2995 2640 redimeret.
3057 2585 3248 2649 Quare
3278 2583 3350 2638 de
3406 2583 3638 2640 latere?

1971 2674 2114 2738 Quia
2148 2674 2300 2728 unde
2335 2675 2525 2744 culpa,
2559 2674 2693 2729 inde
2723 2675 2931 2748 gratia.
2983 2673 3166 2744 Culpa
3195 2689 3302 2744 per
3333 2672 3631 2740 feminam,

1969 2763 2166 2832 gratia
2193 2779 2306 2834 per
2337 2763 2644 2817 Dominum
2675 2764 2874 2819 Jesum
2910 2763 3214 2818 Christum
3255 2761 3443 2832 (Joan.
3485 2779 3524 2829 ι,
3551 2760 3640 2831 17)

1971 2851 2081 2914 (De
2116 2850 2383 2907 Consec..
2418 2852 2555 2907 dist.
2588 2853 2640 2924 2,
2677 2869 2728 2907 c.
2764 2853 2830 2906 In
2860 2851 3284 2922 calicem,§De
3305 2850 3544 2920 latere).

2626 2977 2881 3032 CAPUT
2912 2977 2980 3031 ll.

1973 3101 2462 3168 Quemadmodum
2495 3102 2593 3174 qui
2622 3103 2937 3174 mundatus
2967 3101 3170 3174 fuerit,
3199 3106 3256 3154 et
3285 3100 3347 3154 in
3360 3099 3584 3154 vitetur
3604 3116 3636 3174 a_

2045 3175 2308 3240 Christo,
2343 3180 2402 3228 et
2452 3170 2579 3244 ip'se
2627 3174 2702 3228 ad
2749 3172 3230 3227 inaestimabilem
3271 3170 3637 3244 sacramenti

2041 3245 2396 3316 suavitatem
2428 3242 2674 3316 aspiret,
2711 3246 2963 3316 mystica
2996 3243 3371 3316 quorumdam
3413 3258 3444 3296 e
3479 3242 3636 3296 Can-

2044 3318 2182 3370 ticis
2208 3315 2466 3371 locorum
2493 3314 3382 3387 interpretationeostenditur,

2041 3445 2095 3498 5.
2124 3441 2348 3497 Venisti
2379 3442 2450 3496 ad
2481 3442 2682 3510 altare,
2715 3444 2888 3496 vocat
2921 3444 2973 3495 te
3007 3439 3293 3495 Dominus
3317 3438 3518 3507 Jesus,
3540 3436 3633 3492 vel

1967 3532 2222 3586 animam
2251 3535 2430 3601 tuam,
2465 3533 2558 3586 vel
2590 3531 2940 3600 Ecclesium,
2973 3534 3030 3585 et
3059 3530 3169 3584 ait:
3209 3527 3524 3583 Osculetur
3540 3542 3635 3581 me

1967 3622 2042 3677 ab
2093 3621 2312 3676 osculis
2359 3621 2486 3676 oris
2515 3621 2611 3676 sui
2653 3620 2848 3690 (Cant.
2883 3637 2922 3689 ι,
2959 3619 3030 3690 1).
3083 3619 3186 3674 Vis
3217 3617 3290 3672 ad
3333 3615 3634 3670 Christum

193 3689 440 3769 invenire
473 3731 598 3769 non
627 3689 898 3785 possent,
943 3713 1130 3785 jussit
1187 3715 1346 3768 Dens
1381 3689 1572 3786 ltloysi
1628 3689 1850 3769 ut-tan-
1885 3689 1936 3752 ο
1967 3714 2166 3782 aptare
2187 3713 2216 3764 ?
2247 3710 2408 3765 Nihil
2439 3689 2690 3782 gratius.
2723 3709 2828 3764 Vis
2859 3709 2938 3763 ud
2987 3689 3238 3763 animam
3269 3707 3473 3762 tuam?
3524 3703 3632 3758 Νί-

193 3807 340 3873 geret
370 3807 600 3874 petram
631 3803 703 3858 de
734 3804 924 3874 virga.
959 3803 1175 3874 Tetigit
1206 3807 1449 3874 petram,
1485 3807 1538 3858 et
1569 3807 1732 3875 petra
1753 3821 1852 3858 un-

192 3889 309 3946 dam
338 3893 656 3946 maximam
689 3891 837 3946 fudit
867 3892 1084 3961 (Exod.
1121 3909 1262 3961 xvn,
1293 3894 1369 3961 6),
1404 3893 1559 3948 sicut
1592 3894 1849 3964 Aposto-

193 3977 276 4032 lus
303 3981 413 4034 ait:
451 3981 756 4035 Bibebant
805 3987 998 4034 autem
1049 3981 1124 4035 de
1155 3981 1420 4052 spiritali
1466 3981 1852 4053 consequenti

252 4122 362 4196 (7A7)
392 4123 614 4196 rEras,
643 4126 700 4178 et
730 4138 860 4194 seq.
907 4123 1068 4196 edit.,
1125 4139 1261 4179 esse
1291 4124 1366 4179 de
1416 4127 1725 4196 tempore?
1773 4125 1848 4180 de

193 4190 649 4260 Melchisedech,
683 4197 795 4248 etc.
820 4190 1067 4248 'Amerb.
1103 4199 1159 4248 et
1203 4212 1373 4264 mss.,
1408 4190 1547 4250 esse
1592 4196 1666 4250 de
1699 4201 1848 4252 tem-

187 4279 320 4333 pore
340 4265 368 4318 ?
397 4265 869 4319 Melchisedech.
891 4271 1001 4319 etc.
1023 4266 1136 4320 Sed
1164 4265 1630 4336 interpunctione
1655 4268 1850 4322 minus

196 4337 507 4390 commoda.
541 4336 854 4390 Credimus
885 4340 1076 4390 autem
1109 4337 1182 4390 ab
1215 4341 1455 4392 auctore
1478 4341 1682 4393 nostro
1715 4338 1851 4392 illos

195 4402 497 4479 haereticos
531 4406 858 4478 designari,
895 4407 996 4477 qui
1043 4407 1605 4463 Melchisedechiani
1655 4410 1852 4479 appel-

195 4473 282 4528 lati
311 4483 468 4532 sunt.
508 4479 582 4531 lli
613 4473 984 4532 sacerdotem
1016 4479 1176 4532 illum
1209 4480 1482 4532 eximiam
1530 4479 1632 4533 Dei
1663 4473 1852 4534 virtu-

196 4549 299 4621 tem
329 4548 519 4621 fuisse
551 4549 914 4611 dictitabant.
951 4550 1262 4604 etChristo
1282 4551 1412 4621 ipso
1437 4566 1570 4604 cum
1591 4555 1854 4621 tempore

201 4618 314 4670 tum
339 4619 624 4691 dignitate
655 4621 1145 4691 praestantiorem,
1180 4616 1318 4674 cum
1335 4616 1609 4676 Christus
1657 4616 1855 4676 multis

202 4693 322 4754 post
351 4690 598 4744 saeculis
629 4694 876 4744 exortus
935 4690 1205 4761 ejusdem
1236 4692 1588 4746 sacerdotali
1646 4693 1853 4746 ordine

199 4763 426 4832 ornatus
457 4763 557 4816 sit.
594 4761 816 4815 Horum
849 4777 1087 4815 errores
1125 4762 1488 4832 Epiphanius
1537 4763 1756 4818 haeresi
1785 4765 1856 4817 35

197 4830 362 4906 refert
390 4848 459 4885 ac
500 4833 768 4906 refellit:
810 4833 1072 4906 brevius
1091 4830 1285 4906 autem
1336 4835 1683 4906 perstringit
1727 4839 1852 4890 Au-

202 4902 461 4968 gustinus
496 4904 556 4956 in
589 4903 787 4957 lndice
810 4904 1029 4957 haeresi
1051 4904 1139 4958 3’1.

262 4970 368 5038 (Ἷὸ)
398 4973 666 5038 Primus,
694 4975 826 5045 quia
845 4981 1050 5028 auctor
1073 4981 1164 5028 est
1183 4975 1434 5029 omnium
1451 4996 1467 5030 :
1493 4975 1856 5031 novissimus

203 5037 316 5116 haec
343 5045 406 5116 in
431 5060 580 5116 mss.
617 5037 766 5112 pene
796 5046 1098 5116 universis
1131 5047 1671 5116 praetermittuntur.

261 5113 364 5182 ('19)
396 5115 544 5190 Mss.
577 5117 819 5190 aliquot,
856 5119 918 5170 in
949 5113 1153 5190 calit'e,
1189 5120 1440 5190 inquam,
1463 5119 1726 5190 mittitur
1763 5118 1852 5172 vi-

206 5197 359 5238 num:
415 5186 512 5239 alii
575 5187 742 5240 multi
774 5192 830 5241 et
860 5190 976 5242 vet.
1009 5188 1173 5252 edit.,
1209 5186 1280 5242 ιη’
1325 5188 1530 5244 calice.
1593 5187 1762 5242 Erus.
1796 5192 1852 5242 et

205 5251 324 5329 ριιιτ
341 5257 400 5329 in
422 5257 688 5329 calicem,
711 5257 932 5329 inquit;
953 5251 1215 5313 mittitur
1245 5260 1457 5314 vinum.
1482 5261 1626 5314 Cum
1659 5263 1851 5313 autem

205 5322 328 5400 illud
361 5327 546 5399 inquit
581 5322 750 5401 item.
787 5322 1129 5384 editoribus
1163 5331 1370 5384 merito
1419 5331 1848 5401 displicuisset,

207 5407 384 5483 tpsum
413 5400 644 5483 prepria
673 5401 1053 5483 tapcloritate.
1075 5401 1424 5483 jugulat-unt
1449 5418 1460 5456 :
1513 5400 1622 5483 sed
1651 5417 1851 5455 veram

209 5461 496 5540 [action-72m
517 5461 646 5524 cod.
669 5471 922 5526 Clarom.
961 5461 1432 5540 nobisi-estituit,
1469 5475 1532 5526 ut
1563 5472 1620 5526 in
1664 5477 1848 5526 textu.

211 5531 282 5614 βε)
308 5553 474 5614 aquae
512 5557 686 5614 porro
737 5542 1032 5614 mistione,
1080 5560 1256 5614 quam
1287 5531 1494 5598 reticet
1534 5544 1594 5597 in
1624 5543 1724 5597 lib.
1777 5543 1852 5597 de

213 5603 913 5680 Mysteriis'Ambrosius,
947 5603 1044 5667 alii
1078 5603 1342 5684 plerique
1378 5617 1610 5668 Patrum
1653 5615 1726 5667 ita
1761 5614 1851 5668 lo-

213 5684 468 5756 qunptur,
501 5687 558 5736 ut
591 5700 720 5756 eam
751 5700 783 5736 a
813 5684 1051 5756 Christo
1085 5685 1216 5756 ipso
1248 5687 1572 5756 institutam
1603 5701 1742 5739 esse
1773 5685 1853 5739 si-

219 5749 471 5828 gniﬁcent
496 5759 600 5828 :‘ut
628 5754 922 5828 Jrenmus,
956 5755 1060 5811 lib.
1095 5749 1173 5823 iv,
1211 5773 1337 5827 cap.
1369 5755 1477 5824 5'7;
1524 5755 1854 5828 Cyprianus

218 5821 367 5886 ePist.
389 5821 476 5891 63,
502 5823 555 5880 ει
575 5841 650 5882 ex
671 5826 876 5882 eadem
901 5821 1298 5902 Augustinus,
1320 5827 1420 5882 lib.
1446 5821 1524 5900 iv,
1557 5821 1630 5884 de
1650 5828 1852 5883 Uoctr.

1966 3801 2048 3855 hil
2073 3799 2418 3872 jucundius.

2037 3887 2096 3944 6.
2140 3887 2452 3944 Osculetur
2479 3905 2591 3944 me.
2636 3889 2819 3944 Vides
2848 3892 2903 3944 te
2933 3889 3047 3960 (82)
3077 3887 3358 3943 mundum
3390 3901 3530 3941 esse
3557 3884 3631 3939 ab

1967 3979 2126 4036 omni
2169 3982 2429 4050 peccato,
2481 3978 2582 4049 qui
2627 3977 2838 4033 delicta
2883 3978 3115 4034 detersa
3149 3980 3326 4047 sunt;
3379 3975 3511 4032 ideo
3543 3978 3632 4031 te-

1969 4123 2198 4176 Christ.
2233 4137 2360 4193 cap.
2395 4120 2494 4193 2t,
2518 4121 2657 4175 item
2689 4121 2908 4176 Punica
2941 4121 3209 4193 synodus
3240 4139 3320 4190 ιιι,
3356 4121 3626 4193 can._?.t:

1966 4194 2190 4266 quibus
2216 4189 2431 4266 addere
2461 4192 2599 4247 licet
2625 4193 2824 4266 varias
2857 4189 3156 4266 Litu'rgias
3188 4189 3413 4260 JacObi,
3450 4189 3631 4266 Marci

1967 4263 2193 4332 Basilii,
2227 4263 2660 4334 Chrysostomi,
2695 4267 2751 4318 et
2783 4281 2912 4320 cum
2946 4263 3053 4320 his'
3077 4266 3504 4320 Damascenum
3525 4263 3627 4334 lib.

1969 4353 2026 4389 IV
2056 4336 2130 4390 de
2163 4335 2279 4390 tide
2333 4333 2503 4389 Orth.
2566 4335 2630 4389 In
2662 4335 2774 4390 hoc
2831 4338 3022 4390 autem
3055 4336 3305 4390 dissidet
3363 4333 3631 4389 Ecclesia

1967 4405 2390 4478 Orientalisab
2420 4405 2802 4475 Occidentali,
2837 4408 2994 4478 quod
3027 4408 3123 4462 illa
3170 4407 3264 4460 bis
3294 4421 3505 4476 aquam
3532 4405 3631 4478 in-

1969 4478 2180 4546 fundit,
2217 4477 2405 4544 calici,
2439 4493 2647 4546 nempe
2680 4473 3026 4548 priusquam
3086 4473 3490 4548 consecretur,
3524 4473 3631 4528 fri-

1972 4545 2188 4620 gidam,
2222 4545 3082 4619 priusquam’cofnmun‘icetur,
3111 4548 3386 4620 calidam.
3439 4545 3632 4600 Caete-

1971 4619 2100 4675 rum
2159 4622 2333 4674 etiam
2386 4620 2622 4690 inerunt
2682 4621 2965 4689 haeretici,
3023 4619 3120 4690 qui
3173 4619 3631 4690 solanraquam

1973 4691 2296 4745 censebant
2325 4689 2680 4744 olim-endam
2709 4707 2720 4745 :
2765 4689 3102 4761 degquibus
3131 4691 3318 4742 adisis
3365 4689 3634 4761 Clemen-

1970 4767 2085 4816 tem
2120 4763 2288 4816 Alex.
2325 4765 2607 4815 Stromat.
2643 4761 2744 4814 lib.
2781 4777 2818 4828 ι,
2851 4759 3158 4824 Irenaeum,
3192 4761 3292 4814 lib.
3325 4778 3383 4828 v,
3415 4775 3543 4829 cap.
3579 4759 3631 4827 1,

1972 4833 2509 4904 Augustinum,dc
2546 4831 2920 4904 illaerest'hus,
2977 4848 3103 4902 cap.
3135 4832 3236 4887 7’1:
3290 4832 3634 4886 Theodore-

1973 4901 2114 4968 tuni,
2151 4903 2352 4956 Ihm-et
2386 4903 2568 4956 t'alml.
2605 4919 2731 4972 cap.
2765 4901 2854 4972 ‘20,
2889 4907 2945 4958 et
2973 4901 3143 4958 alios.

1889 5009 1942 5069 Β
2042 4974 2340 5069 (δολιςᾱίιι.
2374 4977 2495 5069 vet;
2525 4978 2580 5027 et
2627 4989 2774 5069 m’ss.
2816 4975 2998 5029 multo
3031 4975 3251 5069 plures,
3304 4975 3634 5069 del‘ponse-

1975 5046 2178 5118 quenti
2202 5052 2377 5118 petra
2391 5064 2425 5118 ..ᾗ
2441 5045 2621 5118 item.
2655 5045 2728 5118 de
2751 5047 3138 5118 consequenti
3183 5063 3324 5110 eos;
3379 5046 3634 5118 (illarum.

1973 5115 2030 5172 ét
2058 5115 2323 5188 nonnulli
2353 5115 2473 5184 alii,
2509 5116 2584 5170 de
2603 5117 2886 5186 spiritali,
2919 5115 3070 5174 e’tc.:
3119 5119 3276 5188 quod
3308 5117 3637 5188 apostolico

1971 5187 2152 5242 textui
2187 5188 2380 5255 magis
2412 5189 2707 5255 congruit.
2743 5188 2898 5244 Idem
2933 5187 3411 5244 autem’Clarom.
3446 5187 3638 5242 conti-

1973 5262 2253 5332 nuopost
2285 5258 2446 5332 legit,
2483 5258 2728 5332 Moyses
2775 5262 3065 5332 propheta
3119 5261 3310 5332 virga,
3364 5261 3474 5315 hoc
3520 5267 3634 5328 est,

1979 5329 2161 5403 verbo
2179 5329 2301 5403 _Dei
2333 5329 2616 5403 sacerdos
2636 5329 2825 5403 tangit
2838 5329 3089 5403 petram,
3118 5329 3229 5386 etc.

2040 5401 2154 5469 (8|)
2179 5401 2348 5454 Rom.
2383 5402 2542 5455 edit..
2578 5402 2709 5473 quia
2737 5401 3034 5472 pendebat
3077 5401 3641 5473 I)ominus..,iinter

1973 5471 2256 5545 latrones,
2292 5472 2464 5524 missi
2493 5471 2761 5545 suntqui
2782 5480 3171 5545 percuterent
3203 5491 3398 5528 eum...
3420 5472 3637 5545 lancea

1971 5542 2284 5614 latusqjus
2315 5544 2579 5614 aperuit;
2611 5543 2742 5598 alia":
2775 5542 2844 5599 ac
2875 5562 3024 5600 mss.
3061 5561 3266 5599 omnes
3299 5547 3360 5597 ut
3415 5542 3476 5595 in
3505 5543 3637 5614 tex-

1973 5619 2054 5681 tu,
2089 5610 2204 5666 nisi
2237 5610 2392 5689 quo-il
2425 5615 2570 5668 Tell.
2605 5631 2760 5669 unus
2793 5616 2955 5689 legit,
2983 5619 3376 5688 perculerant
3419 5628 3520 5665 eos
3556 5610 3638 5663 vi-

1978 5691 2206 5749 ventes,
2243 5686 2621 5750 invenerunt,
2659 5690 2769 5740 etc.

2045 5757 2156 5821 (8'2)
2188 5755 2406 5810 Omnes
2439 5757 2602 5822 edit.,
2649 5756 2818 5810 Videt
2851 5762 2940 5821 te;
2988 5771 3194 5811 omnes
3243 5770 3416 5822 mss.,
3459 5751 3639 5807 Vides

1979 5833 2056 5883 te.
2090 5828 2163 5882 At
2192 5832 2328 5898 post
2349 5843 2534 5900 pauca
2557 5827 2657 5882 ubi
2685 5830 2800 5884 vet.
2834 5828 2972 5884 edit.
3006 5844 3140 5884 cum
3169 5843 3316 5884 mss.
3351 5841 3468 5884 non
3499 5824 3641 5883 mul-
