4024 6176
366 315 489 386 467

1819 320 1886 386 S.
1931 319 2374 386 AMBROSII.

3669 331 3780 394 468

371 519 757 578 sacramentis
791 518 1146 576 coelestibus
1177 520 1422 593 dignum
1448 520 1675 592 judicat
1706 524 1762 576 et
1793 522 1924 577 ideo
1957 522 2040 576 in-
2078 507 2130 564 Α
2225 523 2595 596 ng/ybtinea
2615 525 2852 596 serritp
2879 524 3136 580 reduces
3170 527 3232 580 in
3253 526 3358 580 bac
3383 537 3509 581 esea
3541 530 3778 584 sentiant

369 613 514 665 vitat
539 611 611 664 ad
644 610 885 665 cmleste
927 611 1298 666 convivium:
1355 610 1670 666 Osculetur
1697 627 1788 665 me
1838 612 1912 666 ab
1943 627 2035 666 os-

372 699 522 754 culis
552 699 679 754 oris
707 700 802 754 sui
807 741 820 754 .

441 789 494 842 7.
537 788 757 844 Tamen
790 792 1032 861 propter
1071 791 1380 862 sequentia
1418 790 1610 844 anima
1643 792 1758 858 tua,
1798 790 1888 843 vel
1921 789 2034 844 hu-

371 894 542 933 mana
573 879 852 949 conditio,
885 879 979 934 vel
1011 879 1282 934 Ecclesia
1310 879 1522 935 videns
1552 895 1622 933 se
1653 879 1726 932 ab
1761 879 2036 934 omnibus

373 968 650 1023 mundata
698 983 836 1022 esse
867 969 1146 1038 peccatis,
1197 972 1254 1023 et
1283 969 1522 1042 dignam
1568 984 1701 1039 quae
1735 968 1807 1020 ad
1857 967 2037 1023 altare

373 1057 594 1112 Christi
624 1056 818 1128 possit
847 1058 1131 1112 accedere
1161 1058 1329 1129 (quid
1361 1063 1451 1112 est
1482 1057 1637 1112 enim
1667 1057 1870 1126 altare,
1922 1057 2039 1111 nisi

372 1147 562 1202 forma
593 1146 862 1217 corporis
894 1145 1112 1202 Christi
1142 1147 1256 1218 (83)
1287 1147 1434 1201 vidit
1465 1147 1832 1201 sacramenta
1867 1147 2040 1200 mira-

373 1245 533 1315 bilia,
555 1244 704 1300 etait
728 1259 740 1299 :
781 1243 1094 1299 Oseuletur
1121 1261 1214 1299 me
1237 1244 1310 1300 ab
1334 1245 1552 1300 osculis
1581 1237 1728 1302 375
1757 1249 1884 1302 oris
1927 1248 2036 1314 sui,

374 1333 490 1389 hoc
521 1335 632 1403 est,
665 1333 936 1388 osculum
968 1333 1109 1388 mihi
1141 1333 1416 1389 Christus
1450 1336 1672 1408 inligat.

445 1423 500 1478 8.
521 1421 760 1488 Quare?
792 1421 935 1487 Quia
965 1422 1211 1478 meliora
1244 1423 1425 1479 ubera
1476 1432 1571 1479 tua
1604 1443 1784 1498 super
1845 1427 2038 1480 riuum

377 1512 572 1582 (Cant.
607 1529 646 1581 ι,
681 1511 732 1580 1)
759 1527 772 1580 ;
807 1511 920 1567 hoc
952 1515 1062 1582 est,
1097 1512 1376 1568 meliores
1407 1531 1650 1584 sensus,
1682 1515 1926 1570 meliora
1949 1531 2044 1569 sa-

379 1603 675 1655 cramenta
731 1603 827 1655 tua
884 1616 1067 1670 super
1121 1601 1344 1656 vinum.
1379 1603 1570 1674 Super
1626 1605 1768 1658 illud
1817 1605 2038 1674 vinum,

376 1688 534 1762 quod
564 1689 678 1743 etsi
733 1689 1082 1744 suavitatem
1114 1690 1310 1758 habet,
1368 1693 1626 1746 laetitiam
1657 1693 1852 1762 habet,
1901 1710 2042 1765 gra-

377 1779 517 1832 tiam
548 1777 764 1849 habet;
803 1781 997 1834 tamen
1045 1779 1105 1833 in
1137 1779 1235 1834 illo
1285 1781 1486 1836 laetitia
1518 1783 1850 1846 saecularis,
1901 1783 1959 1836 in
1989 1786 2045 1837 te

378 1869 572 1922 autem
597 1867 942 1939 jucunditas
974 1871 1066 1923 est
1096 1868 1400 1939 spiritalis.
1433 1871 1564 1924 Jam
1595 1874 1734 1924 tunc
1767 1887 1910 1944 ergo
1935 1872 2044 1926 Sa-

379 1955 578 2012 lomon
607 1956 810 2012 indicit
839 1958 1074 2028 nuptias
1105 1957 1200 2012 vel
1250 1957 1471 2013 Christi
1503 1962 1560 2014 et
1609 1959 1918 2031 Ecclesiae,
1951 1961 2045 2016 vel

381 2045 628 2116 spiritus
659 2049 717 2100 et
748 2046 945 2101 carnis
975 2050 1032 2102 et
1057 2047 1289 2102 anima).

450 2135 504 2190 9.
539 2135 611 2190 Et
640 2135 893 2191 addidit:
936 2135 1692 2209 Ungueutmn'exinanitum
1727 2145 2045 2194 estnomen

385 2230 560 2294 tuum,
587 2231 910 2298 propterea
941 2225 1395 2282 adolescentulae
1417 2227 1762 2282 dilexerunt
1786 2235 1844 2284 te
1867 2229 2044 2298 (Ibid.

381 2315 458 2386 2).
487 2313 631 2379 Quae
662 2318 802 2370 sunt
832 2314 965 2370 istae
995 2315 1476 2386 adolescentulae,
1527 2316 1644 2371 nisi
1675 2318 1888 2372 animae
1921 2317 2048 2372 sin-

383 2403 680 2476 gulorum,
713 2420 845 2476 quas
877 2405 1280 2476 deposuerunt
1309 2405 1486 2460 istius
1535 2407 1809 2478 corporis
1839 2423 2050 2462 senec-

383 2495 587 2563 tutem,
615 2495 915 2549 renovatae
947 2509 1054 2564 per
1072 2493 1354 2564 Spiritum
1379 2497 1694 2551 sanctum?

424 2603 428 2606 ’
456 2599 544 2654 10.
577 2600 838 2654 Attrabe
869 2616 993 2664 nos,
1022 2606 1158 2672 post
1189 2602 1426 2657 odorem
1459 2609 1888 2675 unguentorum
1929 2609 2051 2659 tuo-

386 2705 517 2743 rum
548 2705 858 2744 curramus
889 2689 1066 2760 (Ibid.
1098 2689 1174 2760 3).
1208 2691 1354 2747 Vide
1385 2691 1528 2763 quid
1569 2693 1744 2746 dicat.
1779 2693 1913 2748 Non
1943 2709 2052 2764 po-

385 2777 478 2833 tes
508 2777 682 2850 sequi
709 2777 1031 2848 Christum,
1063 2779 1182 2834 nisi
1213 2779 1343 2850 ipse
1375 2784 1430 2836 te
1461 2781 1730 2836 attrahat.
1785 2781 2052 2854 Denique

386 2867 450 2920 ut
479 2865 678 2922 s‘cias:
715 2867 855 2921 Cum
888 2867 1204 2939 exaltatus,
1237 2870 1444 2940 inquit,
1480 2869 1668 2937 fuero,
1706 2871 1896 2926 omnia
1935 2877 2056 2925 tra-

387 2955 522 3010 ham
554 2955 630 3011 ad
653 2970 749 3012 me
776 2972 965 3028 Ipsum
995 2957 1185 3026 (Joan.
1219 2975 1321 3028 xu,
1353 2957 1464 3028 32).

461 3044 549 3099 11.
580 3045 824 3102 Induxit
851 3062 944 3101 me
988 3047 1122 3102 Rex
1150 3048 1211 3101 in
1255 3047 1582 3102 cubiculum
1612 3066 1777 3104 suum
1824 3048 2048 3119 (Ibid.).

389 3135 670 3190 Grmcus:
719 3134 785 3189 In
807 3138 1276 3208 promptuarium
1325 3153 1510 3204 suum,
1545 3139 1692 3192 etin
1751 3138 2056 3192 cellarium

2091 1884 2140 1946 Β

2214 597 2670 668 jucuuditzu‘nm.

2225 721 2308 776 l2.
2345 722 2502 794 Ergo
2526 722 2737 776 venisti
2762 723 2835 775 ad
2857 721 3056 792 altare,
3079 723 3359 794 accepisti
3379 739 3586 794 corpus
3607 724 3785 778 Chris-

2151 812 2212 864 ti.
2249 811 2398 865 Audi
2460 811 2668 864 iterum
2713 827 2846 882 qute
2907 816 3275 866 sacramenta
3307 829 3373 866 es
3433 815 3783 867 consecutus.

2154 901 2304 954 Audi
2353 900 2643 953 dicentem
2693 904 2960 954 sanctum
2996 901 3220 970 David;
3270 905 3326 955 et
3367 902 3462 956 ille
3503 903 3561 954 in
3591 903 3788 972 Spiritu

2157 990 2284 1042 hzec
2330 990 2611 1058 mysteria
2655 990 3041 1060 praevidebat,
3105 993 3162 1044 et
3206 990 3525 1059 laetabatur,
3557 993 3610 1044 et
3659 991 3788 1045 nihil

2156 1078 2272 1132 sibi
2301 1078 2518 1132 abesse
2548 1077 2797 1132 dicebat.
2821 1078 3010 1143 Quare
3028 1081 3056 1132 ?
3083 1077 3229 1142 Quia
3261 1081 3359 1150 qui
3381 1080 3662 1150 acceperit
3683 1095 3792 1134 eor-

2155 1183 2268 1238 pus
2299 1167 2538 1235 Christi,
2573 1183 2692 1222 non
2725 1169 2949 1222 esuriet
2979 1169 3038 1222 in
3061 1171 3368 1222 aeternum.

2231 1292 2316 1346 £3.
2350 1291 2593 1356 Quoties
2638 1293 2856 1346 audisti
2899 1293 3250 1348 vicesimum
3299 1294 3618 1348 secundum
3648 1293 3794 1362 psal-

2159 1397 2338 1450 mum,
2397 1385 2454 1436 et
2511 1397 2628 1436 non
2685 1382 3076 1437 intellexisti?
3131 1383 3273 1437 Vide
3330 1383 3795 1454 quemadmodum

2159 1473 2331 1541 aptus
2363 1470 2439 1524 sit
2470 1471 2816 1525 coelestibus
2836 1473 3225 1526 sacramentis
3250 1472 3361 1542 (De
3393 1472 3648 1538 (3011300.,
3675 1472 3794 1525 dist.

2160 1560 2213 1629 2,
2247 1575 2298 1613 c.
2334 1559 2400 1613 In
2424 1559 2741 1632 calicem,§
2772 1561 2933 1614 Audi
2949 1561 3294 1632 psalmum):
3335 1561 3612 1615 Dominus
3623 1561 3798 1632 pascit

2161 1665 2272 1712 me,
2300 1655 2357 1702 et
2379 1649 2534 1702 nillil
2551 1649 2697 1702 mini
2727 1649 2942 1715 deerit,
2967 1651 3028 1703 in
3050 1649 3173 1704 loco
3190 1666 3423 1721 pascua}
3444 1650 3532 1704 ibi
3547 1666 3632 1702 me
3652 1648 3800 1704 collo-

2163 1738 2342 1791 cavit.
2369 1736 2564 1808 Super
2599 1753 2802 1810 aquam
2844 1738 3201 1794 refectionis
3242 1739 3514 1794 educavit
3553 1755 3653 1806 me,
3687 1738 3803 1792 ani-

2163 1843 2311 1880 mam
2350 1843 2537 1881 meum
2574 1828 2892 1882 convertit.
2931 1828 3194 1882 Deduxit
3223 1843 3318 1882 me
3356 1843 3534 1900 super
3583 1829 3806 1882 semitas

2142 1916 2404 1988 justitiae
2418 1923 2666 1988 propter
2689 1932 2895 1971 nomen
2917 1934 3103 1971 suum.
3130 1917 3283 1972 Nam
3308 1918 3427 1971 etsi
3457 1915 3732 1971 ambulem
3753 1917 3805 1969 in

2163 2005 2356 2060 medie
2375 2005 2598 2060 umbrae
2619 2007 2848 2071 mortis,
2874 2022 2986 2061 non
3011 2006 3230 2061 timebo
3252 2006 3438 2070 mala;
3473 2005 3725 2077 quoniam
3753 2012 3807 2058 tu

2162 2111 2383 2149 mecum
2401 2109 2485 2149 es.
2523 2095 2700 2166 Virga
2721 2101 2815 2149 tua
2834 2100 2892 2149 et
2915 2095 3158 2149 baculus
3183 2099 3346 2160 tuus;
3373 2096 3497 2166 ipsa
3519 2111 3607 2148 me
3625 2109 3800 2148 conso-

2163 2183 2282 2238 lata
2305 2190 2442 2237 sunt
2473 2183 2660 2254 (Psal.
2685 2202 2831 2254 xxu,
2873 2185 3019 2252 1-4).
3051 2185 3234 2256 Virga
3267 2184 3594 2254 imperium,
3645 2183 3812 2237 bacu-

2162 2273 2258 2327 lus
2290 2273 2492 2343 passio
2543 2278 2653 2343 est,
2687 2273 2799 2328 hoc
2849 2276 2959 2344 est,
2997 2276 3216 2328 aeterna
3261 2273 3538 2328 divinitas
3588 2271 3808 2340 Christi,

2163 2362 2270 2416 sed
2299 2363 2473 2416 etiam
2505 2363 2708 2432 passio
2740 2363 3068 2432 corporalis
3102 2361 3212 2431 (86)
3238 2379 3250 2416 :
3285 2363 3386 2416 illa
3417 2362 3652 2428 creavit,
3696 2361 3811 2414 haec

2161 2451 2428 2505 redemit.
2465 2451 2711 2505 Parasti
2740 2452 2802 2504 in
2822 2457 3136 2522 conspectu
3158 2467 3289 2506 meo
3322 2467 3581 2506 mensam
3611 2451 3682 2504 ad
3693 2465 3813 2504 ver-

2163 2564 2267 2602 sus
2296 2540 2440 2602 376
2475 2565 2576 2602 eos
2598 2548 2695 2620 qui
2715 2548 3005 2603 tribulant
3039 2564 3150 2603 me.
3184 2549 3576 2621 Impinguasti
3617 2548 3674 2600 in
3704 2546 3816 2602 oleo

2165 2642 2334 2710 caput
2353 2653 2541 2692 meum
2567 2657 2583 2702 ,-
2609 2643 2666 2692 et
2689 2637 2956 2709 poculum
2975 2653 3162 2692 meum
3183 2637 3500 2692 inebrians
3515 2654 3673 2710 quam
3687 2652 3816 2708 prte-

2167 2727 2388 2782 clarum
2413 2728 2546 2782 est!
2573 2727 2798 2798 (Ibid)

2237 2853 2323 2908 14.
2367 2853 2628 2907 Venistis
2661 2868 2805 2924 ergo
2835 2852 2911 2908 ad
2939 2853 3139 2924 altare,
3192 2851 3514 2923 accepistis
3575 2849 3808 2923 gratiam

2165 2942 2385 2997 Christi
2417 2941 2546 3010 ('87),
2583 2945 2950 2996 sacramenta
3000 2942 3148 2996 estis
3183 2941 3454 2996 coelestia
3502 2937 3808 2995 consecuti.

2167 3031 2391 3086 Gaudet
2423 3031 2691 3086 Ecclesia
2721 3031 3122 3101 redemptione
3154 3030 3498 3100 multorum,
3535 3032 3590 3084 et
3632 3031 3810 3082 astare

2169 3121 2286 3174 sibi
2315 3119 2594 3174 familiam
2627 3120 2991 3174 candidatam
3014 3118 3263 3190 spiritali
3294 3118 3684 3174 exsultatione
3729 3116 3817 3170 lae-

391 3240 556 3278 suum
587 3223 720 3296 (84),
753 3205 949 3280 hgbet,
976 3205 1102 3280 'Ubi
1129 3225 1284 3280 bona
1315 3226 1612 3295 libamina,
1638 3227 1738 3281 ubi
1757 3227 1892 3280 boni
1918 3227 2059 3282 odo-
2101 3243 2152 3306 Ο
2171 3213 2340 3263 tatur.
2369 3209 2568 3306 liabes
2592 3208 2786 3264 hocin
2807 3209 3070 3306 Ganticis
3098 3209 3488 3306 canticorum.
3514 3207 3722 3306 Pietate
3742 3205 3818 3306 in:

389 3329 512 3383 res,
545 3313 648 3370 ubi
675 3314 850 3370 mella
876 3314 998 3384 (85)
1029 3315 1256 3384 suavia,
1294 3315 1390 3370 ubi
1426 3315 1656 3370 fruetus
1688 3316 1932 3384 diversi,
1960 3315 2060 3370 ubi

393 3401 584 3473 epulm
613 3402 834 3474 variae;
891 3405 954 3458 ut
1003 3403 1276 3475 plurimis
1307 3404 1499 3475 epulis
1554 3407 1716 3460 tuum
1748 3403 2061 3476 prandium

399 3490 726 3563 condiatur.

1040 3583 1421 3673 CAPUTIH.

403 3759 606 3834 Quam,
634 3759 854 3834 uberes
899 3761 976 3816 ad
1015 3777 1131 3834 eos,
1149 3761 1246 3834 qui
1274 3761 1640 3817 Dominieum
1671 3777 1887 3834 corpus
1911 3777 2072 3834 acce-

469 3831 693 3906 perint,
730 3832 986 3906 fruetus
1018 3831 1308 3902 redeant;
1334 3840 1407 3906 _et
1458 3849 1703 3906 quonam
1756 3831 1924 3906 modo
1953 3833 2072 3886 Ec-

475 3902 677 3976 clesiae
705 3903 780 3958 de
791 3904 1194 3976 convivarum
1222 3902 1602 3960 multitudine
1629 3905 1916 3976 gestienti
1939 3919 2072 3958 res-

468 3973 728 4047 pondeat
771 3973 1090 4030 Christus:
1139 3981 1411 4047 quantam
1462 3973 1716 4048 denique
1754 3975 1966 4030 ﬁdeles
1999 3990 2077 4030 ex

404 4116 504 4189 tis,
539 4117 615 4189 de
647 4121 812 4172 terra
841 4121 1020 4182 sunt;
1051 4117 1246 4188 aptius
1291 4116 1425 4173 Gill.
1461 4118 1522 4171 in
1551 4133 1738 4189 marg.
1790 4133 1860 4172 ac
1897 4118 2070 4172 Rom.

407 4187 546 4245 edit.
579 4187 640 4242 in
672 4203 834 4258 corp.
887 4204 1021 4244 cum
1069 4187 1217 4243 mss.
1263 4189 1446 4242 multo
1492 4187 1784 4259 pluribus,
1831 4189 2076 4243 detersa

407 4265 564 4332 sunt.
599 4259 865 4332 Denique
897 4261 1066 4314 Rom.
1101 4259 1239 4314 edit.
1273 4259 1402 4332 sola
1429 4260 1583 4332 voci,
1613 4261 1949 4332 convivium
1981 4261 2076 4314 ad-

401 4331 703 4404 junxerat,
735 4331 1031 4404 inquiens,
1067 4334 1124 4386 et
1141 4347 1248 4400 pro
1282 4331 1485 4386 verbis
1509 4331 1662 4404 illis,
1679 4331 1890 4385 Tamen
1901 4347 2074 4404 prop-

410 4403 506 4458 ter
526 4403 835 4476 sequentia
853 4403 1046 4458 anima
1071 4409 1186 4473 tua,
1207 4405 1555 4474 reposuerat
1576 4403 1789 4473 solum,
1817 4407 1934 4456 tum
1957 4403 2079 4456 ani-

407 4491 500 4530 ma
524 4479 640 4544 tua,
672 4477 784 4530 etc.

479 4546 592 4614 (83)
623 4546 850 4601 Dicitur
869 4545 967 4601 hic
998 4547 1054 4601 et
1079 4561 1260 4616 super
1289 4545 1391 4599 lib.
1425 4561 1552 4616 cap.
1600 4545 1652 4614 2,
1685 4561 1844 4600 num.
1877 4545 1932 4613 '7,
1983 4545 2072 4598 al-

408 4605 532 4672 tare
553 4605 742 4672 forma
763 4633 872 4672 seu
893 4617 1083 4690 ﬁgura
1107 4605 1375 4688 corporis
1403 4605 1662 4686 Chi-isti}
1712 4633 1781 4670 eo
1831 4605 1988 4686 quod
2018 4617 2077 4669 in
2109 4605 2162 4667 D

411 4703 660 4760 corpore
691 4705 801 4744 suo
833 4692 1107 4760 tanquam
1139 4706 1196 4742 in
1229 4704 1336 4760 ara
1359 4704 1590 4760 sacram
1623 4691 1965 4760 perpetuum
2009 4703 2078 4741 ac

405 4757 554 4830 juge
585 4757 1124 4814 sacriﬁcium'Patri
1160 4759 1367 4815 obtulit
1388 4759 1662 4813 Christus
1699 4759 2004 4813 Dominus.

485 4839 598 4909 (84)
665 4839 902 4895 Scilicet
943 4858 1012 4913 et;
1051 4837 1257 4913 ταμεῖον
1305 4838 1484 4900 αὑτοῦ,
1533 4840 1593 4893 in
1641 4855 2078 4909 promam-con-

415 4909 573 4980 dam,
601 4925 711 4965 seu
739 4911 1081 4980 penuariam
1112 4909 1338 4966 cellam.

485 4979 600 5052 (85)
633 4979 780 5053 Mss.
813 4982 1054 5053 aliquot,
1090 4983 1189 5036 ubi
1218 4983 1359 5038 boni
1390 4981 1594 5036 odoris
1616 4980 1810 5036 mella.

486 5051 608 5125 (86)
631 5051 784 5125 Edit.
821 5051 991 5125 Rom.
1025 5053 1172 5119 sola,
1201 5055 1406 5125 passio
1437 5058 1570 5119 est;
1598 5059 1826 5108 aeterna
1850 5051 1912 5106 di
1925 5051 2078 5106 rini-

419 5123 787 5196 taszristi,
802 5123 1007 5196 passio
1029 5123 1391 5196 temporalis.

487 5194 599 5264 (8'7)
621 5193 710 5248 Ex
730 5193 843 5268 hoc
859 5194 990 5268 loco
1005 5199 1060 5248 et
1081 5211 1112 5250 e
1132 5193 1258 5264 cap.
1281 5196 1318 5268 8
1329 5197 1407 5268 de
1432 5196 1756 5268 Mysteriis
1771 5194 2078 5268 advertere

415 5267 509 5320 est
555 5281 770 5322 recens
819 5265 1144 5336 baptizatos
1195 5268 1254 5320 in
1306 5266 1424 5327 illis
1473 5265 1749 5322 ecclesiis
1783 5266 1855 5319 ad
1895 5265 2079 5319 altare

415 5337 606 5392 sacris
640 5338 1076 5392 communicare
1108 5339 1520 5392 consuevisse.
1555 5337 1720 5402 Quod
1754 5352 1896 5392 vero
1929 5336 2002 5390 ad
2024 5337 2084 5390 ﬁ-

415 5408 580 5464 deles
596 5409 767 5478 alios,
821 5409 1005 5463 hacin
1029 5425 1092 5464 re
1114 5425 1231 5464 non
1244 5409 1448 5464 eadem
1473 5409 1687 5478 ubique
1711 5409 1856 5463 ratio
1882 5423 2084 5462 serva-

412 5480 604 5535 batur.
637 5480 786 5534 Nam
816 5481 1322 5550 Constantinopoli
1358 5481 1470 5535 hoc
1496 5481 1676 5534 moris
1710 5480 1836 5545 fuit,
1864 5483 1924 5532 ut
1949 5479 2081 5532 laici

415 5552 624 5606 saltem
644 5553 705 5606 in
727 5553 1100 5607 eminentiori
1121 5553 1404 5622 dignitate
1425 5552 1746 5612 constituti,
1769 5554 2082 5620 postquam

414 5623 487 5677 ad
516 5639 676 5677 aram
707 5624 1113 5678 accessissent
1143 5623 1557 5678 sacerdotibus
1589 5622 1839 5675 oblaturi
1864 5637 2080 5674 conse-

416 5695 700 5749 crandum
719 5711 952 5765 panem,
978 5695 1036 5748 in
1060 5694 1241 5749 choro
1256 5693 1456 5748 tandiu
1475 5697 1864 5765 remanerent,
1882 5692 2079 5765 quoad

415 5762 741 5841 participes
756 5765 948 5826 effecti
965 5767 1172 5826 essent
1193 5766 1698 5824 sacramentorum
1720 5778 1735 5836 ς
1767 5762 2083 5818 Mediolani

2171 3301 2343 3353 vocat
2371 3298 2690 3366 Christum,
2725 3301 2988 3368 paratum
3021 3297 3250 3352 habens
3292 3296 3650 3363 convivium,
3683 3293 3826 3366 quod

2172 3387 2416 3459 dignum
2449 3387 2678 3442 caelesti
2719 3386 3051 3457 epulatione
3099 3385 3394 3440 videatur.
3430 3385 3679 3456 Ideoque
3724 3382 3824 3435 ait:

2174 3477 2510 3532 Desecndat
2545 3476 2744 3531 frater
2774 3491 2944 3530 meus
2972 3477 3034 3529 in
3070 3475 3304 3530 hortum
3345 3491 3530 3542 suum,
3575 3481 3633 3528 et
3655 3472 3830 3544 capiat

2174 3567 2429 3621 fructum
2475 3565 2904 3638 pomiferarum
2947 3580 3184 3618 suarum
3235 3563 3440 3633 (Cant.
3490 3581 3548 3631 v,
3581 3563 3654 3630 1).
3700 3559 3826 3625 Quae

2175 3659 2314 3710 sunt
2344 3656 2474 3710 istae
2497 3655 2845 3726 pomiferae?
2889 3654 3146 3726 Lignum
3195 3653 3430 3708 aridum
3491 3653 3676 3706 factus
3707 3663 3826 3704 eras

2176 3745 2234 3800 in
2268 3745 2490 3800 Adam:
2523 3745 2630 3800 sed
2663 3760 2818 3799 nunc
2849 3760 2958 3814 per
2987 3743 3236 3816 gratiam
3285 3741 3516 3796 Christi
3547 3739 3828 3812 pomiferae

2177 3835 2423 3890 arbores
2455 3834 2756 3905 pullulatis
2787 3832 2920 3904 (88).

2249 3959 2336 4015 15.
2363 3961 2644 4014 Libenter
2663 3959 2880 4028 accipit
2915 3957 3202 4012 Dominus
3243 3957 3430 4012 Jesus
3457 3961 3512 4012 et
3555 3952 3830 4027 dignatio-

2179 4066 2250 4104 ne
2267 4049 2494 4104 coalesti
2510 4047 2815 4119 respondit
2828 4047 3118 4101 Ecclesiae
3131 4062 3257 4100 suae
3277 4061 3288 4100 :
3311 4039 3831 4114 I)eseendi,inquit,

2179 4197 2370 4248 autem
2395 4193 2688 4248 oblatione
2710 4190 2859 4244 facta
2885 4189 3060 4244 iidem
3101 4189 3237 4243 laici
3260 4193 3430 4244 extra
3455 4190 3695 4244 chorum
3729 4187 3835 4240 sta-

2179 4267 2281 4320 tim
2314 4265 2681 4330 rcccdentes,
2715 4278 2930 4316 rursus
2959 4261 3126 4314 altari
3151 4277 3284 4314 cum
3302 4263 3602 4315 sacrificio
3625 4256 3834 4330 partici-

2178 4337 2434 4408 pandum
2467 4339 2608 4408 erat,
2643 4328 2782 4388 sese
2831 4333 3140 4408 sistebant.
3175 4331 3244 4408 Et
3293 4333 3375 4408 ibi
3409 4328 3647 4408 quidem
3697 4328 3828 4408 adeo

2181 4399 2380 4480 rigide,
2405 4407 2556 4460 hanc
2587 4407 2778 4480 legem
2801 4403 3080 4480 servabat
3099 4399 3481 4480 Ambrosius,
3504 4406 3566 4458 ut
3585 4399 3832 4480 Theodo-

2183 4473 2337 4534 sium
2370 4479 2583 4548 ipsum,
2619 4473 2716 4546 q'ui
2749 4475 3161 4548 postoblitum
3191 4475 3437 4548 solitum
3455 4489 3666 4548 munus
3697 4473 3828 4548 intra

2183 4541 2530 4604 clerico-rum
2555 4541 3171 4620 septumsubstiterat,
3202 4545 3338 4620 inde
3353 4541 3835 4620 juberetabcede-

2184 4639 2246 4676 re
2269 4642 2284 4675 :
2317 4621 2408 4676 cui
2426 4612 2829 4688 statim-paruit
2847 4612 3526 4686 imperatorpiissi'mus,
3553 4619 3662 4670 uta
3683 4612 3838 4666 nobis

2184 4694 2411 4746 dicetur
2432 4707 2542 4744 suo
2567 4689 3022 4744 loco.(_‘.aeterum
3047 4689 3311 4742 eamdem
3337 4703 3576 4757 quoque
3603 4696 3836 4757 cor-sue-

2182 4765 2443 4818 tudinem
2467 4763 2524 4816 in
2545 4760 2808 4816 orientali
2829 4759 3090 4812 Ecclesia
3113 4751 3464 4812 servandam
3483 4751 3648 4811 conc.
3670 4751 3830 4808 Laod.

2187 4852 2313 4890 can.
2350 4835 2414 4888 19
2463 4833 3029 4903 praeceperat:_non
3083 4846 3262 4903 secus
3289 4845 3362 4903 _ac
3417 4826 3834 4900 posterioribus

2185 4901 2550 4976 temporibus
2575 4905 2762 4972 ipsam
2781 4903 2839 4955 in
2878 4901 3386 4976 Hispaniis'l‘olet.
3421 4915 3683 4976 syryﬂw,
3715 4909 3830 4976 can.

2187 4979 2273 5044 17,
2302 4969 2516 5031 sanxit.
2536 4969 2804 5029 Attamen
2821 4972 3178 5026 contrarium
3193 4988 3364 5025 usum
3380 4969 3533 5044 apud
3553 4969 3834 5044 Ecclesiae

2185 5037 2520 5104 Gallicanae
2558 5045 2890 5102 obtinuisse
2925 5059 3040 5116 non
3075 5046 3291 5097 tantum
3323 5037 3840 5116 ex—Cregoriofl‘u:

2187 5137 2316 5175 ron.
2348 5119 2450 5174 lib.
2487 5136 2564 5184 ix,
2603 5133 2730 5186 cap.
2763 5117 2816 5183 3,
2849 5119 2905 5169 et
2935 5115 3034 5168 lib.
3069 5129 3292 5186 sheep.
3345 5117 3397 5186 8,
3434 5108 3669 5186 discere
3701 5108 3837 5186 licet

2189 5208 2392 5246 verum
2422 5179 2598 5244 etiam
2628 5203 2658 5242 c
2677 5179 2865 5241 'cita‘ta
2896 5179 3123 5254 synodo
3143 5179 3326 5238 Tolet.
3363 5185 3421 5237 in
3445 5200 3558 5254 qua
3582 5183 3674 5236 hic
3699 5179 3835 5232 idem

2153 5303 2166 5312 .
2188 5264 2336 5318 ritus
2367 5279 2494 5316 can.
2523 5261 2552 5314 4
2589 5260 2862 5314 statuitur
2893 5263 2947 5310 et
2979 5257 3411 5324 comprobatur.

2260 5335 2371 5404 (88)
2399 5331 2785 5406 Omnesedit.
2819 5345 2885 5382 ac
2917 5344 3062 5382 mss.
3099 5323 3836 5406 nonnulli,pomifera.a'r-

2191 5387 2302 5459 bo}
2326 5387 2634 5476 pullulasti
2651 5416 2988 5476 ;_mss._quo
3014 5397 3288 5476 [iulia/as,
3323 5387 3564 5476 totidem
3584 5387 3838 5476 pullula-

2193 5458 2286 5530 tus
2319 5458 2428 5534 est.
2465 5458 2865 5542 antiquissimi
2893 5458 3039 5542 vero
3071 5473 3126 5523 et
3154 5458 3612 5542 _numerosrsimi'
3643 5458 3837 5534 praefe-

2188 5552 2323 5602 runt
2355 5550 2414 5600 ut
2447 5546 2502 5598 in
2535 5539 2830 5597 contextu.
2867 5541 3032 5605 Quod
3066 5540 3302 5611 quidem
3335 5539 3491 5611 licet!
3517 5553 3646 5611 cum
3678 5546 3840 5601 supe-

2187 5618 2326 5672 riori
2359 5616 2620 5670 membro
2647 5631 2761 5667 non
2793 5608 3105 5666 admodum
3141 5608 3632 5682 congruat,_haud
3659 5611 3837 5658 tamen

2190 5691 2468 5743 abhorret
2534 5687 2604 5739 ab
2673 5686 2933 5738 auctoris
2984 5685 3222 5754 ingenio
3264 5679 3620 5750 'simplicius
3675 5685 3837 5746 quam

2189 5760 2524 5816 accuratius
2557 5772 2794 5830 semper
2822 5753 3141 5829 loquentis.
