4024 6176
280 358 383 422 469

1470 349 1580 412 DE
1620 343 2223 410 SACRAMENTIS
2270 342 2428 405 LIB.
2475 343 2548 405 V.

3589 322 3731 409 470.

262 561 317 614 in
365 559 615 626 hortum,
672 554 1035 610 vindemiavi
1075 553 1384 626 myrrham
1432 568 1559 606 cum
1615 549 1932 621 unguentis
1971 533 2172 599 \'dum
2204 545 2264 598 in
2298 545 2698 605 teutationem,
2751 541 2860 596 sed
2890 540 3084 595 libera
3120 555 3225 594 nos
3255 556 3285 593 a
3324 536 3476 594 man
3521 532 3709 608 (Ibid.

260 650 402 704 meis
433 669 449 705 :
481 647 828 701 manducavi
853 661 1061 715 panem
1096 660 1281 698 meum
1314 660 1440 696 eum
1472 640 1646 695 melle
1680 656 1825 705 meo,
1870 643 1931 691 et

258 738 384 791 bibi
436 739 628 792 vinum
682 752 868 789 meum
913 752 1037 787 eum
1086 734 1239 787 laete
1287 749 1431 785 meo.
1482 730 1680 795 Edite,
1720 728 1926 799 inquit,

260 827 489 882 fratres
516 827 650 887 mei,
689 832 745 877 et
780 823 1166 877 inebri'unini
1196 822 1405 891 (lbid.)

326 915 410 970 '16.
469 915 838 968 Vindemiavi
867 914 1173 983 myrrham
1225 928 1351 963 eum
1401 908 1717 979 unguentis
1759 906 1926 960 meis.

255 1004 391 1069 Qua:
438 1008 531 1059 est
580 1005 687 1056 ista
738 1002 1079 1055 vindemia?
1145 999 1504 1070 (lognoscite
1553 998 1806 1061 vineam,
1876 997 1933 1048 et

256 1094 596 1163 agnoscelis
655 1092 1005 1145 vindemiam
1066 1089 1197 1156 (uti).
1261 1089 1516 1147 Vineam,
1586 1085 1792 1156 inquit,
1859 1100 1935 1136 ex

256 1184 524 1253 ngbvpto
558 1181 923 1235 transtulisti
955 1179 1141 1245 (l’sal.
1178 1195 1381 1245 LXXIX,
1418 1178 1494 1243 9,),
1542 1176 1653 1229 hoc
1686 1177 1777 1228 est
1826 1189 1932 1241 po-

255 1272 452 1341 pulum
490 1271 613 1323 Dei.
652 1269 771 1323 Vos
803 1269 949 1322 estis
1000 1268 1191 1335 vinea,
1245 1282 1355 1320 vos
1398 1266 1544 1319 estis
1590 1262 1882 1317 vindemia
1918 1277 1929 1315 :

256 1360 421 1429 quasi
453 1358 625 1412 vinea
657 1358 918 1428 plantati,
965 1357 1136 1426 quasi
1182 1355 1475 1408 vindemia
1523 1353 1773 1407 fructum
1825 1351 1929 1404 de-

256 1449 445 1501 distis.
499 1447 871 1499 Vindemiuri
917 1446 1223 1517 myrrham
1258 1460 1382 1497 eum
1418 1442 1734 1513 unguentis
1761 1440 1929 1504 meis,

256 1537 361 1590 hoc
395 1540 511 1602 est,
549 1536 607 1588 in
642 1535 880 1589 odorem
915 1550 1087 1605 quem
1122 1533 1459 1602 accepistis.

324 1642 407 1696 Π.
450 1643 747 1695 .llundueu
764 1643 817 1694 ri
840 1658 1051 1712 panem
1082 1658 1267 1694 meum
1302 1657 1426 1692 eum
1461 1638 1633 1691 melle
1662 1654 1807 1691 meo.
1831 1636 1933 1688 Vi-

254 1732 354 1785 des
386 1731 549 1802 quod
583 1732 639 1784 in
674 1732 784 1783 hcc
816 1747 961 1800 pane
995 1729 1152 1783 nulla
1184 1729 1258 1782 sit
1291 1728 1638 1795 amaritudo,
1667 1727 1775 1780 sed
1809 1741 1935 1779 om-

254 1822 342 1874 nis
372 1821 644 1874 suavitas
676 1820 790 1873 sit‘?
824 1819 964 1872 Bibi
1001 1820 1194 1871 vinum
1228 1834 1414 1870 meum
1447 1834 1570 1870 eum
1605 1816 1756 1868 laete
1788 1830 1934 1868 meo.

254 1909 429 1963 Vides
464 1908 813 1980 hujusmodi
837 1923 974 1962 esse
998 1908 1278 1975 heluium,
1312 1924 1442 1976 qum
1470 1905 1686 1958 nullius
1712 1903 1935 1973 peccati
1973 1912 2015 1969 υ

252 1999 534 2053 sordibus
570 1998 908 2067 polluatur?
938 1997 1415 2066 Quotiescunque
1450 1995 1603 2048 enim
1634 1993 1813 2060 bibis,
1840 2006 1935 2044 re-

253 2088 605 2141 missionem
654 2087 876 2156 accipis
926 2089 1323 2156 peccatorum,
1393 2088 1449 2139 et
1495 2083 1839 2152 inebriaris.
1879 2080 1937 2133 in

254 2176 461 2244 spiritu
511 2176 625 2245 (De
659 2176 923 2238 Causea,
961 2175 1097 2242 dist,
1131 2174 1184 2241 “2,
1221 2190 1271 2227 c.
1318 2173 1385 2226 In
1416 2172 1679 2240 calicem,
1718 2172 1748 2241 ἓ
1783 2169 1935 2234 Quo-

256 2267 643 2337 tiescunque).
680 2265 844 2317 Unde
877 2268 931 2317 et
966 2264 1287 2333 .\postolus
1316 2263 1394 2315 ait
1427 2279 1438 2316 :
1475 2262 1678 2316 Nolito
1708 2259 1937 2313 inebri-

255 2355 345 2406 ari
378 2355 587 2407 vino...
622 2354 730 2405 sed
761 2352 1088 2423 imp/nmini
1119 2352 1353 2422 Spiritu
1383 2350 1850 2420 sancto(ls’plies.
1876 2364 1933 2414 v,

256 2440 337 2507 18)
365 2459 378 2509 ς
411 2444 556 2496 vino
589 2442 743 2497 enim
776 2444 873 2513 qui
908 2441 1248 2509 inebriatur,
1300 2440 1531 2492 vacillat
1586 2442 1640 2492 et
1685 2438 1891 2491 titubat
1925 2451 1935 2489 :

254 2531 471 2600 Spiritu
502 2532 605 2601 qui
641 2531 983 2599 inebriatur,
1020 2531 1314 2582 radicatus
1349 2530 1405 2581 iu
1436 2529 1673 2581 Christo
1707 2530 1815 2581 est.
1873 2525 1941 2578 Et

254 2620 380 2674 ideo
414 2620 705 2689 praeclara
740 2621 995 2674 ebrietas
1030 2620 1160 2689 (δυ),
1197 2634 1327 2689 qua}
1362 2618 1741 2671 sobrietatem
1774 2631 1939 2669 men-

255 2712 324 2762 tis
357 2713 659 2778 Operatur.
698 2709 839 2763 ΙΙωο
869 2712 1006 2762 sunt
1038 2724 1171 2778 quae
1205 2708 1275 2761 de
1308 2706 1698 2761 sacramentis
1738 2704 1941 2758 brevi-

258 2800 340 2850 ter
367 2801 802 2868 percurrimus.

918 2905 1170 2958 CAPUT
1217 2904 1312 2957 1V.

262 2992 330 3048 ζί
366 3011 559 3048 noras
592 2995 801 3048 {ii/etes
839 2995 1113 3048 instituat
1158 2993 1370 3046 oramli
1418 2992 1627 3059 forma,
1679 3006 1943 3061 prOpOSI-

325 3075 440 3120 tam
493 3067 647 3137 ipsus
693 3068 890 3119 instar
932 3066 1156 3136 μίμησιήί
1207 3064 1569 3118 U);.‘)tltl(‘.’l!31
1616 3064 1942 3116 orationem

316 3145 535 3209 paucis
570 3145 828 3207 exponit.

324 3244 410 3298 '18.
456 3245 634 3297 Nunc
684 3245 821 3315 quid
873 3249 1165 3314 superest,
1220 3244 1337 3296 nisi
1386 3243 1612 3313 oratio?
1662 3241 1732 3295 Et
1767 3240 1944 3294 nolite

256 3339 457 3403 putare
494 3333 815 3388 mediocris
849 3349 985 3387 esse
1012 3333 1245 3386 virtutis
1270 3348 1425 3386 SCll‘O
1449 3331 1942 3402 quemadmodum

260 3424 459 3477 oretis.
519 3422 789 3491 Apostoli
837 3423 1025 3475 sancti
1072 3422 1345 3475 dicebant
1393 3422 1464 3474 ad
1500 3421 1810 3475 Dominum
1844 3419 1944 3473 Je-

261 3528 387 3565 sum
442 3527 454 3565 :
518 3512 784 3574 Domine,
849 3512 991 3564 doce
1056 3527 1160 3564 nos
1223 3527 1400 3565 orare
1470 3508 1944 3581 quemadmodum

260 3600 523 3655 Joannes
561 3601 752 3653 docuit
789 3599 1110 3671 discipulos
1142 3616 1278 3652 suos
1308 3600 1441 3669 (Ol).
1495 3599 1640 3661 377
1674 3599 1836 3651 ri‘une
1870 3598 1948 3650 ait

262 3689 553 3744 Dominus
588 3690 909 3743 oralionem
944 3706 955 3744 :
994 3690 1181 3743 Pater
1212 3691 1372 3757 (Luc.
1409 3707 1489 3757 x1,
1524 3688 1576 3758 ’l)
1616 3693 1821 3742 noster
1852 3696 1950 3759 qui

258 3795 320 3831 es
348 3780 408 3832 in
440 3779 619 3834 oculis
652 3799 667 3832 :
698 3779 1117 3833 sanasti/iretur
1169 3795 1376 3832 nomen
1429 3786 1583 3831 tuum
1615 3798 1630 3831 :
1666 3777 1947 3831 adveniat

263 3885 510 3939 regnum
543 3874 718 3933 tuum,
756 3868 854 3921 fiat
894 3868 1159 3921 voluntas
1194 3874 1308 3933 tua,
1345 3868 1495 3920 sient
1530 3867 1589 3919 in
1621 3867 1765 3920 003/0
1798 3870 1855 3919 et
1889 3866 1949 3918 in

265 3962 423 4011 terra
458 3978 476 4011 :
493 3974 707 4028 panem
737 3964 1000 4011 nostrum
1026 3958 1426 4029 quotidianum
1447 3957 1518 4011 da
1539 3956 1710 4010 nobis
1734 3955 1908 4009 liodie
1932 3975 1947 4008 :

265 4053 319 4100 et
347 4047 590 4101 dimitte
623 4046 793 4100 nobis
824 4046 1026 4100 debita
1062 4053 1284 4115 nostra,
1321 4047 1475 4100 sicut
1510 4052 1563 4099 et
1600 4063 1705 4100 nos
1743 4045 1949 4099 dimit-

269 4136 440 4190 timus
472 4135 855 4189 debitoribus
888 4138 1114 4189 uostris
1148 4156 1163 4189 :
1196 4142 1251 4190 et
1286 4152 1359 4189 ne
1405 4152 1509 4190 nos
1552 4135 1811 4206 patiaris
1855 4133 1949 4186 in-

334 4279 446 4347 (89)
492 4278 639 4331 Mss.
694 4294 807 4331 non
856 4278 1046 4348 pauci,
1111 4284 1166 4331 ct
1214 4280 1516 4348 agnoscite
1573 4277 1945 4332 vindemiam.

272 4348 507 4404 Rursus
541 4365 683 4402 veru
719 4365 846 4418 seq.
881 4366 1006 4418 pro,
1042 4350 1146 4403 lioe
1180 4357 1290 4412 est,
1322 4351 1589 4421 pupulum
1625 4350 1756 4415 Dei,
1799 4365 1945 4402 mss.

272 4421 504 4491 aliquod
540 4421 776 4489 habent,
812 4421 936 4473 luce
968 4426 1059 4474 est
1084 4421 1328 4491 pepulus
1371 4422 1498 4475 Dei.
1548 4422 1680 4475 Non
1728 4421 1949 4473 incom-

274 4494 457 4546 mode.

339 4565 449 4632 (90)
498 4563 659 4615 lianc
710 4563 1057 4616 sententiam
1106 4564 1354 4617 ubertim
1413 4567 1468 4617 et
1526 4563 1828 4633 eleganter
1876 4578 1947 4615 ex

274 4636 521 4700 positam
556 4634 742 4687 habes
774 4634 872 4687 lib.
910 4652 925 4686 1
956 4635 1028 4687 de
1063 4636 1209 4689 (.‘uin
1240 4642 1295 4688 et
1329 4634 1502 4695 Abel,
1542 4651 1667 4703 cap.
1704 4637 1754 4694 5.
1790 4640 2025 4702 num.D
2059 4634 2384 4688 orationem
2436 4653 2451 4684 .-

276 4705 355 4769 i9,
390 4706 545 4758 unde
579 4706 825 4759 forsitan
864 4705 1015 4758 hunc
1047 4707 1103 4759 iu
1136 4707 1327 4758 locum
1360 4705 1639 4758 translata
1672 4707 1796 4758 fuit.

306 4847 319 4849 Α
343 4777 452 4845 (Ol)
502 4777 837 4849 llom.edil.
872 4778 1018 4841 sola,
1054 4778 1354 4844 D‘,l.'.'lllt.'l.-§,
1393 4795 1518 4829 cum
1552 4778 1741 4829 oratis
1772 4776 1955 4849 dicite

279 4845 479 4918 Pater,
515 4852 625 4900 etc.
663 4848 825 4899 Hauc
860 4864 1033 4916 porro
1071 4849 1297 4901 Domini
1333 4849 1653 4901 orationem
1680 4864 1810 4918 quae
1845 4848 1955 4900 hoc

280 4917 383 4970 loci
416 4920 489 4971 ab
522 4924 760 4971 auctore
798 4920 1109 4989 ncophylis
1144 4920 1518 4984 UtiiSSCl'itlll‘,
1554 4920 1611 4972 in
1648 4917 1844 4971 multis
1870 4934 1958 4971 ec-

281 4989 476 5042 clesiis
508 4990 799 5059 prmsulcs
850 5006 1146 5058 exponere
1196 4992 1466 5044 solebant
1512 4990 1953 5043 catechumenis

282 5064 407 5114 ante
456 5061 834 5130 baptismum,
886 5066 944 5113 ut
994 5062 1166 5115 nobis
1212 5063 1283 5115 ad
1332 5062 1432 5115 lib.
1488 5062 1558 5114 de
1591 5062 1757 5114 lnstit
1790 5061 1952 5131 Virg.

283 5146 402 5203 cap.
435 5133 487 5198 ‘2,
523 5149 680 5185 num.
720 5133 802 5199 Μ),
839 5132 1216 5186 observatum
1267 5138 1375 5186 est.
1430 5132 1567 5185 Inde
1619 5133 1866 5203 colligas
1900 5133 1957 5184 in

285 5201 617 5271 hujusmodi
651 5205 1023 5257 CLL‘l‘ClllOllllS
1055 5221 1159 5274 pro
1194 5205 1453 5257 loc‘orum
1488 5201 1827 5257 diversitate
1863 5203 1954 5255 di—

285 5288 487 5325 versos
521 5290 754 5343 quoque
790 5274 977 5327 fuisse
1008 5292 1174 5328 usus.
1225 5275 1497 5337 Quinimo
1528 5275 1586 5328 in
1620 5275 1823 5328 eadem
1855 5291 1955 5328 ec-

288 5343 458 5414 clesia
490 5361 606 5397 non
640 5362 878 5414 semper
907 5348 1173 5399 eumdem
1208 5350 1506 5399 servatum
1555 5362 1691 5399 esse
1745 5347 1956 5413 depre—

288 5413 610 5468 hendimus.
692 5413 958 5485 Namque
1025 5419 1272 5486 exempli
1341 5434 1521 5470 causa
1587 5417 1956 5482 .-\ugustinus

290 5500 459 5557 serui.
496 5487 618 5549 227,
653 5489 749 5557 qui
783 5492 1027 5556 ([tltll'illS
1061 5492 1402 5541 numeratur
1452 5490 1508 5541 in
1558 5489 1651 5541 die
1688 5488 1951 5552 l’asehie,

291 5555 495 5609 diserte
518 5560 595 5610 ait
626 5555 837 5611 recens
873 5559 1194 5627 baptizatos
1231 5564 1459 5627 peracta
1495 5560 1957 5613 sanctiﬁcatione

294 5631 602 5681 orationem
657 5630 1019 5683 Dominicam
1073 5631 1437 5693 reddidisse;
1488 5647 1642 5683 cum.
1680 5646 1856 5683 serm.
1893 5628 1961 5681 58

296 5707 484 5772 aperte
516 5701 665 5755 dicat
696 5702 861 5770 ipsos
899 5703 950 5753 in
988 5701 1257 5770 ejusdem
1294 5702 1425 5753 festi
1461 5702 1773 5772 pervigilio
1826 5700 1960 5753 red-

298 5768 511 5826 dituros
543 5789 679 5828 esse
712 5768 823 5826 non
857 5768 1201 5837 orationem,
1240 5773 1349 5826 sed
1381 5768 1726 5844 symbolum.
1782 5772 1969 5844 Igitur

1977 3276 2026 3335 C

2042 636 2187 699 “2-11).
2224 632 2404 686 Vides
2435 647 2610 702 quam
2638 631 2840 684 brevis
2871 630 3076 697 oratio,
3128 634 3183 683 et
3231 630 3490 683 omnium
3536 627 3712 697 plena

2041 724 2318 776 virtutum
2353 739 2363 775 :
2398 723 2625 791 primus
2660 736 2855 773 sermo
2888 723 3118 789 quantae
3150 719 3227 772 sit
3258 715 3492 789 gratiae!

2118 812 2199 865 19.
2244 810 2289 864 Ο
2320 808 2523 864 homo!
2561 809 2771 863 faciem
2802 812 2957 861 tuam
2998 824 3115 861 non
3163 807 3426 861 audebas
3472 806 3545 859 ad
3593 820 3713 859 caa-

2039 901 2159 955 lum
2191 900 2475 966 attollere,
2509 898 2714 953 oculos
2748 900 2881 951 tuos
2915 898 2974 950 in
3021 900 3237 951 terram
3285 896 3608 967 dirigebas,
3655 895 3716 947 et

2044 990 2239 1043 subito
2271 988 2550 1057 accepisti
2582 987 2829 1055 gratiam
2856 986 3096 1053 Christi,
3131 985 3324 1038 omnia
3348 984 3449 1038 tibi
3474 984 3715 1053 peccata

2043 1079 2287 1132 dimissa
2339 1079 2495 1130 sunt.
2550 1076 2635 1129 Ex
2682 1076 2832 1129 malo
2880 1090 3056 1129 servo
3099 1073 3290 1127 factus
3325 1089 3390 1127 es
3421 1073 3614 1126 bonus
3648 1070 3715 1123 ti-

2040 1169 2195 1236 lius;
2228 1167 2359 1220 ideo
2392 1181 2707 1236 praesume,
2743 1181 2858 1218 non
2892 1164 2961 1217 de
2996 1164 3333 1233 Operatione
3365 1165 3483 1228 tua,
3517 1159 3625 1213 sed
3643 1159 3717 1213 de

2041 1256 2260 1309 Christi
2293 1256 2479 1325 gratia
2515 1270 2525 1308 :
2560 1253 2757 1325 gratia
2787 1254 2942 1307 enim
2991 1252 3214 1305 salrati
3265 1250 3415 1305 estis
3463 1248 3717 1319 (Eplies.

2042 1363 2100 1412 ιι,
2135 1346 2209 1413 5),
2245 1343 2568 1414 Apostolus
2600 1343 2695 1395 ait.
2744 1342 2874 1395 Non
2907 1357 3050 1411 ergo
3084 1340 3178 1394 hic
3211 1338 3549 1411 arrogantia
3601 1326 3715 1405 est,

2041 1432 2148 1487 sed
2179 1432 2327 1487 ﬁdes
2362 1449 2372 1487 :
2409 1432 2733 1503 praedicare
2765 1430 2921 1503 quod
2952 1429 3257 1499 acceperis
3310 1445 3428 1483 non
3478 1430 3569 1481 est
3611 1441 3714 1479 su-

2045 1521 2268 1590 pcrbia,
2304 1520 2406 1573 scd
2442 1521 2696 1574 devotio.
2732 1520 2889 1590 Ergo
2914 1519 3109 1577 attolle
3134 1518 3339 1571 oculos
3363 1516 3435 1570 ad
3460 1516 3714 1583 Patrem,

2045 1610 2143 1680 qui
2180 1614 2231 1663 te
2264 1626 2367 1679 per
2395 1610 2696 1662 lavacrum
2731 1608 2931 1679 genuit
2965 1624 2975 1662 :
3012 1608 3083 1660 ad
3121 1608 3348 1661 Patrem
3378 1606 3478 1677 qui
3511 1608 3563 1659 te
3609 1618 3723 1673 per

2049 1698 2257 1752 Filium
2291 1699 2554 1767 redemit,
2588 1701 2644 1752 et
2674 1698 2767 1750 dic
2801 1714 2812 1751 :
2849 1698 3037 1751 Pater
3078 1702 3303 1750 noster.
3358 1696 3517 1749 Bona
3564 1708 3721 1764 prae-

2048 1788 2323 1857 sumptio,
2362 1787 2468 1840 sed
2499 1786 2817 1839 moderata.
2862 1785 3093 1838 Patrem
3126 1784 3276 1837 dicis
3306 1783 3480 1854 quasi
3510 1781 3667 1835 ﬁlius
3701 1794 3719 1837 :

2048 1878 2152 1930 sed
2202 1877 2318 1930 noli
2367 1876 2468 1929 tibi
2516 1875 2852 1945 specialiter
2897 1874 3117 1945 aliquid
3167 1873 3487 1926 vindicare.
3521 1869 3722 1925 Solius

2053 1965 2271 2019 Christi
2304 1964 2584 2034 specialis
2616 1967 2708 2017 est
2742 1964 2931 2031 Pater,
2966 1963 3140 2016 nobis
3175 1962 3449 2016 omnibus
3483 1960 3540 2012 in
3574 1974 3726 2013 corn-

2053 2069 2227 2107 mune
2262 2057 2351 2107 est
2385 2054 2584 2120 Pater;
2619 2052 2754 2122 quia
2786 2052 2948 2105 illum
2982 2053 3173 2106 solum
3208 2052 3427 2121 genuit,
3464 2065 3575 2103 nos
3605 2064 3729 2102 cre-

2052 2144 2188 2195 avit.
2227 2143 2330 2195 Die
2365 2157 2509 2212 ergo
2544 2145 2598 2195 et
2630 2146 2687 2194 tu
2722 2157 2826 2210 per
2857 2142 3106 2212 gratiam
3155 2139 3342 2193 Pater
3372 2145 3614 2201 noster;
3663 2135 3728 2191 ut

2055 2232 2212 2284 filius
2248 2246 2384 2284 esse
2416 2230 2686 2283 mereris.
2723 2229 3011 2283 Ecclesia:
3046 2230 3308 2282 contuitu
3338 2231 3397 2282 et
3445 2226 3726 2280 conside-

2051 2321 2276 2373 ratione
2310 2324 2363 2373 te
2397 2321 2524 2389 ipse
2558 2319 2924 2372 commenda.
3012 2308 3023 2321 ’

2122 2410 2207 2463 ‘20.
2256 2409 2443 2462 Pater
2491 2414 2715 2474 noster,
2769 2409 2865 2479 qui
2913 2423 2979 2459 es
3010 2407 3070 2460 in
3104 2406 3288 2460 oculis.
3339 2403 3490 2469 Quid
3538 2404 3630 2459 est
3661 2403 3727 2459 in

2052 2498 2264 2552 caelis?
2298 2498 2448 2551 Audi
2479 2496 2841 2567 Scriptorum
2870 2496 3161 2550 dicentem
3187 2511 3198 2549 :
3227 2494 3520 2547 Excelsus
3544 2507 3728 2562 super

2055 2603 2262 2640 omnes
2295 2586 2480 2640 cmlos
2513 2586 2797 2638 Dominus
2831 2584 2942 2653 (ΟΞ)
2976 2584 3163 2653 (Psal.
3200 2600 3338 2650 exn,
3370 2583 3444 2651 4).
3488 2581 3557 2635 Et
3590 2580 3728 2635 ubi-

2052 2691 2165 2745 que
2217 2675 2402 2729 habes
2450 2674 2607 2744 quod
2657 2690 2839 2743 super
2886 2673 3072 2727 caelos
3121 2672 3405 2725 ccelorum
3439 2670 3727 2726 Dominus

2056 2764 2151 2832 sit,
2188 2763 2361 2834 quosi
2394 2778 2509 2816 non
2543 2763 2603 2815 in
2635 2762 2803 2815 ccclis
2834 2765 2889 2815 et
2918 2760 3134 2832 angeli,
3169 2760 3340 2832 quasi
3372 2776 3489 2813 non
3521 2759 3580 2812 in
3603 2774 3729 2812 cce-

2052 2854 2127 2906 lis
2162 2856 2217 2906 et
2246 2852 2708 2906 Dominationes.
2761 2851 2877 2906 Sed
2922 2852 2981 2904 in
3012 2850 3130 2904 illis
3165 2848 3352 2915 caelis,
3405 2849 3476 2902 de
3508 2848 3729 2920 quibus

2053 2942 2270 2995 dictum
2320 2944 2411 2996 est
2457 2956 2467 2995 :
2526 2940 2674 2994 lei
2721 2945 3008 2993 enarrant
3051 2939 3304 3010 gloriam
3358 2938 3474 2992 Dei
3535 2935 3728 3008 (Psal.

2053 3048 2214 3097 xvm,
2250 3032 2323 3099 2).
2359 3030 2583 3084 leum
2614 3032 2704 3083 est
2734 3030 2834 3097 ibi,
2871 3029 2970 3083 ubi
2991 3028 3283 3095 cessavit;
3318 3028 3487 3097 culpa
3512 3025 3731 3080 ccelum

2052 3122 2144 3174 est
2191 3120 2292 3188 ibi,
2345 3119 2445 3173 ubi
2494 3119 2713 3190 ﬂagitia
2756 3118 3040 3172 feriantur
3072 3132 3084 3172 :
3122 3117 3337 3171 coelum
3368 3119 3458 3170 est
3491 3115 3591 3185 ibi,
3628 3112 3733 3168 ubi

2053 3208 2275 3263 nullum
2306 3207 2515 3261 mortis
2548 3210 2641 3261 est
2671 3207 2911 3261 vulnus.

2126 3314 2212 3370 ‘21.
2259 3315 2446 3369 Pater
2491 3321 2714 3383 noster,
2761 3315 2858 3386 qui
2891 3330 2956 3367 es
2989 3315 3049 3367 in
3100 3313 3268 3366 (uelis
3319 3310 3734 3366 sancti/iactat

2057 3421 2264 3459 nomen
2299 3410 2477 3458 tuum.
2522 3402 2670 3467 Quid
2705 3406 2814 3472 est,
2870 3401 3320 3456 sanetilieetur?
3352 3399 3534 3464 Quasi
3564 3402 3733 3469 opte-

2055 3510 2187 3547 mus
2212 3497 2271 3548 ut
2291 3494 2694 3547 sanetiiicetur
2717 3493 2814 3546 ille
2838 3492 2933 3562 qui
2960 3492 3074 3545 ait:
3111 3492 3321 3545 Estote
3344 3489 3555 3552 sancti,
3595 3488 3731 3560 quia

2057 3600 2164 3654 ego
2195 3589 2437 3637 sanctus
2465 3599 2591 3635 sum
2622 3582 2841 3651 (Lavit.
2874 3599 2995 3648 xxx,
3028 3582 3102 3650 εὶ),
3138 3580 3308 3651 quasi
3331 3578 3551 3649 aliquid
3573 3578 3627 3631 ei
3649 3593 3727 3632 ex

2055 3676 2258 3726 nostra
2322 3672 2658 3741 precatione
2706 3670 2840 3741 '(93)
2909 3669 3395 3723 sanctificationis
3440 3666 3725 3721 accedat?

2058 3761 2211 3826 Non,
2265 3760 2373 3813 sed
2424 3759 2829 3813 sanctiﬁcetur
2858 3760 2917 3813 in
2961 3759 3156 3828 nobis,
3207 3760 3269 3812 ut
3315 3758 3387 3811 ad
3434 3772 3545 3811 nos
3596 3754 3732 3827 ejus

2054 3850 2249 3920 possit
2281 3850 2668 3903 sanctiﬁcatio
2702 3849 3033 3919 pervenire.

2137 3957 2286 4020 378
2325 3956 2412 4010 ‘32.
2456 3955 2646 4009 Pater
2681 3963 2904 4024 noster,
2949 3960 3048 4027 qui
3077 3972 3142 4009 es
3174 3956 3233 4008 in
3264 3954 3432 4010 caelis
3462 3952 3734 4010 sanctiﬁ-

2060 4050 2228 4099 cetur
2279 4040 2484 4099 nomen
2530 4050 2738 4098 tuum:
2778 4044 2975 4098 veniat
3022 4061 3269 4115 regnum
3322 4050 3499 4098 tuum.
3549 4041 3733 4107 Quasi

2059 4138 2344 4189 aeternum
2376 4134 2453 4188 sit
2486 4134 2586 4189 Dei
2618 4149 2887 4206 regnum.
2922 4134 3054 4203 Ipse
3086 4134 3265 4188 Jesus
3298 4133 3472 4188 dicit:
3506 4132 3638 4204 Ego
3668 4132 3732 4186 in

2058 4276 2486 4331 crediderimus
2519 4276 2662 4330 illud
2696 4278 3003 4345 spectasse
3034 4276 3104 4329 ad
3137 4276 3477 4345 episcopos,
3523 4277 3585 4328 ut
3616 4288 3725 4344 pro

2056 4365 2141 4416 re,
2176 4352 2458 4416 tempore,
2492 4364 2559 4399 ac
2591 4348 3073 4417 baptizanrlorum
3103 4345 3473 4400 multitudine
3506 4345 3728 4417 hisﬂde

2060 4420 2271 4473 ritibus
2305 4416 2747 4473 constituerent.
2781 4419 2896 4473 Sed
2930 4420 3052 4473 fieri
3088 4419 3257 4471 etiam
3292 4417 3475 4486 potuit
3505 4420 3565 4469 ut
3598 4416 3729 4469 dic-

2056 4493 2279 4545 tionum
2314 4488 2659 4559 trajectione
2690 4506 2719 4542 a
2751 4490 3011 4543 librariis
3042 4490 3234 4542 locum
3267 4504 3443 4559 serm.
3480 4488 3548 4539 58
3591 4501 3728 4559 cor-_

2057 4566 2264 4631 ruptus
2299 4556 2491 4629 fuerit,
2525 4561 2599 4613 ita
2632 4560 3045 4627 cori-igendus,
3083 4577 3192 4612 non
3226 4558 3568 4627 symbolum,
3619 4556 3729 4631 sed

2502 4632 2836 4701 cujusmodi
2884 4631 3410 4698 trauspositionum
3460 4627 3730 4701 exempla

2059 4708 2377 4759 Occurrunt
2409 4700 2733 4772 frequentia
2768 4702 2823 4755 in
2854 4717 2999 4753 mss.
3051 4701 3173 4753 Nec
3225 4702 3397 4753 etiam
3430 4700 3730 4772 insulsum

2061 4778 2235 4830 fuerit
2267 4776 2359 4827 illa
2392 4771 2569 4827 serui.
2606 4772 2707 4826 227
2739 4773 2938 4837 verba,
2974 4772 3225 4825 (licinius
3258 4773 3582 4825 orationem
3614 4771 3730 4825 Uo-

2058 4847 2351 4907 minieum,
2408 4860 2572 4914 quum
2624 4844 2957 4912 accepistis,
3005 4848 3062 4895 et
3094 4842 3475 4909 reddidistis,
3510 4841 3730 4895 intelli-

2063 4933 2203 4989 gere
2254 4932 2380 4989 non
2422 4916 2491 4968 de
2541 4915 2883 4989 recitatione
2935 4930 3080 4989 quae
3112 4930 3309 4989 eorum
3376 4914 3729 4984 presbytero

2062 4985 2187 5042 fieri
2238 4987 2467 5040 solebat
2513 5001 2545 5036 a
2592 4985 2926 5055 ncophytis,
2980 4985 3084 5037 sed
3133 4986 3203 5039 de
3255 4986 3349 5038 illa
3421 5002 3533 5055 qua
3596 5000 3731 5039 cum

2063 5060 2342 5129 episcopo
2376 5056 2709 5110 celebrante
2742 5072 2809 5109 ac
2841 5056 3012 5109 simul
3049 5057 3328 5129 universo
3368 5057 3584 5128 populo
3630 5071 3732 5129 sa-

2065 5128 2184 5184 cris
2232 5130 2524 5197 praesente
2570 5130 2949 5182 memoratam
3005 5128 3329 5182 orationem
3393 5128 3735 5199 pronuntia-

2065 5203 2224 5255 baut.

2135 5271 2247 5341 (92‘)
2288 5270 2367 5323 Ita
2400 5285 2545 5324 mss.
2578 5271 2779 5340 plures
2809 5286 2875 5324 ac
2906 5270 3308 5340 probatiores;
3362 5270 3461 5323 alii
3510 5272 3566 5323 et
3611 5270 3731 5341 vet.

2065 5339 2233 5408 edit.,’
2264 5341 2557 5395 la‘.\'eelsus
2583 5339 2769 5413 super
2799 5339 2999 5397 omnes
3029 5349 3243 5413 gentes
3276 5342 3556 5394 llominus
3590 5339 3736 5413 :‘cui

2065 5415 2241 5467 addit.
2280 5414 2446 5466 ltum.
2484 5420 2539 5467 et
2572 5410 2753 5485 super
2783 5414 2961 5467 cce/os
2992 5410 3184 5483 gloria
3219 5414 3362 5483 ejus.
3419 5414 3491 5464 At
3520 5410 3737 5485 epina-

2066 5502 2197 5538 mur
2244 5487 2541 5539 auctorem
2590 5483 2858 5539 nostrum
2903 5500 2978 5537 ex
3025 5485 3123 5536 illo
3175 5500 3355 5536 versu
3404 5498 3470 5534 ea
3513 5483 3737 5533 tantum

2066 5557 2245 5609 verba
2265 5572 2395 5624 (piae
2415 5557 2483 5609 ad
2512 5558 2874 5625 propositum
2899 5572 3070 5608 suum
3101 5555 3406 5617 faciebant,
3433 5550 3736 5625 retulisse.

2137 5628 2248 5695 (9:5)
2286 5621 2418 5680 \‘ct‘.
2454 5621 2590 5693 edit,
2622 5621 2757 5681 cum
2790 5630 2951 5696 parte
2987 5643 3155 5691 mss,
3194 5642 3269 5676 ex
3302 5626 3502 5696 nostra
3518 5621 3739 5691 praedi-

2068 5693 2318 5753 catione.
2370 5698 2521 5751 Infra
2575 5716 2714 5753 vero
2750 5693 2882 5768 post
2913 5714 3093 5748 voces
3130 5712 3139 5748 :
3176 5694 3394 5768 Equiti
3428 5693 3534 5745 hoc
3567 5697 3741 5768 natus

2044 5787 2214 5840 sum,
2267 5769 2444 5823 addit.
2486 5771 2654 5825 Hom.
2688 5763 2824 5826 edit.
2862 5774 2918 5823 et
2951 5768 3011 5820 in
3044 5768 3150 5819 lioe
3188 5766 3320 5818 veni
3354 5764 3413 5816 in
3444 5763 3743 5820 mundum.
