3936 6168
308 290 429 373 471

1753 306 1820 381 S.
1864 312 2308 383 AMBROSII.

3599 340 3695 408 472

454 512 628 607 natus
655 522 784 563 sum
812 505 1003 580 (Joan.
1038 527 1206 582 xvm,
1228 510 1365 611 .37);
1413 516 1471 568 et
1508 516 1572 570 tu
1601 514 1752 611 dicis
1783 515 1942 611 Datri
1973 501 2062 573 εΑ
2096 523 2233 590 post
2279 536 2497 578 annum
2545 524 2836 597 accipere.
2882 526 3186 593 Quomodo
3218 528 3350 602 Job,
3380 539 3590 594 sanctus
3614 556 3700 611 pro

326 594 536 650 Veniat
567 611 818 669 regnum
850 603 1038 666 tuum;
1070 600 1241 672 quasi
1273 617 1392 658 non
1419 603 1668 659 venerit.
1703 603 1820 659 Sed
1849 608 1990 661 tunc

312 684 476 739 venit
506 700 758 757 regnum
793 687 920 758 Dei,
956 690 1194 761 quando
1225 689 1361 762 ejus
1391 693 1539 747 estis
1566 693 1814 765 gratiam
1847 708 1987 750 con-

310 773 502 827 secuti
535 775 652 845 (De
684 775 955 849 Consec.,
988 778 1125 835 dist.
1159 780 1212 847 2,
1247 796 1299 835 c.
1333 779 1400 834 In
1431 781 1694 851 calicem,
1726 782 1863 837 Fiat
1898 800 1988 840 vo-

310 860 554 934 luntas).
590 864 725 936 Ipse
755 866 914 921 enim
943 867 1024 921 ait
1057 884 1070 924 :
1111 867 1377 941 Regnum
1408 869 1524 925 Dei
1553 871 1715 926 intra
1750 887 1853 927 vos
1896 879 1988 929 est

310 950 479 1020 (Luc.
510 969 656 1025 xvn,
687 954 801 1025 2t).

380 1057 471 1114 23.
526 1058 736 1116 Veniat
767 1078 1017 1135 regnum
1052 1069 1207 1120 tuum
1232 1086 1250 1120 :
1274 1065 1377 1121 fiat
1412 1066 1682 1123 voluntas
1712 1074 1805 1125 tua
1835 1069 1989 1124 sicut

308 1146 375 1203 in
408 1148 554 1204 oculo
584 1156 644 1204 et
672 1150 735 1204 in
766 1156 934 1207 terra
967 1172 984 1207 :
1007 1170 1222 1226 panem
1276 1163 1542 1212 nostrum
1591 1159 1989 1230 quotidianum

311 1237 387 1292 da
433 1238 609 1295 nobis
652 1239 849 1296 hodie.
896 1241 1198 1316 Sanguine
1247 1243 1466 1301 Christi
1515 1247 1818 1317 paciﬁcate
1851 1251 1990 1303 sunt

311 1327 530 1397 Omnia,
562 1328 657 1384 vel
685 1328 747 1384 in
776 1330 949 1401 coelo,
984 1332 1077 1386 vel
1108 1333 1167 1387 in
1194 1334 1353 1388 terra
1386 1349 1398 1390 :
1433 1336 1865 1391 sanctiﬁcatum
1895 1340 1988 1392 est

313 1415 552 1490 coelum,
600 1417 871 1490 dejectus
915 1422 972 1475 et
999 1420 1293 1477 diabolus.
1345 1422 1460 1478 Ubi
1509 1428 1783 1480 versatur
1829 1424 1987 1494 (94)?

311 1500 431 1558 Ubi
462 1507 520 1559 et
548 1505 746 1576 homo,
776 1523 954 1580 quem
983 1508 1081 1564 ille
1114 1509 1365 1582 decepit.
1400 1510 1537 1567 Fiat
1574 1512 1844 1568 voluntas
1869 1519 1981 1579 tua,

311 1591 429 1648 hoc
458 1596 569 1662 est,
602 1594 681 1650 sit
708 1612 831 1667 pax
860 1596 921 1652 in
952 1601 1129 1670 terra,
1182 1600 1673 1672 quemadmodum
1723 1602 1781 1658 in
1811 1603 1980 1659 coelo.

327 1779 331 1785 Ι
383 1698 474 1756 24.
516 1701 744 1759 Panem
772 1710 1042 1761 nostrum
1074 1707 1475 1780 quotidianum
1497 1709 1570 1765 da
1596 1709 1767 1765 nobis
1788 1711 1983 1766 hodie.

313 1790 554 1847 Memini
584 1793 882 1849 sermonis
913 1794 1028 1850 mei
1062 1811 1196 1851 cum
1229 1796 1301 1852 de
1330 1799 1724 1855 sacramentis
1770 1802 1987 1854 tracta-

2097 608 2237 701 tlliis
2268 612 2397 667 suis
2428 612 2711 670 offerebat
2742 617 3004 688 quotidie
3044 618 3396 677 sacrificium
3437 624 3571 693 (Job.
3600 608 3632 697 ι,
3658 632 3702 701 5)

2097 714 2171 753 no
2201 699 2351 755 forte
2379 702 2603 774 aliquid
2634 705 2727 760 vel
2758 705 2817 761 in
2849 707 3049 776 corde,
3095 708 3191 763 vel
3220 708 3281 763 in
3311 724 3558 769 sermone
3588 699 3706 787 pec?-

2097 792 2378 845 cassent?
2410 791 2568 865 Ergo
2599 796 2661 848 tu
2689 794 2860 849 audis
2889 796 3046 867 quod
3080 799 3529 873 quotiescunque
3567 805 3711 862 oﬂ‘er.

2096 880 2192 932 tur
2221 880 2603 951 sacrificium,
2639 899 2799 939 mors
2832 885 3086 956 Domini,
3118 890 3466 945 resurrectio
3492 891 3709 965 Domini,

2097 967 2345 1023 elevatio
2370 970 2515 1036 379
2538 971 2765 1027 Domini
2798 974 3190 1047 signiﬁcetur,
3223 980 3281 1031 et
3308 978 3567 1036 remissio
3593 999 3711 1053 pec-

2098 1058 2360 1112 catorum
2397 1075 2409 1114 :
2443 1064 2499 1113 et
2545 1077 2756 1131 panem
2803 1062 2982 1119 istum
3030 1064 3167 1120 vitae
3214 1081 3333 1121 non
3360 1069 3714 1138 quotidianum

2096 1148 2359 1202 assumis
2389 1149 2449 1217 (Ι
2478 1148 2612 1205 Cor.
2647 1168 2729 1219 χι,
2763 1151 2884 1223 26)?
2910 1153 3019 1219 Qui
3048 1155 3268 1210 vulnus
3296 1155 3483 1227 habet,
3515 1159 3719 1215 medici-

2099 1251 2231 1290 nam
2263 1237 2529 1308 requirit.
2564 1239 2793 1295 Vulnus
2826 1244 2936 1312 est,
2969 1243 3106 1314 quia
3129 1243 3243 1298 sub
3264 1248 3495 1315 peccato
3512 1262 3719 1306 sumus:

2095 1325 2386 1381 medicina
2415 1330 2508 1382 est
2535 1329 2776 1385 coeleste
2824 1332 2879 1386 et
2927 1332 3268 1388 venerabile
3294 1334 3721 1403 :sacramentum.

2166 1431 2255 1487 26.
2297 1433 2520 1489 Panem
2552 1442 2817 1492 nostrum
2852 1438 3255 1510 quotidianum
3286 1441 3359 1494 da
3381 1440 3543 1496 nobis
3557 1443 3722 1498 hodie.

2096 1520 2365 1586 Quotidie
2394 1522 2448 1577 si
2478 1525 2737 1595 accepis,
2771 1527 3030 1598 quotidie
3059 1527 3167 1582 tibi
3198 1527 3375 1584 hodie
3405 1531 3511 1584 est.
3559 1529 3616 1585 Si
3642 1531 3730 1586 tibi

2096 1609 2271 1666 hodie
2284 1614 2377 1666 est
2396 1611 2691 1685 Christus,
2708 1615 2812 1669 tibi
2835 1616 3096 1688 quotidie
3118 1618 3403 1690 resurgit.
3434 1618 3732 1682 Quomodo?

2095 1698 2288 1755 Filius
2316 1717 2482 1757 meus
2512 1718 2579 1758 es
2609 1709 2689 1773 tu,
2725 1720 2834 1775 ego
2863 1705 3040 1760 hodie
3069 1707 3253 1778 genui
3286 1712 3344 1761 te
3373 1707 3556 1776 (Psal.
3587 1709 3733 1778 11,1).

2095 1788 2284 1845 Hodie
2314 1806 2460 1864 ergo
2491 1795 2604 1862 est,
2637 1794 2871 1867 quando
2902 1793 3180 1851 Christus
3209 1797 3494 1868 resurgit.
3525 1796 3665 1851 Heri
3690 1804 3737 1852 et

311 1895 439 1935 rem
492 1880 655 1952 (sup.
707 1881 812 1938 lib,
865 1900 943 1954 ιν,
992 1899 1120 1956 cap,
1169 1885 1247 1955 4),
1293 1886 1428 1941 Dixi
1458 1888 1632 1943 vobis
1662 1889 1818 1959 quod
1850 1892 1984 1944 ante
2016 1879 2065 1940 B
2093 1877 2271 1933 hodie
2301 1880 2433 1951 ipse
2464 1889 2576 1951 est,
2607 1882 2914 1952 apostolus
2947 1883 3167 1940 Paulus
3198 1884 3278 1939 ait
3306 1884 3518 1954 (Hebr.
3539 1887 3739 1957 xm,8‘).

311 1969 497 2025 verba
544 1969 766 2026 Christi
813 1972 973 2043 quod
1016 1971 1277 2045 otl‘ertur,
1323 1975 1495 2045 panis
1545 1976 1774 2032 dicatur
1818 1992 1831 2032 :
1882 1977 1985 2032 ubi

310 2058 537 2115 Christi
563 2059 746 2117 verba
778 2061 1123 2133 deprompta
1154 2062 1394 2135 fuerint,
1420 2063 1548 2136 jam
1576 2081 1694 2120 non
1716 2066 1887 2136 panis
1906 2066 1987 2121 di-

312 2147 467 2204 citur
511 2149 620 2206 sed
667 2165 887 2221 corpus
935 2151 1264 2223 appellatur
1311 2153 1422 2222 (De
1455 2153 1723 2225 Consec.,
1757 2155 1893 2210 dist.
1929 2157 1982 2225 2,

312 2253 366 2293 c.
400 2237 469 2292 In
499 2237 763 2309 calicem,
798 2239 946 2295 Dixi
985 2240 1192 2317 vobis).
1234 2240 1426 2305 Quare
1458 2258 1603 2316 ergo
1633 2243 1694 2298 in
1724 2244 1986 2301 oratione

310 2325 622 2384 Dominica
664 2343 801 2401 quae
845 2332 1056 2401 postea
1105 2331 1397 2403 sequitur,
1429 2331 1510 2387 ait
1541 2349 1554 2387 :
1587 2332 1816 2389 Panem
1850 2350 1989 2390 nos-

313 2422 493 2473 trum.
546 2417 767 2474 Panem
810 2418 1049 2491 quidem
1095 2420 1263 2492 dixit,
1312 2421 1421 2477 sed
1443 2427 1722 2495 ἕπιούσιον,
1750 2422 1865 2480 hoc
1899 2430 1993 2483 est

312 2507 974 2578 supersubstantialem.
1022 2509 1158 2566 Non
1186 2510 1300 2566 iste
1331 2512 1504 2583 panis
1536 2515 1648 2583 est,
1698 2512 1796 2584 qui
1831 2512 1993 2566 vadit

309 2595 375 2651 in
404 2610 624 2668 corpus
658 2612 673 2652 :
706 2596 815 2653 sed
845 2596 943 2654 ille
972 2599 1145 2670 panis
1199 2600 1336 2656 vitae
1384 2602 1623 2656 aeternae
1672 2601 1860 2672 (Joan.
1906 2618 1985 2671 vr,

310 2684 428 2756 35),
459 2685 561 2757 qui
589 2685 800 2743 animm
830 2688 1054 2743 nostrae
1086 2688 1478 2744 substantiam
1508 2689 1676 2746 fulcit
1705 2690 1817 2760 (De
1843 2689 1993 2745 Con-

311 2789 461 2844 sec.,
480 2773 619 2830 dist.
641 2774 695 2845 2,
721 2790 774 2830 c.
806 2775 941 2832 Non
962 2777 1080 2833 iste
1096 2778 1316 2851 panis).
1349 2779 1487 2839 Ideo
1506 2778 1713 2836 Graece
1735 2785 1991 2849 ἕπισὺσιος

311 2863 529 2919 dicitur
557 2878 574 2920 :
605 2863 834 2919 Latinis
876 2867 1071 2922 autem
1117 2867 1278 2922 hunc
1325 2883 1538 2939 panem
1579 2868 1989 2940 quotidianum

312 2951 463 3008 dixit
502 2968 680 3024 quem
722 2953 918 3010 Graeci
965 2954 1167 3011 dicunt
1207 2956 1620 3013 advenientem
1665 2958 1801 3029 (95):
1853 2957 1992 3030 quia

310 3040 509 3099 Graeci
555 3041 757 3098 dicunt
775 3050 866 3109 τὴν
895 3050 1139 3107 ἐπιοῦσαν
1157 3052 1345 3129 ἡμέραν
1365 3046 1774 3102 advenientem
1813 3046 1987 3102 diem.

311 3128 477 3203 Ergo
507 3132 667 3204 quod
696 3132 942 3190 Latinus
971 3134 1139 3206 dixit,
1175 3128 1419 3208 etquod
1448 3135 1719 3206 Graecus,
1762 3138 1991 3191 utrum-

2094 1966 2212 2022 Sed
2240 1970 2297 2023 et
2325 1969 2464 2025 alibi
2494 1970 2572 2026 ait
2606 1986 2617 2026 :
2650 1971 2792 2028 Nox
2811 1974 3151 2044 praecessit,
3190 1974 3327 2029 dies
3356 1980 3543 2029 autem
3563 1991 3743 2047 appro-

2088 2057 2400 2131 pinquavit
2429 2060 2617 2130 (Rom.
2651 2078 2778 2132 xm,
2816 2060 2905 2132 12)
2933 2077 2944 2117 :
2971 2077 3091 2119 nox
3120 2062 3408 2120 hesterna
3439 2064 3745 2135 praecessit,

2094 2145 2224 2202 dies
2256 2146 2581 2204 hodiernus
2613 2150 3124 2223 appropinquavit.

2163 2253 2250 2309 2'7.
2293 2254 2575 2327 Seguitur
2605 2272 2616 2310 :
2652 2256 2902 2312 Dimitte
2933 2258 3106 2314 nobis
3125 2258 3334 2315 debita
3360 2266 3583 2328 nostra,
3614 2260 3750 2315 sicut

2095 2350 2154 2399 et
2202 2360 2309 2399 nos
2358 2344 2713 2401 dimittimus
2755 2345 3135 2403 debitoribus
3198 2351 3453 2406 nostris.
3504 2350 3755 2406 Debitum

2095 2431 2234 2504 quid
2282 2436 2393 2503 est,
2445 2433 2563 2489 nisi
2610 2438 2957 2505 peccatum?
3003 2436 3163 2510 Ergo
3214 2439 3268 2493 si
3317 2454 3438 2494 non
3468 2438 3755 2510 acciperes

2095 2521 2273 2577 alieni
2303 2522 2526 2578 fenoris
2557 2524 2889 2595 pecuniam,
2942 2541 3061 2581 non
3091 2542 3310 2599 egeres
3343 2528 3492 2599 (9'7);
3550 2531 3605 2583 et
3640 2527 3759 2582 ideo

2095 2614 2400 2682 peccatum
2428 2611 2535 2667 tibi
2562 2612 2898 2685 imputatur.
2943 2614 3217 2671 Habuisti
3246 2617 3583 2687 pecuniam,
3638 2632 3758 2671 cum

2096 2715 2211 2772 qua
2243 2700 2413 2756 dives
2428 2702 2788 2757 nascereris.
2815 2703 2996 2759 Dives
3010 2720 3165 2774 eras,
3183 2706 3256 2760 ad
3277 2706 3603 2779 imaginem
3631 2708 3685 2760 et
3701 2706 3771 2759 si-

2094 2789 2484 2845 militudinem
2503 2790 2608 2846 Dei
2627 2790 2817 2846 factus
2835 2791 3058 2863 (Genu,
3091 2792 3183 2865 26)
3219 2809 3232 2850 :
3267 2794 3587 2865 perdidisti
3614 2792 3768 2865 quod

2095 2877 2380 2948 habebas,
2416 2879 2529 2935 hoc
2569 2882 2679 2951 est,
2713 2878 3139 2952 'humilitatem,
3193 2883 3340 2938 dum
3385 2882 3769 2957 arrogantiam

2095 2967 2406 3023 desideras
2450 2968 2753 3023 vindicare
2805 2985 2819 3025 :
2874 2970 3184 3041 perdidisti
3225 2972 3583 3043 pecuniam,
3628 2972 3770 3027 sicut

2094 3057 2281 3111 Adam
2325 3057 2520 3113 nudus
2566 3060 2657 3114 est
2707 3056 2901 3113 factus
2944 3058 3123 3129 (Gen.
3155 3078 3238 3131 ιιι,
3273 3061 3333 3132 '7)
3370 3077 3383 3117 :
3420 3060 3702 3132 accepisti
3744 3076 3779 3121 ιλ

2095 3146 2329 3201 diabolo
2379 3146 2660 3213 debitum,
2714 3148 2869 3218 quod
2917 3163 3039 3203 non
3086 3153 3211 3203 erat
3241 3151 3681 3206 necessarium.
3713 3148 3777 3203 Et

313 3235 431 3292 que
462 3220 603 3276 utile
633 3220 866 3278 videtur
897 3239 911 3279 :
945 3222 1194 3280 Graecus
1223 3228 1537 3297 utrumque
1567 3240 1685 3280 uno
1716 3240 1991 3281 sermone
2021 3237 2072 3308 (ξ
2095 3234 2226 3290 ideo
2274 3235 2378 3306 qui
2423 3250 2558 3291 eras
2607 3236 2760 3291 liber
2801 3236 2862 3290 in
2907 3236 3165 3308 Christo,
3215 3238 3462 3295 debitor
3494 3240 3685 3295 factus
3716 3255 3777 3293 es

314 3308 695 3383 significavit,
729 3312 978 3368 Latinus
1010 3312 1415 3386 quotidianum
1446 3313 1610 3368 dixit.

384 3414 476 3473 25.
517 3416 579 3473 Si
611 3419 993 3491 quotidianus
1024 3424 1117 3476 est
1143 3421 1334 3493 panis,
1367 3437 1473 3477 cur
1510 3422 1649 3493 post
1674 3436 1894 3475 annum
1925 3420 1992 3475 il-

311 3502 439 3561 lum
470 3497 682 3578 sumis,
715 3510 1206 3580 quemadmodum
1232 3510 1426 3566 Graeci
1452 3510 1514 3566 in
1534 3510 1770 3566 Oriente
1792 3510 1987 3565 facere

314 3598 686 3651 consuerunt
732 3597 868 3667 (96).
930 3599 1151 3670 Accipe
1195 3599 1476 3672 quotidie,
1523 3600 1679 3672 quod
1730 3598 1989 3672 quotidie

312 3684 423 3741 tibi
451 3685 660 3757 prosit.
694 3685 794 3743 Sic
822 3683 981 3758 vive,
1012 3691 1076 3743 ut
1104 3689 1365 3761 quotidie
1384 3689 1673 3745 merearis
1695 3688 1986 3759 accipere.

313 3773 429 3841 Qui
474 3790 595 3831 non
639 3777 901 3832 meretur
945 3767 1216 3849 quotidie
1252 3779 1542 3851 accipere,
1586 3793 1704 3834 non
1732 3781 1993 3834 meretur

389 3917 505 3989 (94)
541 3917 761 3975 Omnes
791 3919 954 3989 edit.,
988 3919 1279 3977 diabolus.
1332 3921 1426 3978 Ibi
1459 3926 1756 3988 versatur,
1801 3920 1901 3975 ubi
1930 3927 1990 3976 et

316 3989 490 4047 homo
520 4006 533 4045 ε
569 3992 773 4046 contra
800 4006 945 4046 vero
973 4006 1181 4047 omnes
1211 4008 1360 4048 mss.
1395 3996 1456 4048 ut
1484 4000 1596 4048 nos
1628 3993 1689 4046 in
1719 3996 1901 4059 textu,
1937 3992 1989 4046 si

316 4064 730 4135 tamenunum
757 4065 857 4135 aut
886 4062 1134 4135 alterum
1166 4064 1453 4135 excipias,
1493 4064 1554 4118 in
1584 4063 1803 4134 quibus
1835 4063 1987 4135 legi-

315 4136 434 4202 tur,
469 4132 761 4204 diabolus,
798 4132 898 4187 uhi
932 4139 1209 4189 versatur
1238 4132 1511 4204 et'homo,
1544 4132 1655 4191 etc.

391 4205 524 4288 (95)
544 4203 644 4261 Sic
673 4204 1048 4288 omnesedit.
1084 4221 1217 4288 cum
1245 4203 1793 4288 paucisnadmodum
1813 4221 1985 4288 mss;

313 4275 382 4358 i_n
428 4275 564 4358 aliis
601 4278 804 4358 autem
850 4275 1008 4358 sicut
1052 4280 1110 4331 et
1134 4275 1421 4358 .inserm.
1454 4277 1520 4358 ξι
1553 4277 1798 4358 Append
1831 4279 1984 4358 A_ug.

316 4348 722 4421 desideratur,
746 4363 912 4421 quem
947 4345 1145 4421 Graeci
1172 4348 1374 4404 dicunt
1402 4345 1838 4421 advenientem.
1864 4345 1986 4404 Ne-

313 4389 428 4494 Eii?
465 4389 640 4491 porro
688 4389 817 4476 dots.
868 4418 1140 4491 Scaliger
1168 4425 1424 4482 ἐπιούσιον
1445 4418 1613 4475 reddi
1662 4433 1842 4488 posse
1883 4435 1988 4489 per

315 4498 978 4574 supersubstantialem,
1010 4515 1081 4555 eo
1112 4501 1270 4572 quod
1300 4515 1419 4556 non
1447 4498 1748 4555 derivetur
1769 4504 1870 4560 απὸ
1901 4511 1989 4569 τῆς

314 4589 538 4654 οὐσίαςς
584 4580 898 4637 dicendum
930 4580 1087 4635 enim
1120 4586 1302 4651 esset,
1336 4580 1544 4652 inquit,
1576 4586 1847 4642 ἐποὺσιονε
1879 4579 1987 4634 sed

318 4661 394 4715 ab
422 4667 505 4723 im
527 4663 586 4717 et
615 4670 702 4724 ἰὼν
725 4666 903 4733 ἰόντος,
935 4688 1106 4733 conca,
1145 4670 1336 4734 ἰούσης,
1362 4660 1435 4714 ab
1460 4663 1543 4731 ἕω,
1583 4660 1735 4715 unde
1759 4672 1937 4740 απείμι
1968 4684 1981 4731 ;

321 4740 477 4795 unde
499 4747 706 4812 postea
746 4747 982 4813 ἐπιοῦσα,
1030 4742 1236 4814 supple
1285 4748 1443 4824 ἡμέρα
1511 4742 1774 4824 crastina
1832 4740 1983 4824 dies.

302 4820 506 4891 ‘Becte
537 4821 711 4891 atque
739 4820 812 4875 ad
839 4821 1252 4877 illustrandum
1283 4819 1442 4877 hunc
1484 4820 1745 4876 auctoris
1794 4819 1985 4891 nostri

318 4890 538 4961 locum,
571 4889 859 4961 apposite.
891 4893 1005 4949 Sed
1038 4893 1109 4949 de
1140 4893 1236 4949 his
1267 4893 1479 4949 iterum
1510 4892 1611 4948 lib.
1636 4909 1696 4946 ιιι
1718 4891 1792 4947 de
1808 4889 1981 4960 Fide,

321 4960 535 5032 cap.h'l.

392 5030 509 5104 (96)
545 5030 718 5091 Haud
744 5035 964 5089 temere
993 5035 1283 5104 invenias,
1324 5038 1386 5090 ut
1416 5036 1475 5090 in
1507 5034 1861 5090 Praefatione
1888 5032 1985 5104 in-

296 5101 672 5177 dicavimus,
705 5104 1085 5177 Ambrosium
1115 5106 1175 5160 in
1204 5101 1383 5162 certis
1414 5108 1542 5161 suis
1572 5105 1853 5177 operibus
1885 5103 1988 5177 hu-

310 5173 584 5246 jusmodi
612 5174 912 5246 querelam
943 5176 1014 5231 de
1046 5191 1289 5230 suorum
1322 5177 1381 5231 in
1397 5173 1741 5246 accipiendo
1761 5175 1983 5231 Christi

296 5244 570 5328 corpore
598 5244 1338 5328 negligentianinstitui‘sse.
1360 5244 1583 5328 ΔΙιιιιιιίῑ
1612 5248 1859 5328 quidem
1871 5246 1980 5328 lib.

315 5335 382 5390 ιιι
412 5316 487 5373 de
502 5316 920 5390 _Pcenit.,‘cap.
952 5319 1006 5388 9,
1039 5316 1325 5390 quosdam
1357 5317 1546 5373 fuisse
1574 5316 1675 5390 qui
1706 5318 1987 5389 poeniten«

314 5389 416 5445 tim
464 5388 707 5444 obtentu
747 5404 780 5441 a
829 5405 999 5445 sacra
1030 5388 1442 5446 cemmunione
1474 5406 1540 5445 se
1571 5388 1935 5445 abstinerent
1968 5404 1980 5443 :

317 5461 426 5542 sed
456 5475 648 5542 neque
681 5475 1071 5542 communem,
1105 5475 1294 5542 neque
1322 5462 1438 5542 tam
1470 5461 1804 5542 diuturnam
1841 5476 1984 5542 exs-

314 5533 522 5611 titisse
540 5530 700 5611 illam
730 5530 1147 5611 abstinentiam
1163 5602 1173 5611 _
1184 5530 1495 5611 inspectus
1540 5532 1706 5611 locus
1728 5605 1737 5611 _
1756 5531 1987 5611 abunde

313 5603 547 5682 probat.
581 5602 904 5682 Fatendum
933 5607 1125 5659 tamen
1160 5602 1259 5657 illo
1278 5602 1399 5682 jam
1420 5603 1643 5682 saeculo
1663 5603 1988 5682 intepuisse

360 5675 633 5729 ristinum
680 5675 1036 5744 quotidianae
1082 5672 1515 5728 communionis
1568 5689 1760 5740 usum,
1804 5672 1881 5725 uti
1916 5689 1988 5726 ex

360 5690 633 5729 risnnum
680 5690 1036 5744 quonuianm
1082 5690 1515 5728 communionis
1568 5690 1760 5740 llSlllﬂ,
1804 5690 1881 5725 ιιῐι
1916 5690 1986 5726 ΟΧ

286 5690 665 5819 κῑιίθιιοιιγῐηί
693 5746 865 5821 epist.
901 5747 989 5818 50,
1025 5746 1160 5802 adv.
1196 5744 1413 5813 Jovin.,
1448 5747 1505 5801 et
1532 5744 1621 5816 28,
1655 5745 1727 5798 ad
1752 5745 1986 5812 Lucer.,

2095 3324 2334 3380 diaboli.
2367 3323 2708 3381 Cautionem
2736 3328 2895 3381 tuam
2924 3326 3159 3382 tenebat
3189 3327 3503 3400 inimicus,
3529 3330 3637 3385 sed
3658 3343 3777 3383 eam

2096 3414 2381 3470 Dominus
2414 3414 2725 3485 crucifixit,
2762 3418 2819 3471 et
2851 3430 2962 3470 suo
2995 3431 3208 3472 cruore
3259 3417 3491 3473 delevit
3533 3416 3777 3487 (Coloss.

2095 3522 2155 3572 ιι,
2208 3502 2343 3574 14);
2395 3504 2638 3559 abstulit
2686 3503 2947 3560 debitum
2996 3507 3179 3575 tuum,
3229 3506 3500 3562 reddidit
3549 3506 3782 3562 liberta-

2094 3596 2232 3648 tem.

2166 3683 2256 3739 28.
2281 3684 2439 3739 Bene
2460 3698 2604 3756 ergo
2621 3682 2702 3738 ait
2726 3698 2739 3738 :
2763 3682 2845 3737 Et
2868 3682 3104 3739 dimitte
3126 3653 3302 3741 nobis
3325 3685 3545 3742 debita
3567 3691 3788 3752 nostra,

2093 3773 2247 3828 sicut
2266 3777 2323 3828 et
2344 3789 2450 3828 nos
2461 3771 2816 3828 dimittimus
2828 3771 3208 3830 debitoribus
3221 3774 3643 3830 nostris.Vide
3657 3772 3789 3846 quid

2095 3933 2204 3972 nec
2236 3933 2353 3972 non
2385 3915 2703 3989 Augustini
2736 3915 2909 3989 epist.
2942 3916 3011 3970 51
3042 3916 3118 3989 ad
3164 3915 3449 3987 Januar.,
3506 3915 3790 3988 intelligi-

2095 4005 2227 4044 mus
2262 4006 2272 4043 :
2307 3987 2514 4043 verum
2545 3988 2630 4042 illi
2658 3988 3049 4057 posteriorem
3080 3987 3237 4043 hunc
3277 4005 3524 4045 morem
3555 3990 3635 4043 ita
3682 3987 3794 4042 non

2096 4059 2584 4143 condemnabam,
2617 4064 2679 4113 ut
2707 4058 2823 4143 sibi
2854 4059 3111 4143 priorem
3161 4061 3366 4131 magis
3422 4060 3674 4143 prqbari
3713 4059 3793 4112 si-

2094 4132 2477 4212 gniﬁcarent;
2509 4145 2761 4200 namque
2792 4131 3185 4211 Augustinus,
3237 4131 3583 4214 serm._2?:7
3634 4145 3797 4185 novae

2097 4204 2232 4258 edit.
2266 4201 2599 4272 neophytos
2631 4201 2701 4254 ad
2734 4201 3137 4271 quotidianum
3187 4201 3607 4258 Eucharistlaa
3658 4217 3797 4257 con-

2095 4274 2319 4328 vivium
2349 4273 2553 4327 eadem
2585 4273 2809 4326 ratione
2829 4288 2942 4344 qua
2966 4272 3062 4325 hic
3084 4272 3212 4343 ipse
3235 4276 3482 4344 auctor,
3518 4274 3798 4328 inducere

2096 4345 2317 4401 nititur.
2350 4344 2515 4409 Quod
2549 4347 2744 4398 autem
2775 4342 3394 4416 ad’Graecos,verum
3429 4342 3681 4416 quidem
3713 4345 3800 4416 est

2096 4417 2584 4486 Chrysostomum
2635 4414 2974 4486 populiisui
3027 4414 3337 4470 fastidium
3394 4414 3803 4471 et'sumendie

2098 4433 2584 4471 unr'soswmum
2635 4433 2835 4486 populi
2882 4433 2974 4469 Slll
3027 4433 3337 4470 iasuoium
3394 4433 3457 4471 et
3493 4433 3799 4471 sumenosa

2098 4433 2958 4567 Eucltai'istige_negligentiam
3001 4487 3297 4567 castigare
3355 4487 3615 4567 ho_milia
3742 4487 3799 4566 in

2098 4559 2285 4629 Epist.
2317 4558 2390 4612 ad
2420 4557 2736 4629 Ephesios,
2761 4560 2836 4629 et
2863 4557 3125 4627 apertius
3173 4557 3377 4612 adhuc
3434 4559 3607 4613 hom.
3660 4558 3715 4624 5,
3745 4557 3803 4629 in

2019 4608 2075 4673 D
2100 4608 2285 4700 Εὖίἑιζ
2320 4608 2736 4683 manus:
2760 4608 2924 4697 tam:
2950 4608 3043 4682 ae
3060 4608 3286 4683 "ante;
3303 4608 3807 4700 ursimus;

2096 4698 2366 4772 corporis
2397 4700 2838 4772 communione;
2885 4702 3135 4753 attamen
3170 4716 3259 4772 ex
3319 4700 3552 4754 eadem
3584 4701 3744 4772 hom».
3776 4698 3809 4750 3

2094 4770 2272 4843 supra
2305 4772 2533 4843 laudata
2566 4770 2711 4825 satis
2743 4776 2981 4843 apparet
3015 4787 3130 4843 non
3162 4770 3362 4843 fuisse
3399 4772 3684 4827 omnium
3722 4770 3808 4824 is—

2092 4841 2207 4898 tam
2241 4842 2705 4913 indevotionem;
2737 4857 2805 4894 ac
2836 4841 3080 4913 proinde
3111 4857 3229 4913 non
3260 4842 3325 4896 in
3349 4842 3613 4898 Oriente
3634 4857 3811 4913 quam

2092 4915 2153 4969 in
2180 4914 2495 4970 Occidente
2526 4910 3045 4987 multomajorem.
3097 4912 3492 4987 Quapropter
3544 4910 3808 4987 Ambro-

2092 4987 2222 5041 sius
2252 5001 2379 5040 eam
2409 4983 2897 5056 consuetudinem
2923 4982 3149 5056 Gijaecis
3190 4982 3405 5053 potius
3456 5001 3648 5056 quam
3696 4983 3809 5039 La-

2090 5056 2230 5111 tinis
2276 5071 2394 5111 non
2439 5055 2672 5126 videtur
2719 5053 3355 5126 fuissegobjecturus;
3414 5053 3609 5126 atque
3660 5056 3809 5109 adeo

2091 5126 2408 5199 posteriori
2440 5125 2694 5196 cuipiam
2722 5124 2947 5199 auctori
2966 5125 3435 5199 accusationem
3491 5124 3664 5181 illam
3715 5139 3812 5198 po-

2092 5195 2209 5255 tius
2242 5195 2573 5269 congruere
2604 5212 2721 5250 non
2753 5195 3041 5269 immerito
3070 5196 3212 5269 hinc
3244 5196 3594 5266 conjicias.

2164 5269 2277 5331 (97)
2317 5266 2474 5340 Mss.
2516 5268 2757 5340 aliquot,
2808 5266 2976 5340 lgrgo
3022 5266 3079 5340 si
3123 5282 3235 5321 non
3280 5270 3651 5340 acceperis,
3703 5283 3816 5322 non

2095 5341 2334 5414 egebis;
2381 5339 2482 5394 alii
2508 5337 2772 5423 partim,
2813 5337 2994 5423 Ergo.
3024 5339 3226 5423 si‘non‘
3250 5337 3651 5423 acgenisses,
3705 5354 3817 5393 non

2096 5409 2351 5495 egeres;
2397 5409 2609 5495 partim
2650 5413 2721 5490 ut.
2758 5409 2817 5491 in
2865 5409 3454 5495 contextusauhis.
3493 5428 3650 5495 vero
3700 5426 3820 5490 non

2094 5480 2436 5554 discrepant
2485 5482 2621 5554 edit.
2651 5480 2785 5554 nisi
2813 5480 2968 5554 quod
3002 5496 3105 5550 pro
3134 5482 3191 5533 si
3219 5480 3462 5554 habent
3498 5483 3678 5554 etsi
3713 5481 3820 5534 mi-

2093 5572 2208 5610 nus
2254 5551 2578 5609 commode.
2632 5553 2705 5605 At
2752 5551 3030 5607 continuo
3061 5554 3195 5621 post
3252 5551 3367 5607 ubi
3397 5557 3530 5608 vet.
3567 5552 3716 5611 edit.
3752 5567 3824 5606 ac

2093 5628 2299 5697 plures
2328 5640 2497 5691 mss.,
2533 5625 2597 5678 di
2610 5638 2710 5697 res
2742 5622 3029 5697 nasceris,
3060 5625 3121 5697 et
3149 5621 3246 5697 alii
3277 5624 3604 5694 nonnulli,
3641 5624 3825 5697 dives

2099 5693 2483 5759 haseohnris;
2533 5695 2726 5765 aptius
2781 5694 2948 5766 ltom.
3008 5693 3143 5747 edit.
3199 5693 3340 5747 licet
3398 5709 3548 5748 cum
3592 5693 3821 5766 paucis

2098 5784 2269 5839 mss.,
2303 5767 2365 5823 di
2376 5784 2477 5823 ves
2508 5765 2874 5821 nascereris.
