4024 6176
411 319 531 388 4‘79

1845 330 1910 394 s.
1956 308 2397 395 AMBROSII.

3683 323 3792 400 480

409 521 522 578 viri
555 522 689 596 ejus
722 529 1098 585 convertatur
1125 527 1371 586 ati‘ectus
1400 546 1507 602 per
1533 530 1740 587 uxoris
1787 548 1913 588 suae
1956 531 2066 588 bo-
2085 510 2154 588 ι
2179 535 2386 588 cantur
2405 531 2678 589 homines
2701 531 3043 589 Christiani.
3078 532 3236 606 Ergo
3259 534 3496 606 optantis
3516 537 3616 606 est,
3646 546 3790 594 sanc-

409 628 544 667 nam
584 617 1116 687 conversationem,
1169 622 1225 674 et
1268 619 1609 675 incredulus
1655 637 1721 676 se
1769 624 2070 676 convertat

407 701 479 754 ad
527 703 776 774 gratiam
819 703 1039 760 Christi
1089 707 1148 776 (l
1188 707 1361 763 Petr.
1412 727 1492 779 ιιι,
1545 710 1595 780 1,
1629 711 1707 780 2).
1763 711 1888 765 Hoc
1916 711 2070 765 valet

407 791 674 845 mulieris
724 794 988 864 gravitas
1033 798 1089 850 et
1131 797 1428 868 pudicitia,
1480 801 1536 852 et
1577 798 1709 869 ejus
1741 799 1894 854 bona
1925 815 2069 854 con-

406 881 688 949 versatio,
724 884 786 936 ut
814 881 1005 937 virum
1035 899 1208 938 suum
1239 889 1410 940 vocet
1439 887 1511 940 ad
1541 887 1789 942 tidemet
1811 889 2070 944 devotio-

408 983 562 1036 nem,
598 970 752 1039 quod
785 973 838 1024 et
870 972 1176 1040 prudentis
1207 975 1320 1029 viri
1351 991 1546 1030 sermo
1578 976 1919 1050 frequenter
1935 993 2070 1048 ope-

405 1059 587 1111 ratur.
622 1057 780 1131 Ergo
813 1059 1042 1128 mulier,
1077 1062 1282 1134 inquit,
1317 1081 1433 1119 non
1467 1065 1525 1119 in
1566 1069 1774 1120 ornatu
1825 1066 2069 1136 capillo-

406 1160 558 1211 rum,
592 1162 708 1200 non
741 1149 800 1202 in
831 1150 1000 1204 tortis
1033 1152 1298 1208 crinibus
1329 1158 1733 1210 ornamentum
1764 1173 1938 1210 suum
1971 1155 2071 1210 ha-

406 1229 561 1302 beat,
597 1233 702 1289 sed
737 1236 796 1290 in
827 1235 1088 1294 oratione
1120 1254 1194 1294 ex
1225 1242 1402 1298 corde
1432 1258 1610 1314 puro;
1654 1244 1756 1298 ubi
1804 1248 1896 1300 est
1934 1246 2070 1300 abs-

410 1323 682 1378 conditus
715 1326 914 1380 cordis
945 1327 1141 1399 homo,
1176 1331 1278 1402 qui
1305 1347 1543 1402 semper
1571 1337 1662 1388 est
1691 1333 1844 1404 apud
1883 1335 2068 1388 Deum

408 1410 677 1483 locuples
717 1414 774 1479 (I
805 1415 946 1471 lim.
981 1435 1040 1487 ιι,
1071 1418 1148 1488 9).
1201 1419 1401 1475 Ilabes
1432 1437 1576 1492 ergo
1607 1422 1664 1475 in
1696 1439 1811 1494 quo
1843 1423 1931 1478 sis
1976 1423 2069 1477 di-

405 1515 533 1555 ves.
568 1501 632 1556 In
659 1503 895 1559 Christo
928 1505 1147 1562 divitiae
1180 1511 1295 1564 tuae
1326 1510 1623 1580 pudicitiae
1657 1514 1797 1566 sunt
1827 1514 1883 1566 et
1931 1528 2068 1567 cas-

404 1589 586 1645 litatis
637 1590 860 1663 infulae,
909 1595 1079 1666 ﬁdes,
1133 1597 1366 1652 devotio
1411 1601 1468 1653 et
1516 1600 1944 1655 misericordia.
1991 1601 2068 1656 Hi

405 1680 544 1732 sunt
571 1674 838 1736 thesauri
871 1681 1140 1756 justitiae,
1192 1687 1346 1740 sicut
1392 1687 1676 1758 propheta
1725 1690 2069 1744 memoravit

405 1767 546 1836 (Isa.
577 1787 764 1839 χχχιι,
801 1769 908 1840 17).

2179 621 2440 676 tilieetur
2498 639 2704 678 nomen
2777 629 2954 678 tamn.
3006 623 3307 678 Adveniet
3367 641 3597 696 regnum
3655 631 3787 682 tuum

2175 710 2350 778 (Ibid.
2401 711 2532 780 10.).
2597 711 2940 782 Postulatio,
3002 715 3064 766 ut
3112 713 3170 766 iu
3219 712 3386 767 nobis
3421 707 3504 767 'sit
3564 729 3784 784 regnum

2175 797 2392 853 Christi
2426 799 2560 870 (1’7).
2592 799 2651 854 Si
2685 801 2918 855 Deusin
2942 801 3114 879 nobis
3144 805 3364 874 regnat,
3396 801 3577 856 locum
3598 803 3790 858 habere

2177 889 2560 944 adversarius
2591 905 2708 944 non
2738 893 2950 960 potest.
2985 890 3168 961 Culpa
3199 907 3312 944 non
3355 894 3569 962 regnat,
3607 907 3792 960 pecca-

2175 979 2298 1031 tum
2327 993 2445 1032 non
2473 981 2680 1050 regnat
2713 995 2724 1034 :
2760 979 2865 1033 sed
2899 983 3108 1051 regnat
3138 980 3344 1048 virtus,
3375 982 3572 1051 regnat
3596 979 3796 1049 pudici-

2176 1067 2274 1134 tia,
2310 1069 2517 1138 regnat
2538 1067 2790 1122 devotio.
2819 1067 3040 1122 Deinde
3065 1083 3078 1122 :
3105 1067 3238 1121 Fiat
3269 1067 3522 1123 voluntas
3540 1072 3646 1136 tua,
3664 1068 3799 1120 sicut

2177 1155 2239 1208 in
2263 1153 2406 1210 cmlo
2424 1161 2482 1209 et
2503 1154 2564 1208 in
2585 1163 2770 1210 terra.
2794 1155 3018 1210 Panem
3044 1163 3304 1211 nostrum
3333 1156 3704 1228 quotidianum
3737 1157 3800 1210 da

2177 1243 2350 1298 nobis
2369 1243 2544 1298 hodie
2567 1243 2744 1312 (Ibid.
2780 1243 2912 1313 11.).
2949 1245 3091 1299 Haec
3123 1245 3434 1314 postulatio
3465 1243 3698 1298 maxima
3722 1247 3800 1297 est

2175 1347 2379 1388 eorum
2411 1349 2543 1404 quae
2575 1333 2964 1402 postulantur.
3011 1333 3092 1387 Et
3129 1333 3378 1397 dimitte,
3421 1332 3617 1404 inquit.
3651 1331 3800 1386 nobis

2177 1420 2379 1476 debita
2417 1427 2640 1484 nostra,
2687 1422 2840 1476 sicut
2882 1429 2940 1476 et
2966 1437 3071 1476 nos
3092 1421 3446 1475 dimittimus
3466 1419 3806 1484 debitoribus

2177 1510 2406 1564 nostris
2445 1509 2623 1578 (Ibid.
2677 1511 2810 1580 12.).
2865 1511 3002 1565 Ideo
3053 1511 3312 1581 quotidie
3359 1509 3550 1579 accipe
3593 1508 3714 1577 (18),
3754 1509 3805 1560 ut

2175 1599 2434 1669 quotidie
2467 1599 2662 1653 debito
2692 1602 2791 1654 tuo
2823 1599 3247 1671 indulgentiam
3279 1601 3462 1669 petas.
3496 1597 3572 1651 Et
3611 1612 3678 1650 ne
3709 1613 3802 1668 pa-

2177 1687 2354 1741 tiaris
2375 1703 2481 1742 nos
2511 1687 2714 1742 induci
2747 1687 2815 1741 in
2845 1687 3229 1742 tentationem
3256 1703 3268 1740 :
3294 1686 3402 1742 sed
3435 1685 3618 1740 libera
3652 1700 3748 1738 nos
3779 1700 3805 1737 a

2172 1776 2324 1830 malo
2344 1776 2520 1845 (Ibid.
2557 1775 2664 1838 13).
2698 1775 2848 1841 Quid
2879 1777 3187 1848 sequitur?
3215 1776 3368 1830 Audi
3399 1775 3534 1846 quid
3563 1775 3706 1827 dicat
3735 1788 3812 1826 sa-

475 1856 562 1911 22.
606 1859 829 1915 Deinde
861 1863 1016 1918 unde
1049 1863 1270 1920 debeas
1321 1866 1602 1937 incipere.
1649 1868 1754 1921 Dic
1798 1868 1960 1937 mihi,
2011 1869 2062 1924 si
2095 1865 2386 1960 Bccrdos
2418 1881 2430 1921 :
2465 1881 2572 1936 per
2614 1865 2926 1919 Dominum
2977 1868 3244 1918 nostrum
3294 1865 3498 1918 Jesum
3537 1862 3808 1917 Christum

402 1946 556 2001 velis
589 1946 882 2004 hominem
916 1967 1167 2024 rogare,
1216 1957 1272 2008 et
1313 1955 1402 2009 sic
1441 1956 1690 2026 incipias
1727 1974 1738 2012 :
1788 1958 1868 2012 Da
1901 1958 2062 2029 mihi,

404 2047 545 2090 ecce
575 2035 716 2090 illud
745 2039 903 2108 quod
947 2043 1001 2094 te
1049 2045 1214 2112 peto;
1261 2059 1456 2098 nonne
1503 2061 1791 2117 arrogans
1833 2045 2068 2100 videtur

403 2125 631 2180 oratio?
665 2124 736 2179 Et
765 2127 896 2182 ideo
928 2129 1190 2184 inchoari
1227 2133 1408 2187 onatio
1456 2133 1629 2188 debet
1671 2151 1703 2188 a
1737 2135 1836 2189 Dei
1871 2135 2060 2204 laude,

407 2215 470 2265 ut
503 2228 683 2285 roges
715 2216 1169 2287 omnipotentem
1203 2219 1408 2291 Deum,
1444 2222 1536 2276 cui
1567 2223 1878 2292 possibilia
1927 2227 2066 2278 sunt

401 2297 616 2372 omnia,
651 2303 752 2374 qui
783 2301 959 2361 habet
996 2303 1352 2363 voluntatem
1403 2313 1742 2380 praestaudi.
1788 2313 2066 2384 Sequitur

404 2389 759 2462 obsecratio,
794 2395 948 2448 sicut
979 2397 1300 2466 Apostolus
1330 2399 1546 2467 docuit,
1581 2400 1785 2454 dicens
1825 2417 1838 2455 :
1879 2401 2063 2456 Obsc-

401 2495 504 2534 cro
524 2495 668 2551 ergo
682 2483 936 2552 primum
951 2484 1088 2538 lieri
1107 2487 1426 2556 orationes,
1453 2488 1918 2557 obsecrationes,
1936 2507 2064 2561 pos-

401 2567 720 2623 tulationes
751 2571 884 2641 (15),
926 2573 1257 2644 gratiarum
1299 2577 1564 2632 artiore;
1601 2578 1656 2646 (I
1697 2577 1840 2634 Tim.
1885 2596 1943 2648 ιι,
1983 2577 2057 2649 1).

397 2655 594 2710 Prima
641 2674 786 2730 ergo
833 2661 1018 2716 oratio
1066 2663 1299 2718 laudem
1347 2664 1518 2720 debet
1549 2665 1767 2722 habere
1800 2667 1924 2738 Dei,
1958 2684 2058 2722 se-

401 2745 590 2798 cunda
619 2748 1126 2820 supplicationem,
1159 2752 1325 2806 tertia
1349 2754 1820 2825 postulationem,
1853 2760 2058 2827 quarta

395 2833 718 2904 gratiarum
748 2837 1057 2894 actionem.
1089 2839 1222 2895 Non
1254 2841 1438 2896 debes
1469 2843 1640 2914 quasi
1663 2843 1968 2900 famelicus
1985 2847 2059 2900 ad

397 2919 592 2976 cibum
625 2923 695 2978 de
726 2925 859 2981 cibo
893 2928 1143 3004 primum
1177 2929 1456 3002 incipere,
1491 2932 1596 2988 sed
1627 2935 1759 2987 ante
1791 2949 1822 2986 a
1865 2934 2056 2989 laudi-

391 3007 506 3092 bus
538 3011 664 3070 Dei.

463 3100 552 3157 23.
597 3102 766 3158 Unde
797 3107 852 3160 et
882 3110 1148 3163 oratores
1177 3108 1276 3164 isti
1306 3109 1608 3180 sapientes
1639 3111 1790 3166 hanc
1837 3112 2055 3167 habent

391 3189 788 3264 disciplinam,
835 3200 897 3250 ut
935 3195 1200 3268 judicem
1249 3197 1534 3254 fautorem
1575 3201 1688 3254 sibi
1721 3205 2004 3270 praestent
2037 3217 2048 3256 :

2174 1953 2307 2024 (19),
2339 1955 2399 2008 in
2429 1969 2546 2024 quo
2577 1954 2680 2008 tibi
2714 1959 2824 2023 est,
2860 1970 2990 2007 cum
3023 1969 3140 2024 quo
3172 1953 3274 2007 tibi
3311 1959 3402 2007 est
3431 1953 3630 2020 honor,
3672 1950 3808 2017 laus,

2173 2043 2382 2114 gloria,
2418 2043 2870 2116 magniﬁcentia,
2903 2045 3167 2112 potestas
3219 2058 3356 2096 cum
3385 2041 3596 2112 Spiritu
3627 2041 3812 2092 sancto

2172 2147 2203 2184 a
2237 2131 2499 2201 saeculis,
2531 2136 2585 2186 et
2617 2147 2794 2199 nunc,
2828 2135 2883 2185 ct
2913 2147 3168 2201 semper,
3203 2134 3260 2186 et
3291 2131 3352 2185 in
3384 2129 3572 2184 omnia
3615 2126 3812 2182 smcula

2174 2219 2552 2290 saeculorum,
2586 2223 2792 2274 Amen.

2245 2309 2332 2362 25.
2375 2308 2548 2363 Aliud
2581 2324 2593 2363 :
2628 2308 2998 2363 Psalmorum
3033 2308 3214 2362 David
3247 2307 3365 2380 (20)
3396 2309 3530 2362 licet
3563 2321 3708 2360 unus
3751 2303 3826 2388 li-h

2172 2397 2368 2452 bellus
2399 2398 2494 2468 sit,
2527 2397 2754 2452 habens
2785 2413 2887 2452 eas
2921 2397 3168 2452 virtutes
3209 2397 3496 2452 orationis
3539 2411 3680 2466 quas
3726 2409 3818 2446 su-

2173 2503 2276 2557 pra
2309 2486 2567 2540 diximus
2599 2487 2794 2556 (Supr.
2830 2502 2987 2540 num.
3022 2486 3143 2556 22);
3177 2486 3324 2549 386
3358 2490 3548 2540 tamen
3577 2484 3814 2554 plerum-

2173 2591 2286 2646 que
2315 2579 2372 2630 et
2399 2575 2458 2630 in
2490 2591 2606 2630 uno
2639 2575 2865 2646 psalmo
2899 2590 3106 2630 omnes
3136 2576 3266 2628 istae
3311 2573 3592 2630 orationis
3640 2574 3816 2642 partes

2171 2665 2569 2733 inveniuntur,
2603 2664 2898 2736 quomodo
2919 2663 2978 2717 in
2997 2667 3204 2719 octavo
3228 2663 3458 2734 psalmo
3481 2660 3816 2716 invenimus.

2171 2753 2435 2826 Denique
2465 2753 2553 2809 sic
2585 2753 2760 2824 coepit
2792 2769 2804 2808 ;
2829 2753 3092 2820 Domine,
3119 2752 3410 2808 Ilominns
3433 2757 3650 2818 noster,
3673 2761 3821 2820 quam

2172 2843 2528 2898 admirabile
2548 2849 2639 2898 est
2658 2858 2866 2897 nomen
2887 2847 3040 2896 tuum
3064 2841 3126 2895 in
3150 2843 3436 2896 universa
3463 2846 3624 2895 terra
3642 2833 3813 2906 (Psal.

2171 2948 2292 3000 vm,
2341 2929 2415 3001 2)!
2461 2930 2656 2986 Oratio
2707 2947 2852 3003 ergo
2902 2931 3108 3001 prima.
3158 2929 3384 2985 Deinde
3439 2925 3760 2984 obsecratio
3803 2937 3816 2976 :

2174 3019 2452 3086 Quoniam
2475 3019 2684 3075 videbo
2701 3020 2878 3076 caelos
2891 3026 3037 3089 tuos,
3055 3035 3229 3090 opera
3245 3019 3571 3090 digitorum
3591 3023 3824 3074 tuorum;

2168 3109 2281 3164 hoc
2313 3111 2422 3179 est,
2458 3108 2636 3164 caelos
2662 3109 2872 3164 γλαοὺο
2889 3107 3021 3180 (2t),
3045 3108 3239 3162 lunam
3263 3113 3325 3162 et
3350 3106 3580 3174 stellas,
3606 3118 3741 3176 quas
3770 3108 3826 3154 tu

2173 3197 2436 3252 fundasti
2456 3197 2632 3268 (Ibid.
2665 3199 2740 3267 4).
2777 3198 2989 3268 Utique
3021 3212 3139 3251 non
3171 3196 3387 3250 caelum
3419 3195 3559 3249 dicit
3602 3191 3822 3255 videbo,

469 3244 788 3264 "'I""‘""'7
841 3244 896 3250 '"
935 3244 1200 3268 u‘"“"""
1249 3244 1534 3254 "'“w-vu-
1575 3244 1688 3254 νιν·
1723 3244 2004 3270 r-wv-vn-
2037 3244 2048 3256 -
2173 3244 2430 3252 -------v--
2458 3244 2632 3268 \-----
2679 3244 2740 3267 -;-
2783 3244 2987 3268 -ι---ι-ν
3021 3244 3139 3251 -νη
3176 3244 3387 3250 -ν---η-
3423 3244 3556 3249 -ηη
3809 3244 3820 3255 ι

389 3281 677 3352 incipiunt
723 3299 754 3337 a
797 3283 1070 3340 laudibus
1121 3283 1276 3357 ejus,
1331 3291 1390 3342 ut
1433 3288 1786 3344 benevolum
1819 3289 1934 3344 sibi
1963 3289 2051 3344 fa-
2085 3244 2146 3315 α
2168 3287 2276 3340 sed
2304 3286 2520 3342 videbo
2553 3286 2758 3356 caelos,
2792 3287 2851 3340 in
2883 3286 3100 3356 quibus
3129 3285 3336 3354 incipit
3356 3285 3630 3338 albecere
3653 3277 3825 3352 gratia

390 3370 546 3425 ciant
577 3373 963 3444 cognitorem.
1007 3375 1229 3430 Deinde
1275 3377 1551 3446 paulatim
1599 3379 1804 3449 incipit
1840 3395 2052 3450 rogare

381 3458 646 3530 judicem
676 3464 739 3516 ut
767 3463 1054 3532 patienter
1098 3465 1374 3537 dignetur
1417 3467 1639 3520 audire.
1683 3467 1829 3531 385
1863 3467 2052 3522 Audet

385 3549 556 3605 tertio
589 3553 1040 3621 postulationem
1085 3570 1254 3608 suam
1299 3554 1665 3624 depromere,
1717 3555 1856 3626 quid
1897 3558 2054 3626 petat

386 3639 736 3709 exprimere.
770 3640 986 3706 Quarto
1017 3643 1312 3714 quomodo
1347 3645 1522 3714 coepit
1554 3661 1586 3698 a
1616 3645 1890 3699 laudibus
1921 3644 2046 3713 Dei,

385 3727 475 3782 sic
507 3729 682 3784 debet
708 3731 767 3785 in
798 3731 1027 3786 laudem
1061 3732 1353 3788 desinere.

455 3817 543 3872 21.
587 3819 787 3874 Habes
817 3820 931 3874 hoc
959 3821 1021 3874 in
1053 3823 1314 3876 oratione
1347 3823 1648 3878 Dominica
1677 3839 1688 3877 :
1721 3823 1912 3878 Pater
1943 3837 2046 3877 no-

383 3913 516 3962 ster
546 3909 644 3980 qui
673 3924 739 3962 es
770 3910 830 3962 in
879 3910 1047 3964 oculis
1091 3911 1330 3979 (Matth.
1366 3929 1445 3981 vr,
1478 3912 1554 3980 9).
1609 3913 1767 3966 Laus
1809 3912 1912 3966 Dei
1957 3915 2050 3966 est

383 3995 518 4066 (16),
551 3997 708 4068 quod
737 4001 901 4068 pater
930 3998 1284 4068 praedicatur
1319 4016 1330 4054 :
1366 4000 1425 4052 in
1457 4015 1526 4054 eo
1559 4001 1791 4070 pietatis
1835 4000 2042 4071 gloria.

383 4084 544 4140 Laus
574 4085 699 4155 Dei,
734 4087 869 4157 quia
903 4087 960 4140 in
994 4087 1163 4142 caelis
1195 4087 1436 4154 habitat,
1471 4104 1586 4142 non
1619 4089 1678 4143 in
1709 4089 1907 4143 terris.
1941 4088 2052 4142 Pa-

385 4181 482 4230 ter
499 4180 704 4230 uoster
725 4175 823 4248 qui
843 4191 910 4230 es
930 4176 990 4228 in
1013 4175 1198 4245 cedis,
1225 4175 1636 4231 sanetifieetur
1661 4193 1867 4232 nomen
1893 4183 2048 4232 tzmm

383 4262 608 4334 (Ibid.),
660 4263 714 4318 id
759 4266 869 4333 est,
905 4267 967 4317 ut
996 4265 1326 4319 sanctiﬁcat
1356 4280 1568 4319 servos
1602 4281 1782 4332 suos;
1835 4282 2049 4320 nomen

383 4351 538 4407 enim
586 4352 747 4407 illius
795 4353 1200 4408 sanctificatur
1242 4353 1302 4406 in
1331 4354 1527 4420 nobis,
1563 4355 1796 4424 quando
1831 4355 2049 4425 praedi-

452 4475 566 4546 (15)
617 4477 842 4532 Desunt
883 4477 943 4550 in
1003 4479 1235 4550 cunctis
1287 4478 1422 4532 edit.
1493 4479 1810 4550 multisque
1875 4496 2047 4549 mss.,

383 4550 704 4622 orationes,
724 4549 1155 4622 postulationes
1177 4569 1194 4604 .·
1226 4565 1359 4620 quae
1387 4553 1580 4606 tamen
1617 4565 1691 4605 ex
1718 4549 1868 4605 aliis
1913 4567 2050 4622 per-

383 4619 686 4674 commode
718 4620 1126 4675 restituuntur.

302 4699 310 4708 '
381 4757 397 4764 _
453 4689 567 4756 (16)
607 4691 686 4743 Ita
717 4707 863 4764 mss.
898 4692 1076 4764 longe
1108 4691 1362 4761 plurimi,
1411 4695 1467 4746 et
1495 4697 1610 4764 ant.
1646 4693 1782 4748 edit.
1818 4709 1890 4747 ex
1923 4693 2051 4764 qui-

381 4757 496 4813 bus
540 4763 734 4833 tamen
781 4757 1033 4833 aliquot'
1051 4757 1198 4818 mss.
1251 4780 1319 4816 ac
1350 4757 1482 4816 Vvet.
1518 4763 1654 4818 edit.
1689 4780 1804 4817 non
1837 4757 2052 4818 habent

384 4836 494 4893 est,
530 4833 586 4905 et
613 4830 745 4885 Gill.
781 4830 914 4886 enim
946 4833 1180 4905 duobus
1209 4850 1355 4888 mss.
1392 4850 1497 4903 pro
1529 4835 1590 4888 in
1615 4836 1682 4888 eo
1713 4835 1856 4905 legit
1880 4852 2046 4903 nova,

383 4915 504 4976 non
531 4901 858 4976 incongrue
892 4904 1035 4976 :_alii
1065 4911 1258 4959 autem
1278 4901 1513 4976 pauculi
1533 4910 1738 4960 etcum
1761 4901 1854 4960 liis
1881 4901 2048 4961 Rom.

383 4971 544 5048 edit.,
579 4971 736 5048 Laus:
766 4973 862 5048 hic
897 4973 1010 5028 Dei
1041 4981 1150 5042 est,
1192 4991 1260 5029 eo
1280 4971 1442 5048 'quod
1459 4982 1726 5048 paternae
1755 4976 2051 5046 praedica-

386 5047 502 5111 tur,
545 5045 657 5098 etc.
696 5042 862 5106 Quod
912 5060 1052 5098 vero
1103 5042 1319 5100 omnes.
1359 5042 1494 5100 edit.
1547 5042 1846 5110 exhibe-nt,
1893 5054 1951 5100 et
1991 5049 2052 5101 in

385 5113 593 5188 terris,
641 5129 672 5168 e
704 5114 998 5188 contrario
1031 5117 1227 5188 cuncti
1258 5133 1427 5187 mss.,
1476 5118 1711 5172 duobus
1761 5120 2048 5188 exceptis,

379 5183 721 5253 praeferunt,
755 5201 868 5239 non
891 5186 952 5239 in
976 5187 1164 5241 terris
1414 5183 1421 5187 ⁷
1550 5221 1562 5232 ο

453 5253 565 5330 (1'1)
584 5255 1140 5330 Iionnullimssvin
1162 5259 1432 5314 omnibus
1443 5261 1524 5313 sit
1538 5275 1783 5330 regnum
1799 5259 2050 5314 Christi.

451 5325 565 5402 (18)
607 5326 776 5402 Rom.
809 5327 972 5402 edit.,
1006 5329 1223 5402 dicite;
1268 5334 1379 5385 vet.
1413 5335 1472 5386 et
1499 5325 1736 5402 quidam
1769 5347 1914 5385 mss.
1951 5347 2052 5384 ae-

381 5396 590 5469 cipitp;
609 5397 852 5469 reliqui,
889 5400 1106 5469 accipe.

450 5467 564 5536 (19)
607 5467 714 5521 His
745 5467 948 5524 verbis
979 5467 1225 5525 indicari
1258 5473 1488 5528 videtur
1528 5472 1685 5526 illam
1727 5473 2053 5527 clausulam

379 5553 412 5613 _a
443 5539 752 5613 sacerdote
784 5541 931 5613 solo
965 5541 1200 5613 recitari
1246 5544 1479 5598 solitam
1513 5559 1525 5597 :
1560 5543 2053 5613 quemadmodum

377 5608 440 5663 in
467 5609 674 5665 Graeca
703 5611 973 5668 Ecclesia
1003 5611 1158 5667 idem
1188 5615 1361 5668 etiam
1391 5608 1754 5678 soluszria
1775 5612 2050 5668 Montano

378 5679 552 5747 teste,
604 5683 1019 5749 pronuntiabat
1065 5685 1259 5749 istam,
1292 5689 1373 5744 ὅτι
1395 5711 1484 5745 σον
1539 5687 1677 5744 ἔστιν
1717 5691 1748 5748 ἡ
1789 5689 2046 5755 ϐασιλεία,

381 5757 682 5833 etc.,_quaa
715 5774 791 5813 ex
822 5760 1049 5833 Jacobi,
1071 5760 1285 5833 Basilii
1313 5765 1386 5833 et
1430 5761 1842 5832 Chrysostomi
1888 5763 2050 5816 litur-

381 5825 502 5900 giis
533 5825 592 5883 in
621 5825 1042 5900 evangelicum
1070 5829 1326 5893 Matthaei
1371 5825 1594 5890 textum
1641 5835 1699 5891 et
1738 5833 2051 5894 versiones

2167 3378 2224 3430 et
2252 3375 2534 3446 splendor
2565 3375 2848 3430 caelestis.
2882 3375 3008 3428 Hos
3039 3373 3155 3428 sibi
3185 3373 3379 3429 caelos
3419 3377 3562 3428 tunc
3599 3366 3826 3440 promit-

2166 3464 2322 3519 tebat
2351 3464 2640 3535 Propheta
2671 3463 2817 3533 dari,
2851 3463 2952 3535 qui
2982 3463 3284 3518 cmlestam
3335 3461 3598 3535 gratiam
3642 3476 3675 3513 a
3721 3457 3829 3510 Dos

2164 3553 2324 3608 mino
2355 3556 2722 3608 mererentur
2751 3553 2884 3620 (22).
2919 3553 3138 3606 Lunam
3159 3557 3215 3606 et
3239 3551 3462 3606 stellas
3483 3565 3626 3622 quas
3642 3545 3830 3601 tnl‘un-

2167 3642 2326 3696 dasti
2349 3658 2361 3696 :
2395 3642 2594 3696 lunam
2627 3641 2976 3710 Ecclesiam,
3010 3641 3215 3694 stellas
3241 3643 3421 3694 vocat
3451 3641 3692 3694 sanctos
3719 3649 3830 3688 coa-

2167 3731 2298 3786 lesti
2330 3730 2516 3802 gratia
2547 3729 2933 3802 refulgentes.
2973 3729 3194 3784 Deinde
3223 3729 3362 3783 vide
3388 3727 3828 3800 postulationem

2166 3819 2333 3892 ejus:
2362 3819 2514 3884 Quid
2535 3824 2627 3874 est
2648 3819 2816 3872 homo
2833 3818 2982 3891 quod
3001 3817 3330 3872 meministi
3365 3818 3516 3889 ejus,
3557 3819 3654 3870 aut
3689 3810 3832 3868 [ilius

2167 3909 2441 3976 hominis,
2495 3909 2762 3980 quoniam
2823 3907 3034 3961 visitas
3103 3907 3272 3961 eum?
3337 3903 3672 3961 lllinorasti
3717 3914 3830 3953 eum

2158 3997 2333 4070 paulo
2352 3997 2549 4052 minus
2569 3996 2644 4051 ab
2667 3995 2918 4068 angelis,
2958 3994 3150 4066 gloria
3191 4001 3249 4049 et
3281 3995 3512 4050 honore
3553 3985 3835 4048 eoronasti

2166 4103 2314 4152 eum,
2352 4093 2410 4140 et
2445 4085 2814 4140 constituisti
2823 4099 2974 4152 eum
3007 4099 3188 4156 super
3208 4100 3390 4155 opera
3411 4097 3682 4138 manuum
3717 4085 3834 4132 tua-

2165 4192 2294 4230 rum
2327 4175 2504 4245 (Ibid.
2538 4175 2592 4240 5,
2623 4174 2699 4242 '7).
2753 4173 2824 4228 Et
2870 4173 2982 4226 alia
3029 4172 3350 4244 gratiarum
3401 4173 3586 4226 actio.
3644 4163 3834 4223 Omnia

2167 4264 2480 4336 subjeeisti
2501 4263 2612 4318 sub
2626 4263 2884 4336 pedibus
2897 4261 3045 4333 ejus,
3068 4277 3098 4315 ο
3109 4277 3211 4314 ves
3223 4267 3281 4314 et
3295 4259 3372 4314 bo
3383 4278 3490 4316 ves
3510 4259 3612 4315 ani
3621 4268 3831 4318 versas,

2165 4355 2414 4424 insuper
2434 4357 2492 4408 et
2505 4367 2722 4424 pecora
2742 4351 2948 4422 campi,
2975 4353 3087 4404 etc.
3111 4348 3288 4418 (Ibid.
3314 4347 3395 4420 8).

2166 4478 2375 4532 oricut.
2427 4475 2710 4530 translata
2757 4475 2882 4548 fuit,
2929 4477 2992 4528 ut
3033 4473 3343 4542 Erasmus,
3395 4473 3644 4548 Grotius
3675 4473 3834 4548 atque

2167 4549 2263 4602 alii
2296 4548 2708 4603 observarunt.
2743 4541 2885 4599 Cum
2917 4561 3094 4615 porro
3129 4541 3450 4599 memorata
3485 4541 3752 4600 clausula
3781 4541 3834 4591 in

2087 4605 2145 4669 Β
2171 4620 2346 4674 nullis
2380 4617 2602 4672 Latinis
2654 4605 2946 4671 Ecclesiis
2979 4620 3298 4686 usurpetur
3331 4632 3343 4670 :
3381 4632 3449 4670 ea
3504 4615 3599 4670 cui
3651 4625 3832 4686 praee-

2166 4695 2254 4744 rat
2285 4691 2380 4744 hic
2411 4695 2634 4756 auctor,
2670 4689 2740 4742 ad
2775 4687 3116 4742 orientalem
3137 4684 3374 4740 certum
3407 4692 3505 4742 est
3539 4684 3728 4755 magis
3751 4695 3838 4732 ac-

2167 4763 2376 4814 cedere
2408 4761 2467 4814 in
2500 4776 2570 4814 eo
2607 4761 2740 4813 ritu.

2236 4833 2350 4901 (20)
2389 4832 2487 4884 Sic
2519 4846 2726 4885 omnes
2758 4831 2894 4884 edit.
2928 4846 2996 4883 ac
3027 4845 3173 4884 mss.
3210 4845 3326 4882 non
3343 4829 3526 4901 pauci
3545 4827 3694 4901 :‘alii.
3709 4835 3838 4901 verp

2165 4891 2395 4974 partim,
2428 4901 2552 4984 Iste
2569 4901 2926 4984 psalmorum
2951 4901 3146 4982 David
3167 4920 3184 4954 :
3216 4891 3446 4984 partim,
3483 4897 3664 4953 Alius
3695 4891 3841 4984 psa‘l:

2165 4970 2388 5029 inorum
2424 4970 2638 5040 David,
2673 4976 2784 5026 etc.
2819 4973 3004 5026 Porro
3035 4971 3092 5024 in
3126 4970 3474 5040 praefatione
3509 4970 3842 5040 monuimus

2164 5045 2237 5099 ab
2272 5045 2438 5100 hisce
2471 5033 2671 5099 verbis
2701 5044 2961 5112 incipere
2995 5033 3212 5096 novum
3244 5051 3590 5095 sermonem
3624 5039 3682 5112 in
3714 5033 3838 5090 cod.

2165 5115 2622 5186 Sanctigallensi
2657 5129 2668 5169 :
2705 5110 2975 5186 addimus
3006 5118 3198 5186 autem
3233 5112 3605 5186 haeceadem
3636 5110 3696 5186 in
3728 5119 3838 5186 ung

2168 5189 2317 5258 l’teg.
2353 5179 2556 5241 cvodice
2585 5187 2661 5258 ita
2693 5185 2973 5258 describi,
3007 5184 3197 5255 quasi,
3230 5184 3387 5258 novi
3434 5185 3726 5236 tractatus
3775 5179 3846 5227 sit

2165 5256 2472 5312 exordium
2499 5261 2590 5312 :at
2620 5257 2678 5310 in
2707 5256 2957 5310 Claram.
2995 5271 3124 5309 cum
3159 5256 3382 5326 reliqua
3407 5258 3578 5324 parte
3599 5261 3843 5322 prorsus

2165 5329 2370 5384 omitti.

2235 5398 2348 5468 (21)
2391 5399 2560 5454 Rom.
2596 5397 2732 5452 edit.
2765 5397 3091 5452 resciderat
3126 5412 3328 5466 voces,
3363 5396 3471 5450 hoc
3511 5400 3628 5462 cst,
3673 5388 3846 5446 coslos

2172 5471 2400 5526 videbo.

2233 5543 2344 5611 (22)
2385 5541 2499 5612 Sic,
2533 5557 2681 5594 mss.
2735 5540 2975 5612 aliquot,
3000 5555 3073 5612 7a,
3101 5538 3320 5612 quibus
3371 5536 3578 5612 caeteri
3633 5537 3701 5612 et_
3731 5533 3843 5612 aut.

2161 5605 2298 5668 edit.
2328 5605 2410 5667 'eo
2450 5611 2806 5682 discrepant,
2832 5605 3014 5682 fquod
3065 5605 3311 5682 habent,
3350 5605 3846 5682 stellagtewlest'is

2159 5683 2374 5756 gratiae
2395 5671 2807 5751 resurgentes:
2831 5671 3378 5756 hlinuscommode.
3405 5682 3477 5756 At
3505 5671 3848 5756 Rom._edi_l.

2161 5745 2308 5824 sola,
2331 5745 2740 5810 mereretur...
2767 5751 2978 5810 stellas
3017 5751 3290 5807 homines
3328 5749 3603 5806 ewlcstis
3636 5745 3848 5820 gloriae

2159 5823 2557 5902 refulgentes.
3272 5847 3281 5854 α
3476 5847 3492 5858 ο
