  <div class='ocr_page' id='page_1' title='image "/cluster/home/n/w/nwhite01/storage/ocr_20150623/16/hvd.32044096580444/246.png"; bbox 0 0 4024 6176; ppageno 0'>
   <div class='ocr_carea' id='block_1_1' title="bbox 249 309 3644 402">
    <p class='ocr_par' dir='ltr' id='par_1_1' title="bbox 249 309 3644 402">
     <span class='ocr_line' id='line_1_1' title="bbox 249 309 3644 402; baseline -0.003 -14"><span class='ocrx_word' id='word_1_1' title='bbox 249 320 332 402; x_wconf 71' lang='grc'><strong>481</strong></span> <span class='ocrx_word' id='word_1_2' title='bbox 1361 312 1473 383; x_wconf 92' lang='lat' dir='ltr'><strong>DE</strong></span> <span class='ocrx_word' id='word_1_3' title='bbox 1516 309 2079 384; x_wconf 85' lang='lat' dir='ltr'><strong>PCENITENTIA.</strong></span> <span class='ocrx_word' id='word_1_4' title='bbox 2122 350 2201 367; x_wconf 89' lang='lat'>—</span> <span class='ocrx_word' id='word_1_5' title='bbox 2240 311 2749 383; x_wconf 82' lang='lat' dir='ltr'><strong>ADMONITIO.</strong></span> <span class='ocrx_word' id='word_1_6' title='bbox 3523 320 3644 388; x_wconf 85' lang='lat'><strong>482</strong></span> 
     </span>
    </p>
   </div>
   <div class='ocr_carea' id='block_1_2' title="bbox 262 501 3640 595">
    <p class='ocr_par' dir='ltr' id='par_1_2' title="bbox 262 501 3640 595">
     <span class='ocr_line' id='line_1_2' title="bbox 262 501 3640 595; baseline -0 -15"><span class='ocrx_word' id='word_1_7' title='bbox 262 526 334 580; x_wconf 58' lang='grc' dir='ltr'><strong>ὥ.</strong></span> <span class='ocrx_word' id='word_1_8' title='bbox 386 524 703 580; x_wconf 88' lang='lat' dir='ltr'><strong>Docuimus</strong></span> <span class='ocrx_word' id='word_1_9' title='bbox 735 540 840 595; x_wconf 90' lang='lat' dir='ltr'><strong>pro</strong></span> <span class='ocrx_word' id='word_1_10' title='bbox 900 525 1073 594; x_wconf 89' lang='lat' dir='ltr'><strong>captu</strong></span> <span class='ocrx_word' id='word_1_11' title='bbox 1119 524 1325 577; x_wconf 91' lang='lat' dir='ltr'><strong>nostro</strong></span> <span class='ocrx_word' id='word_1_12' title='bbox 1384 521 1633 577; x_wconf 78' lang='lat' dir='ltr'><strong>forsitan</strong></span> <span class='ocrx_word' id='word_1_13' title='bbox 1683 520 1840 591; x_wconf 92' lang='lat' dir='ltr'><strong>quod</strong></span> <span class='ocrx_word' id='word_1_14' title='bbox 1880 501 1939 563; x_wconf 85' lang='grc' dir='ltr'><strong>Α</strong></span> <span class='ocrx_word' id='word_1_15' title='bbox 1973 518 2288 591; x_wconf 87' lang='lat' dir='ltr'><strong>gnaculum</strong></span> <span class='ocrx_word' id='word_1_16' title='bbox 2320 520 2732 591; x_wconf 80' lang='lat' dir='ltr'><strong>recognoscat,</strong></span> <span class='ocrx_word' id='word_1_17' title='bbox 2766 521 2828 573; x_wconf 92' lang='lat' dir='ltr'><strong>ut</strong></span> <span class='ocrx_word' id='word_1_18' title='bbox 2857 521 2913 573; x_wconf 89' lang='lat' dir='ltr'><strong>et</strong></span> <span class='ocrx_word' id='word_1_19' title='bbox 2939 519 3054 590; x_wconf 86' lang='lat' dir='ltr'><strong>ipsi</strong></span> <span class='ocrx_word' id='word_1_20' title='bbox 3086 520 3160 575; x_wconf 90' lang='lat' dir='ltr'><strong>ad</strong></span> <span class='ocrx_word' id='word_1_21' title='bbox 3202 522 3450 592; x_wconf 75' lang='lat' dir='ltr'><strong>gratiam</strong></span> <span class='ocrx_word' id='word_1_22' title='bbox 3481 525 3538 577; x_wconf 89' lang='lat' dir='ltr'><strong>et</strong></span> <span class='ocrx_word' id='word_1_23' title='bbox 3566 522 3640 579; x_wconf 91' lang='lat' dir='ltr'><strong>ad</strong></span> 
     </span>
    </p>
   </div>
   <div class='ocr_carea' id='block_1_3' title="bbox 206 610 1835 685">
    <p class='ocr_par' dir='ltr' id='par_1_3' title="bbox 206 610 1835 685">
     <span class='ocr_line' id='line_1_3' title="bbox 206 610 1835 685; baseline -0.004 -15"><span class='ocrx_word' id='word_1_24' title='bbox 206 632 297 672; x_wconf 88' lang='lat' dir='ltr'><strong>non</strong></span> <span class='ocrx_word' id='word_1_25' title='bbox 326 614 630 685; x_wconf 86' lang='lat' dir='ltr'><strong>didicimus</strong></span> <span class='ocrx_word' id='word_1_26' title='bbox 662 614 773 682; x_wconf 72' lang='lat'><strong>(23)</strong></span> <span class='ocrx_word' id='word_1_27' title='bbox 800 628 813 681; x_wconf 93' lang='lat'><strong>;</strong></span> <span class='ocrx_word' id='word_1_28' title='bbox 843 615 899 666; x_wconf 91' lang='lat' dir='ltr'><strong>et</strong></span> <span class='ocrx_word' id='word_1_29' title='bbox 928 616 990 666; x_wconf 90' lang='lat' dir='ltr'><strong>ut</strong></span> <span class='ocrx_word' id='word_1_30' title='bbox 1034 611 1351 682; x_wconf 84' lang='lat' dir='ltr'><strong>potuimus,</strong></span> <span class='ocrx_word' id='word_1_31' title='bbox 1404 610 1835 681; x_wconf 76' lang='lat' dir='ltr'><strong>expressimus.</strong></span> 
     </span>
    </p>
   </div>
   <div class='ocr_carea' id='block_1_4' title="bbox 198 699 1835 759">
    <p class='ocr_par' dir='ltr' id='par_1_4' title="bbox 198 699 1835 759">
     <span class='ocr_line' id='line_1_4' title="bbox 198 699 1835 759; baseline -0.005 0"><span class='ocrx_word' id='word_1_32' title='bbox 198 703 460 759; x_wconf 71' lang='lat' dir='ltr'><strong>Sanctitas</strong></span> <span class='ocrx_word' id='word_1_33' title='bbox 492 707 685 757; x_wconf 91' lang='lat' dir='ltr'><strong>vestra</strong></span> <span class='ocrx_word' id='word_1_34' title='bbox 715 702 1000 755; x_wconf 75' lang='lat' dir='ltr'><strong>institutis</strong></span> <span class='ocrx_word' id='word_1_35' title='bbox 1031 700 1507 755; x_wconf 87' lang='lat' dir='ltr'><strong>sacerdotalibus</strong></span> <span class='ocrx_word' id='word_1_36' title='bbox 1545 699 1835 754; x_wconf 90' lang='lat' dir='ltr'><strong>informa-</strong></span> 
     </span>
    </p>
   </div>
   <div class='ocr_carea' id='block_1_5' title="bbox 192 787 1831 861">
    <p class='ocr_par' dir='ltr' id='par_1_5' title="bbox 192 787 1831 861">
     <span class='ocr_line' id='line_1_5' title="bbox 192 787 1831 861; baseline -0.004 -14"><span class='ocrx_word' id='word_1_37' title='bbox 192 797 253 855; x_wconf 87' lang='lat' dir='ltr'><strong>ta,</strong></span> <span class='ocrx_word' id='word_1_38' title='bbox 299 792 492 846; x_wconf 90' lang='lat' dir='ltr'><strong>labore</strong></span> <span class='ocrx_word' id='word_1_39' title='bbox 540 796 738 845; x_wconf 86' lang='lat' dir='ltr'><strong>tenere</strong></span> <span class='ocrx_word' id='word_1_40' title='bbox 771 791 928 861; x_wconf 86' lang='lat' dir='ltr'><strong>quod</strong></span> <span class='ocrx_word' id='word_1_41' title='bbox 978 791 1205 858; x_wconf 89' lang='lat' dir='ltr'><strong>accepit</strong></span> <span class='ocrx_word' id='word_1_42' title='bbox 1233 805 1265 842; x_wconf 90' lang='lat' dir='ltr'><strong>a</strong></span> <span class='ocrx_word' id='word_1_43' title='bbox 1299 790 1455 843; x_wconf 90' lang='lat' dir='ltr'><strong>Deo:</strong></span> <span class='ocrx_word' id='word_1_44' title='bbox 1524 791 1580 842; x_wconf 91' lang='lat' dir='ltr'><strong>et</strong></span> <span class='ocrx_word' id='word_1_45' title='bbox 1612 787 1831 842; x_wconf 91' lang='lat' dir='ltr'><strong>oblatio</strong></span> 
     </span>
    </p>
   </div>
   <div class='ocr_carea' id='block_1_6' title="bbox 191 876 1837 949">
    <p class='ocr_par' dir='ltr' id='par_1_6' title="bbox 191 876 1837 949">
     <span class='ocr_line' id='line_1_6' title="bbox 191 876 1837 949; baseline -0.003 -15"><span class='ocrx_word' id='word_1_46' title='bbox 191 882 326 935; x_wconf 82' lang='lat' dir='ltr'><strong>sicut</strong></span> <span class='ocrx_word' id='word_1_47' title='bbox 353 880 541 934; x_wconf 88' lang='lat' dir='ltr'><strong>hostia</strong></span> <span class='ocrx_word' id='word_1_48' title='bbox 588 896 754 949; x_wconf 89' lang='lat' dir='ltr'><strong>pura,</strong></span> <span class='ocrx_word' id='word_1_49' title='bbox 790 880 850 932; x_wconf 90' lang='lat' dir='ltr'><strong>in</strong></span> <span class='ocrx_word' id='word_1_50' title='bbox 898 878 1074 932; x_wconf 87' lang='lat' dir='ltr'><strong>vobis</strong></span> <span class='ocrx_word' id='word_1_51' title='bbox 1112 878 1226 947; x_wconf 76' lang='lat'><strong>(21)</strong></span> <span class='ocrx_word' id='word_1_52' title='bbox 1274 892 1513 947; x_wconf 79' lang='lat' dir='ltr'><strong>semper</strong></span> <span class='ocrx_word' id='word_1_53' title='bbox 1541 891 1715 930; x_wconf 91' lang='lat' dir='ltr'><strong>suum</strong></span> <span class='ocrx_word' id='word_1_54' title='bbox 1746 876 1837 929; x_wconf 86' lang='lat' dir='ltr'><strong>si-</strong></span> 
     </span>
    </p>
   </div>
   <div class='ocr_carea' id='block_1_7' title="bbox 240 1018 1839 1105">
    <p class='ocr_par' dir='ltr' id='par_1_7' title="bbox 240 1018 1839 1105">
     <span class='ocr_line' id='line_1_7' title="bbox 240 1018 1839 1105; baseline -0.006 -26"><span class='ocrx_word' id='word_1_55' title='bbox 240 1021 355 1105; x_wconf 38' lang='lat'><strong>.(33)</strong></span> <span class='ocrx_word' id='word_1_56' title='bbox 389 1023 555 1076; x_wconf 78' lang='lat' dir='ltr'><strong>Rom.</strong></span> <span class='ocrx_word' id='word_1_57' title='bbox 589 1021 725 1075; x_wconf 85' lang='lat' dir='ltr'><strong>edit.</strong></span> <span class='ocrx_word' id='word_1_58' title='bbox 760 1021 906 1085; x_wconf 86' lang='lat' dir='ltr'><strong>sola,</strong></span> <span class='ocrx_word' id='word_1_59' title='bbox 947 1020 1201 1074; x_wconf 79' lang='lat' dir='ltr'><strong>forsitan</strong></span> <span class='ocrx_word' id='word_1_60' title='bbox 1235 1019 1383 1091; x_wconf 88' lang='lat' dir='ltr'><strong>quod</strong></span> <span class='ocrx_word' id='word_1_61' title='bbox 1414 1036 1445 1073; x_wconf 84' lang='lat' dir='ltr'><strong>a</strong></span> <span class='ocrx_word' id='word_1_62' title='bbox 1478 1018 1723 1073; x_wconf 82' lang='lat' dir='ltr'><strong>Domino</strong></span> <span class='ocrx_word' id='word_1_63' title='bbox 1744 1018 1839 1072; x_wconf 85' lang='lat' dir='ltr'><strong>di-</strong></span> 
     </span>
    </p>
   </div>
   <div class='ocr_carea' id='block_1_8' title="bbox 194 1095 1837 1233">
    <p class='ocr_par' dir='ltr' id='par_1_8' title="bbox 194 1095 1837 1233">
     <span class='ocr_line' id='line_1_8' title="bbox 194 1095 1837 1233; baseline -0.003 -15"><span class='ocrx_word' id='word_1_64' title='bbox 194 1095 522 1233; x_wconf 47' lang='lat' dir='ltr'><strong>dlfégultslss.</strong></span> <span class='ocrx_word' id='word_1_65' title='bbox 548 1178 665 1217; x_wconf 90' lang='lat' dir='ltr'><strong>non</strong></span> <span class='ocrx_word' id='word_1_66' title='bbox 687 1161 877 1232; x_wconf 86' lang='lat' dir='ltr'><strong>pauci,</strong></span> <span class='ocrx_word' id='word_1_67' title='bbox 914 1167 973 1215; x_wconf 82' lang='lat' dir='ltr'><strong>ut</strong></span> <span class='ocrx_word' id='word_1_68' title='bbox 1004 1160 1223 1217; x_wconf 81' lang='lat' dir='ltr'><strong>oblatio</strong></span> <span class='ocrx_word' id='word_1_69' title='bbox 1253 1161 1632 1233; x_wconf 12' lang='lat' dir='ltr'><strong>sicutihostia</strong></span> <span class='ocrx_word' id='word_1_70' title='bbox 1666 1176 1837 1233; x_wconf 71' lang='lat' dir='ltr'><strong>pura,</strong></span> 
     </span>
    </p>
   </div>
   <div class='ocr_carea' id='block_1_9' title="bbox 193 1231 1839 1303">
    <p class='ocr_par' dir='ltr' id='par_1_9' title="bbox 193 1231 1839 1303">
     <span class='ocr_line' id='line_1_9' title="bbox 193 1231 1839 1303; baseline -0.004 -14"><span class='ocrx_word' id='word_1_71' title='bbox 193 1231 455 1302; x_wconf 28' lang='lat' dir='ltr'><strong>in‘vo&#39;bis,</strong></span> <span class='ocrx_word' id='word_1_72' title='bbox 488 1238 624 1303; x_wconf 91' lang='lat' dir='ltr'><strong>etc.,</strong></span> <span class='ocrx_word' id='word_1_73' title='bbox 669 1231 814 1287; x_wconf 85' lang='lat' dir='ltr'><strong>satis</strong></span> <span class='ocrx_word' id='word_1_74' title='bbox 849 1233 1195 1287; x_wconf 90' lang='lat' dir='ltr'><strong>commode:</strong></span> <span class='ocrx_word' id='word_1_75' title='bbox 1246 1232 1343 1285; x_wconf 90' lang='lat' dir='ltr'><strong>alii</strong></span> <span class='ocrx_word' id='word_1_76' title='bbox 1374 1232 1578 1300; x_wconf 89' lang='lat' dir='ltr'><strong>plures</strong></span> <span class='ocrx_word' id='word_1_77' title='bbox 1629 1231 1839 1286; x_wconf 88' lang='lat' dir='ltr'><strong>nobis-</strong></span> 
     </span>
    </p>
   </div>
   <div class='ocr_carea' id='block_1_10' title="bbox 194 1302 1836 1376">
    <p class='ocr_par' dir='ltr' id='par_1_10' title="bbox 194 1302 1836 1376">
     <span class='ocr_line' id='line_1_10' title="bbox 194 1302 1836 1376; baseline -0.004 -16"><span class='ocrx_word' id='word_1_78' title='bbox 194 1321 311 1360; x_wconf 88' lang='lat' dir='ltr'><strong>cum</strong></span> <span class='ocrx_word' id='word_1_79' title='bbox 353 1306 591 1374; x_wconf 89' lang='lat' dir='ltr'><strong>faciunt,</strong></span> <span class='ocrx_word' id='word_1_80' title='bbox 644 1304 760 1359; x_wconf 88' lang='lat' dir='ltr'><strong>nisi</strong></span> <span class='ocrx_word' id='word_1_81' title='bbox 810 1304 967 1376; x_wconf 92' lang='lat' dir='ltr'><strong>quod</strong></span> <span class='ocrx_word' id='word_1_82' title='bbox 998 1319 1105 1375; x_wconf 89' lang='lat' dir='ltr'><strong>pro</strong></span> <span class='ocrx_word' id='word_1_83' title='bbox 1154 1304 1308 1358; x_wconf 81' lang='lat' dir='ltr'><strong>sicut</strong></span> <span class='ocrx_word' id='word_1_84' title='bbox 1357 1302 1625 1357; x_wconf 75' lang='lat' dir='ltr'><strong>Valliluc.</strong></span> <span class='ocrx_word' id='word_1_85' title='bbox 1673 1302 1836 1373; x_wconf 92' lang='lat' dir='ltr'><strong>legit,</strong></span> 
     </span>
    </p>
   </div>
   <div class='ocr_carea' id='block_1_11' title="bbox 1970 608 3640 680">
    <p class='ocr_par' dir='ltr' id='par_1_11' title="bbox 1970 608 3640 680">
     <span class='ocr_line' id='line_1_11' title="bbox 1970 608 3640 680; baseline 0.002 -17"><span class='ocrx_word' id='word_1_86' title='bbox 1970 609 2214 679; x_wconf 86' lang='lat' dir='ltr'><strong>pramia</strong></span> <span class='ocrx_word' id='word_1_87' title='bbox 2244 608 2522 662; x_wconf 91' lang='lat' dir='ltr'><strong>virtutum</strong></span> <span class='ocrx_word' id='word_1_88' title='bbox 2551 608 2859 676; x_wconf 88' lang='lat' dir='ltr'><strong>pervenire</strong></span> <span class='ocrx_word' id='word_1_89' title='bbox 2889 610 3156 679; x_wconf 87' lang='lat' dir='ltr'><strong>possitis,</strong></span> <span class='ocrx_word' id='word_1_90' title='bbox 3191 627 3298 680; x_wconf 90' lang='lat' dir='ltr'><strong>per</strong></span> <span class='ocrx_word' id='word_1_91' title='bbox 3329 611 3640 668; x_wconf 89' lang='lat' dir='ltr'><strong>Dominum</strong></span> 
     </span>
    </p>
   </div>
   <div class='ocr_carea' id='block_1_12' title="bbox 1971 696 3635 771">
    <p class='ocr_par' dir='ltr' id='par_1_12' title="bbox 1971 696 3635 771">
     <span class='ocr_line' id='line_1_12' title="bbox 1971 696 3635 771; baseline 0.002 -19"><span class='ocrx_word' id='word_1_92' title='bbox 1971 701 2239 753; x_wconf 90' lang='lat' dir='ltr'><strong>nostrum</strong></span> <span class='ocrx_word' id='word_1_93' title='bbox 2283 697 2490 750; x_wconf 84' lang='lat' dir='ltr'><strong>Jesum</strong></span> <span class='ocrx_word' id='word_1_94' title='bbox 2537 696 2865 751; x_wconf 86' lang='lat' dir='ltr'><strong>Christum:</strong></span> <span class='ocrx_word' id='word_1_95' title='bbox 2901 698 2995 751; x_wconf 93' lang='lat' dir='ltr'><strong>cui</strong></span> <span class='ocrx_word' id='word_1_96' title='bbox 3042 701 3133 752; x_wconf 90' lang='lat' dir='ltr'><strong>est</strong></span> <span class='ocrx_word' id='word_1_97' title='bbox 3166 699 3375 770; x_wconf 80' lang='lat' dir='ltr'><strong>gloria,</strong></span> <span class='ocrx_word' id='word_1_98' title='bbox 3426 700 3635 771; x_wconf 87' lang='lat' dir='ltr'><strong>honor,</strong></span> 
     </span>
    </p>
   </div>
   <div class='ocr_carea' id='block_1_13' title="bbox 1910 784 3640 859">
    <p class='ocr_par' dir='ltr' id='par_1_13' title="bbox 1910 784 3640 859">
     <span class='ocr_line' id='line_1_13' title="bbox 1910 784 3640 859; baseline 0.002 -17"><span class='ocrx_word' id='word_1_99' title='bbox 1910 836 1916 843; x_wconf 90' lang='lat'><strong>.</strong></span> <span class='ocrx_word' id='word_1_100' title='bbox 1970 787 2122 857; x_wconf 91' lang='lat' dir='ltr'><strong>laus,</strong></span> <span class='ocrx_word' id='word_1_101' title='bbox 2156 786 2517 857; x_wconf 87' lang='lat' dir='ltr'><strong>perpetuitas</strong></span> <span class='ocrx_word' id='word_1_102' title='bbox 2548 800 2582 838; x_wconf 90' lang='lat' dir='ltr'><strong>a</strong></span> <span class='ocrx_word' id='word_1_103' title='bbox 2609 784 2872 854; x_wconf 85' lang='lat' dir='ltr'><strong>saeculis,</strong></span> <span class='ocrx_word' id='word_1_104' title='bbox 2908 789 2963 840; x_wconf 93' lang='lat' dir='ltr'><strong>et</strong></span> <span class='ocrx_word' id='word_1_105' title='bbox 2994 803 3170 856; x_wconf 91' lang='lat' dir='ltr'><strong>nunc,</strong></span> <span class='ocrx_word' id='word_1_106' title='bbox 3204 791 3261 842; x_wconf 91' lang='lat' dir='ltr'><strong>et</strong></span> <span class='ocrx_word' id='word_1_107' title='bbox 3290 805 3545 859; x_wconf 89' lang='lat' dir='ltr'><strong>semper,</strong></span> <span class='ocrx_word' id='word_1_108' title='bbox 3582 793 3640 845; x_wconf 90' lang='lat' dir='ltr'><strong>et</strong></span> 
     </span>
    </p>
   </div>
   <div class='ocr_carea' id='block_1_14' title="bbox 1970 873 3161 929">
    <p class='ocr_par' dir='ltr' id='par_1_14' title="bbox 1970 873 3161 929">
     <span class='ocr_line' id='line_1_14' title="bbox 1970 873 3161 929; baseline 0 0"><span class='ocrx_word' id='word_1_109' title='bbox 1970 877 2030 929; x_wconf 91' lang='lat' dir='ltr'><strong>in</strong></span> <span class='ocrx_word' id='word_1_110' title='bbox 2063 876 2255 929; x_wconf 91' lang='lat' dir='ltr'><strong>omnia</strong></span> <span class='ocrx_word' id='word_1_111' title='bbox 2289 874 2507 929; x_wconf 91' lang='lat' dir='ltr'><strong>sacula</strong></span> <span class='ocrx_word' id='word_1_112' title='bbox 2541 873 2919 928; x_wconf 88' lang='lat' dir='ltr'><strong>saculorum.</strong></span> <span class='ocrx_word' id='word_1_113' title='bbox 2954 876 3161 929; x_wconf 81' lang='lat' dir='ltr'><strong>Amen.</strong></span> 
     </span>
    </p>
   </div>
   <div class='ocr_carea' id='block_1_15' title="bbox 1972 1016 3637 1088">
    <p class='ocr_par' dir='ltr' id='par_1_15' title="bbox 1972 1016 3637 1088">
     <span class='ocr_line' id='line_1_15' title="bbox 1972 1016 3637 1088; baseline 0.002 -17"><span class='ocrx_word' id='word_1_114' title='bbox 1972 1018 2052 1071; x_wconf 85' lang='lat' dir='ltr'><strong>sit</strong></span> <span class='ocrx_word' id='word_1_115' title='bbox 2087 1024 2164 1086; x_wconf 88' lang='lat' dir='ltr'><strong>ut,</strong></span> <span class='ocrx_word' id='word_1_116' title='bbox 2216 1033 2332 1071; x_wconf 91' lang='lat' dir='ltr'><strong>non</strong></span> <span class='ocrx_word' id='word_1_117' title='bbox 2384 1017 2731 1088; x_wconf 79' lang='lat' dir='ltr'><strong>incongrue.</strong></span> <span class='ocrx_word' id='word_1_118' title='bbox 2775 1016 3019 1088; x_wconf 78' lang='lat' dir='ltr'><strong>Reliqui</strong></span> <span class='ocrx_word' id='word_1_119' title='bbox 3065 1017 3296 1071; x_wconf 87' lang='lat' dir='ltr'><strong>tandem</strong></span> <span class='ocrx_word' id='word_1_120' title='bbox 3329 1020 3386 1072; x_wconf 92' lang='lat' dir='ltr'><strong>et</strong></span> <span class='ocrx_word' id='word_1_121' title='bbox 3431 1035 3637 1075; x_wconf 91' lang='lat' dir='ltr'><strong>omnes</strong></span> 
     </span>
    </p>
   </div>
   <div class='ocr_carea' id='block_1_16' title="bbox 1973 1087 3634 1161">
    <p class='ocr_par' dir='ltr' id='par_1_16' title="bbox 1973 1087 3634 1161">
     <span class='ocr_line' id='line_1_16' title="bbox 1973 1087 3634 1161; baseline 0.001 -18"><span class='ocrx_word' id='word_1_122' title='bbox 1973 1089 2109 1143; x_wconf 88' lang='lat' dir='ltr'><strong>edit.</strong></span> <span class='ocrx_word' id='word_1_123' title='bbox 2162 1090 2336 1143; x_wconf 88' lang='lat' dir='ltr'><strong>nobis</strong></span> <span class='ocrx_word' id='word_1_124' title='bbox 2388 1087 2915 1161; x_wconf 18' lang='lat' dir='ltr'><strong>etiam&#39;accedu‘nt,</strong></span> <span class='ocrx_word' id='word_1_125' title='bbox 2964 1091 3225 1161; x_wconf 79' lang='lat' dir='ltr'><strong>excepta</strong></span> <span class='ocrx_word' id='word_1_126' title='bbox 3259 1090 3490 1161; x_wconf 87' lang='lat' dir='ltr'><strong>vocula,</strong></span> <span class='ocrx_word' id='word_1_127' title='bbox 3556 1100 3634 1161; x_wconf 82' lang='lat' dir='ltr'><strong>et,</strong></span> 
     </span>
    </p>
   </div>
   <div class='ocr_carea' id='block_1_17' title="bbox 1973 1158 3640 1230">
    <p class='ocr_par' dir='ltr' id='par_1_17' title="bbox 1973 1158 3640 1230">
     <span class='ocr_line' id='line_1_17' title="bbox 1973 1158 3640 1230; baseline 0.003 -18"><span class='ocrx_word' id='word_1_128' title='bbox 1973 1175 2148 1230; x_wconf 88' lang='lat' dir='ltr'><strong>quam</strong></span> <span class='ocrx_word' id='word_1_129' title='bbox 2197 1159 2557 1229; x_wconf 67' lang='lat' dir='ltr'><strong>praemittunt</strong></span> <span class='ocrx_word' id='word_1_130' title='bbox 2602 1158 2959 1211; x_wconf 90' lang='lat' dir='ltr'><strong>dictionibus</strong></span> <span class='ocrx_word' id='word_1_131' title='bbox 2992 1160 3054 1211; x_wconf 83' lang='lat' dir='ltr'><strong>in</strong></span> <span class='ocrx_word' id='word_1_132' title='bbox 3092 1159 3276 1229; x_wconf 80' lang='lat' dir='ltr'><strong>vobis,</strong></span> <span class='ocrx_word' id='word_1_133' title='bbox 3323 1160 3436 1215; x_wconf 92' lang='lat' dir='ltr'><strong>hoc</strong></span> <span class='ocrx_word' id='word_1_134' title='bbox 3468 1158 3640 1217; x_wconf 86' lang='lat' dir='ltr'><strong>modo</strong></span> 
     </span>
    </p>
   </div>
   <div class='ocr_carea' id='block_1_18' title="bbox 1974 1230 3092 1300">
    <p class='ocr_par' dir='ltr' id='par_1_18' title="bbox 1974 1230 3092 1300">
     <span class='ocr_line' id='line_1_18' title="bbox 1974 1230 3092 1300; baseline -0.002 -14"><span class='ocrx_word' id='word_1_135' title='bbox 1974 1230 2325 1286; x_wconf 90' lang='lat' dir='ltr'><strong>sententiam</strong></span> <span class='ocrx_word' id='word_1_136' title='bbox 2355 1230 2593 1284; x_wconf 89' lang='lat' dir='ltr'><strong>omnino</strong></span> <span class='ocrx_word' id='word_1_137' title='bbox 2625 1232 3092 1300; x_wconf 85' lang='lat' dir='ltr'><strong>corrumpentes.</strong></span> 
     </span>
    </p>
   </div>
   <div class='ocr_carea' id='block_1_19' title="bbox 188 1491 3590 1532">
    <p class='ocr_par' dir='ltr' id='par_1_19' title="bbox 195 1494 3580 1528">
     <span class='ocr_line' id='line_1_19' title="bbox 195 1494 3580 1528; baseline -0.001 -21"><span class='ocrx_word' id='word_1_138' title='bbox 195 1498 925 1528; x_wconf 48' lang='grc' dir='ltr'><strong>ῧ-</strong></span> <span class='ocrx_word' id='word_1_139' title='bbox 944 1499 977 1503; x_wconf 67' lang='grc' dir='ltr'><strong>-ρ</strong></span> <span class='ocrx_word' id='word_1_140' title='bbox 998 1500 1001 1501; x_wconf 54' lang='grc' dir='ltr'><em>ν</em></span> <span class='ocrx_word' id='word_1_141' title='bbox 1022 1494 3580 1525; x_wconf 33' lang='grc' dir='ltr'><strong>ᾼψννμῧῤ--ῄ-*ἯἪ</strong></span> 
     </span>
    </p>
   </div>
   <div class='ocr_carea' id='block_1_20' title="bbox 661 1646 1277 1729">
    <p class='ocr_par' dir='ltr' id='par_1_20' title="bbox 661 1646 1277 1729">
     <span class='ocr_line' id='line_1_20' title="bbox 661 1646 1277 1729; baseline -0.008 0"><span class='ocrx_word' id='word_1_142' title='bbox 661 1646 775 1729; x_wconf 85' lang='grc' dir='ltr'><strong>ΙΝ</strong></span> <span class='ocrx_word' id='word_1_143' title='bbox 868 1647 1277 1727; x_wconf 82' lang='lat' dir='ltr'><strong>LIBROS</strong></span> 
     </span>
    </p>
   </div>
   <div class='ocr_carea' id='block_1_21' title="bbox 1366 1644 3185 1729">
    <p class='ocr_par' dir='ltr' id='par_1_21' title="bbox 1366 1644 3185 1729">
     <span class='ocr_line' id='line_1_21' title="bbox 1366 1644 3185 1729; baseline 0.002 -4"><span class='ocrx_word' id='word_1_144' title='bbox 1366 1647 1493 1725; x_wconf 88' lang='lat' dir='ltr'><strong>DE</strong></span> <span class='ocrx_word' id='word_1_145' title='bbox 1575 1644 2395 1727; x_wconf 75' lang='lat' dir='ltr'><strong>POENITENTIA</strong></span> <span class='ocrx_word' id='word_1_146' title='bbox 2475 1647 3185 1729; x_wconf 73' lang='lat' dir='ltr'><strong>ADMONI&#39;I‘IO.</strong></span> 
     </span>
    </p>
   </div>
   <div class='ocr_carea' id='block_1_22' title="bbox 244 1948 3643 2023">
    <p class='ocr_par' dir='ltr' id='par_1_22' title="bbox 244 1948 3643 2023">
     <span class='ocr_line' id='line_1_22' title="bbox 244 1948 3643 2023; baseline 0 -14"><span class='ocrx_word' id='word_1_147' title='bbox 244 1951 721 2023; x_wconf 85' lang='lat' dir='ltr'><strong>Quandoquidem</strong></span> <span class='ocrx_word' id='word_1_148' title='bbox 752 1950 813 2004; x_wconf 89' lang='lat' dir='ltr'><strong>hi</strong></span> <span class='ocrx_word' id='word_1_149' title='bbox 842 1950 958 2005; x_wconf 91' lang='lat' dir='ltr'><strong>duo</strong></span> <span class='ocrx_word' id='word_1_150' title='bbox 988 1950 1123 2005; x_wconf 86' lang='lat' dir='ltr'><strong>libri</strong></span> <span class='ocrx_word' id='word_1_151' title='bbox 1154 1949 1447 2004; x_wconf 89' lang='lat' dir='ltr'><strong>adversus</strong></span> <span class='ocrx_word' id='word_1_152' title='bbox 1478 1948 1843 2004; x_wconf 85' lang='lat' dir='ltr'><strong>Novatianos</strong></span> <span class='ocrx_word' id='word_1_153' title='bbox 1875 1951 2083 2021; x_wconf 80' lang='lat' dir='ltr'><strong>scripti</strong></span> <span class='ocrx_word' id='word_1_154' title='bbox 2115 1950 2302 2021; x_wconf 89' lang='lat' dir='ltr'><strong>fuere,</strong></span> <span class='ocrx_word' id='word_1_155' title='bbox 2337 1954 2398 2005; x_wconf 89' lang='lat' dir='ltr'><strong>ut</strong></span> <span class='ocrx_word' id='word_1_156' title='bbox 2430 1950 2729 2006; x_wconf 85' lang='lat' dir='ltr'><strong>Ambrosii</strong></span> <span class='ocrx_word' id='word_1_157' title='bbox 2764 1952 3098 2017; x_wconf 87' lang='lat' dir='ltr'><strong>consilium,</strong></span> <span class='ocrx_word' id='word_1_158' title='bbox 3135 1953 3334 2022; x_wconf 90' lang='lat' dir='ltr'><strong>operis</strong></span> <span class='ocrx_word' id='word_1_159' title='bbox 3366 1954 3510 2009; x_wconf 90' lang='lat' dir='ltr'><strong>ordo</strong></span> <span class='ocrx_word' id='word_1_160' title='bbox 3553 1957 3643 2009; x_wconf 91' lang='lat' dir='ltr'><strong>at-</strong></span> 
     </span>
    </p>
   </div>
   <div class='ocr_carea' id='block_1_23' title="bbox 188 2039 3645 2113">
    <p class='ocr_par' dir='ltr' id='par_1_23' title="bbox 188 2039 3645 2113">
     <span class='ocr_line' id='line_1_23' title="bbox 188 2039 3645 2113; baseline 0.001 -17"><span class='ocrx_word' id='word_1_161' title='bbox 188 2058 286 2113; x_wconf 86' lang='lat' dir='ltr'><strong>que</strong></span> <span class='ocrx_word' id='word_1_162' title='bbox 302 2042 510 2108; x_wconf 75' lang='lat' dir='ltr'><strong>series,</strong></span> <span class='ocrx_word' id='word_1_163' title='bbox 544 2041 640 2094; x_wconf 90' lang='lat' dir='ltr'><strong>vis</strong></span> <span class='ocrx_word' id='word_1_164' title='bbox 672 2055 741 2093; x_wconf 90' lang='lat' dir='ltr'><strong>ac</strong></span> <span class='ocrx_word' id='word_1_165' title='bbox 770 2040 1004 2111; x_wconf 89' lang='lat' dir='ltr'><strong>pondus</strong></span> <span class='ocrx_word' id='word_1_166' title='bbox 1034 2042 1516 2111; x_wconf 89' lang='lat' dir='ltr'><strong>argumentorum</strong></span> <span class='ocrx_word' id='word_1_167' title='bbox 1547 2039 1906 2108; x_wconf 85' lang='lat' dir='ltr'><strong>percipiatur</strong></span> <span class='ocrx_word' id='word_1_168' title='bbox 1934 2040 2145 2094; x_wconf 90' lang='lat' dir='ltr'><strong>minori</strong></span> <span class='ocrx_word' id='word_1_169' title='bbox 2178 2041 2436 2112; x_wconf 89' lang='lat' dir='ltr'><strong>negotio,</strong></span> <span class='ocrx_word' id='word_1_170' title='bbox 2470 2056 2587 2094; x_wconf 89' lang='lat' dir='ltr'><strong>non</strong></span> <span class='ocrx_word' id='word_1_171' title='bbox 2619 2041 2912 2110; x_wconf 85' lang='lat' dir='ltr'><strong>ingratum</strong></span> <span class='ocrx_word' id='word_1_172' title='bbox 2944 2041 3152 2096; x_wconf 91' lang='lat' dir='ltr'><strong>lectori</strong></span> <span class='ocrx_word' id='word_1_173' title='bbox 3174 2040 3433 2097; x_wconf 89' lang='lat' dir='ltr'><strong>futurum</strong></span> <span class='ocrx_word' id='word_1_174' title='bbox 3466 2044 3645 2099; x_wconf 86' lang='lat' dir='ltr'><strong>duxi-</strong></span> 
     </span>
    </p>
   </div>
   <div class='ocr_carea' id='block_1_24' title="bbox 190 2128 3646 2201">
    <p class='ocr_par' dir='ltr' id='par_1_24' title="bbox 190 2128 3646 2201">
     <span class='ocr_line' id='line_1_24' title="bbox 190 2128 3646 2201; baseline 0.001 -15"><span class='ocrx_word' id='word_1_175' title='bbox 190 2147 322 2200; x_wconf 85' lang='lat' dir='ltr'><strong>mus,</strong></span> <span class='ocrx_word' id='word_1_176' title='bbox 354 2131 404 2185; x_wconf 90' lang='lat' dir='ltr'><strong>si</strong></span> <span class='ocrx_word' id='word_1_177' title='bbox 435 2130 577 2200; x_wconf 85' lang='lat' dir='ltr'><strong>ejus</strong></span> <span class='ocrx_word' id='word_1_178' title='bbox 608 2129 799 2183; x_wconf 92' lang='lat' dir='ltr'><strong>oculis</strong></span> <span class='ocrx_word' id='word_1_179' title='bbox 831 2128 985 2183; x_wconf 91' lang='lat' dir='ltr'><strong>unde</strong></span> <span class='ocrx_word' id='word_1_180' title='bbox 1018 2132 1141 2182; x_wconf 90' lang='lat' dir='ltr'><strong>orta</strong></span> <span class='ocrx_word' id='word_1_181' title='bbox 1172 2128 1248 2181; x_wconf 88' lang='lat' dir='ltr'><strong>sit</strong></span> <span class='ocrx_word' id='word_1_182' title='bbox 1278 2128 1376 2182; x_wconf 92' lang='lat' dir='ltr'><strong>illa</strong></span> <span class='ocrx_word' id='word_1_183' title='bbox 1407 2128 1681 2196; x_wconf 88' lang='lat' dir='ltr'><strong>haresis,</strong></span> <span class='ocrx_word' id='word_1_184' title='bbox 1716 2144 1869 2199; x_wconf 91' lang='lat' dir='ltr'><strong>quos</strong></span> <span class='ocrx_word' id='word_1_185' title='bbox 1902 2128 2573 2201; x_wconf 85' lang='lat' dir='ltr'><strong>habueritprogressus,</strong></span> <span class='ocrx_word' id='word_1_186' title='bbox 2595 2145 2787 2200; x_wconf 89' lang='lat' dir='ltr'><strong>quove</strong></span> <span class='ocrx_word' id='word_1_187' title='bbox 2818 2130 2878 2183; x_wconf 95' lang='lat' dir='ltr'><strong>in</strong></span> <span class='ocrx_word' id='word_1_188' title='bbox 2899 2133 3054 2184; x_wconf 90' lang='lat' dir='ltr'><strong>statu</strong></span> <span class='ocrx_word' id='word_1_189' title='bbox 3081 2130 3279 2201; x_wconf 90' lang='lat' dir='ltr'><strong>fuerit,</strong></span> <span class='ocrx_word' id='word_1_190' title='bbox 3314 2148 3448 2187; x_wconf 89' lang='lat' dir='ltr'><strong>cum</strong></span> <span class='ocrx_word' id='word_1_191' title='bbox 3469 2133 3646 2189; x_wconf 89' lang='lat' dir='ltr'><strong>iidem</strong></span> 
     </span>
    </p>
   </div>
   <div class='ocr_carea' id='block_1_25' title="bbox 186 2219 1261 2287">
    <p class='ocr_par' dir='ltr' id='par_1_25' title="bbox 186 2219 1261 2287">
     <span class='ocr_line' id='line_1_25' title="bbox 186 2219 1261 2287; baseline -0.003 -14"><span class='ocrx_word' id='word_1_192' title='bbox 186 2220 306 2273; x_wconf 89' lang='lat' dir='ltr'><strong>libri</strong></span> <span class='ocrx_word' id='word_1_193' title='bbox 332 2219 809 2287; x_wconf 87' lang='lat' dir='ltr'><strong>lucubrarentur,</strong></span> <span class='ocrx_word' id='word_1_194' title='bbox 841 2233 1261 2287; x_wconf 90' lang='lat' dir='ltr'><strong>proponamus.</strong></span> 
     </span>
    </p>
   </div>
   <div class='ocr_carea' id='block_1_26' title="bbox 249 2305 3642 2383">
    <p class='ocr_par' dir='ltr' id='par_1_26' title="bbox 249 2305 3642 2383">
     <span class='ocr_line' id='line_1_26' title="bbox 249 2305 3642 2383; baseline 0.001 -20"><span class='ocrx_word' id='word_1_195' title='bbox 249 2309 387 2363; x_wconf 90' lang='lat' dir='ltr'><strong>Dicti</strong></span> <span class='ocrx_word' id='word_1_196' title='bbox 418 2310 563 2363; x_wconf 88' lang='lat' dir='ltr'><strong>sunt</strong></span> <span class='ocrx_word' id='word_1_197' title='bbox 592 2306 903 2361; x_wconf 89' lang='lat' dir='ltr'><strong>Novatiani</strong></span> <span class='ocrx_word' id='word_1_198' title='bbox 932 2307 1005 2360; x_wconf 89' lang='lat' dir='ltr'><strong>ab</strong></span> <span class='ocrx_word' id='word_1_199' title='bbox 1054 2305 1399 2360; x_wconf 90' lang='lat' dir='ltr'><strong>auctoribus</strong></span> <span class='ocrx_word' id='word_1_200' title='bbox 1431 2308 1611 2360; x_wconf 85' lang='lat' dir='ltr'><strong>secta</strong></span> <span class='ocrx_word' id='word_1_201' title='bbox 1644 2305 1874 2361; x_wconf 91' lang='lat' dir='ltr'><strong>Novato</strong></span> <span class='ocrx_word' id='word_1_202' title='bbox 1920 2308 1977 2361; x_wconf 92' lang='lat' dir='ltr'><strong>et</strong></span> <span class='ocrx_word' id='word_1_203' title='bbox 2008 2306 2357 2377; x_wconf 88' lang='lat' dir='ltr'><strong>Novatiano,</strong></span> <span class='ocrx_word' id='word_1_204' title='bbox 2400 2323 2552 2378; x_wconf 89' lang='lat' dir='ltr'><strong>quos</strong></span> <span class='ocrx_word' id='word_1_205' title='bbox 2580 2307 2733 2362; x_wconf 90' lang='lat' dir='ltr'><strong>inter</strong></span> <span class='ocrx_word' id='word_1_206' title='bbox 2780 2323 2846 2361; x_wconf 90' lang='lat' dir='ltr'><strong>se</strong></span> <span class='ocrx_word' id='word_1_207' title='bbox 2880 2323 3014 2362; x_wconf 91' lang='lat' dir='ltr'><strong>cum</strong></span> <span class='ocrx_word' id='word_1_208' title='bbox 3061 2308 3327 2379; x_wconf 87' lang='lat' dir='ltr'><strong>plerique</strong></span> <span class='ocrx_word' id='word_1_209' title='bbox 3356 2314 3642 2383; x_wconf 88' lang='lat' dir='ltr'><strong>veterum,</strong></span> 
     </span>
    </p>
   </div>
   <div class='ocr_carea' id='block_1_27' title="bbox 188 2393 3646 2471">
    <p class='ocr_par' dir='ltr' id='par_1_27' title="bbox 188 2393 3646 2471">
     <span class='ocr_line' id='line_1_27' title="bbox 188 2393 3646 2471; baseline 0.001 -19"><span class='ocrx_word' id='word_1_210' title='bbox 188 2398 584 2453; x_wconf 84' lang='lat' dir='ltr'><strong>etGracorum</strong></span> <span class='ocrx_word' id='word_1_211' title='bbox 607 2395 916 2465; x_wconf 83' lang='lat' dir='ltr'><strong>imprimis,</strong></span> <span class='ocrx_word' id='word_1_212' title='bbox 941 2393 1090 2448; x_wconf 90' lang='lat' dir='ltr'><strong>male</strong></span> <span class='ocrx_word' id='word_1_213' title='bbox 1115 2393 1496 2464; x_wconf 88' lang='lat' dir='ltr'><strong>confundant,</strong></span> <span class='ocrx_word' id='word_1_214' title='bbox 1530 2410 1831 2465; x_wconf 89' lang='lat' dir='ltr'><strong>nunquam</strong></span> <span class='ocrx_word' id='word_1_215' title='bbox 1862 2410 1982 2449; x_wconf 93' lang='lat' dir='ltr'><strong>non</strong></span> <span class='ocrx_word' id='word_1_216' title='bbox 2011 2395 2324 2468; x_wconf 81' lang='lat' dir='ltr'><strong>distinguit</strong></span> <span class='ocrx_word' id='word_1_217' title='bbox 2354 2396 2731 2451; x_wconf 80' lang='lat' dir='ltr'><strong>Ambrosius.</strong></span> <span class='ocrx_word' id='word_1_218' title='bbox 2767 2396 2992 2451; x_wconf 86' lang='lat' dir='ltr'><strong>Horum</strong></span> <span class='ocrx_word' id='word_1_219' title='bbox 3023 2397 3186 2466; x_wconf 89' lang='lat' dir='ltr'><strong>prior</strong></span> <span class='ocrx_word' id='word_1_220' title='bbox 3213 2396 3646 2471; x_wconf 90' lang='lat' dir='ltr'><strong>Carthaginen-</strong></span> 
     </span>
    </p>
   </div>
   <div class='ocr_carea' id='block_1_28' title="bbox 189 2482 3643 2559">
    <p class='ocr_par' dir='ltr' id='par_1_28' title="bbox 189 2482 3643 2559">
     <span class='ocr_line' id='line_1_28' title="bbox 189 2482 3643 2559; baseline 0.001 -18"><span class='ocrx_word' id='word_1_221' title='bbox 189 2486 265 2542; x_wconf 86' lang='lat' dir='ltr'><strong>sis</strong></span> <span class='ocrx_word' id='word_1_222' title='bbox 293 2485 580 2541; x_wconf 86' lang='lat' dir='ltr'><strong>Ecclesiae</strong></span> <span class='ocrx_word' id='word_1_223' title='bbox 628 2484 942 2555; x_wconf 74' lang='lat' dir='ltr'><strong>presbyter</strong></span> <span class='ocrx_word' id='word_1_224' title='bbox 970 2482 1099 2553; x_wconf 89' lang='lat' dir='ltr'><strong>fuit,</strong></span> <span class='ocrx_word' id='word_1_225' title='bbox 1150 2498 1449 2554; x_wconf 89' lang='lat' dir='ltr'><strong>nunquam</strong></span> <span class='ocrx_word' id='word_1_226' title='bbox 1491 2498 1635 2538; x_wconf 90' lang='lat' dir='ltr'><strong>vero</strong></span> <span class='ocrx_word' id='word_1_227' title='bbox 1666 2483 1739 2537; x_wconf 90' lang='lat' dir='ltr'><strong>ad</strong></span> <span class='ocrx_word' id='word_1_228' title='bbox 1786 2484 2186 2555; x_wconf 88' lang='lat' dir='ltr'><strong>episcopalem</strong></span> <span class='ocrx_word' id='word_1_229' title='bbox 2217 2484 2485 2555; x_wconf 86' lang='lat' dir='ltr'><strong>pervenit</strong></span> <span class='ocrx_word' id='word_1_230' title='bbox 2512 2484 2891 2557; x_wconf 90' lang='lat' dir='ltr'><strong>dignitatem;</strong></span> <span class='ocrx_word' id='word_1_231' title='bbox 2943 2484 3080 2556; x_wconf 87' lang='lat' dir='ltr'><strong>quia</strong></span> <span class='ocrx_word' id='word_1_232' title='bbox 3123 2487 3184 2540; x_wconf 92' lang='lat' dir='ltr'><strong>in</strong></span> <span class='ocrx_word' id='word_1_233' title='bbox 3215 2502 3279 2541; x_wconf 89' lang='lat' dir='ltr'><strong>re</strong></span> <span class='ocrx_word' id='word_1_234' title='bbox 3328 2488 3643 2559; x_wconf 90' lang='lat' dir='ltr'><strong>Baronius,</strong></span> 
     </span>
    </p>
   </div>
   <div class='ocr_carea' id='block_1_29' title="bbox 186 2571 3646 2650">
    <p class='ocr_par' dir='ltr' id='par_1_29' title="bbox 186 2571 3646 2650">
     <span class='ocr_line' id='line_1_29' title="bbox 186 2571 3646 2650; baseline 0.002 -23"><span class='ocrx_word' id='word_1_235' title='bbox 186 2574 459 2635; x_wconf 84' lang='lat' dir='ltr'><strong>Petavius,</strong></span> <span class='ocrx_word' id='word_1_236' title='bbox 496 2572 738 2626; x_wconf 79' lang='lat' dir='ltr'><strong>Labeus</strong></span> <span class='ocrx_word' id='word_1_237' title='bbox 768 2575 823 2625; x_wconf 90' lang='lat' dir='ltr'><strong>et</strong></span> <span class='ocrx_word' id='word_1_238' title='bbox 844 2571 943 2625; x_wconf 89' lang='lat' dir='ltr'><strong>alii</strong></span> <span class='ocrx_word' id='word_1_239' title='bbox 974 2572 1241 2626; x_wconf 89' lang='lat' dir='ltr'><strong>nonnulli</strong></span> <span class='ocrx_word' id='word_1_240' title='bbox 1273 2578 1637 2626; x_wconf 89' lang='lat' dir='ltr'><strong>erraverunt.</strong></span> <span class='ocrx_word' id='word_1_241' title='bbox 1686 2572 1742 2626; x_wconf 92' lang='lat' dir='ltr'><strong>Is</strong></span> <span class='ocrx_word' id='word_1_242' title='bbox 1776 2576 1901 2627; x_wconf 90' lang='lat' dir='ltr'><strong>erat</strong></span> <span class='ocrx_word' id='word_1_243' title='bbox 1947 2574 2142 2629; x_wconf 90' lang='lat' dir='ltr'><strong>animo</strong></span> <span class='ocrx_word' id='word_1_244' title='bbox 2174 2574 2434 2645; x_wconf 88' lang='lat' dir='ltr'><strong>inquieto</strong></span> <span class='ocrx_word' id='word_1_245' title='bbox 2467 2578 2522 2629; x_wconf 92' lang='lat' dir='ltr'><strong>et</strong></span> <span class='ocrx_word' id='word_1_246' title='bbox 2552 2575 2863 2643; x_wconf 90' lang='lat' dir='ltr'><strong>scelerato,</strong></span> <span class='ocrx_word' id='word_1_247' title='bbox 2920 2590 3113 2645; x_wconf 89' lang='lat' dir='ltr'><strong>neque</strong></span> <span class='ocrx_word' id='word_1_248' title='bbox 3142 2576 3215 2629; x_wconf 91' lang='lat' dir='ltr'><strong>ad</strong></span> <span class='ocrx_word' id='word_1_249' title='bbox 3264 2576 3421 2631; x_wconf 91' lang='lat' dir='ltr'><strong>aliud</strong></span> <span class='ocrx_word' id='word_1_250' title='bbox 3452 2579 3646 2650; x_wconf 89' lang='lat' dir='ltr'><strong>magis</strong></span> 
     </span>
    </p>
   </div>
   <div class='ocr_carea' id='block_1_30' title="bbox 186 2660 3647 2737">
    <p class='ocr_par' dir='ltr' id='par_1_30' title="bbox 186 2660 3647 2737">
     <span class='ocr_line' id='line_1_30' title="bbox 186 2660 3647 2737; baseline 0.001 -20"><span class='ocrx_word' id='word_1_251' title='bbox 186 2679 341 2735; x_wconf 86' lang='lat' dir='ltr'><strong>quam</strong></span> <span class='ocrx_word' id='word_1_252' title='bbox 360 2664 430 2717; x_wconf 90' lang='lat' dir='ltr'><strong>ad</strong></span> <span class='ocrx_word' id='word_1_253' title='bbox 460 2678 567 2716; x_wconf 85' lang='lat' dir='ltr'><strong>res</strong></span> <span class='ocrx_word' id='word_1_254' title='bbox 616 2677 803 2716; x_wconf 83' lang='lat' dir='ltr'><strong>novas</strong></span> <span class='ocrx_word' id='word_1_255' title='bbox 835 2664 1191 2731; x_wconf 89' lang='lat' dir='ltr'><strong>comparato.</strong></span> <span class='ocrx_word' id='word_1_256' title='bbox 1226 2660 1385 2714; x_wconf 89' lang='lat' dir='ltr'><strong>Idem</strong></span> <span class='ocrx_word' id='word_1_257' title='bbox 1416 2676 1482 2715; x_wconf 89' lang='lat' dir='ltr'><strong>se</strong></span> <span class='ocrx_word' id='word_1_258' title='bbox 1506 2660 1899 2731; x_wconf 87' lang='lat' dir='ltr'><strong>conjunxerat</strong></span> <span class='ocrx_word' id='word_1_259' title='bbox 1927 2662 2323 2732; x_wconf 82' lang='lat' dir='ltr'><strong>Felicissimo,</strong></span> <span class='ocrx_word' id='word_1_260' title='bbox 2370 2664 2473 2734; x_wconf 88' lang='lat' dir='ltr'><strong>qui</strong></span> <span class='ocrx_word' id='word_1_261' title='bbox 2498 2663 2683 2733; x_wconf 87' lang='lat' dir='ltr'><strong>lapsis</strong></span> <span class='ocrx_word' id='word_1_262' title='bbox 2718 2663 2777 2717; x_wconf 90' lang='lat' dir='ltr'><strong>in</strong></span> <span class='ocrx_word' id='word_1_263' title='bbox 2823 2662 3215 2718; x_wconf 89' lang='lat' dir='ltr'><strong>idololatriam</strong></span> <span class='ocrx_word' id='word_1_264' title='bbox 3246 2665 3405 2719; x_wconf 90' lang='lat' dir='ltr'><strong>nulla</strong></span> <span class='ocrx_word' id='word_1_265' title='bbox 3455 2666 3647 2737; x_wconf 87' lang='lat' dir='ltr'><strong>impo-</strong></span> 
     </span>
    </p>
   </div>
   <div class='ocr_carea' id='block_1_31' title="bbox 189 2749 3649 2823">
    <p class='ocr_par' dir='ltr' id='par_1_31' title="bbox 189 2749 3649 2823">
     <span class='ocr_line' id='line_1_31' title="bbox 189 2749 3649 2823; baseline 0.001 -16"><span class='ocrx_word' id='word_1_266' title='bbox 189 2754 285 2807; x_wconf 90' lang='lat' dir='ltr'><strong>sita</strong></span> <span class='ocrx_word' id='word_1_267' title='bbox 311 2768 480 2823; x_wconf 81' lang='lat' dir='ltr'><strong>pana</strong></span> <span class='ocrx_word' id='word_1_268' title='bbox 511 2750 873 2805; x_wconf 89' lang='lat' dir='ltr'><strong>reddendam</strong></span> <span class='ocrx_word' id='word_1_269' title='bbox 902 2766 1109 2819; x_wconf 90' lang='lat' dir='ltr'><strong>pacem</strong></span> <span class='ocrx_word' id='word_1_270' title='bbox 1154 2749 1459 2804; x_wconf 90' lang='lat' dir='ltr'><strong>delirabat.</strong></span> <span class='ocrx_word' id='word_1_271' title='bbox 1492 2749 1680 2820; x_wconf 87' lang='lat' dir='ltr'><strong>Cujus</strong></span> <span class='ocrx_word' id='word_1_272' title='bbox 1730 2750 1948 2806; x_wconf 84' lang='lat' dir='ltr'><strong>haresi</strong></span> <span class='ocrx_word' id='word_1_273' title='bbox 1980 2767 2096 2822; x_wconf 92' lang='lat' dir='ltr'><strong>quo</strong></span> <span class='ocrx_word' id='word_1_274' title='bbox 2125 2750 2465 2822; x_wconf 90' lang='lat' dir='ltr'><strong>plusculum</strong></span> <span class='ocrx_word' id='word_1_275' title='bbox 2512 2752 2855 2806; x_wconf 88' lang='lat' dir='ltr'><strong>conciliaret</strong></span> <span class='ocrx_word' id='word_1_276' title='bbox 2902 2752 3266 2807; x_wconf 86' lang='lat' dir='ltr'><strong>auctoritatis</strong></span> <span class='ocrx_word' id='word_1_277' title='bbox 3323 2770 3454 2808; x_wconf 93' lang='lat' dir='ltr'><strong>cum</strong></span> <span class='ocrx_word' id='word_1_278' title='bbox 3490 2756 3649 2811; x_wconf 91' lang='lat' dir='ltr'><strong>omni</strong></span> 
     </span>
    </p>
   </div>
   <div class='ocr_carea' id='block_1_32' title="bbox 188 2839 3648 2912">
    <p class='ocr_par' dir='ltr' id='par_1_32' title="bbox 188 2839 3648 2912">
     <span class='ocr_line' id='line_1_32' title="bbox 188 2839 3648 2912; baseline 0.001 -19"><span class='ocrx_word' id='word_1_279' title='bbox 188 2845 294 2896; x_wconf 86' lang='lat' dir='ltr'><strong>arte</strong></span> <span class='ocrx_word' id='word_1_280' title='bbox 320 2844 492 2912; x_wconf 90' lang='lat' dir='ltr'><strong>atque</strong></span> <span class='ocrx_word' id='word_1_281' title='bbox 526 2840 748 2895; x_wconf 88' lang='lat' dir='ltr'><strong>ambitu</strong></span> <span class='ocrx_word' id='word_1_282' title='bbox 781 2839 1070 2909; x_wconf 89' lang='lat' dir='ltr'><strong>protrudit</strong></span> <span class='ocrx_word' id='word_1_283' title='bbox 1098 2839 1172 2893; x_wconf 91' lang='lat' dir='ltr'><strong>ad</strong></span> <span class='ocrx_word' id='word_1_284' title='bbox 1221 2839 1612 2907; x_wconf 86' lang='lat' dir='ltr'><strong>diaconatum,</strong></span> <span class='ocrx_word' id='word_1_285' title='bbox 1647 2855 1766 2893; x_wconf 91' lang='lat' dir='ltr'><strong>non</strong></span> <span class='ocrx_word' id='word_1_286' title='bbox 1814 2839 1987 2893; x_wconf 92' lang='lat' dir='ltr'><strong>modo</strong></span> <span class='ocrx_word' id='word_1_287' title='bbox 2017 2855 2137 2894; x_wconf 91' lang='lat' dir='ltr'><strong>non</strong></span> <span class='ocrx_word' id='word_1_288' title='bbox 2182 2843 2496 2905; x_wconf 88' lang='lat' dir='ltr'><strong>annuente,</strong></span> <span class='ocrx_word' id='word_1_289' title='bbox 2544 2839 2651 2894; x_wconf 91' lang='lat' dir='ltr'><strong>sed</strong></span> <span class='ocrx_word' id='word_1_290' title='bbox 2683 2855 2756 2894; x_wconf 92' lang='lat' dir='ltr'><strong>ne</strong></span> <span class='ocrx_word' id='word_1_291' title='bbox 2802 2839 3075 2894; x_wconf 89' lang='lat' dir='ltr'><strong>consulto</strong></span> <span class='ocrx_word' id='word_1_292' title='bbox 3106 2840 3343 2910; x_wconf 89' lang='lat' dir='ltr'><strong>quidem</strong></span> <span class='ocrx_word' id='word_1_293' title='bbox 3388 2842 3648 2898; x_wconf 89' lang='lat' dir='ltr'><strong>antistite</strong></span> 
     </span>
    </p>
   </div>
   <div class='ocr_carea' id='block_1_33' title="bbox 190 2928 3646 3004">
    <p class='ocr_par' dir='ltr' id='par_1_33' title="bbox 190 2928 3646 3004">
     <span class='ocr_line' id='line_1_33' title="bbox 190 2928 3646 3004; baseline 0.002 -23"><span class='ocrx_word' id='word_1_294' title='bbox 190 2929 358 2999; x_wconf 88' lang='lat' dir='ltr'><strong>ipsius</strong></span> <span class='ocrx_word' id='word_1_295' title='bbox 387 2929 706 2999; x_wconf 73' lang='lat' dir='ltr'><strong>Cypriane.</strong></span> <span class='ocrx_word' id='word_1_296' title='bbox 744 2928 894 2982; x_wconf 83' lang='lat' dir='ltr'><strong>Huic</strong></span> <span class='ocrx_word' id='word_1_297' title='bbox 926 2928 1175 2983; x_wconf 79' lang='lat' dir='ltr'><strong>facinori</strong></span> <span class='ocrx_word' id='word_1_298' title='bbox 1207 2929 1319 2982; x_wconf 89' lang='lat' dir='ltr'><strong>alia</strong></span> <span class='ocrx_word' id='word_1_299' title='bbox 1351 2931 1472 2982; x_wconf 87' lang='lat' dir='ltr'><strong>tum</strong></span> <span class='ocrx_word' id='word_1_300' title='bbox 1501 2928 1902 2998; x_wconf 88' lang='lat' dir='ltr'><strong>impudicitia,</strong></span> <span class='ocrx_word' id='word_1_301' title='bbox 1939 2930 2059 2982; x_wconf 89' lang='lat' dir='ltr'><strong>tum</strong></span> <span class='ocrx_word' id='word_1_302' title='bbox 2086 2928 2311 2983; x_wconf 89' lang='lat' dir='ltr'><strong>atrocis</strong></span> <span class='ocrx_word' id='word_1_303' title='bbox 2331 2928 2694 2983; x_wconf 87' lang='lat' dir='ltr'><strong>crudelitatis</strong></span> <span class='ocrx_word' id='word_1_304' title='bbox 2724 2928 2896 2998; x_wconf 90' lang='lat' dir='ltr'><strong>plena</strong></span> <span class='ocrx_word' id='word_1_305' title='bbox 2937 2928 3237 2984; x_wconf 91' lang='lat' dir='ltr'><strong>cumulum</strong></span> <span class='ocrx_word' id='word_1_306' title='bbox 3272 2929 3646 3004; x_wconf 90' lang='lat' dir='ltr'><strong>addiderunt,</strong></span> 
     </span>
    </p>
   </div>
   <div class='ocr_carea' id='block_1_34' title="bbox 187 3016 3649 3089">
    <p class='ocr_par' dir='ltr' id='par_1_34' title="bbox 187 3016 3649 3089">
     <span class='ocr_line' id='line_1_34' title="bbox 187 3016 3649 3089; baseline 0.001 -17"><span class='ocrx_word' id='word_1_307' title='bbox 187 3022 401 3088; x_wconf 85' lang='lat' dir='ltr'><strong>propter</strong></span> <span class='ocrx_word' id='word_1_308' title='bbox 428 3033 569 3089; x_wconf 87' lang='lat' dir='ltr'><strong>qua</strong></span> <span class='ocrx_word' id='word_1_309' title='bbox 601 3016 730 3071; x_wconf 91' lang='lat' dir='ltr'><strong>dies</strong></span> <span class='ocrx_word' id='word_1_310' title='bbox 759 3032 790 3070; x_wconf 91' lang='lat' dir='ltr'><strong>a</strong></span> <span class='ocrx_word' id='word_1_311' title='bbox 824 3016 1105 3071; x_wconf 82' lang='lat' dir='ltr'><strong>fratribus</strong></span> <span class='ocrx_word' id='word_1_312' title='bbox 1139 3018 1191 3071; x_wconf 93' lang='lat' dir='ltr'><strong>ei</strong></span> <span class='ocrx_word' id='word_1_313' title='bbox 1224 3017 1418 3071; x_wconf 90' lang='lat' dir='ltr'><strong>dictus</strong></span> <span class='ocrx_word' id='word_1_314' title='bbox 1448 3019 1542 3071; x_wconf 90' lang='lat' dir='ltr'><strong>est</strong></span> <span class='ocrx_word' id='word_1_315' title='bbox 1570 3016 1724 3087; x_wconf 90' lang='lat' dir='ltr'><strong>apud</strong></span> <span class='ocrx_word' id='word_1_316' title='bbox 1752 3016 2141 3087; x_wconf 77' lang='lat' dir='ltr'><strong>Cyprianum:</strong></span> <span class='ocrx_word' id='word_1_317' title='bbox 2178 3017 2285 3071; x_wconf 92' lang='lat' dir='ltr'><strong>sed</strong></span> <span class='ocrx_word' id='word_1_318' title='bbox 2318 3020 2598 3071; x_wconf 90' lang='lat' dir='ltr'><strong>renovata</strong></span> <span class='ocrx_word' id='word_1_319' title='bbox 2628 3032 2735 3087; x_wconf 90' lang='lat' dir='ltr'><strong>per</strong></span> <span class='ocrx_word' id='word_1_320' title='bbox 2762 3016 2820 3070; x_wconf 91' lang='lat' dir='ltr'><strong>id</strong></span> <span class='ocrx_word' id='word_1_321' title='bbox 2848 3018 3133 3087; x_wconf 91' lang='lat' dir='ltr'><strong>temporis</strong></span> <span class='ocrx_word' id='word_1_322' title='bbox 3154 3021 3513 3088; x_wconf 87' lang='lat' dir='ltr'><strong>persecutio,</strong></span> <span class='ocrx_word' id='word_1_323' title='bbox 3539 3036 3649 3076; x_wconf 91' lang='lat' dir='ltr'><strong>nec</strong></span> 
     </span>
    </p>
   </div>
   <div class='ocr_carea' id='block_1_35' title="bbox 188 3104 3649 3180">
    <p class='ocr_par' dir='ltr' id='par_1_35' title="bbox 188 3104 3649 3180">
     <span class='ocr_line' id='line_1_35' title="bbox 188 3104 3649 3180; baseline 0.002 -21"><span class='ocrx_word' id='word_1_324' title='bbox 188 3106 411 3161; x_wconf 88' lang='lat' dir='ltr'><strong>ulterius</strong></span> <span class='ocrx_word' id='word_1_325' title='bbox 468 3108 535 3161; x_wconf 92' lang='lat' dir='ltr'><strong>in</strong></span> <span class='ocrx_word' id='word_1_326' title='bbox 578 3106 848 3160; x_wconf 91' lang='lat' dir='ltr'><strong>eumdem</strong></span> <span class='ocrx_word' id='word_1_327' title='bbox 881 3105 1296 3176; x_wconf 89' lang='lat' dir='ltr'><strong>inquireretur,</strong></span> <span class='ocrx_word' id='word_1_328' title='bbox 1331 3105 1650 3175; x_wconf 90' lang='lat' dir='ltr'><strong>prohibuit.</strong></span> <span class='ocrx_word' id='word_1_329' title='bbox 1705 3104 1869 3160; x_wconf 90' lang='lat' dir='ltr'><strong>Usus</strong></span> <span class='ocrx_word' id='word_1_330' title='bbox 1900 3121 1969 3160; x_wconf 91' lang='lat' dir='ltr'><strong>ea</strong></span> <span class='ocrx_word' id='word_1_331' title='bbox 2001 3105 2317 3160; x_wconf 85' lang='lat' dir='ltr'><strong>occasione</strong></span> <span class='ocrx_word' id='word_1_332' title='bbox 2349 3105 2617 3160; x_wconf 87' lang='lat' dir='ltr'><strong>Novatus</strong></span> <span class='ocrx_word' id='word_1_333' title='bbox 2670 3105 2916 3160; x_wconf 81' lang='lat' dir='ltr'><strong>Romam</strong></span> <span class='ocrx_word' id='word_1_334' title='bbox 2944 3104 3247 3177; x_wconf 84' lang='lat' dir='ltr'><strong>profugit;</strong></span> <span class='ocrx_word' id='word_1_335' title='bbox 3297 3123 3485 3180; x_wconf 90' lang='lat' dir='ltr'><strong>eoque</strong></span> <span class='ocrx_word' id='word_1_336' title='bbox 3515 3126 3649 3165; x_wconf 90' lang='lat' dir='ltr'><strong>cum</strong></span> 
     </span>
    </p>
   </div>
   <div class='ocr_carea' id='block_1_36' title="bbox 192 3191 3651 3265">
    <p class='ocr_par' dir='ltr' id='par_1_36' title="bbox 192 3191 3651 3265">
     <span class='ocr_line' id='line_1_36' title="bbox 192 3191 3651 3265; baseline 0.001 -18"><span class='ocrx_word' id='word_1_337' title='bbox 192 3195 287 3249; x_wconf 90' lang='lat' dir='ltr'><strong>sub</strong></span> <span class='ocrx_word' id='word_1_338' title='bbox 315 3196 445 3249; x_wconf 89' lang='lat' dir='ltr'><strong>anni</strong></span> <span class='ocrx_word' id='word_1_339' title='bbox 476 3193 582 3249; x_wconf 72' lang='lat'><strong>251</strong></span> <span class='ocrx_word' id='word_1_340' title='bbox 618 3195 843 3248; x_wconf 88' lang='lat' dir='ltr'><strong>initium</strong></span> <span class='ocrx_word' id='word_1_341' title='bbox 873 3194 1158 3263; x_wconf 89' lang='lat' dir='ltr'><strong>venisset,</strong></span> <span class='ocrx_word' id='word_1_342' title='bbox 1194 3194 1417 3249; x_wconf 90' lang='lat' dir='ltr'><strong>clerum</strong></span> <span class='ocrx_word' id='word_1_343' title='bbox 1448 3209 1516 3247; x_wconf 89' lang='lat' dir='ltr'><strong>ac</strong></span> <span class='ocrx_word' id='word_1_344' title='bbox 1546 3193 1827 3265; x_wconf 89' lang='lat' dir='ltr'><strong>populum</strong></span> <span class='ocrx_word' id='word_1_345' title='bbox 1858 3194 1941 3247; x_wconf 90' lang='lat' dir='ltr'><strong>ibi</strong></span> <span class='ocrx_word' id='word_1_346' title='bbox 1974 3191 2218 3249; x_wconf 72' lang='lat' dir='ltr'><strong>offendit</strong></span> <span class='ocrx_word' id='word_1_347' title='bbox 2258 3193 2330 3247; x_wconf 87' lang='lat' dir='ltr'><strong>de</strong></span> <span class='ocrx_word' id='word_1_348' title='bbox 2362 3191 2716 3247; x_wconf 85' lang='lat' dir='ltr'><strong>sufficiendo</strong></span> <span class='ocrx_word' id='word_1_349' title='bbox 2767 3192 3042 3262; x_wconf 82' lang='lat' dir='ltr'><strong>pontifice</strong></span> <span class='ocrx_word' id='word_1_350' title='bbox 3074 3192 3134 3247; x_wconf 92' lang='lat' dir='ltr'><strong>in</strong></span> <span class='ocrx_word' id='word_1_351' title='bbox 3179 3193 3374 3249; x_wconf 92' lang='lat' dir='ltr'><strong>locum</strong></span> <span class='ocrx_word' id='word_1_352' title='bbox 3406 3196 3651 3255; x_wconf 86' lang='lat' dir='ltr'><strong>Fabiani</strong></span> 
     </span>
    </p>
   </div>
   <div class='ocr_carea' id='block_1_37' title="bbox 190 3281 1557 3354">
    <p class='ocr_par' dir='ltr' id='par_1_37' title="bbox 190 3281 1557 3354">
     <span class='ocr_line' id='line_1_37' title="bbox 190 3281 1557 3354; baseline -0.001 -16"><span class='ocrx_word' id='word_1_353' title='bbox 190 3298 288 3338; x_wconf 88' lang='lat' dir='ltr'><strong>non</strong></span> <span class='ocrx_word' id='word_1_354' title='bbox 314 3285 547 3354; x_wconf 88' lang='lat' dir='ltr'><strong>pridem</strong></span> <span class='ocrx_word' id='word_1_355' title='bbox 579 3283 855 3353; x_wconf 71' lang='lat' dir='ltr'><strong>martyrio</strong></span> <span class='ocrx_word' id='word_1_356' title='bbox 885 3281 1079 3337; x_wconf 78' lang='lat' dir='ltr'><strong>affecti</strong></span> <span class='ocrx_word' id='word_1_357' title='bbox 1110 3282 1557 3337; x_wconf 88' lang='lat' dir='ltr'><strong>dissentientes.</strong></span> 
     </span>
    </p>
   </div>
   <div class='ocr_carea' id='block_1_38' title="bbox 249 3367 3651 3442">
    <p class='ocr_par' dir='ltr' id='par_1_38' title="bbox 249 3367 3651 3442">
     <span class='ocr_line' id='line_1_38' title="bbox 249 3367 3651 3442; baseline 0.001 -16"><span class='ocrx_word' id='word_1_358' title='bbox 249 3373 437 3428; x_wconf 89' lang='lat' dir='ltr'><strong>Divisa</strong></span> <span class='ocrx_word' id='word_1_359' title='bbox 470 3374 877 3428; x_wconf 84' lang='lat' dir='ltr'><strong>Romanorum</strong></span> <span class='ocrx_word' id='word_1_360' title='bbox 909 3372 1102 3425; x_wconf 88' lang='lat' dir='ltr'><strong>studia</strong></span> <span class='ocrx_word' id='word_1_361' title='bbox 1131 3372 1246 3425; x_wconf 89' lang='lat' dir='ltr'><strong>duo</strong></span> <span class='ocrx_word' id='word_1_362' title='bbox 1276 3372 1630 3442; x_wconf 73' lang='lat' dir='ltr'><strong>presbyterii</strong></span> <span class='ocrx_word' id='word_1_363' title='bbox 1662 3373 1722 3427; x_wconf 92' lang='lat' dir='ltr'><strong>in</strong></span> <span class='ocrx_word' id='word_1_364' title='bbox 1753 3388 1819 3427; x_wconf 91' lang='lat' dir='ltr'><strong>se</strong></span> <span class='ocrx_word' id='word_1_365' title='bbox 1852 3372 2283 3438; x_wconf 89' lang='lat' dir='ltr'><strong>converterant,</strong></span> <span class='ocrx_word' id='word_1_366' title='bbox 2318 3368 2630 3425; x_wconf 90' lang='lat' dir='ltr'><strong>Cornelius</strong></span> <span class='ocrx_word' id='word_1_367' title='bbox 2660 3371 2716 3422; x_wconf 93' lang='lat' dir='ltr'><strong>et</strong></span> <span class='ocrx_word' id='word_1_368' title='bbox 2748 3367 3132 3424; x_wconf 89' lang='lat' dir='ltr'><strong>Novatianus.</strong></span> <span class='ocrx_word' id='word_1_369' title='bbox 3170 3369 3279 3424; x_wconf 83' lang='lat' dir='ltr'><strong>Hic</strong></span> <span class='ocrx_word' id='word_1_370' title='bbox 3327 3372 3651 3429; x_wconf 87' lang='lat' dir='ltr'><strong>stoicorum</strong></span> 
     </span>
    </p>
   </div>
   <div class='ocr_carea' id='block_1_39' title="bbox 190 3457 3639 3533">
    <p class='ocr_par' dir='ltr' id='par_1_39' title="bbox 190 3457 3639 3533">
     <span class='ocr_line' id='line_1_39' title="bbox 190 3457 3639 3533; baseline 0.001 -18"><span class='ocrx_word' id='word_1_371' title='bbox 190 3461 662 3533; x_wconf 86' lang='lat' dir='ltr'><strong>philosophorum</strong></span> <span class='ocrx_word' id='word_1_372' title='bbox 692 3461 838 3515; x_wconf 91' lang='lat' dir='ltr'><strong>scita</strong></span> <span class='ocrx_word' id='word_1_373' title='bbox 869 3460 1271 3530; x_wconf 76' lang='lat' dir='ltr'><strong>profitebatur,</strong></span> <span class='ocrx_word' id='word_1_374' title='bbox 1305 3460 1481 3514; x_wconf 91' lang='lat' dir='ltr'><strong>homo</strong></span> <span class='ocrx_word' id='word_1_375' title='bbox 1528 3462 1802 3515; x_wconf 86' lang='lat' dir='ltr'><strong>acerrimi</strong></span> <span class='ocrx_word' id='word_1_376' title='bbox 1831 3460 2076 3532; x_wconf 88' lang='lat' dir='ltr'><strong>ingenii,</strong></span> <span class='ocrx_word' id='word_1_377' title='bbox 2110 3459 2275 3513; x_wconf 89' lang='lat' dir='ltr'><strong>multi</strong></span> <span class='ocrx_word' id='word_1_378' title='bbox 2312 3457 2478 3530; x_wconf 89' lang='lat' dir='ltr'><strong>juga</strong></span> <span class='ocrx_word' id='word_1_379' title='bbox 2509 3458 2815 3527; x_wconf 89' lang='lat' dir='ltr'><strong>doctrina,</strong></span> <span class='ocrx_word' id='word_1_380' title='bbox 2851 3474 2960 3513; x_wconf 91' lang='lat' dir='ltr'><strong>nec</strong></span> <span class='ocrx_word' id='word_1_381' title='bbox 2992 3458 3283 3513; x_wconf 88' lang='lat' dir='ltr'><strong>facundia</strong></span> <span class='ocrx_word' id='word_1_382' title='bbox 3330 3460 3639 3533; x_wconf 89' lang='lat' dir='ltr'><strong>vulgaris:</strong></span> 
     </span>
    </p>
   </div>
   <div class='ocr_carea' id='block_1_40' title="bbox 188 3547 3652 3622">
    <p class='ocr_par' dir='ltr' id='par_1_40' title="bbox 188 3547 3652 3622">
     <span class='ocr_line' id='line_1_40' title="bbox 188 3547 3652 3622; baseline 0.001 -20"><span class='ocrx_word' id='word_1_383' title='bbox 188 3566 368 3605; x_wconf 88' lang='lat' dir='ltr'><strong>verum</strong></span> <span class='ocrx_word' id='word_1_384' title='bbox 398 3553 799 3622; x_wconf 76' lang='lat' dir='ltr'><strong>praeterquam</strong></span> <span class='ocrx_word' id='word_1_385' title='bbox 826 3549 983 3619; x_wconf 88' lang='lat' dir='ltr'><strong>quod</strong></span> <span class='ocrx_word' id='word_1_386' title='bbox 1015 3548 1372 3603; x_wconf 83' lang='lat' dir='ltr'><strong>exorcismis</strong></span> <span class='ocrx_word' id='word_1_387' title='bbox 1404 3548 1718 3619; x_wconf 81' lang='lat' dir='ltr'><strong>subjectus</strong></span> <span class='ocrx_word' id='word_1_388' title='bbox 1748 3550 1960 3617; x_wconf 82' lang='lat' dir='ltr'><strong>fuerat,</strong></span> <span class='ocrx_word' id='word_1_389' title='bbox 1991 3563 2127 3602; x_wconf 91' lang='lat' dir='ltr'><strong>eum</strong></span> <span class='ocrx_word' id='word_1_390' title='bbox 2156 3548 2385 3602; x_wconf 91' lang='lat' dir='ltr'><strong>inlecto</strong></span> <span class='ocrx_word' id='word_1_391' title='bbox 2416 3550 2657 3617; x_wconf 86' lang='lat' dir='ltr'><strong>propter</strong></span> <span class='ocrx_word' id='word_1_392' title='bbox 2685 3547 3000 3601; x_wconf 86' lang='lat' dir='ltr'><strong>adversam</strong></span> <span class='ocrx_word' id='word_1_393' title='bbox 3028 3548 3425 3604; x_wconf 90' lang='lat' dir='ltr'><strong>valetudinem</strong></span> <span class='ocrx_word' id='word_1_394' title='bbox 3455 3550 3652 3621; x_wconf 82' lang='lat' dir='ltr'><strong>bapti-</strong></span> 
     </span>
    </p>
   </div>
   <div class='ocr_carea' id='block_1_41' title="bbox 192 3635 3650 3709">
    <p class='ocr_par' dir='ltr' id='par_1_41' title="bbox 192 3635 3650 3709">
     <span class='ocr_line' id='line_1_41' title="bbox 192 3635 3650 3709; baseline 0.001 -18"><span class='ocrx_word' id='word_1_395' title='bbox 192 3642 357 3693; x_wconf 74' lang='lat' dir='ltr'><strong>satum</strong></span> <span class='ocrx_word' id='word_1_396' title='bbox 386 3654 564 3694; x_wconf 86' lang='lat' dir='ltr'><strong>sacra</strong></span> <span class='ocrx_word' id='word_1_397' title='bbox 594 3638 867 3692; x_wconf 90' lang='lat' dir='ltr'><strong>unctione</strong></span> <span class='ocrx_word' id='word_1_398' title='bbox 899 3636 1219 3707; x_wconf 90' lang='lat' dir='ltr'><strong>episcopus</strong></span> <span class='ocrx_word' id='word_1_399' title='bbox 1251 3652 1370 3691; x_wconf 91' lang='lat' dir='ltr'><strong>non</strong></span> <span class='ocrx_word' id='word_1_400' title='bbox 1399 3638 1876 3709; x_wconf 88' lang='lat' dir='ltr'><strong>consignaverat.</strong></span> <span class='ocrx_word' id='word_1_401' title='bbox 1911 3637 2218 3709; x_wconf 89' lang='lat' dir='ltr'><strong>Neglectis</strong></span> <span class='ocrx_word' id='word_1_402' title='bbox 2248 3640 2441 3691; x_wconf 90' lang='lat' dir='ltr'><strong>tamen</strong></span> <span class='ocrx_word' id='word_1_403' title='bbox 2464 3636 2631 3690; x_wconf 87' lang='lat' dir='ltr'><strong>hisce</strong></span> <span class='ocrx_word' id='word_1_404' title='bbox 2651 3635 3006 3705; x_wconf 88' lang='lat' dir='ltr'><strong>defectibus,</strong></span> <span class='ocrx_word' id='word_1_405' title='bbox 3031 3636 3227 3707; x_wconf 91' lang='lat' dir='ltr'><strong>ipsum</strong></span> <span class='ocrx_word' id='word_1_406' title='bbox 3248 3637 3403 3693; x_wconf 91' lang='lat' dir='ltr'><strong>idem</strong></span> <span class='ocrx_word' id='word_1_407' title='bbox 3428 3639 3650 3709; x_wconf 87' lang='lat' dir='ltr'><strong>prasul</strong></span> 
     </span>
    </p>
   </div>
   <div class='ocr_carea' id='block_1_42' title="bbox 194 3722 3650 3798">
    <p class='ocr_par' dir='ltr' id='par_1_42' title="bbox 194 3722 3650 3798">
     <span class='ocr_line' id='line_1_42' title="bbox 194 3722 3650 3798; baseline 0.001 -18"><span class='ocrx_word' id='word_1_408' title='bbox 194 3726 392 3783; x_wconf 84' lang='lat' dir='ltr'><strong>honore</strong></span> <span class='ocrx_word' id='word_1_409' title='bbox 422 3726 780 3782; x_wconf 88' lang='lat' dir='ltr'><strong>sacerdotali</strong></span> <span class='ocrx_word' id='word_1_410' title='bbox 812 3726 1088 3797; x_wconf 91' lang='lat' dir='ltr'><strong>dignatus</strong></span> <span class='ocrx_word' id='word_1_411' title='bbox 1121 3728 1250 3793; x_wconf 91' lang='lat' dir='ltr'><strong>est;</strong></span> <span class='ocrx_word' id='word_1_412' title='bbox 1286 3726 1438 3780; x_wconf 92' lang='lat' dir='ltr'><strong>unde</strong></span> <span class='ocrx_word' id='word_1_413' title='bbox 1468 3727 1526 3780; x_wconf 92' lang='lat' dir='ltr'><strong>in</strong></span> <span class='ocrx_word' id='word_1_414' title='bbox 1555 3727 1769 3781; x_wconf 90' lang='lat' dir='ltr'><strong>animis</strong></span> <span class='ocrx_word' id='word_1_415' title='bbox 1801 3725 2000 3797; x_wconf 91' lang='lat' dir='ltr'><strong>populi</strong></span> <span class='ocrx_word' id='word_1_416' title='bbox 2052 3725 2206 3779; x_wconf 87' lang='lat' dir='ltr'><strong>haud</strong></span> <span class='ocrx_word' id='word_1_417' title='bbox 2239 3740 2479 3795; x_wconf 90' lang='lat' dir='ltr'><strong>parvam</strong></span> <span class='ocrx_word' id='word_1_418' title='bbox 2510 3724 2788 3778; x_wconf 81' lang='lat' dir='ltr'><strong>excitavit</strong></span> <span class='ocrx_word' id='word_1_419' title='bbox 2833 3722 3243 3780; x_wconf 73' lang='lat' dir='ltr'><strong>offensionem.</strong></span> <span class='ocrx_word' id='word_1_420' title='bbox 3286 3726 3484 3798; x_wconf 89' lang='lat' dir='ltr'><strong>Itaque</strong></span> <span class='ocrx_word' id='word_1_421' title='bbox 3517 3744 3650 3783; x_wconf 91' lang='lat' dir='ltr'><strong>cum</strong></span> 
     </span>
    </p>
   </div>
   <div class='ocr_carea' id='block_1_43' title="bbox 192 3812 3651 3890">
    <p class='ocr_par' dir='ltr' id='par_1_43' title="bbox 192 3812 3651 3890">
     <span class='ocr_line' id='line_1_43' title="bbox 192 3812 3651 3890; baseline 0.002 -23"><span class='ocrx_word' id='word_1_422' title='bbox 192 3814 243 3868; x_wconf 90' lang='lat' dir='ltr'><strong>in</strong></span> <span class='ocrx_word' id='word_1_423' title='bbox 266 3817 598 3885; x_wconf 80' lang='lat' dir='ltr'><strong>pontificem</strong></span> <span class='ocrx_word' id='word_1_424' title='bbox 630 3815 795 3884; x_wconf 91' lang='lat' dir='ltr'><strong>plura</strong></span> <span class='ocrx_word' id='word_1_425' title='bbox 821 3813 1194 3885; x_wconf 89' lang='lat' dir='ltr'><strong>justioraque</strong></span> <span class='ocrx_word' id='word_1_426' title='bbox 1227 3812 1508 3885; x_wconf 88' lang='lat' dir='ltr'><strong>suffragia</strong></span> <span class='ocrx_word' id='word_1_427' title='bbox 1538 3814 1879 3869; x_wconf 91' lang='lat' dir='ltr'><strong>Cornelium</strong></span> <span class='ocrx_word' id='word_1_428' title='bbox 1910 3814 2275 3882; x_wconf 89' lang='lat' dir='ltr'><strong>retulissent,</strong></span> <span class='ocrx_word' id='word_1_429' title='bbox 2311 3814 2502 3867; x_wconf 90' lang='lat' dir='ltr'><strong>virum</strong></span> <span class='ocrx_word' id='word_1_430' title='bbox 2534 3814 2767 3867; x_wconf 82' lang='lat' dir='ltr'><strong>eximiae</strong></span> <span class='ocrx_word' id='word_1_431' title='bbox 2797 3814 3052 3883; x_wconf 89' lang='lat' dir='ltr'><strong>virtutis,</strong></span> <span class='ocrx_word' id='word_1_432' title='bbox 3087 3817 3261 3886; x_wconf 89' lang='lat' dir='ltr'><strong>atque</strong></span> <span class='ocrx_word' id='word_1_433' title='bbox 3301 3817 3362 3870; x_wconf 91' lang='lat' dir='ltr'><strong>in</strong></span> <span class='ocrx_word' id='word_1_434' title='bbox 3392 3817 3651 3890; x_wconf 86' lang='lat' dir='ltr'><strong>singulis</strong></span> 
     </span>
    </p>
   </div>
   <div class='ocr_carea' id='block_1_44' title="bbox 197 3902 3648 3976">
    <p class='ocr_par' dir='ltr' id='par_1_44' title="bbox 197 3902 3648 3976">
     <span class='ocr_line' id='line_1_44' title="bbox 197 3902 3648 3976; baseline 0.002 -19"><span class='ocrx_word' id='word_1_435' title='bbox 197 3903 456 3960; x_wconf 83' lang='lat' dir='ltr'><strong>Ecclesia</strong></span> <span class='ocrx_word' id='word_1_436' title='bbox 490 3903 780 3976; x_wconf 83' lang='lat' dir='ltr'><strong>gradibus</strong></span> <span class='ocrx_word' id='word_1_437' title='bbox 812 3903 1216 3972; x_wconf 87' lang='lat' dir='ltr'><strong>exercitatum,</strong></span> <span class='ocrx_word' id='word_1_438' title='bbox 1248 3903 1613 3957; x_wconf 90' lang='lat' dir='ltr'><strong>Novatianus</strong></span> <span class='ocrx_word' id='word_1_439' title='bbox 1643 3903 1903 3974; x_wconf 88' lang='lat' dir='ltr'><strong>repulsa</strong></span> <span class='ocrx_word' id='word_1_440' title='bbox 1934 3903 2245 3972; x_wconf 88' lang='lat' dir='ltr'><strong>impatiens</strong></span> <span class='ocrx_word' id='word_1_441' title='bbox 2296 3902 2644 3957; x_wconf 91' lang='lat' dir='ltr'><strong>electionem</strong></span> <span class='ocrx_word' id='word_1_442' title='bbox 2675 3902 2830 3957; x_wconf 89' lang='lat' dir='ltr'><strong>illam</strong></span> <span class='ocrx_word' id='word_1_443' title='bbox 2877 3907 3143 3958; x_wconf 88' lang='lat' dir='ltr'><strong>evertere</strong></span> <span class='ocrx_word' id='word_1_444' title='bbox 3192 3920 3397 3960; x_wconf 90' lang='lat' dir='ltr'><strong>secum</strong></span> <span class='ocrx_word' id='word_1_445' title='bbox 3427 3908 3648 3963; x_wconf 87' lang='lat' dir='ltr'><strong>statuit.</strong></span> 
     </span>
    </p>
   </div>
   <div class='ocr_carea' id='block_1_45' title="bbox 194 3990 3642 4068">
    <p class='ocr_par' dir='ltr' id='par_1_45' title="bbox 194 3990 3642 4068">
     <span class='ocr_line' id='line_1_45' title="bbox 194 3990 3642 4068; baseline 0.002 -24"><span class='ocrx_word' id='word_1_446' title='bbox 194 3990 300 4046; x_wconf 82' lang='lat' dir='ltr'><strong>Hoc</strong></span> <span class='ocrx_word' id='word_1_447' title='bbox 345 3994 644 4063; x_wconf 88' lang='lat' dir='ltr'><strong>inceptum</strong></span> <span class='ocrx_word' id='word_1_448' title='bbox 675 3994 737 4045; x_wconf 91' lang='lat' dir='ltr'><strong>ut</strong></span> <span class='ocrx_word' id='word_1_449' title='bbox 786 3990 1114 4061; x_wconf 84' lang='lat' dir='ltr'><strong>perficeret,</strong></span> <span class='ocrx_word' id='word_1_450' title='bbox 1170 3991 1463 4045; x_wconf 88' lang='lat' dir='ltr'><strong>famosum</strong></span> <span class='ocrx_word' id='word_1_451' title='bbox 1506 3991 1770 4046; x_wconf 90' lang='lat' dir='ltr'><strong>libellum</strong></span> <span class='ocrx_word' id='word_1_452' title='bbox 1818 3991 2065 4061; x_wconf 88' lang='lat' dir='ltr'><strong>scripsit</strong></span> <span class='ocrx_word' id='word_1_453' title='bbox 2095 3991 2153 4044; x_wconf 91' lang='lat' dir='ltr'><strong>in</strong></span> <span class='ocrx_word' id='word_1_454' title='bbox 2200 3990 2572 4044; x_wconf 90' lang='lat' dir='ltr'><strong>Cornelium:</strong></span> <span class='ocrx_word' id='word_1_455' title='bbox 2617 4007 2686 4044; x_wconf 93' lang='lat' dir='ltr'><strong>ac</strong></span> <span class='ocrx_word' id='word_1_456' title='bbox 2737 3990 2992 4063; x_wconf 90' lang='lat' dir='ltr'><strong>denique</strong></span> <span class='ocrx_word' id='word_1_457' title='bbox 3024 3993 3457 4050; x_wconf 89' lang='lat' dir='ltr'><strong>ordinationem</strong></span> <span class='ocrx_word' id='word_1_458' title='bbox 3505 3996 3642 4068; x_wconf 83' lang='lat' dir='ltr'><strong>ejus</strong></span> 
     </span>
    </p>
   </div>
   <div class='ocr_carea' id='block_1_46' title="bbox 196 4079 3645 4156">
    <p class='ocr_par' dir='ltr' id='par_1_46' title="bbox 196 4079 3645 4156">
     <span class='ocr_line' id='line_1_46' title="bbox 196 4079 3645 4156; baseline 0.002 -22"><span class='ocrx_word' id='word_1_459' title='bbox 196 4080 389 4139; x_wconf 88' lang='lat' dir='ltr'><strong>idcirco</strong></span> <span class='ocrx_word' id='word_1_460' title='bbox 418 4081 747 4154; x_wconf 83' lang='lat' dir='ltr'><strong>legitimam</strong></span> <span class='ocrx_word' id='word_1_461' title='bbox 775 4095 913 4135; x_wconf 89' lang='lat' dir='ltr'><strong>esse</strong></span> <span class='ocrx_word' id='word_1_462' title='bbox 946 4080 1203 4153; x_wconf 88' lang='lat' dir='ltr'><strong>negavit,</strong></span> <span class='ocrx_word' id='word_1_463' title='bbox 1237 4080 1397 4152; x_wconf 90' lang='lat' dir='ltr'><strong>quod</strong></span> <span class='ocrx_word' id='word_1_464' title='bbox 1425 4094 1531 4137; x_wconf 89' lang='lat' dir='ltr'><strong>eos</strong></span> <span class='ocrx_word' id='word_1_465' title='bbox 1560 4079 1932 4136; x_wconf 90' lang='lat' dir='ltr'><strong>Christianos</strong></span> <span class='ocrx_word' id='word_1_466' title='bbox 1962 4080 2064 4152; x_wconf 88' lang='lat' dir='ltr'><strong>qui</strong></span> <span class='ocrx_word' id='word_1_467' title='bbox 2094 4079 2367 4135; x_wconf 89' lang='lat' dir='ltr'><strong>savienti</strong></span> <span class='ocrx_word' id='word_1_468' title='bbox 2394 4079 2809 4150; x_wconf 86' lang='lat' dir='ltr'><strong>persecutione</strong></span> <span class='ocrx_word' id='word_1_469' title='bbox 2837 4080 3009 4135; x_wconf 89' lang='lat' dir='ltr'><strong>thura</strong></span> <span class='ocrx_word' id='word_1_470' title='bbox 3039 4081 3215 4137; x_wconf 91' lang='lat' dir='ltr'><strong>idolis</strong></span> <span class='ocrx_word' id='word_1_471' title='bbox 3246 4083 3645 4156; x_wconf 90' lang='lat' dir='ltr'><strong>adoleverant,</strong></span> 
     </span>
    </p>
   </div>
   <div class='ocr_carea' id='block_1_47' title="bbox 195 4169 3652 4241">
    <p class='ocr_par' dir='ltr' id='par_1_47' title="bbox 195 4169 3652 4241">
     <span class='ocr_line' id='line_1_47' title="bbox 195 4169 3652 4241; baseline 0.002 -18"><span class='ocrx_word' id='word_1_472' title='bbox 195 4185 222 4223; x_wconf 89' lang='lat' dir='ltr'><strong>a</strong></span> <span class='ocrx_word' id='word_1_473' title='bbox 247 4187 343 4225; x_wconf 87' lang='lat' dir='ltr'><strong>sua</strong></span> <span class='ocrx_word' id='word_1_474' title='bbox 373 4170 787 4226; x_wconf 89' lang='lat' dir='ltr'><strong>communione</strong></span> <span class='ocrx_word' id='word_1_475' title='bbox 826 4186 944 4224; x_wconf 91' lang='lat' dir='ltr'><strong>non</strong></span> <span class='ocrx_word' id='word_1_476' title='bbox 974 4170 1267 4241; x_wconf 80' lang='lat' dir='ltr'><strong>rejiceret.</strong></span> <span class='ocrx_word' id='word_1_477' title='bbox 1318 4170 1568 4225; x_wconf 87' lang='lat' dir='ltr'><strong>Pellexit</strong></span> <span class='ocrx_word' id='word_1_478' title='bbox 1598 4172 1658 4224; x_wconf 92' lang='lat' dir='ltr'><strong>in</strong></span> <span class='ocrx_word' id='word_1_479' title='bbox 1706 4170 2022 4225; x_wconf 87' lang='lat' dir='ltr'><strong>factionem</strong></span> <span class='ocrx_word' id='word_1_480' title='bbox 2052 4184 2222 4223; x_wconf 90' lang='lat' dir='ltr'><strong>suam</strong></span> <span class='ocrx_word' id='word_1_481' title='bbox 2255 4185 2371 4224; x_wconf 92' lang='lat' dir='ltr'><strong>non</strong></span> <span class='ocrx_word' id='word_1_482' title='bbox 2420 4185 2643 4239; x_wconf 89' lang='lat' dir='ltr'><strong>paucos</strong></span> <span class='ocrx_word' id='word_1_483' title='bbox 2675 4185 2706 4223; x_wconf 92' lang='lat' dir='ltr'><strong>e</strong></span> <span class='ocrx_word' id='word_1_484' title='bbox 2739 4169 2993 4240; x_wconf 90' lang='lat' dir='ltr'><strong>populo:</strong></span> <span class='ocrx_word' id='word_1_485' title='bbox 3029 4170 3229 4241; x_wconf 69' lang='lat' dir='ltr'><strong>{quam</strong></span> <span class='ocrx_word' id='word_1_486' title='bbox 3274 4174 3652 4229; x_wconf 89' lang='lat' dir='ltr'><strong>occasionem</strong></span> 
     </span>
    </p>
   </div>
   <div class='ocr_carea' id='block_1_48' title="bbox 197 4258 3651 4331">
    <p class='ocr_par' dir='ltr' id='par_1_48' title="bbox 197 4258 3651 4331">
     <span class='ocr_line' id='line_1_48' title="bbox 197 4258 3651 4331; baseline 0.001 -19"><span class='ocrx_word' id='word_1_487' title='bbox 197 4258 434 4316; x_wconf 89' lang='lat' dir='ltr'><strong>Novatus</strong></span> <span class='ocrx_word' id='word_1_488' title='bbox 465 4258 652 4315; x_wconf 90' lang='lat' dir='ltr'><strong>rebus</strong></span> <span class='ocrx_word' id='word_1_489' title='bbox 683 4259 812 4313; x_wconf 88' lang='lat' dir='ltr'><strong>suis</strong></span> <span class='ocrx_word' id='word_1_490' title='bbox 835 4262 1221 4330; x_wconf 89' lang='lat' dir='ltr'><strong>opportunam</strong></span> <span class='ocrx_word' id='word_1_491' title='bbox 1252 4263 1436 4329; x_wconf 88' lang='lat' dir='ltr'><strong>ratus,</strong></span> <span class='ocrx_word' id='word_1_492' title='bbox 1462 4260 1789 4314; x_wconf 87' lang='lat' dir='ltr'><strong>Novatiano</strong></span> <span class='ocrx_word' id='word_1_493' title='bbox 1820 4275 1885 4314; x_wconf 91' lang='lat' dir='ltr'><strong>se</strong></span> <span class='ocrx_word' id='word_1_494' title='bbox 1922 4258 2287 4328; x_wconf 88' lang='lat' dir='ltr'><strong>mancipavit.</strong></span> <span class='ocrx_word' id='word_1_495' title='bbox 2323 4258 2508 4330; x_wconf 90' lang='lat' dir='ltr'><strong>Igitur</strong></span> <span class='ocrx_word' id='word_1_496' title='bbox 2537 4262 2598 4312; x_wconf 92' lang='lat' dir='ltr'><strong>ut</strong></span> <span class='ocrx_word' id='word_1_497' title='bbox 2628 4275 2736 4328; x_wconf 91' lang='lat' dir='ltr'><strong>pro</strong></span> <span class='ocrx_word' id='word_1_498' title='bbox 2766 4259 2918 4313; x_wconf 91' lang='lat' dir='ltr'><strong>virili</strong></span> <span class='ocrx_word' id='word_1_499' title='bbox 2950 4264 3327 4329; x_wconf 89' lang='lat' dir='ltr'><strong>promoveret</strong></span> <span class='ocrx_word' id='word_1_500' title='bbox 3374 4260 3651 4331; x_wconf 83' lang='lat' dir='ltr'><strong>ejusdem</strong></span> 
     </span>
    </p>
   </div>
   <div class='ocr_carea' id='block_1_49' title="bbox 198 4347 3653 4421">
    <p class='ocr_par' dir='ltr' id='par_1_49' title="bbox 198 4347 3653 4421">
     <span class='ocr_line' id='line_1_49' title="bbox 198 4347 3653 4421; baseline 0 -18"><span class='ocrx_word' id='word_1_501' title='bbox 198 4352 389 4418; x_wconf 83' lang='lat' dir='ltr'><strong>partes,</strong></span> <span class='ocrx_word' id='word_1_502' title='bbox 422 4350 474 4403; x_wconf 91' lang='lat' dir='ltr'><strong>id</strong></span> <span class='ocrx_word' id='word_1_503' title='bbox 512 4348 744 4402; x_wconf 92' lang='lat' dir='ltr'><strong>technis</strong></span> <span class='ocrx_word' id='word_1_504' title='bbox 775 4348 903 4402; x_wconf 91' lang='lat' dir='ltr'><strong>suis</strong></span> <span class='ocrx_word' id='word_1_505' title='bbox 937 4350 1028 4401; x_wconf 91' lang='lat' dir='ltr'><strong>est</strong></span> <span class='ocrx_word' id='word_1_506' title='bbox 1056 4350 1438 4414; x_wconf 86' lang='lat' dir='ltr'><strong>consecutus,</strong></span> <span class='ocrx_word' id='word_1_507' title='bbox 1475 4352 1535 4401; x_wconf 93' lang='lat' dir='ltr'><strong>ut</strong></span> <span class='ocrx_word' id='word_1_508' title='bbox 1567 4347 1663 4401; x_wconf 93' lang='lat' dir='ltr'><strong>ille</strong></span> <span class='ocrx_word' id='word_1_509' title='bbox 1696 4363 1730 4401; x_wconf 88' lang='lat' dir='ltr'><strong>a</strong></span> <span class='ocrx_word' id='word_1_510' title='bbox 1779 4347 1972 4401; x_wconf 91' lang='lat' dir='ltr'><strong>tribus</strong></span> <span class='ocrx_word' id='word_1_511' title='bbox 2005 4347 2329 4416; x_wconf 89' lang='lat' dir='ltr'><strong>episcopis,</strong></span> <span class='ocrx_word' id='word_1_512' title='bbox 2381 4363 2533 4417; x_wconf 88' lang='lat' dir='ltr'><strong>quos</strong></span> <span class='ocrx_word' id='word_1_513' title='bbox 2567 4348 2748 4402; x_wconf 88' lang='lat' dir='ltr'><strong>rudes</strong></span> <span class='ocrx_word' id='word_1_514' title='bbox 2799 4351 2855 4401; x_wconf 92' lang='lat' dir='ltr'><strong>et</strong></span> <span class='ocrx_word' id='word_1_515' title='bbox 2886 4348 3191 4418; x_wconf 83' lang='lat' dir='ltr'><strong>simplices</strong></span> <span class='ocrx_word' id='word_1_516' title='bbox 3240 4350 3312 4403; x_wconf 91' lang='lat' dir='ltr'><strong>ab</strong></span> <span class='ocrx_word' id='word_1_517' title='bbox 3345 4349 3563 4421; x_wconf 84' lang='lat' dir='ltr'><strong>exigua</strong></span> <span class='ocrx_word' id='word_1_518' title='bbox 3595 4351 3653 4404; x_wconf 85' lang='lat' dir='ltr'><strong>et</strong></span> 
     </span>
    </p>
   </div>
   <div class='ocr_carea' id='block_1_50' title="bbox 202 4434 3652 4507">
    <p class='ocr_par' dir='ltr' id='par_1_50' title="bbox 202 4434 3652 4507">
     <span class='ocr_line' id='line_1_50' title="bbox 202 4434 3652 4507; baseline 0.001 -20"><span class='ocrx_word' id='word_1_519' title='bbox 202 4436 465 4492; x_wconf 88' lang='lat' dir='ltr'><strong>vilissima</strong></span> <span class='ocrx_word' id='word_1_520' title='bbox 500 4436 678 4491; x_wconf 88' lang='lat' dir='ltr'><strong>Italia</strong></span> <span class='ocrx_word' id='word_1_521' title='bbox 707 4440 870 4506; x_wconf 91' lang='lat' dir='ltr'><strong>parte</strong></span> <span class='ocrx_word' id='word_1_522' title='bbox 902 4436 974 4490; x_wconf 90' lang='lat' dir='ltr'><strong>ad</strong></span> <span class='ocrx_word' id='word_1_523' title='bbox 1020 4435 1133 4490; x_wconf 91' lang='lat' dir='ltr'><strong>hoc</strong></span> <span class='ocrx_word' id='word_1_524' title='bbox 1164 4436 1484 4505; x_wconf 83' lang='lat' dir='ltr'><strong>exciverat,</strong></span> <span class='ocrx_word' id='word_1_525' title='bbox 1529 4436 1902 4490; x_wconf 89' lang='lat' dir='ltr'><strong>ordinaretur</strong></span> <span class='ocrx_word' id='word_1_526' title='bbox 1944 4434 2005 4488; x_wconf 92' lang='lat' dir='ltr'><strong>in</strong></span> <span class='ocrx_word' id='word_1_527' title='bbox 2052 4434 2426 4504; x_wconf 81' lang='lat' dir='ltr'><strong>pontificem;</strong></span> <span class='ocrx_word' id='word_1_528' title='bbox 2458 4435 2613 4489; x_wconf 89' lang='lat' dir='ltr'><strong>unde</strong></span> <span class='ocrx_word' id='word_1_529' title='bbox 2663 4439 2783 4490; x_wconf 91' lang='lat' dir='ltr'><strong>tum</strong></span> <span class='ocrx_word' id='word_1_530' title='bbox 2815 4436 3068 4507; x_wconf 90' lang='lat' dir='ltr'><strong>primum</strong></span> <span class='ocrx_word' id='word_1_531' title='bbox 3116 4437 3406 4506; x_wconf 86' lang='lat' dir='ltr'><strong>antipapa</strong></span> <span class='ocrx_word' id='word_1_532' title='bbox 3437 4451 3652 4491; x_wconf 91' lang='lat' dir='ltr'><strong>nomen</strong></span> 
     </span>
    </p>
   </div>
   <div class='ocr_carea' id='block_1_51' title="bbox 201 4522 3651 4597">
    <p class='ocr_par' dir='ltr' id='par_1_51' title="bbox 201 4522 3651 4597">
     <span class='ocr_line' id='line_1_51' title="bbox 201 4522 3651 4597; baseline 0.002 -22"><span class='ocrx_word' id='word_1_533' title='bbox 201 4537 228 4575; x_wconf 86' lang='lat' dir='ltr'><strong>a</strong></span> <span class='ocrx_word' id='word_1_534' title='bbox 254 4526 553 4580; x_wconf 87' lang='lat' dir='ltr'><strong>constituta</strong></span> <span class='ocrx_word' id='word_1_535' title='bbox 585 4524 803 4578; x_wconf 89' lang='lat' dir='ltr'><strong>Christi</strong></span> <span class='ocrx_word' id='word_1_536' title='bbox 837 4524 1124 4594; x_wconf 87' lang='lat' dir='ltr'><strong>religione</strong></span> <span class='ocrx_word' id='word_1_537' title='bbox 1155 4524 1519 4594; x_wconf 86' lang='lat' dir='ltr'><strong>incognitum</strong></span> <span class='ocrx_word' id='word_1_538' title='bbox 1540 4523 1729 4577; x_wconf 88' lang='lat' dir='ltr'><strong>audiri</strong></span> <span class='ocrx_word' id='word_1_539' title='bbox 1752 4524 1946 4593; x_wconf 79' lang='lat' dir='ltr'><strong>capit.</strong></span> <span class='ocrx_word' id='word_1_540' title='bbox 1971 4522 2408 4578; x_wconf 88' lang='lat' dir='ltr'><strong>Ordinationem</strong></span> <span class='ocrx_word' id='word_1_541' title='bbox 2441 4539 2611 4577; x_wconf 88' lang='lat' dir='ltr'><strong>suam</strong></span> <span class='ocrx_word' id='word_1_542' title='bbox 2642 4524 2794 4578; x_wconf 90' lang='lat' dir='ltr'><strong>datis</strong></span> <span class='ocrx_word' id='word_1_543' title='bbox 2824 4524 3034 4578; x_wconf 90' lang='lat' dir='ltr'><strong>litteris</strong></span> <span class='ocrx_word' id='word_1_544' title='bbox 3068 4524 3391 4595; x_wconf 88' lang='lat' dir='ltr'><strong>missisque</strong></span> <span class='ocrx_word' id='word_1_545' title='bbox 3435 4524 3651 4597; x_wconf 86' lang='lat' dir='ltr'><strong>legatis</strong></span> 
     </span>
    </p>
   </div>
   <div class='ocr_carea' id='block_1_52' title="bbox 204 4612 2686 4684">
    <p class='ocr_par' dir='ltr' id='par_1_52' title="bbox 204 4612 2686 4684">
     <span class='ocr_line' id='line_1_52' title="bbox 204 4612 2686 4684; baseline 0 -19"><span class='ocrx_word' id='word_1_546' title='bbox 204 4612 468 4669; x_wconf 78' lang='lat' dir='ltr'><strong>Africana</strong></span> <span class='ocrx_word' id='word_1_547' title='bbox 501 4617 673 4684; x_wconf 87' lang='lat' dir='ltr'><strong>atque</strong></span> <span class='ocrx_word' id='word_1_548' title='bbox 703 4612 980 4666; x_wconf 87' lang='lat' dir='ltr'><strong>Orientali</strong></span> <span class='ocrx_word' id='word_1_549' title='bbox 1014 4612 1299 4666; x_wconf 85' lang='lat' dir='ltr'><strong>Ecclesia</strong></span> <span class='ocrx_word' id='word_1_550' title='bbox 1330 4612 1726 4683; x_wconf 87' lang='lat' dir='ltr'><strong>significavit:</strong></span> <span class='ocrx_word' id='word_1_551' title='bbox 1759 4613 1864 4666; x_wconf 91' lang='lat' dir='ltr'><strong>sed</strong></span> <span class='ocrx_word' id='word_1_552' title='bbox 1897 4628 1965 4667; x_wconf 92' lang='lat' dir='ltr'><strong>ea</strong></span> <span class='ocrx_word' id='word_1_553' title='bbox 1994 4613 2210 4683; x_wconf 91' lang='lat' dir='ltr'><strong>ubique</strong></span> <span class='ocrx_word' id='word_1_554' title='bbox 2243 4612 2544 4681; x_wconf 89' lang='lat' dir='ltr'><strong>repudiata</strong></span> <span class='ocrx_word' id='word_1_555' title='bbox 2575 4615 2686 4666; x_wconf 90' lang='lat' dir='ltr'><strong>est.</strong></span> 
     </span>
    </p>
   </div>
   <div class='ocr_carea' id='block_1_53' title="bbox 266 4697 3649 4773">
    <p class='ocr_par' dir='ltr' id='par_1_53' title="bbox 266 4697 3649 4773">
     <span class='ocr_line' id='line_1_53' title="bbox 266 4697 3649 4773; baseline 0.001 -20"><span class='ocrx_word' id='word_1_556' title='bbox 266 4701 483 4756; x_wconf 89' lang='lat' dir='ltr'><strong>lnterim</strong></span> <span class='ocrx_word' id='word_1_557' title='bbox 506 4704 566 4756; x_wconf 92' lang='lat' dir='ltr'><strong>ut</strong></span> <span class='ocrx_word' id='word_1_558' title='bbox 582 4700 861 4755; x_wconf 89' lang='lat' dir='ltr'><strong>invidiam</strong></span> <span class='ocrx_word' id='word_1_559' title='bbox 877 4699 1149 4755; x_wconf 91' lang='lat' dir='ltr'><strong>Cornelio</strong></span> <span class='ocrx_word' id='word_1_560' title='bbox 1168 4700 1425 4754; x_wconf 84' lang='lat' dir='ltr'><strong>conflare</strong></span> <span class='ocrx_word' id='word_1_561' title='bbox 1443 4702 1737 4772; x_wconf 89' lang='lat' dir='ltr'><strong>pergeret,</strong></span> <span class='ocrx_word' id='word_1_562' title='bbox 1770 4716 1839 4754; x_wconf 90' lang='lat' dir='ltr'><strong>ac</strong></span> <span class='ocrx_word' id='word_1_563' title='bbox 1861 4697 1976 4755; x_wconf 84' lang='lat' dir='ltr'><strong>sibi</strong></span> <span class='ocrx_word' id='word_1_564' title='bbox 2000 4702 2404 4756; x_wconf 90' lang='lat' dir='ltr'><strong>auctoritatem</strong></span> <span class='ocrx_word' id='word_1_565' title='bbox 2435 4700 2689 4771; x_wconf 89' lang='lat' dir='ltr'><strong>quodam</strong></span> <span class='ocrx_word' id='word_1_566' title='bbox 2718 4700 3048 4769; x_wconf 86' lang='lat' dir='ltr'><strong>disciplina</strong></span> <span class='ocrx_word' id='word_1_567' title='bbox 3080 4698 3215 4753; x_wconf 91' lang='lat' dir='ltr'><strong>fuco</strong></span> <span class='ocrx_word' id='word_1_568' title='bbox 3261 4705 3649 4773; x_wconf 89' lang='lat' dir='ltr'><strong>compararet,</strong></span> 
     </span>
    </p>
   </div>
   <div class='ocr_carea' id='block_1_54' title="bbox 207 4787 3648 4861">
    <p class='ocr_par' dir='ltr' id='par_1_54' title="bbox 207 4787 3648 4861">
     <span class='ocr_line' id='line_1_54' title="bbox 207 4787 3648 4861; baseline 0.002 -20"><span class='ocrx_word' id='word_1_569' title='bbox 207 4787 428 4845; x_wconf 87' lang='lat' dir='ltr'><strong>docebat</strong></span> <span class='ocrx_word' id='word_1_570' title='bbox 455 4807 525 4846; x_wconf 86' lang='lat' dir='ltr'><strong>ea</strong></span> <span class='ocrx_word' id='word_1_571' title='bbox 555 4792 842 4860; x_wconf 90' lang='lat' dir='ltr'><strong>potestate</strong></span> <span class='ocrx_word' id='word_1_572' title='bbox 874 4805 1077 4843; x_wconf 88' lang='lat' dir='ltr'><strong>carere</strong></span> <span class='ocrx_word' id='word_1_573' title='bbox 1112 4789 1442 4843; x_wconf 81' lang='lat' dir='ltr'><strong>Ecclesium</strong></span> <span class='ocrx_word' id='word_1_574' title='bbox 1471 4805 1587 4859; x_wconf 88' lang='lat' dir='ltr'><strong>qua</strong></span> <span class='ocrx_word' id='word_1_575' title='bbox 1620 4789 1944 4859; x_wconf 90' lang='lat' dir='ltr'><strong>lapsorum,</strong></span> <span class='ocrx_word' id='word_1_576' title='bbox 1981 4806 2132 4861; x_wconf 90' lang='lat' dir='ltr'><strong>quos</strong></span> <span class='ocrx_word' id='word_1_577' title='bbox 2167 4790 2225 4842; x_wconf 93' lang='lat' dir='ltr'><strong>in</strong></span> <span class='ocrx_word' id='word_1_578' title='bbox 2258 4788 2661 4852; x_wconf 82' lang='lat' dir='ltr'><strong>Libellaticos,</strong></span> <span class='ocrx_word' id='word_1_579' title='bbox 2716 4787 3179 4842; x_wconf 75' lang='lat' dir='ltr'><strong>Tliurilicatorcs</strong></span> <span class='ocrx_word' id='word_1_580' title='bbox 3218 4796 3277 4843; x_wconf 87' lang='lat' dir='ltr'><strong>et</strong></span> <span class='ocrx_word' id='word_1_581' title='bbox 3307 4791 3648 4861; x_wconf 79' lang='lat' dir='ltr'><strong>Apostatas,</strong></span> 
     </span>
    </p>
   </div>
   <div class='ocr_carea' id='block_1_55' title="bbox 208 4875 3655 4952">
    <p class='ocr_par' dir='ltr' id='par_1_55' title="bbox 208 4875 3655 4952">
     <span class='ocr_line' id='line_1_55' title="bbox 208 4875 3655 4952; baseline 0.002 -24"><span class='ocrx_word' id='word_1_582' title='bbox 208 4875 642 4951; x_wconf 84' lang='lat' dir='ltr'><strong>distiuguebant,</strong></span> <span class='ocrx_word' id='word_1_583' title='bbox 676 4878 900 4933; x_wconf 91' lang='lat' dir='ltr'><strong>crimen</strong></span> <span class='ocrx_word' id='word_1_584' title='bbox 929 4878 1335 4947; x_wconf 89' lang='lat' dir='ltr'><strong>dimitteretur,</strong></span> <span class='ocrx_word' id='word_1_585' title='bbox 1371 4894 1503 4932; x_wconf 91' lang='lat' dir='ltr'><strong>cum</strong></span> <span class='ocrx_word' id='word_1_586' title='bbox 1534 4881 1728 4933; x_wconf 91' lang='lat' dir='ltr'><strong>tamen</strong></span> <span class='ocrx_word' id='word_1_587' title='bbox 1756 4878 2000 4933; x_wconf 90' lang='lat' dir='ltr'><strong>eosdem</strong></span> <span class='ocrx_word' id='word_1_588' title='bbox 2028 4879 2101 4933; x_wconf 89' lang='lat' dir='ltr'><strong>ad</strong></span> <span class='ocrx_word' id='word_1_589' title='bbox 2130 4877 2489 4948; x_wconf 84' lang='lat' dir='ltr'><strong>panitentia</strong></span> <span class='ocrx_word' id='word_1_590' title='bbox 2507 4891 2684 4947; x_wconf 90' lang='lat' dir='ltr'><strong>opera</strong></span> <span class='ocrx_word' id='word_1_591' title='bbox 2718 4876 3120 4932; x_wconf 89' lang='lat' dir='ltr'><strong>exhortandos</strong></span> <span class='ocrx_word' id='word_1_592' title='bbox 3144 4893 3282 4933; x_wconf 90' lang='lat' dir='ltr'><strong>esse</strong></span> <span class='ocrx_word' id='word_1_593' title='bbox 3313 4879 3655 4952; x_wconf 88' lang='lat' dir='ltr'><strong>neutiquam</strong></span> 
     </span>
    </p>
   </div>
   <div class='ocr_carea' id='block_1_56' title="bbox 211 4965 3658 5038">
    <p class='ocr_par' dir='ltr' id='par_1_56' title="bbox 211 4965 3658 5038">
     <span class='ocr_line' id='line_1_56' title="bbox 211 4965 3658 5038; baseline 0.002 -20"><span class='ocrx_word' id='word_1_594' title='bbox 211 4973 443 5038; x_wconf 85' lang='lat' dir='ltr'><strong>negaret.</strong></span> <span class='ocrx_word' id='word_1_595' title='bbox 480 4969 674 5023; x_wconf 88' lang='lat' dir='ltr'><strong>Primo</strong></span> <span class='ocrx_word' id='word_1_596' title='bbox 705 4967 940 5038; x_wconf 91' lang='lat' dir='ltr'><strong>quidem</strong></span> <span class='ocrx_word' id='word_1_597' title='bbox 972 4967 1071 5021; x_wconf 89' lang='lat' dir='ltr'><strong>isti</strong></span> <span class='ocrx_word' id='word_1_598' title='bbox 1102 4967 1215 5022; x_wconf 91' lang='lat' dir='ltr'><strong>hos</strong></span> <span class='ocrx_word' id='word_1_599' title='bbox 1264 4967 1415 5021; x_wconf 89' lang='lat' dir='ltr'><strong>intra</strong></span> <span class='ocrx_word' id='word_1_600' title='bbox 1445 4967 1594 5022; x_wconf 86' lang='lat' dir='ltr'><strong>fines</strong></span> <span class='ocrx_word' id='word_1_601' title='bbox 1642 4982 1708 5021; x_wconf 90' lang='lat' dir='ltr'><strong>se</strong></span> <span class='ocrx_word' id='word_1_602' title='bbox 1741 4965 2139 5022; x_wconf 87' lang='lat' dir='ltr'><strong>continebant.</strong></span> <span class='ocrx_word' id='word_1_603' title='bbox 2190 4966 2307 5020; x_wconf 91' lang='lat' dir='ltr'><strong>Sed</strong></span> <span class='ocrx_word' id='word_1_604' title='bbox 2339 4981 2471 5019; x_wconf 91' lang='lat' dir='ltr'><strong>cum</strong></span> <span class='ocrx_word' id='word_1_605' title='bbox 2501 4965 2717 5018; x_wconf 74' lang='lat' dir='ltr'><strong>acriter</strong></span> <span class='ocrx_word' id='word_1_606' title='bbox 2762 4968 3169 5035; x_wconf 90' lang='lat' dir='ltr'><strong>premerentur</strong></span> <span class='ocrx_word' id='word_1_607' title='bbox 3198 4983 3230 5020; x_wconf 89' lang='lat' dir='ltr'><strong>a</strong></span> <span class='ocrx_word' id='word_1_608' title='bbox 3277 4966 3569 5038; x_wconf 75' lang='lat' dir='ltr'><strong>Cypriane</strong></span> <span class='ocrx_word' id='word_1_609' title='bbox 3598 4971 3658 5023; x_wconf 87' lang='lat' dir='ltr'><strong>et</strong></span> 
     </span>
    </p>
   </div>
   <div class='ocr_carea' id='block_1_57' title="bbox 211 5053 3657 5128">
    <p class='ocr_par' dir='ltr' id='par_1_57' title="bbox 211 5053 3657 5128">
     <span class='ocr_line' id='line_1_57' title="bbox 211 5053 3657 5128; baseline 0.002 -23"><span class='ocrx_word' id='word_1_610' title='bbox 211 5054 321 5108; x_wconf 79' lang='lat' dir='ltr'><strong>aliis</strong></span> <span class='ocrx_word' id='word_1_611' title='bbox 353 5057 639 5125; x_wconf 85' lang='lat' dir='ltr'><strong>Patribus,</strong></span> <span class='ocrx_word' id='word_1_612' title='bbox 672 5057 770 5128; x_wconf 88' lang='lat' dir='ltr'><strong>qui</strong></span> <span class='ocrx_word' id='word_1_613' title='bbox 803 5072 920 5110; x_wconf 91' lang='lat' dir='ltr'><strong>non</strong></span> <span class='ocrx_word' id='word_1_614' title='bbox 952 5056 1080 5111; x_wconf 88' lang='lat' dir='ltr'><strong>sine</strong></span> <span class='ocrx_word' id='word_1_615' title='bbox 1113 5073 1342 5111; x_wconf 89' lang='lat' dir='ltr'><strong>summa</strong></span> <span class='ocrx_word' id='word_1_616' title='bbox 1373 5056 1590 5128; x_wconf 88' lang='lat' dir='ltr'><strong>injuria</strong></span> <span class='ocrx_word' id='word_1_617' title='bbox 1619 5072 1795 5128; x_wconf 91' lang='lat' dir='ltr'><strong>quam</strong></span> <span class='ocrx_word' id='word_1_618' title='bbox 1824 5056 2057 5111; x_wconf 91' lang='lat' dir='ltr'><strong>veniam</strong></span> <span class='ocrx_word' id='word_1_619' title='bbox 2088 5053 2482 5109; x_wconf 88' lang='lat' dir='ltr'><strong>atrocioribus</strong></span> <span class='ocrx_word' id='word_1_620' title='bbox 2513 5054 2794 5124; x_wconf 90' lang='lat' dir='ltr'><strong>peccatis,</strong></span> <span class='ocrx_word' id='word_1_621' title='bbox 2846 5057 2983 5124; x_wconf 89' lang='lat' dir='ltr'><strong>puta</strong></span> <span class='ocrx_word' id='word_1_622' title='bbox 3015 5054 3354 5125; x_wconf 90' lang='lat' dir='ltr'><strong>homicidio,</strong></span> <span class='ocrx_word' id='word_1_623' title='bbox 3389 5059 3445 5111; x_wconf 90' lang='lat' dir='ltr'><strong>et</strong></span> <span class='ocrx_word' id='word_1_624' title='bbox 3484 5055 3657 5112; x_wconf 90' lang='lat' dir='ltr'><strong>adul-</strong></span> 
     </span>
    </p>
   </div>
   <div class='ocr_carea' id='block_1_58' title="bbox 212 5142 3657 5217">
    <p class='ocr_par' dir='ltr' id='par_1_58' title="bbox 212 5142 3657 5217">
     <span class='ocr_line' id='line_1_58' title="bbox 212 5142 3657 5217; baseline 0.001 -22"><span class='ocrx_word' id='word_1_625' title='bbox 212 5144 338 5199; x_wconf 84' lang='lat' dir='ltr'><strong>terio</strong></span> <span class='ocrx_word' id='word_1_626' title='bbox 365 5146 780 5215; x_wconf 85' lang='lat' dir='ltr'><strong>concedebant,</strong></span> <span class='ocrx_word' id='word_1_627' title='bbox 815 5145 973 5199; x_wconf 90' lang='lat' dir='ltr'><strong>illam</strong></span> <span class='ocrx_word' id='word_1_628' title='bbox 1006 5145 1154 5200; x_wconf 89' lang='lat' dir='ltr'><strong>solis</strong></span> <span class='ocrx_word' id='word_1_629' title='bbox 1186 5146 1370 5216; x_wconf 86' lang='lat' dir='ltr'><strong>lapsis</strong></span> <span class='ocrx_word' id='word_1_630' title='bbox 1401 5147 1607 5217; x_wconf 88' lang='lat' dir='ltr'><strong>negari</strong></span> <span class='ocrx_word' id='word_1_631' title='bbox 1640 5145 2158 5211; x_wconf 82' lang='lat' dir='ltr'><strong>demonstrabant;</strong></span> <span class='ocrx_word' id='word_1_632' title='bbox 2190 5158 2259 5197; x_wconf 93' lang='lat' dir='ltr'><strong>eo</strong></span> <span class='ocrx_word' id='word_1_633' title='bbox 2286 5142 2538 5213; x_wconf 89' lang='lat' dir='ltr'><strong>denique</strong></span> <span class='ocrx_word' id='word_1_634' title='bbox 2587 5144 2879 5214; x_wconf 87' lang='lat' dir='ltr'><strong>compulsi</strong></span> <span class='ocrx_word' id='word_1_635' title='bbox 2907 5147 3064 5213; x_wconf 91' lang='lat' dir='ltr'><strong>sunt,</strong></span> <span class='ocrx_word' id='word_1_636' title='bbox 3100 5148 3160 5198; x_wconf 92' lang='lat' dir='ltr'><strong>ut</strong></span> <span class='ocrx_word' id='word_1_637' title='bbox 3188 5149 3428 5215; x_wconf 90' lang='lat' dir='ltr'><strong>peccata</strong></span> <span class='ocrx_word' id='word_1_638' title='bbox 3461 5144 3657 5201; x_wconf 88' lang='lat' dir='ltr'><strong>omnia</strong></span> 
     </span>
    </p>
   </div>
   <div class='ocr_carea' id='block_1_59' title="bbox 218 5232 3659 5305">
    <p class='ocr_par' dir='ltr' id='par_1_59' title="bbox 218 5232 3659 5305">
     <span class='ocr_line' id='line_1_59' title="bbox 218 5232 3659 5305; baseline 0.002 -23"><span class='ocrx_word' id='word_1_639' title='bbox 218 5236 609 5290; x_wconf 87' lang='lat' dir='ltr'><strong>contenderent</strong></span> <span class='ocrx_word' id='word_1_640' title='bbox 654 5252 822 5305; x_wconf 85' lang='lat' dir='ltr'><strong>aque</strong></span> <span class='ocrx_word' id='word_1_641' title='bbox 852 5250 990 5289; x_wconf 86' lang='lat' dir='ltr'><strong>esse</strong></span> <span class='ocrx_word' id='word_1_642' title='bbox 1032 5234 1488 5289; x_wconf 86' lang='lat' dir='ltr'><strong>irremissibilia.</strong></span> <span class='ocrx_word' id='word_1_643' title='bbox 1524 5235 1736 5288; x_wconf 85' lang='lat' dir='ltr'><strong>Puduit</strong></span> <span class='ocrx_word' id='word_1_644' title='bbox 1763 5237 1957 5288; x_wconf 91' lang='lat' dir='ltr'><strong>tamen</strong></span> <span class='ocrx_word' id='word_1_645' title='bbox 1978 5248 2183 5288; x_wconf 90' lang='lat' dir='ltr'><strong>eorum</strong></span> <span class='ocrx_word' id='word_1_646' title='bbox 2205 5235 2532 5286; x_wconf 86' lang='lat' dir='ltr'><strong>sectatores</strong></span> <span class='ocrx_word' id='word_1_647' title='bbox 2569 5232 2750 5304; x_wconf 86' lang='lat' dir='ltr'><strong>hujus</strong></span> <span class='ocrx_word' id='word_1_648' title='bbox 2782 5234 3088 5303; x_wconf 83' lang='lat' dir='ltr'><strong>amentia;</strong></span> <span class='ocrx_word' id='word_1_649' title='bbox 3120 5237 3328 5304; x_wconf 90' lang='lat' dir='ltr'><strong>postea</strong></span> <span class='ocrx_word' id='word_1_650' title='bbox 3351 5232 3507 5289; x_wconf 90' lang='lat' dir='ltr'><strong>enim</strong></span> <span class='ocrx_word' id='word_1_651' title='bbox 3539 5250 3659 5290; x_wconf 92' lang='lat' dir='ltr'><strong>non</strong></span> 
     </span>
    </p>
   </div>
   <div class='ocr_carea' id='block_1_60' title="bbox 218 5316 2607 5395">
    <p class='ocr_par' dir='ltr' id='par_1_60' title="bbox 218 5316 2607 5395">
     <span class='ocr_line' id='line_1_60' title="bbox 218 5316 2607 5395; baseline 0.003 -26"><span class='ocrx_word' id='word_1_652' title='bbox 218 5316 447 5389; x_wconf 87' lang='lat' dir='ltr'><strong>defuere,</strong></span> <span class='ocrx_word' id='word_1_653' title='bbox 481 5325 581 5395; x_wconf 88' lang='lat' dir='ltr'><strong>qui</strong></span> <span class='ocrx_word' id='word_1_654' title='bbox 601 5324 752 5377; x_wconf 89' lang='lat' dir='ltr'><strong>hanc</strong></span> <span class='ocrx_word' id='word_1_655' title='bbox 783 5324 1133 5378; x_wconf 88' lang='lat' dir='ltr'><strong>sententiam</strong></span> <span class='ocrx_word' id='word_1_656' title='bbox 1164 5323 1237 5377; x_wconf 88' lang='lat' dir='ltr'><strong>ad</strong></span> <span class='ocrx_word' id='word_1_657' title='bbox 1269 5324 1396 5378; x_wconf 92' lang='lat' dir='ltr'><strong>sola</strong></span> <span class='ocrx_word' id='word_1_658' title='bbox 1426 5322 1702 5395; x_wconf 88' lang='lat' dir='ltr'><strong>graviora</strong></span> <span class='ocrx_word' id='word_1_659' title='bbox 1733 5323 1978 5377; x_wconf 90' lang='lat' dir='ltr'><strong>crimina</strong></span> <span class='ocrx_word' id='word_1_660' title='bbox 2008 5320 2341 5375; x_wconf 90' lang='lat' dir='ltr'><strong>restrictam</strong></span> <span class='ocrx_word' id='word_1_661' title='bbox 2371 5321 2607 5375; x_wconf 91' lang='lat' dir='ltr'><strong>vellent.</strong></span> 
     </span>
    </p>
   </div>
   <div class='ocr_carea' id='block_1_61' title="bbox 278 5401 3659 5483">
    <p class='ocr_par' dir='ltr' id='par_1_61' title="bbox 278 5401 3659 5483">
     <span class='ocr_line' id='line_1_61' title="bbox 278 5401 3659 5483; baseline 0.001 -23"><span class='ocrx_word' id='word_1_662' title='bbox 278 5410 473 5465; x_wconf 80' lang='lat' dir='ltr'><strong>Arrisit</strong></span> <span class='ocrx_word' id='word_1_663' title='bbox 502 5412 769 5482; x_wconf 87' lang='lat' dir='ltr'><strong>plurimis</strong></span> <span class='ocrx_word' id='word_1_664' title='bbox 801 5411 1137 5465; x_wconf 88' lang='lat' dir='ltr'><strong>severitatis</strong></span> <span class='ocrx_word' id='word_1_665' title='bbox 1171 5410 1267 5464; x_wconf 89' lang='lat' dir='ltr'><strong>illa</strong></span> <span class='ocrx_word' id='word_1_666' title='bbox 1300 5412 1557 5481; x_wconf 79' lang='lat' dir='ltr'><strong>species,</strong></span> <span class='ocrx_word' id='word_1_667' title='bbox 1589 5410 1875 5483; x_wconf 88' lang='lat' dir='ltr'><strong>brevique</strong></span> <span class='ocrx_word' id='word_1_668' title='bbox 1906 5426 1980 5465; x_wconf 83' lang='lat' dir='ltr'><strong>ex</strong></span> <span class='ocrx_word' id='word_1_669' title='bbox 2009 5410 2105 5465; x_wconf 91' lang='lat' dir='ltr'><strong>his</strong></span> <span class='ocrx_word' id='word_1_670' title='bbox 2138 5401 2299 5464; x_wconf 89' lang='lat' dir='ltr'><strong>secta</strong></span> <span class='ocrx_word' id='word_1_671' title='bbox 2331 5425 2649 5464; x_wconf 90' lang='lat' dir='ltr'><strong>numerosa</strong></span> <span class='ocrx_word' id='word_1_672' title='bbox 2678 5409 3046 5481; x_wconf 88' lang='lat' dir='ltr'><strong>coalescens,</strong></span> <span class='ocrx_word' id='word_1_673' title='bbox 3089 5414 3151 5465; x_wconf 88' lang='lat' dir='ltr'><strong>ut</strong></span> <span class='ocrx_word' id='word_1_674' title='bbox 3200 5410 3273 5466; x_wconf 88' lang='lat' dir='ltr'><strong>ab</strong></span> <span class='ocrx_word' id='word_1_675' title='bbox 3309 5409 3659 5467; x_wconf 84' lang='lat' dir='ltr'><strong>orthodoxis</strong></span> 
     </span>
    </p>
   </div>
   <div class='ocr_carea' id='block_1_62' title="bbox 223 5500 3661 5581">
    <p class='ocr_par' dir='ltr' id='par_1_62' title="bbox 223 5500 3661 5581">
     <span class='ocr_line' id='line_1_62' title="bbox 223 5500 3661 5581; baseline 0.001 -26"><span class='ocrx_word' id='word_1_676' title='bbox 223 5500 671 5579; x_wconf 86' lang='lat' dir='ltr'><strong>distingueretur,</strong></span> <span class='ocrx_word' id='word_1_677' title='bbox 705 5509 819 5564; x_wconf 88' lang='lat' dir='ltr'><strong>sibi</strong></span> <span class='ocrx_word' id='word_1_678' title='bbox 852 5508 1244 5564; x_wconf 81' lang='lat' dir='ltr'><strong>vanissimam</strong></span> <span class='ocrx_word' id='word_1_679' title='bbox 1287 5508 1561 5581; x_wconf 80' lang='grc' dir='ltr'><strong>Καθαρῶν,</strong></span> <span class='ocrx_word' id='word_1_680' title='bbox 1610 5510 1668 5564; x_wconf 92' lang='lat' dir='ltr'><strong>id</strong></span> <span class='ocrx_word' id='word_1_681' title='bbox 1723 5512 1834 5579; x_wconf 89' lang='lat' dir='ltr'><strong>est,</strong></span> <span class='ocrx_word' id='word_1_682' title='bbox 1882 5508 2236 5563; x_wconf 89' lang='lat' dir='ltr'><strong>mundorum</strong></span> <span class='ocrx_word' id='word_1_683' title='bbox 2283 5522 2499 5562; x_wconf 92' lang='lat' dir='ltr'><strong>nomen</strong></span> <span class='ocrx_word' id='word_1_684' title='bbox 2540 5508 2859 5580; x_wconf 90' lang='lat' dir='ltr'><strong>arrogavit.</strong></span> <span class='ocrx_word' id='word_1_685' title='bbox 2907 5506 3337 5577; x_wconf 89' lang='lat' dir='ltr'><strong>Episcoporum</strong></span> <span class='ocrx_word' id='word_1_686' title='bbox 3388 5505 3661 5577; x_wconf 89' lang='lat' dir='ltr'><strong>ejusdem</strong></span> 
     </span>
    </p>
   </div>
   <div class='ocr_carea' id='block_1_63' title="bbox 225 5593 3660 5670">
    <p class='ocr_par' dir='ltr' id='par_1_63' title="bbox 225 5593 3660 5670">
     <span class='ocr_line' id='line_1_63' title="bbox 225 5593 3660 5670; baseline 0.001 -27"><span class='ocrx_word' id='word_1_687' title='bbox 225 5597 377 5649; x_wconf 83' lang='lat' dir='ltr'><strong>secta</strong></span> <span class='ocrx_word' id='word_1_688' title='bbox 405 5598 654 5669; x_wconf 90' lang='lat' dir='ltr'><strong>amplum</strong></span> <span class='ocrx_word' id='word_1_689' title='bbox 687 5597 1021 5669; x_wconf 86' lang='lat' dir='ltr'><strong>catalogum</strong></span> <span class='ocrx_word' id='word_1_690' title='bbox 1068 5614 1280 5670; x_wconf 87' lang='lat' dir='ltr'><strong>magna</strong></span> <span class='ocrx_word' id='word_1_691' title='bbox 1312 5613 1446 5653; x_wconf 90' lang='lat' dir='ltr'><strong>cum</strong></span> <span class='ocrx_word' id='word_1_692' title='bbox 1494 5598 1667 5654; x_wconf 90' lang='lat' dir='ltr'><strong>laude</strong></span> <span class='ocrx_word' id='word_1_693' title='bbox 1696 5599 1839 5653; x_wconf 84' lang='lat' dir='ltr'><strong>texit</strong></span> <span class='ocrx_word' id='word_1_694' title='bbox 1885 5597 2161 5652; x_wconf 86' lang='lat' dir='ltr'><strong>Socrates</strong></span> <span class='ocrx_word' id='word_1_695' title='bbox 2211 5595 2336 5664; x_wconf 91' lang='lat' dir='ltr'><strong>(lib.</strong></span> <span class='ocrx_word' id='word_1_696' title='bbox 2373 5613 2433 5649; x_wconf 85' lang='lat' dir='ltr'><strong>1v</strong></span> <span class='ocrx_word' id='word_1_697' title='bbox 2461 5595 2643 5665; x_wconf 84' lang='lat' dir='ltr'><strong>Hist.,</strong></span> <span class='ocrx_word' id='word_1_698' title='bbox 2678 5613 2806 5667; x_wconf 81' lang='lat' dir='ltr'><strong>cap.</strong></span> <span class='ocrx_word' id='word_1_699' title='bbox 2838 5593 2950 5666; x_wconf 75' lang='grc'><strong>21).</strong></span> <span class='ocrx_word' id='word_1_700' title='bbox 2990 5596 3289 5651; x_wconf 89' lang='lat' dir='ltr'><strong>Describit</strong></span> <span class='ocrx_word' id='word_1_701' title='bbox 3311 5595 3485 5648; x_wconf 89' lang='lat' dir='ltr'><strong>etiam</strong></span> <span class='ocrx_word' id='word_1_702' title='bbox 3516 5608 3660 5647; x_wconf 81' lang='lat' dir='ltr'><strong>sus-</strong></span> 
     </span>
    </p>
   </div>
   <div class='ocr_carea' id='block_1_64' title="bbox 225 5677 3663 5760">
    <p class='ocr_par' dir='ltr' id='par_1_64' title="bbox 225 5677 3663 5760">
     <span class='ocr_line' id='line_1_64' title="bbox 225 5677 3663 5760; baseline -0 -23"><span class='ocrx_word' id='word_1_703' title='bbox 225 5686 365 5750; x_wconf 83' lang='lat' dir='ltr'><strong>cepta</strong></span> <span class='ocrx_word' id='word_1_704' title='bbox 391 5686 461 5740; x_wconf 90' lang='lat' dir='ltr'><strong>ab</strong></span> <span class='ocrx_word' id='word_1_705' title='bbox 506 5687 776 5760; x_wconf 87' lang='lat' dir='ltr'><strong>ejusdem</strong></span> <span class='ocrx_word' id='word_1_706' title='bbox 823 5685 1273 5757; x_wconf 90' lang='lat' dir='ltr'><strong>professoribus</strong></span> <span class='ocrx_word' id='word_1_707' title='bbox 1302 5704 1409 5758; x_wconf 90' lang='lat' dir='ltr'><strong>pro</strong></span> <span class='ocrx_word' id='word_1_708' title='bbox 1457 5687 1679 5742; x_wconf 89' lang='lat' dir='ltr'><strong>Christi</strong></span> <span class='ocrx_word' id='word_1_709' title='bbox 1729 5686 2029 5742; x_wconf 89' lang='lat' dir='ltr'><strong>divinitate</strong></span> <span class='ocrx_word' id='word_1_710' title='bbox 2062 5684 2400 5754; x_wconf 88' lang='lat' dir='ltr'><strong>certamina,</strong></span> <span class='ocrx_word' id='word_1_711' title='bbox 2452 5699 2776 5755; x_wconf 90' lang='lat' dir='ltr'><strong>eorumque</strong></span> <span class='ocrx_word' id='word_1_712' title='bbox 2822 5687 2941 5738; x_wconf 88' lang='lat' dir='ltr'><strong>tam</strong></span> <span class='ocrx_word' id='word_1_713' title='bbox 2990 5683 3208 5737; x_wconf 89' lang='lat' dir='ltr'><strong>claram</strong></span> <span class='ocrx_word' id='word_1_714' title='bbox 3235 5682 3302 5735; x_wconf 79' lang='lat' dir='ltr'><strong>in</strong></span> <span class='ocrx_word' id='word_1_715' title='bbox 3340 5677 3663 5750; x_wconf 79' lang='lat' dir='ltr'><strong>suppliciis</strong></span> 
     </span>
    </p>
   </div>
   <div class='ocr_carea' id='block_1_65' title="bbox 226 5767 3662 5849">
    <p class='ocr_par' dir='ltr' id='par_1_65' title="bbox 226 5767 3662 5849">
     <span class='ocr_line' id='line_1_65' title="bbox 226 5767 3662 5849; baseline -0 -21"><span class='ocrx_word' id='word_1_716' title='bbox 226 5774 574 5833; x_wconf 83' lang='lat' dir='ltr'><strong>constantiam</strong></span> <span class='ocrx_word' id='word_1_717' title='bbox 594 5776 786 5835; x_wconf 83' lang='lat' dir='ltr'><strong>fuisse</strong></span> <span class='ocrx_word' id='word_1_718' title='bbox 809 5775 1001 5847; x_wconf 88' lang='lat' dir='ltr'><strong>tradit,</strong></span> <span class='ocrx_word' id='word_1_719' title='bbox 1024 5778 1088 5833; x_wconf 88' lang='lat' dir='ltr'><strong>ut</strong></span> <span class='ocrx_word' id='word_1_720' title='bbox 1108 5791 1177 5832; x_wconf 88' lang='lat' dir='ltr'><strong>ea</strong></span> <span class='ocrx_word' id='word_1_721' title='bbox 1198 5774 1420 5832; x_wconf 89' lang='lat' dir='ltr'><strong>inducti</strong></span> <span class='ocrx_word' id='word_1_722' title='bbox 1443 5774 1556 5849; x_wconf 62' lang='lat' dir='ltr'><strong>ipii</strong></span> <span class='ocrx_word' id='word_1_723' title='bbox 1573 5775 1879 5849; x_wconf 88' lang='lat' dir='ltr'><strong>Catholici,</strong></span> <span class='ocrx_word' id='word_1_724' title='bbox 1902 5789 2115 5849; x_wconf 88' lang='lat' dir='ltr'><strong>preces</strong></span> <span class='ocrx_word' id='word_1_725' title='bbox 2138 5790 2271 5830; x_wconf 91' lang='lat' dir='ltr'><strong>cum</strong></span> <span class='ocrx_word' id='word_1_726' title='bbox 2292 5773 2411 5829; x_wconf 90' lang='lat' dir='ltr'><strong>illis</strong></span> <span class='ocrx_word' id='word_1_727' title='bbox 2449 5771 2511 5829; x_wconf 90' lang='lat' dir='ltr'><strong>in</strong></span> <span class='ocrx_word' id='word_1_728' title='bbox 2529 5772 2766 5845; x_wconf 85' lang='lat' dir='ltr'><strong>templis</strong></span> <span class='ocrx_word' id='word_1_729' title='bbox 2800 5772 3066 5845; x_wconf 87' lang='lat' dir='ltr'><strong>ipsorum</strong></span> <span class='ocrx_word' id='word_1_730' title='bbox 3088 5770 3356 5843; x_wconf 87' lang='lat' dir='ltr'><strong>optarent</strong></span> <span class='ocrx_word' id='word_1_731' title='bbox 3405 5767 3662 5831; x_wconf 87' lang='lat' dir='ltr'><strong>sociare.</strong></span> 
     </span>
    </p>
   </div>
   <div class='ocr_carea' id='block_1_66' title="bbox 228 5851 3663 5950">
    <p class='ocr_par' dir='ltr' id='par_1_66' title="bbox 228 5851 3663 5950">
     <span class='ocr_line' id='line_1_66' title="bbox 228 5851 3663 5950; baseline -0.004 -17"><span class='ocrx_word' id='word_1_732' title='bbox 228 5851 346 5933; x_wconf 61' lang='lat' dir='ltr'><strong>Qua</strong></span> <span class='ocrx_word' id='word_1_733' title='bbox 384 5864 611 5947; x_wconf 75' lang='lat' dir='ltr'><strong>quidem</strong></span> <span class='ocrx_word' id='word_1_734' title='bbox 655 5864 1015 5931; x_wconf 77' lang='lat' dir='ltr'><strong>haberemus</strong></span> <span class='ocrx_word' id='word_1_735' title='bbox 1056 5868 1356 5950; x_wconf 78' lang='lat' dir='ltr'><strong>suspecta,</strong></span> <span class='ocrx_word' id='word_1_736' title='bbox 1409 5865 1467 5927; x_wconf 89' lang='lat' dir='ltr'><strong>si</strong></span> <span class='ocrx_word' id='word_1_737' title='bbox 1510 5879 1547 5925; x_wconf 84' lang='lat' dir='ltr'><strong>a</strong></span> <span class='ocrx_word' id='word_1_738' title='bbox 1590 5864 1882 5944; x_wconf 82' lang='lat' dir='ltr'><strong>scriptore</strong></span> <span class='ocrx_word' id='word_1_739' title='bbox 1926 5865 1994 5926; x_wconf 87' lang='lat' dir='ltr'><strong>in</strong></span> <span class='ocrx_word' id='word_1_740' title='bbox 2040 5878 2144 5925; x_wconf 79' lang='lat' dir='ltr'><strong>eas</strong></span> <span class='ocrx_word' id='word_1_741' title='bbox 2186 5865 2387 5945; x_wconf 82' lang='lat' dir='ltr'><strong>partes</strong></span> <span class='ocrx_word' id='word_1_742' title='bbox 2435 5877 2555 5925; x_wconf 85' lang='lat' dir='ltr'><strong>non</strong></span> <span class='ocrx_word' id='word_1_743' title='bbox 2608 5866 2724 5925; x_wconf 87' lang='lat' dir='ltr'><strong>tam</strong></span> <span class='ocrx_word' id='word_1_744' title='bbox 2769 5874 3068 5944; x_wconf 84' lang='lat' dir='ltr'><strong>propenso</strong></span> <span class='ocrx_word' id='word_1_745' title='bbox 3117 5857 3663 5949; x_wconf 66' lang='lat' dir='ltr'><strong>proficiscerentur,</strong></span> 
     </span>
    </p>
   </div>
  </div>
