4024 6176
435 312 552 376 483
617 332 622 336 -
1933 309 1996 369 s.
2045 300 2488 370 AMBROSII.
3759 312 3862 382 434

437 518 578 572 Eam
609 517 888 570 haeresim
918 515 1154 570 diversa
1186 515 1436 570 consilia
1468 515 1972 586 proscripserunt,
1997 513 2053 565 et
2084 509 2224 580 quid
2251 511 2312 563 in
2343 510 2416 563 iis
2449 509 2549 580 qui
2579 507 2839 562 redirent
2870 507 2942 562 ad
2975 508 3301 562 Ecclesiam
3341 511 3675 566 servandam
3703 519 3864 585 esset,

434 608 865 676 praeceperunt.
913 603 1196 669 Quamvis
1247 609 1441 659 autem
1480 605 1540 658 in
1572 605 1670 656 illa
1725 603 1959 656 Patrum
1995 599 2381 655 eruditissimi
2432 598 2717 652 calamum
2762 597 3128 668 strinxerint,
3177 599 3304 668 ipsa
3334 601 3518 654 tamen
3547 617 3646 671 per
3685 618 3867 658 omnes

434 697 619 750 ferme
649 694 969 748 Christiani
1004 694 1168 748 orbis
1200 695 1408 766 plagas
1438 695 1678 762 propata
1711 692 2043 746 diutissime
2074 688 2497 758 perseveravit.

505 783 782 837 Eamdem
816 783 928 837 hoc
961 783 1018 836 in
1050 785 1204 837 statu
1224 781 1464 836 offendit
1493 781 1871 848 Ambrosius,
1907 795 2038 832 cum
2070 779 2258 846 ipsam
2292 775 2462 828 hisee
2491 775 2724 828 duobus
2758 769 2927 828 libris
2951 791 3242 846 agressus
3261 779 3514 846 cst(cap.
3548 778 3618 846 1).
3642 779 3867 834 Primum

431 872 798 943 aptissimea
845 871 1285 942 moderationis,
1333 887 1507 941 quam
1555 871 1615 923 in
1663 868 2007 923 Novatianis
2057 865 2382 918 desiderari
2433 867 2655 917 certum
2703 866 2844 933 erat,
2897 865 3402 918 commendatione
3451 866 3687 921 orditur.
3740 869 3866 924 Tum

436 962 818 1018 commissam
851 960 1138 1014 Ecclesiae
1174 961 1484 1014 criminum
1522 958 1917 1030 quorumlibet
1947 954 2442 1009 absolvendorum
2465 955 2812 1022 potestatem
2835 954 3044 1007 astruit
3065 953 3215 1024 (cap.
3249 955 3324 1023 ‘2),
3359 955 3541 1008 Deum
3561 957 3628 1008 ad
3651 956 3872 1012 clemen-

434 1053 574 1106 tiam
603 1067 777 1122 quam
807 1051 879 1104 ad
911 1051 1288 1104 severitatem
1321 1051 1512 1120 magis
1546 1063 1908 1119 propensum
1941 1060 2076 1098 esse
2115 1043 2528 1097 demonstrans
2560 1048 2710 1112 (cap.
2735 1041 2769 1094 3
2799 1045 2854 1095 et
2883 1042 2958 1110 4).
3021 1043 3229 1096 Postea
3276 1060 3418 1098 vero
3451 1044 3548 1098 ubi
3589 1045 3875 1116 objectioni

433 1157 466 1196 a
497 1141 692 1196 divina
723 1139 1184 1193 immutabilitate
1216 1139 1412 1208 petitae
1444 1137 1736 1191 satisfecit
1767 1137 1918 1205 (cap.
1955 1135 2028 1203 t3),
2064 1133 2213 1202 ipsis
2265 1131 2534 1184 vicissim
2567 1147 2598 1184 e
2629 1131 2810 1184 variis
2844 1131 3172 1202 Scripturm
3201 1133 3572 1204 testimoniis,
3621 1151 3685 1188 ac
3713 1137 3874 1204 potis-

432 1232 648 1286 simum
669 1245 742 1284 ex
772 1245 840 1282 eo
871 1229 1026 1300 quod
1062 1230 1231 1282 Petro
1263 1228 1397 1282 caeli
1429 1227 1627 1281 claves
1650 1225 1924 1280 Christus
1955 1221 2227 1293 promisit
2269 1222 2451 1290 (num.
2487 1218 2555 1273 3‘2
2586 1223 2642 1274 et
2669 1217 2780 1290 33),
2832 1222 3048 1274 acriter
3088 1221 3290 1276 instat.
3326 1222 3434 1276 His
3467 1223 3574 1276 alia
3619 1229 3876 1279 momenta

431 1335 506 1375 ex
533 1335 738 1374 eorum
769 1317 1074 1389 principiis
1106 1317 1488 1387 moribusque
1519 1316 1826 1384 desumpta
1853 1312 2050 1384 jungit
2081 1312 2232 1382 (cap.
2268 1310 2342 1378 8).
2376 1310 2514 1363 Mox
2545 1309 2617 1362 ad
2649 1309 2796 1364 alias
2830 1309 3214 1380 objectiones
3247 1311 3496 1382 gradum
3515 1311 3730 1368 faciens
3751 1314 3876 1384 (cap.

429 1408 486 1475 9)
517 1407 767 1462 maxime
797 1407 856 1460 in
917 1422 986 1460 eo
1018 1405 1338 1460 refellendo
1398 1404 1554 1476 quod
1585 1405 1654 1456 de
1709 1404 1950 1472 peccato
1981 1401 2050 1454 ad
2079 1401 2328 1454 mortem
2385 1399 2781 1466 venditabant,
2843 1402 3103 1453 moratur
3157 1399 3309 1470 (cap.
3350 1401 3476 1470 10);
3536 1405 3873 1474 ostensoque

432 1497 758 1551 docirinam
788 1495 1174 1550 orthodoxam
1205 1511 1238 1547 a
1270 1495 1494 1550 Joanne
1527 1491 1892 1563 evangelista
1926 1490 2066 1544 clari
2097 1487 2289 1542 asseri
2324 1489 2475 1558 (cap.
2511 1488 2620 1557 11),
2655 1488 2843 1542 futilia
2876 1504 3081 1542 eorum
3113 1505 3406 1560 responsa
3437 1507 3679 1561 prorsus
3702 1494 3880 1546 evertit

435 1585 588 1655 (cap.
625 1585 733 1654 12).
767 1584 1072 1638 Postremo
1105 1599 1180 1637 ex
1208 1583 1494 1637 Corinthii
1551 1598 1584 1634 a
1618 1581 1798 1635 Paulo
1831 1579 2106 1648 separati,
2139 1595 2208 1632 ac
2262 1576 2473 1631 deinde
2498 1577 2690 1630 sacris
2749 1577 2963 1631 redditi
2994 1577 3241 1633 historia
3299 1579 3724 1634 validissimum
3752 1596 3876 1634 con-

433 1673 720 1729 firmando
753 1673 1041 1726 catholico
1065 1673 1344 1742 dogmati.

502 1763 565 1816 In
596 1763 780 1816 altero
808 1761 958 1815 libro
991 1763 1139 1830 (cap.
1175 1762 1226 1829 1)
1259 1763 1572 1832 postquam
1605 1759 1802 1813 docuit
1832 1757 2084 1812 sollicite
2117 1773 2186 1810 ac
2219 1758 2443 1810 mature
2476 1755 2768 1826 agendam
2820 1771 2958 1810 esse
2990 1757 3416 1829 paenitentiam,
3469 1760 3755 1830 praecipua
3784 1758 3880 1813 duo

436 1851 899 1906 Novatianorum
929 1849 1208 1920 praesidia
1239 1849 1562 1920 impugnat.
1592 1848 1848 1900 Primum
1889 1847 2039 1915 (cap.
2075 1846 2108 1899 2
2139 1849 2194 1899 et
2222 1845 2277 1914 3)
2319 1845 2436 1898 illis
2469 1845 2927 1914 suppeditabant
2973 1847 3240 1915 Apostoli
3271 1849 3456 1902 verba
3485 1863 3588 1903 eos
3635 1849 3728 1919 qui
3755 1849 3882 1918 lapsi

437 1943 642 1996 essent
674 1939 944 1993 renovari
979 1955 1093 1992 non
1124 1953 1306 2008 posse
1335 1937 1406 1990 ad
1437 1937 1837 2008 paenitentiam
1874 1933 2278 1988 asseverantis
2305 1949 2316 1986 :
2371 1933 2698 1986 secundum
2724 1949 2864 1987 vero
2907 1933 3058 2003 (cap.
3091 1935 3146 2005 4)
3179 1935 3357 1988 iidem
3401 1936 3798 1990 mutuabuntur
3821 1951 3884 1989 ex
3921 1979 3926 1983 ρ

437 2029 685 2084 Joannis
718 2028 1066 2098 Evangelia,
1103 2027 1204 2080 ubi
1235 2027 1448 2080 dicitur
1477 2029 1782 2095 peccatum
1816 2025 1872 2077 in
1905 2024 2184 2093 Spiritum
2217 2025 2486 2076 sanctum
2527 2038 2717 2092 neque
2750 2022 2809 2075 in
2843 2023 2955 2076 hoc
2986 2039 3177 2094 neque
3227 2026 3286 2078 in
3320 2025 3518 2080 futuro
3569 2025 3778 2080 saeculo
3807 2025 3881 2078 di-

437 2117 802 2172 mittendum.
839 2117 1164 2186 Utrumque
1192 2119 1384 2169 autem
1417 2115 1877 2168 difﬁcultatatcm
1913 2128 1980 2166 ca
2011 2113 2068 2164 vi
2100 2111 2391 2165 rationum
2420 2114 2629 2164 tractat
2657 2115 2712 2165 et
2743 2113 2928 2178 diluit,
2964 2129 3096 2182 quae
3128 2115 3388 2182 posteris
3435 2115 3722 2186 theologis
3753 2128 3880 2184 pene

439 2205 714 2260 omnibus
748 2205 934 2258 facem
966 2205 1024 2256 in
1055 2203 1149 2256 his
1181 2202 1486 2256 solvendis
1529 2201 1892 2270 praeluxerit,
1925 2204 1989 2253 ut
2046 2215 2156 2253 nos
2189 2202 2316 2254 suis
2374 2200 2523 2254 locis
2557 2201 3032 2272 observavimus.
3096 2203 3312 2257 Probat
3343 2204 3596 2274 denique
3653 2203 3721 2257 ab
3753 2201 3880 2272 ipsis

437 2298 785 2366 peceatores
835 2293 908 2346 ad
951 2291 1230 2361 baptismi
1260 2291 1666 2360 repetitionem
1713 2289 1912 2343 induci
1944 2289 2095 2358 (cap.
2129 2289 2181 2358 5,
2215 2305 2374 2343 num.
2409 2289 2522 2358 36),
2555 2291 2616 2342 ut
2647 2289 2780 2360 ejus
2811 2290 3102 2345 beneficio
3133 2293 3390 2360 veniam,
3433 2308 3607 2363 quam
3643 2291 3889 2363 poeniten-

436 2383 534 2438 tiae
565 2382 846 2452 operibus
878 2381 1194 2453 negabant,
1229 2383 1732 2450 assequerentur;
1767 2395 1900 2432 cum
1928 2378 2180 2447 apostoli
2229 2395 2260 2432 e
2291 2379 2584 2433 contrario
2631 2379 2804 2432 nobis
2837 2380 3150 2434 criminum
3199 2382 3436 2436 veniam
3482 2398 3765 2452 nusquam
3793 2395 3889 2434 non

436 2473 793 2543 promittant.
830 2471 984 2524 Hinc
1016 2470 1394 2524 occasionem
1428 2471 1657 2537 nactus,
1717 2467 2088 2521 Christianos
2120 2467 2324 2520 invitat
2380 2467 2530 2536 (cap.
2561 2467 2616 2535 6)
2647 2467 2718 2521 ad
2776 2469 3194 2537 pienitentiam,
3233 2469 3416 2539 cujus
3477 2473 3532 2523 et
3559 2473 3748 2540 partes
3781 2468 3889 2522 sin-

439 2561 613 2633 gulas
644 2560 1075 2630 qualitatesque
1105 2559 1295 2612 oculis
1347 2557 1610 2628 subjicit.
1647 2556 1934 2627 Adjungit
1976 2555 2101 2609 fore
2133 2557 2194 2609 ut
2223 2555 2499 2610 Christus
2549 2557 2826 2626 lacrymis
2859 2573 2968 2610 nec
2999 2573 3117 2611 non
3169 2559 3376 2612 matris
3411 2558 3693 2613 Ecclesiae
3720 2558 3889 2628 preci-

437 2649 554 2704 bus
585 2651 800 2718 motus,
834 2649 905 2702 ad
938 2663 1042 2702 eos
1075 2647 1314 2702 accedat
1344 2647 1668 2716 spiritalem
1697 2645 2196 2700 resurrectionem
2227 2648 2596 2715 operaturus,
2625 2645 2799 2716 cujus
2831 2645 3079 2700 formam
3109 2648 3169 2700 in
3200 2647 3425 2702 Lazaro
3458 2647 3752 2703 exstitisse
3783 2661 3888 2700 me-

438 2743 628 2793 morat
683 2741 834 2808 (cap.
897 2739 972 2807 '7).
1008 2737 1464 2791 Suscitationem
1524 2752 1658 2807 ejus
1691 2735 1846 2789 sicut
1905 2736 1960 2788 et
1991 2734 2348 2804 convivium,
2409 2735 2502 2788 cui
2535 2751 2648 2788 una
2706 2751 2838 2788 cum
2872 2735 3120 2790 Domino
3177 2737 3334 2790 idem
3365 2737 3646 2804 interfuit,
3707 2739 3885 2790 contra

437 2826 802 2881 Novatianos
833 2827 1200 2896 propositum
1233 2826 1558 2893 confirmat,
1595 2826 1784 2879 veniae
1815 2839 1928 2894 qua
1958 2823 2324 2878 Corinthium
2355 2823 2593 2877 donavit
2622 2823 2862 2893 Paulus,
2915 2825 3184 2895 exemplo
3217 2825 3432 2880 iterum
3483 2827 3756 2881 adhibito.
3786 2823 3890 2879 Sub

438 2916 568 2972 haec
599 2917 805 2970 oculos
835 2915 893 2968 in
925 2931 991 2969 se
1026 2916 1152 2984 ipse
1180 2916 1494 2968 reﬂectens
1527 2916 1676 2984 (cap.
1711 2915 1762 2982 8,
1798 2929 1957 2967 num.
1989 2912 2056 2966 ϐ’]
2089 2915 2145 2966 et
2173 2911 2348 2981 seq),
2383 2914 2444 2964 ut
2475 2911 2592 2964 sibi
2625 2911 2795 2965 detur
2832 2915 2887 2964 et
2917 2928 2948 2965 a
2981 2913 3326 2966 commissis
3373 2914 3632 2984 propriis
3663 2912 3884 2967 absolu-

437 3005 540 3074 tio,
575 3007 632 3058 et
661 3003 1095 3058 commiseratio
1141 3003 1200 3056 in
1231 3002 1464 3072 alienis,
1519 3005 1732 3072 quanta
1763 3001 2015 3054 maxima
2064 3003 2256 3070 potest
2286 2999 2464 3053 animi
2515 2999 2919 3054 submissione
2953 3001 3136 3055 Deum
3167 3005 3472 3072 peccatur.
3509 3003 3597 3057 Ad
3651 3003 3891 3056 ultimum

436 3093 716 3148 excussis
749 3108 882 3164 quae
913 3093 1068 3145 circa
1100 3092 1501 3161 paenitentiam
1533 3091 1819 3160 obrepere
1849 3091 2060 3158 solent,
2095 3089 2253 3142 vitiis
2285 3092 2436 3158 (cap.
2471 3088 2504 3142 9
2535 3091 2590 3142 et
2623 3090 2798 3159 seq.),
2835 3092 2890 3142 et
2922 3094 3375 3158 praemonstrata
3407 3109 3541 3163 quae
3564 3092 3623 3146 in
3643 3087 3891 3162 eligendo

435 3182 505 3236 ad
537 3182 832 3252 publicam
865 3181 1269 3250 paenitentiam
1300 3185 1559 3250 tempore
1592 3179 1964 3234 observanda
1996 3179 2091 3247 sit,
2126 3177 2415 3246 cautione,
2450 3177 2663 3230 librum
2694 3177 2970 3232 absolvit.

505 3271 691 3326 Porro
721 3271 878 3341 quod
908 3271 980 3324 ad
1027 3273 1262 3340 tempus
1319 3269 1504 3340 hujus
1552 3270 1770 3339 operis,
1805 3269 1980 3322 nobis
2020 3267 2289 3320 videmur
2331 3265 2475 3318 illud
2507 3282 2625 3320 non
2673 3267 3042 3322 incommode
3075 3283 3150 3322 ex
3198 3268 3354 3323 locis
3388 3269 3622 3324 duobus
3671 3268 3810 3322 inter
3838 3279 3892 3319 se

435 3359 790 3430 comparatis
823 3359 1104 3430 colligere
1135 3374 1337 3428 posse,
1371 3358 1646 3412 nimirum
1677 3373 1751 3412 ex
1781 3357 1898 3410 illis
1931 3355 2154 3424 verbis,
2190 3355 2262 3408 de
2293 3355 2660 3410 I’amitcntia
2693 3355 3200 3426 driOSJaiiiduduin
3224 3359 3454 3430 scripsi
3500 3341 3748 3424 libellos,
3777 3369 3888 3426 quae

432 3450 493 3503 in
541 3448 924 3518 Expositione
964 3447 1178 3517 psalmi
1209 3464 1412 3500 xxxvn
1445 3463 1619 3517 quam
1664 3461 1817 3499 anno
1869 3445 1973 3498 393
2005 3444 2286 3513 scriptam
2333 3445 2702 3498 ostendimus
2733 3447 2909 3513 (nam.
2947 3445 3019 3514 1),
3075 3445 3409 3502 habentur:
3448 3450 3508 3501 et
3565 3462 3639 3501 ex
3667 3461 3732 3500 eo
3760 3441 3892 3515 quod

435 3538 514 3592 ait
543 3537 1052 3591 commentationis
1085 3535 1268 3606 hujus
1300 3535 1400 3589 lib.
1438 3551 1508 3590 ii:
1546 3535 1873 3588 Peccamus
1905 3541 1963 3588 et
1997 3549 2108 3588 non
2139 3533 2414 3587 seniores
2446 3537 2594 3604 (cap.
2629 3534 2680 3602 8,
2707 3551 2864 3587 num.
2897 3534 3007 3601 74),
3045 3535 3297 3588 maxime
3335 3551 3480 3590 vero
3540 3551 3570 3590 e
3601 3531 3894 3604 superiori-

434 3626 550 3680 bus
583 3626 740 3694 istis,
771 3626 902 3696 Ego
933 3625 1194 3679 laborem
1229 3624 1480 3696 aliquem
1505 3639 1618 3694 pro
1647 3629 1850 3677 sancta
1887 3623 2157 3677 Echesia
2193 3628 2286 3676 tua
2318 3623 2554 3692 suscepi
2585 3625 2768 3690 (num.
2803 3623 2914 3691 '73).
2965 3622 3188 3676 Etenim
3235 3639 3372 3676 cum
3409 3625 3524 3678 hoc
3565 3624 3761 3678 ultimo
3787 3621 3894 3675 loco

433 3715 736 3784 publicum
769 3714 1054 3782 laborem,
1107 3730 1174 3767 ac
1206 3713 1425 3766 nemini
1456 3729 1572 3766 non
1621 3715 1820 3768 notum
1852 3711 2156 3784 designari
2204 3713 2446 3766 dubium
2480 3728 2597 3766 non
2629 3713 2726 3780 sit,
2754 3729 2889 3766 eum
2935 3711 3004 3764 de
3038 3713 3357 3766 certamine
3414 3716 3510 3768 vel
3541 3714 3598 3767 in
3631 3713 3895 3768 Justinam

433 3803 792 3858 Arianorum
825 3803 1294 3872 antesignanam,
1327 3802 1420 3856 vel
1452 3803 1510 3856 in
1543 3801 1960 3871 Symmachum
1991 3801 2282 3855 idolorum
2313 3804 2812 3872 propugnatorem
2865 3805 3146 3870 suscepto
3181 3805 3417 3870 oportet
3466 3802 3730 3872 intelligi.
3763 3798 3895 3863 Qua-

434 3893 680 3959 propter
711 3889 1121 3944 intermedium
1153 3890 1408 3959 aliquem
1453 3906 1670 3944 annum
1703 3890 1892 3944 eidem
1925 3889 2061 3943 huic
2109 3889 2271 3958 operi
2303 3889 2733 3960 assignandum
2782 3892 3030 3957 constat,
3067 3889 3217 3944 forte
3249 3890 3351 3943 381
3385 3907 3400 3961 ;
3464 3891 3528 3946 fit
3557 3891 3707 3946 enim
3734 3904 3796 3943 ea
3822 3901 3898 3940 ra-

432 3977 590 4032 tione
619 3981 681 4032 ut
711 3981 974 4032 vertente
1003 3978 1128 4047 393,
1166 3978 1268 4032 Vir
1297 3983 1540 4032 sanctus
1573 3979 1772 4034 dicere
1806 3978 2082 4049 potuerit,
2117 3978 2244 4032 Jam
2271 3977 2482 4032 (ludum
2514 3979 2755 4049 scripsi.
3505 3972 3509 3976 ’

513 4067 728 4120 Ultima
762 4067 890 4121 haec
921 4067 1102 4120 verba
1133 4067 1280 4120 satis
1313 4068 1583 4136 aperiunt
1611 4069 1844 4121 cuinam
1877 4068 2102 4123 auctori
2149 4067 2462 4120 tribuenda
2492 4067 2569 4120 sit
2599 4083 2665 4121 ea
2701 4069 3148 4123 commentatio:
3212 4069 3318 4122 sed
3349 4071 3518 4140 quod
3565 4071 3623 4124 in
3655 4066 3894 4140 ejusdem

434 4152 540 4210 lib.
575 4172 618 4208 ιι
647 4157 877 4225 raptum
911 4170 978 4209 se
1008 4171 1041 4208 a
1072 4155 1492 4224 tribunalibus,
1525 4171 1594 4210 ac
1625 4173 1732 4224 pro
1765 4155 2034 4210 Ecclesia
2063 4156 2324 4210 laborem
2357 4157 2707 4227 suscepisse
2728 4157 3006 4227 loquitur,
3037 4157 3147 4212 hoc
3180 4161 3296 4210 tam
3326 4159 3778 4213 Ambrosianum
3799 4155 3891 4218 est,

432 4247 496 4298 ut
529 4244 765 4298 Petrum
797 4243 1002 4298 Sotum
1033 4243 1156 4308 (lib.
1193 4243 1338 4298 Inst.
1375 4243 1623 4298 Sacerd.
1659 4245 1732 4298 de
1762 4244 2014 4298 Necess.
2053 4243 2348 4300 Confess..
2383 4245 2516 4300 lect.
2549 4246 2607 4314 9)
2638 4247 3024 4300 vehementer
3053 4248 3335 4300 miremur
3365 4247 3425 4301 id
3459 4248 3660 4318 operis
3690 4239 3893 4300 doctori

431 4337 638 4388 nostro
669 4335 934 4402 ereptum
967 4331 1234 4386 voluisse
1265 4335 1506 4402 propter
1535 4348 1639 4386 eos
1672 4333 1858 4397 locos,
1887 4333 2103 4402 quibus
2133 4335 2197 4386 ut
2229 4334 2418 4388 eidem
2449 4335 2563 4404 ipsi
2596 4335 2947 4402 ascribatur,
2979 4335 3326 4404 persuaderi
3347 4352 3524 4390 nemo
3550 4352 3663 4390 non
3687 4331 3887 4388 debeat.

431 4422 548 4476 Sed
575 4421 710 4492 ejus
739 4422 1022 4490 rationes,
1077 4421 1131 4474 si
1160 4422 1304 4474 tanti
1337 4425 1528 4489 erunt,
1591 4437 1700 4474 suo
1735 4425 1998 4490 tempore
2059 4423 2471 4477 discutiemus.
2509 4423 2619 4476 llic
2675 4427 2868 4478 autem
2898 4424 2954 4476 id
3011 4440 3192 4477 unum
3221 4423 3602 4494 adjiciamus,
3660 4420 3888 4492 August.

433 4511 676 4566 eosdem
708 4511 894 4566 libros
925 4514 1204 4580 tanquam
1234 4525 1371 4563 vere
1405 4511 1679 4564 Ambros.
1716 4511 1927 4564 iterum
1947 4527 2014 4563 ac
2037 4512 2208 4565 tertio
2233 4511 2465 4565 citantis
2493 4513 2616 4581 (lib.
2646 4513 2734 4567 De
2760 4513 2998 4566 Pereat.
3021 4513 3193 4582 arig.,
3222 4529 3348 4582 cap.
3382 4513 3477 4581 31,
3513 4514 3616 4567 lib.
3652 4529 3686 4564 ιι
3715 4510 3892 4565 Contr.

437 4599 680 4668 Julian.,
715 4615 841 4669 cap.
877 4599 911 4652 3
943 4602 999 4653 ct
1027 4599 1079 4667 9,
1113 4601 1168 4652 et
1200 4598 1300 4651 lib.
1335 4615 1397 4650 xv
1431 4599 1649 4652 Contra
1681 4599 1827 4652 (luas
1856 4599 2052 4669 Epist.
2087 4599 2321 4671 Pelng.,
2359 4616 2485 4669 cap.
2522 4601 2610 4669 11)
2642 4601 2732 4654 vel
2767 4601 2950 4656 solam
2985 4601 3392 4655 auctoritatem
3425 4605 3710 4672 praestare
3765 4611 3890 4651 coa-

430 4686 682 4756 jecturis
713 4689 1010 4757 omnibus,
1045 4704 1178 4758 quas
1203 4690 1484 4758 quantum
1515 4688 1818 4756 imponere
1851 4689 2082 4762 soleant
2104 4687 2278 4741 etiam
2309 4688 2520 4758 doctis,
2559 4689 2618 4742 in
2665 4693 2984 4743 memorato
3016 4689 3302 4760 theologo
3334 4690 3670 4760 exemplum
3701 4685 3888 4741 exstat.

427 4773 645 4830 Verum
676 4777 885 4848 majori
915 4777 1071 4830 haud
1101 4777 1277 4830 dubie
1308 4777 1366 4829 in
1401 4777 1569 4845 culpa
1592 4775 1701 4829 fuit
1735 4776 1981 4830 Rivetus
2011 4775 2250 4846 (Critia.
2289 4793 2407 4831 sae.
2451 4777 2552 4831 lib.
2589 4795 2668 4846 ιη,
2703 4795 2828 4847 cap.
2870 4778 2975 4846 16),
3009 4777 3108 4848 qui
3156 4779 3361 4832 relatis
3407 4779 3536 4832 Soli
3581 4788 3879 4849 argumen—

433 4863 531 4932 tis,
565 4867 832 4934 opposita
861 4866 1115 4936 maligne
1148 4865 1414 4918 tacuerit.
1452 4863 1648 4935 Hujus
1681 4864 1898 4918 silentii
1934 4865 1992 4918 in
2021 4881 2198 4934 opere
2228 4882 2344 4936 quo
2377 4881 2628 4920 censura
2660 4866 3003 4937 hujusmodi
3036 4867 3322 4921 librorum
3354 4868 3730 4938 promittitur,
3777 4876 3894 4915 cau-

434 4967 562 5005 sam
589 4953 896 5022 pervidere
929 4955 1179 5007 arduum
1228 4969 1346 5008 non
1379 4957 1488 5007 est.
1527 4953 1640 5006 Vix
1669 4952 1823 5007 enim
1855 4953 1995 5006 alibi
2041 4953 2258 5008 clarius
2290 4971 2322 5008 a
2354 4955 2588 5008 Christo
2640 4955 2926 5009 Ecclesiae
2957 4955 3166 5009 tradita
3217 4959 3598 5025 peccatorum
3631 4951 3894 5007 dimitten-

435 5040 642 5117 dorum
675 5042 1014 5110 auctoritas,
1051 5044 1383 5096 necessitas
1419 5043 1758 5097 earumdem
1792 5043 2280 5115 coniitendorum,
2317 5060 2384 5098 ac
2418 5045 2652 5099 tandem
2693 5045 2983 5099 bonorum
3023 5060 3267 5114 operum
3299 5045 3689 5115 corporisque
3735 5035 3894 5094 casti-

433 5128 736 5204 gationum
767 5129 1036 5185 meritum
1067 5131 1536 5187 manifestantur.
