4024 6176
213 311 304 379 485
1389 307 1503 378 DE
1533 315 1845 380 P(ENIT]

1941 317 2080 378 TIA
2109 310 2272 379 LIB.
2308 318 2356 378 Ι.

3487 317 3610 382 486

759 703 1663 878 SANCTI
1800 706 3016 882 AMBROSII

1325 1016 2017 1080 MEDIOLANENSIS
2066 1018 2453 1080 EPISCOPI

1096 1235 1333 1388 DE
1425 1233 2656 1390 POENITENTIA

1654 1485 1882 1546 LIBRI
1916 1484 2093 1548 DUO
2133 1487 2241 1564 (1).

469 1829 710 1894 387-9
755 1839 1008 1896 CAPUT
1049 1841 1372 1898 PRIMUM.

183 1961 605 2019 Moderationis
635 1964 780 2018 laus.
823 1964 1004 2030 Quam
1041 1967 1386 2021 necessaria
1417 1967 1500 2021 sit
1544 1983 1610 2022 ea
1638 1968 1830 2021 virtus

230 2033 536 2108 praefectis
561 2035 877 2106 Ecclesiae,
893 2038 1267 2108 potissimum
1291 2038 1611 2092 Dominicw
1633 2039 1828 2092 cliari-

235 2106 447 2180 tatisac
467 2106 950 2180 mansuetudinis
987 2109 1254 2180 exemplo
1289 2110 1710 2163 demonstrari.
1731 2109 1828 2162 ΑΙ)

236 2176 336 2250 liae
366 2193 542 2250 ergo
569 2195 694 2231 cum
730 2178 1110 2250 desciverint
1157 2176 1518 2249 Novatinni,
1572 2197 1674 2234 eos
1717 2197 1830 2250 pro

237 2246 796 2323 Chijisti'discipuli's
809 2249 1114 2323 habendos
1137 2267 1248 2304 non
1273 2267 1407 2305 esse
1432 2271 1448 2304 :
1467 2246 1826 2323 quei'iinisu-

227 2319 428 2388 perbia
452 2326 512 2373 et
555 2319 935 2374 inelementia
959 2327 1310 2393 castigatur.

234 2425 276 2478 1.
306 2425 364 2480 Si
393 2427 680 2480 virtutum
720 2428 856 2481 ﬁnis
889 2428 991 2482 ille
1023 2431 1116 2483 est
1157 2429 1474 2499 maximus,
1507 2431 1607 2501 qui
1641 2429 1829 2500 pluri-

171 2529 377 2568 morum
421 2519 655 2585 Spectat
693 2516 1042 2586 profectum,
1097 2519 1417 2572 moderatio
1463 2534 1648 2590 pr0pe
1699 2535 1828 2572 om-

177 2603 318 2656 nium
345 2604 747 2673 pulcherrima
771 2609 861 2659 est
895 2621 910 2675 ;
944 2622 1076 2676 quae
1109 2623 1180 2661 ne
1213 2607 1379 2676 ipsos
1403 2607 1641 2678 quidem
1675 2623 1826 2678 quos

173 2690 407 2761 damnat,
431 2691 712 2763 eﬁ‘endit;
738 2697 794 2747 et
827 2709 978 2764 quos
1009 2695 1392 2764 damnaverit,
1427 2695 1644 2766 dignos
1676 2697 1829 2750 solet

173 2778 346 2834 facere
375 2782 776 2836 absolutione.
810 2783 1073 2854 Denique
1114 2783 1241 2838 sola
1273 2788 1384 2852 est,
1429 2800 1561 2854 quae
1594 2784 1824 2839 Domini

173 2871 458 2937 quasitam
507 2871 802 2942 sanguine
845 2871 1175 2926 Ecclesium
1223 2874 1658 2944 propagaverit,
1699 2873 1826 2926 imi-

172 2957 322 3010 tatrix
341 2959 622 3012 beneﬁcii
656 2958 939 3030 caelestis,
965 2962 1022 3015 et
1060 2961 1482 3031 redemptionis
1514 2961 1826 3018 universo-

171 3059 282 3098 rum
312 3047 546 3101 salubri
570 3047 682 3100 ﬁne
703 3051 1057 3118 temperans,
1089 3066 1264 3120 quem
1287 3050 1441 3104 ferre
1471 3051 1704 3120 possint
1725 3067 1826 3106 au-

169 3148 254 3187 res
295 3135 632 3206 hominum,
685 3141 913 3191 mcntes
959 3154 1076 3193 non
1127 3138 1426 3210 refugere,
1478 3155 1596 3194 non
1644 3155 1823 3209 pavre

181 3223 336 3277 animi
365 3225 462 3294 (:2).

1855 1784 1905 1835 A
1936 1796 2045 1836 suo
2079 1784 2241 1852 putet
2263 1781 2522 1836 futurum
2551 1784 2578 1836 ‘?

2003 1889 2056 1943 3.
2117 1889 2254 1942 Ideo
2307 1889 2591 1944 Dominus
2640 1889 2826 1944 Jesus
2859 1905 3212 1960 compassus
3261 1889 3434 1944 nobis
3477 1892 3602 1958 est;

1933 1980 1995 2030 ut
2023 1977 2094 2030 ad
2127 1993 2192 2030 se
2225 1982 2484 2044 vocaret,
2540 1995 2658 2032 non
2712 1981 2771 2032 ut
2821 1979 3163 2033 deterreret.
3213 1978 3370 2032 Mitis
3418 1979 3600 2047 venit,

1930 2066 2090 2119 venit
2121 2065 2380 2120 humilis.
2418 2067 2682 2137 Denique
2714 2067 2792 2120 ait
2824 2083 2835 2120 ε
2894 2067 3098 2120 Venite
3135 2066 3210 2120 ad
3242 2081 3356 2135 me,
3401 2081 3606 2120 omnes

1931 2153 2029 2224 qui
2048 2153 2342 2207 laboratis
2392 2160 2448 2207 et
2485 2155 2720 2207 onerati
2755 2155 2925 2222 estis,
2970 2160 3029 2209 et
3060 2171 3168 2225 ego
3203 2171 3304 2209 vos
3333 2153 3604 2208 relicium

1929 2242 2167 2308 (Matth.
2205 2259 2284 2311 χι,
2319 2242 2429 2311 28).
2489 2241 2700 2297 Reﬁcit
2739 2259 2884 2315 ergo
2919 2243 3205 2298 Dominus
3245 2243 3446 2306 Jesus,
3485 2258 3603 2297 non

1929 2330 2208 2400 excludit,
2233 2347 2424 2402 neque
2462 2331 2668 2402 abjicit
2701 2347 2713 2386 :
2749 2331 3074 2402 meritoque
3097 2331 3246 2386 tales
3269 2331 3601 2401 discipulos

1929 2418 2107 2490 elegit
2138 2419 2240 2490 qui
2271 2419 2594 2474 Dominicae
2618 2421 2936 2474 voluntatis
2959 2421 3334 2490 interpretes,
3366 2419 3602 2490 plebem

1932 2507 2036 2562 Dei
2073 2507 2442 2579 colligerent,
2495 2524 2614 2563 non
2645 2509 3040 2580 repudiarent.
3085 2508 3252 2562 Unde
3283 2509 3468 2580 liquet
3495 2523 3602 2563 eos

1929 2596 2082 2650 inter
2118 2596 2339 2652 Christi
2387 2597 2716 2668 discipulos
2764 2613 2884 2652 non
2934 2613 3072 2652 esse
3119 2597 3448 2668 habendos,
3500 2598 3604 2668 qui

1929 2684 2074 2738 dura
2106 2701 2213 2755 pro
2242 2686 2505 2755 mitibus,
2533 2687 2790 2756 superba
2825 2703 2931 2757 pro
2955 2686 3278 2740 humilibus
3299 2687 3603 2757 sequenda

1930 2774 2246 2846 opinantur
2280 2789 2292 2828 :
2327 2777 2382 2828 et
2415 2791 2546 2829 cum
2579 2775 2695 2845 ipsi
2727 2779 2995 2846 quierant
3026 2775 3606 2830 Dominimisericor—

1929 2844 2104 2912 diam,
2139 2845 2271 2898 aliis
2307 2861 2434 2900 eam
2467 2844 2800 2918 denegant;
2831 2850 2892 2900 ut
2923 2851 3062 2900 sunt
3093 2847 3370 2901 doctores
3401 2846 3603 2902 Nova-

1927 2933 2242 3003 tianorum,
2277 2934 2380 3005 qui
2403 2935 2655 2989 mundos
2687 2951 2754 2989 se
2785 2935 3081 3006 appellant
3111 2935 3210 3006 (4).

1998 3057 2049 3111 4.
2074 3056 2223 3122 Quid
2253 3057 2349 3112 his
2381 3059 2721 3128 superbius,
2756 3076 2890 3114 cum
2907 3056 3209 3130 Scriptura
3241 3059 3434 3115 dicat:
3471 3060 3604 3132 quia

1931 3161 2099 3200 nemo
2115 3147 2366 3201 mundus
2387 3165 2418 3201 ει
2436 3153 2696 3218 peccato.
2727 3164 2833 3202 nec
2863 3149 3034 3202 unius
3057 3148 3183 3202 diei
3203 3147 3407 3202 infans
3438 3149 3602 3220 (Job)

1929 3251 2052 3304 xiv,
2085 3235 2178 3305 li);
2211 3237 2266 3288 et
2290 3235 2472 3288 David
2505 3235 2716 3290 clamet
2749 3251 2762 3290 :
2795 3237 2847 3289 A
2871 3235 3230 3290 delictomeo
3257 3237 3470 3290 munda
3508 3253 3604 3290 me

229 3311 275 3364 :2.
300 3311 530 3367 Etenim
555 3314 655 3384 qui
686 3313 882 3369 studet
913 3314 1184 3370 humanae
1223 3316 1576 3371 inﬁrmitatis
1617 3333 1819 3372 emen-
1851 3319 1902 3380 B
1930 3323 2118 3380 (Psal.
2152 3341 2205 3394 1.,
2241 3324 2294 3392 4)
2315 3325 2343 3378 ‘2
2393 3323 2733 3378 Sanetiorcs
2766 3324 3059 3394 istiquam
3082 3324 3288 3393 David,
3321 3325 3392 3379 de
3425 3323 3602 3396 cujus

172 3397 291 3454 dare
310 3402 468 3472 vitia,
508 3402 701 3472 ipsam
732 3403 1128 3458 inﬁrmitatem
1153 3405 1280 3459 suis
1304 3405 1477 3468 debet
1500 3407 1818 3477 sustinere,

173 3491 218 3541 et
242 3491 670 3560 quodammodo
693 3507 945 3562 pensare
967 3493 1042 3562 (3)
1075 3493 1361 3563 humeris,
1387 3511 1505 3548 non
1537 3494 1819 3566 abjicere.

174 3575 299 3632 Nam
327 3583 538 3649 pastor
566 3579 664 3634 ille
697 3579 1097 3653 Evangelicus
1127 3582 1350 3637 lassam
1383 3599 1551 3638 ovem
1584 3585 1828 3639 vexisse

178 3662 386 3737 legitur,
420 3683 548 3723 non
568 3667 871 3739 abjecisse
893 3669 1056 3740 (Luc.
1090 3688 1186 3736 xv,
1214 3673 1268 3741 5)
1300 3671 1388 3726 De
1421 3673 1655 3743 ptenit.,
1689 3673 1825 3728 dist.

178 3769 212 3822 ι,
242 3770 287 3808 c.
318 3756 638 3828 εει-ροηεὲ
665 3752 818 3811 Nam
835 3761 1084 3829 pastor).
1121 3759 1192 3813 Et
1221 3759 1500 3816 Salomon
1531 3762 1610 3815 ait
1643 3777 1656 3815 ε
1687 3761 1832 3816 Noli

164 3839 342 3910 justus
368 3861 508 3901 esse
534 3845 773 3900 nimium
792 3846 1018 3916 (Eecle.
1043 3865 1143 3917 vn,
1171 3849 1293 3918 1'7);
1319 3849 1493 3904 debet
1515 3851 1670 3904 enim
1696 3849 1831 3920 jus-

172 3931 336 3987 titiam
365 3939 700 4005 temperare
751 3936 1094 3990 moderatio.
1139 3937 1287 3990 Nam
1339 3939 1829 4008 quemadmodum

175 4033 230 4074 se
257 4023 354 4076 tibi
384 4024 736 4078 curamdum
767 4025 1048 4096 praebeat,
1077 4042 1252 4096 quem
1283 4027 1430 4090 390
1465 4027 1701 4083 fastidio
1721 4029 1828 4082 ha-

173 4105 334 4180 beas;
375 4114 474 4184 qui
525 4115 882 4183 contemptui
917 4130 1004 4186 se,
1042 4130 1160 4169 non
1200 4116 1568 4186 compasioni
1599 4117 1828 4172 medico

235 4251 301 4326 (ξ)
331 4254 548 4326 Scripti
583 4256 687 4310 cir.
711 4272 846 4310 ann.
882 4257 1006 4311 384.

233 4324 532 4401 (2)Co_dex
579 4328 774 4401 Germ.
826 4343 982 4382 unus
1014 4343 1107 4382 an.
1162 4328 1266 4401 cir.
1313 4327 1417 4384 800
1445 4331 1524 4384 ita
1574 4331 1824 4401 incipit:

180 4411 199 4439 ι
229 4394 456 4472 Quando
482 4413 597 4451 nos
626 4399 790 4472 Deus
825 4402 1021 4472 terret,
1055 4415 1172 4454 non
1203 4400 1501 4472 frangere,
1538 4394 1828 4456 vultfsed

175 4467 371 4540 punire
393 4485 515 4522 non
544 4469 687 4522 vult.
725 4469 817 4522 Ait
849 4471 1085 4540 quidam
1108 4467 1374 4540 psalmus
1411 4473 1681 4526 :Dedisti
1701 4489 1826 4526 me-

179 4538 458 4613 tuenti/ms
483 4547 543 4592 te
579 4538 1188 4613 sigiiilieationenifut
1223 4541 1454 4613 fugiant
1489 4559 1520 4596 a
1547 4543 1700 4596 faeie
1723 4560 1824 4597 ar-

178 4619 280 4684 cus.
322 4610 516 4663 Arcus
547 4611 700 4664 enim
743 4612 978 4684 quando
1026 4610 1365 4678 intenditur,
1417 4619 1697 4684 quantum
1726 4631 1826 4668 re-

179 4679 412 4734 trorsum
449 4696 659 4735 manus
693 4679 1012 4748 reducitur,
1046 4687 1201 4737 tanto
1233 4685 1388 4738 ictus
1419 4679 1826 4740 vehementior

181 4750 486 4825 concitatur
511 4753 636 4825 :_sic
673 4754 934 4825 et__n1inaa
965 4754 1070 4807 Dei
1100 4757 1258 4808 tanto
1289 4755 1534 4825 gravius
1559 4757 1820 4824 veniunt,

1931 3411 2098 3466 nasci
2129 3411 2348 3466 familia
2376 3412 2650 3466 Christus
2686 3413 3109 3467 incarnationis
3147 3413 3327 3484 elegit
3372 3416 3597 3484 myste-

1931 3501 2040 3570 rio,
2076 3499 2250 3572 cujus
2283 3501 2600 3570 posteritas
2625 3501 2757 3554 aula
2781 3501 3045 3556 caelestis
3077 3503 3187 3572 est,
3220 3505 3387 3556 utero
3417 3501 3602 3574 virgi-

1931 3589 2048 3642 nali
2083 3590 2160 3658 (5)
2193 3589 2533 3658 suscipiens
2565 3590 2766 3644 mundi
2789 3590 3287 3660 Redemptorem‘?
3315 3589 3464 3655 Quid
3495 3607 3596 3646 au-

1931 3681 2046 3732 tem
2077 3678 2306 3745 durius,
2358 3694 2533 3748 quam
2561 3681 2626 3732 ut
2657 3678 2916 3733 indicant
2948 3679 3371 3748 pmnitentiam,
3423 3695 3600 3750 quam

1931 3782 2050 3820 non
2100 3766 2404 3835 relaxant;
2452 3782 2585 3821 cum
2630 3769 2830 3838 utique
2875 3768 3106 3822 veniam
3148 3768 3452 3840 negando,
3505 3769 3598 3822 in-

1930 3857 2228 3910 centivum
2261 3855 2528 3910 auferant
2560 3856 2919 3925 poenitentiae
2941 3858 2970 3910 ξ)
2999 3856 3186 3912 Nemo
3219 3857 3374 3910 enim
3407 3860 3602 3927 potest

1926 3944 2078 3998 bene
2131 3960 2308 4016 agere
2363 3944 2783 4015 paenitentiam,
2822 3945 2937 3999 nisi
2986 3946 3086 4016 qui
3129 3947 3459 4016 speraverit
3503 3947 3598 4002 in-

1930 4033 2290 4104 dulgentiam
2337 4033 2448 4102 (De
2487 4035 2740 4105 poenit.,
2793 4033 2928 4088 dist.
2971 4035 3022 4089 1.
3087 4049 3214 4106 cap.
3265 4035 3454 4090 Nemo
3492 4051 3603 4108 po-

1935 4125 2094 4192 test).

1931 4263 2176 4348 mundis
2209 4262 2506 4348 habebant
2552 4265 3019 4348 distinguerent,
3051 4274 3300 4348 Καρᾳρῶν
3341 4266 3602 4348 appella-

1929 4345 2150 4416 tionem
2179 4344 2293 4398 sibi
2328 4345 2648 4416 arrogasse
2669 4351 2942 4400 auctores
2975 4353 3112 4400 sunt
3143 4344 3461 4415 Eusebius,
3492 4347 3596 4402 lib.

1932 4433 1991 4468 1v
2021 4414 2182 4470 Hist.
2214 4416 2405 4484 15001.,
2461 4414 2591 4485 cap.
2643 4418 2742 4486 9.3;
2797 4417 3180 4487 Epiphanius,
3217 4414 3452 4472 haeies.
3483 4417 3553 4472 79
3584 4433 3596 4472 :

1930 4487 2328 4557 Augustinus,
2377 4487 2451 4542 de
2503 4488 2732 4542 Haeres.
2767 4487 2874 4554 38;
2920 4489 3349 4554 Theodoretus,
3383 4487 3483 4540 lib.
3534 4503 3596 4540 iu

1931 4557 2155 4611 Hmret.
2191 4557 2335 4611 Iv‘ab.
2371 4561 2427 4612 et
2455 4558 2554 4628 alii
2591 4573 2601 4612 :
2643 4575 2794 4628 quos
2841 4559 2996 4611 inter
3041 4558 3252 4612 festive
3285 4557 3599 4612 admodum

1932 4629 1992 4682 in
2021 4643 2126 4682 eos
2159 4631 2412 4699 August.
2449 4627 2552 4682 lib.
2587 4627 2896 4698 ile’Agone
2931 4628 3158 4681 Christ.
3191 4644 3318 4697 cap.
3342 4628 3376 4682 2
3406 4628 3480 4682 ita
3512 4629 3600 4682 lu-

1931 4699 2051 4769 dit:
2085 4722 2105 4745 ι‹
2140 4699 2285 4764 Quis
2317 4714 2531 4752 nomen
2561 4715 2734 4752 suum
2752 4699 2802 4751 si
2830 4699 3046 4752 vellent
3067 4714 3418 4769 agnoscere,
3441 4715 3602 4753 mun-

1933 4768 2123 4823 danos
2164 4785 2230 4823 se
2262 4770 2479 4838 potius,
2527 4785 2700 4838 quam
2753 4769 3004 4822 mundos
3035 4768 3332 4824 voearent.
3363 4793 3384 4816 »
3419 4770 3602 4824 lidem

179 4823 622 4911 qunntngiutius
655 4822 1020 4911 differuntur.
1042 4822 1825 4911 Tamen‘fnisericordimest
1855 4835 1901 4893 C
1933 4840 2017 4894 illi
2062 4822 2407 4911 catholicos,
2545 4822 2624 4911 ex
2657 4839 2969 4908 Cypriano,
3005 4822 3276 4906 Paciano,
3303 4822 3598 4911 Augusti;

180 4903 294 4964 cum
337 4893 621 4960 diﬁ‘ertur,
665 4897 726 4946 ut
773 4896 1068 4964 paenitens
1115 4900 1376 4963 sanetur,
1411 4903 1654 4951 sanatus
1705 4914 1823 4952 non

181 4958 480 5033 damnetur.
520 4958 865 5033 Apostolum
897 4967 1032 5019 audi
1076 4981 1087 5020 :
1131 4967 1228 5020 An
1266 4958 1517 5022 divitias
1539 4968 1825 5022 bonitatis

185 5030 720 5111 ejiislongnnimiter
738 5038 1068 5111 contemnis
1085 5037 1113 5111 ἔξ
1132 5037 1538 5111 Ignornsquia
1557 5040 1826 5111 benigni-

186 5107 263 5180 tas
276 5104 894 5180 Deiadpcenitentiain
915 5113 972 5160 te
995 5104 1232 5180 adducit
1250 5109 1270 5162 ,ν
1288 5104 1487 5163 Sed-ut
1518 5104 1822 5180 possimus

183 5175 300 5226 vitia
321 5175 537 5232 nostra:
563 5179 920 5231 inﬁrmitatis
943 5179 1276 5247 emendare,
1303 5183 1414 5234 etc.
1440 5175 1568 5234 Alli
1589 5181 1714 5234 cod.
1738 5188 1823 5235 at-

218 5258 276 5296 ue
303 5247 440 5301 edit.
479 5248 611 5324 sibi
624 5251 1014 5324 consentiunt
1027 5251 1086 5324 iii
1099 5250 1318 5324 vicem,
1347 5253 1464 5324 nisi
1486 5251 1824 5324 qtlﬁlenill-

205 5319 347 5368 erum
371 5319 665 5392 nonnullis
682 5320 956 5374 habetur.
978 5321 1040 5374 Si
1070 5325 1268 5375 vatum
1291 5321 1448 5377 ﬁnis.
1487 5319 1511 5370 ιῖ
1547 5323 1615 5376 Et
1644 5323 1822 5392 infra,

185 5397 276 5465 pro
301 5390 1184 5465 redemptionisuniversorum,
1212 5392 1269 5445 in
1303 5408 1418 5446 uno
1459 5393 1694 5465 legitur,
1729 5390 1826 5448 re-

189 5454 515 5534 demptoris;
535 5463 594 5534 in
617 5462 849 5516 duobus
882 5454 1290 5534 redemptione
1306 5454 1739 5533 universorum.
1759 5465 1828 5518 Et

184 5538 279 5606 pro
300 5530 520 5586 salubri
539 5533 656 5587 line
678 5540 1036 5606 temperans,
1058 5530 1116 5588 in
1133 5535 1524 5606 quibusdam,
1558 5530 1825 5590 Salubris

189 5596 309 5652 linis
329 5609 383 5655 et
405 5599 760 5676 temperans,
791 5596 851 5658 in
883 5596 1314 5660 aliis'saluliris
1351 5606 1468 5661 fine
1507 5596 1564 5662 et
1603 5613 1830 5679 tempe-

191 5681 332 5725 rans.

250 5740 318 5810 (3)
347 5743 488 5822 Mss.
521 5750 661 5818 tres,
704 5763 892 5821 quoqu
913 5763 946 5804 ο
985 5749 1154 5805 modo
1163 5766 1426 5822 pensare
1459 5748 1638 5821 Clar.,
1691 5765 1831 5822 quo—

196 5807 269 5889 da;
283 5807 472 5889 anide
484 5807 758 5889 pausare.

253 5881 322 5967 (4)
365 5881 718 5950 Novatianos
756 5893 820 5951 ut
856 5907 923 5952 se
953 5908 988 5950 a
1017 5891 1360 5970 Catholicis,
1393 5908 1547 5972 quos
1582 5908 1690 5972 pro
1720 5893 1835 5953 im~

1933 4927 2028 4978 no,
2056 4910 2372 4982 multisque
2405 4909 2798 4982 aliisidiscere
2830 4914 2947 4982 est,
2966 4911 3392 4982 nuncupabant
3419 4909 3602 4982 Ἀροε-

1935 4982 2164 5052 tuticus
2197 4985 2252 5034 et
2280 4979 2666 5050 Capitolinos
2699 4995 2711 5034 :
2749 4981 2907 5050 quod
2938 4981 3012 5034 iis
3060 4979 3260 5052 qui’in
3311 4979 3598 5052 Capitolio

1933 5053 2068 5106 Jovi
2111 5051 2458 5119 libaverant,
2494 5053 2994 5106 communicarent
3028 5068 3040 5106 :
3080 5051 3144 5106 et
3191 5053 3264 5106 ab
3297 5051 3602 5108 his’vicis-

1934 5123 2047 5176 sim
2077 5121 2524 5194 appellabantur
2567 5121 2938 5191 Montenses,
2969 5123 3098 5177 sive
3137 5124 3209 5178 ab
3241 5124 3436 5194 aliquo
3467 5124 3600 5180 loco

1934 5194 2266 5264 itarvocato,
2301 5193 2428 5246 sive
2463 5195 2770 5264 propterea
2795 5197 2947 5264 quod
2980 5195 3247 5248 Novatus
3272 5193 3604 5249 studuisset

1935 5263 2328 5332 Felicissimo,
2379 5265 2479 5335 qui
2500 5267 2563 5336 ut
2593 5279 2668 5318 ex
2697 5263 2871 5334 Cypr.
2905 5265 3076 5334 epist.
3109 5265 3170 5318 41
3207 5265 3516 5336 discimus,
3539 5266 3604 5320 in

1934 5337 2191 5388 montem
2233 5351 2365 5388 cum
2417 5335 2546 5389 suis
2591 5338 2929 5390 secesserat
2973 5335 3366 5390 :dicebantur
3425 5335 3603 5390 etiam

1933 5421 2166 5477 scaeva),
2199 5405 2347 5460 forte
2379 5421 2498 5460 non
2521 5406 2596 5460 ob
2628 5405 2784 5460 aliud
2815 5405 2930 5460 nisi
2967 5406 3124 5477 quod
3146 5422 3280 5460 cum
3309 5408 3600 5475 potestate

1935 5475 2155 5548 ligandi
2189 5480 2430 5548 peccata
2460 5479 2781 5546 uterentur,
2816 5493 2934 5531 non
2964 5475 3158 5531 autem
3181 5477 3472 5544 solvendi,
3493 5491 3600 5548 eos

1938 5545 2370 5619 quodammodo
2402 5545 2788 5618 imitarentur,
2821 5548 2942 5619 qui,
2978 5549 3201 5602 omissa
3231 5545 3606 5619 dexter-31,161?-

1935 5614 2070 5672 vam
2112 5618 2299 5672 solam
2343 5619 2417 5672 ad
2465 5614 2859 5674 ministerium
2894 5614 3192 5674 adhibent.
3231 5616 3378 5671 Vide
3406 5614 3588 5670 Cone.

1939 5689 2084 5744 Lab.
2106 5693 2246 5744 tom.
2280 5689 2352 5758 II,
2385 5705 2521 5760 pag.
2553 5688 2678 5744 951.

2009 5761 2086 5832 (5)
2121 5761 2204 5832 Ita
2251 5756 2660 5832 vetfed'itnac
2683 5761 2892 5832 plures
2935 5776 3084 5816 mss.
3135 5761 3194 5832 at
3237 5758 3409 5832 Rom.
3454 5756 3597 5814 edit.

1938 5826 2076 5914 cum
2100 5831 2259 5962 aliils,
2295 5829 2426 5890 aula
2459 5826 2724 5892 caelestis
2758 5837 2850 5892 est
2890 5837 3095 5891 uterus
3122 5826 3383 5906 virginis
3425 5838 3601 5916 11138.,

1945 5919 2187 5962 Vimine
2215 5918 2288 5962 is.

1945 5918 2288 5985 virginalis.
