3936 6168
446 229 566 303 487

1015 472 1155 536 391
1204 471 1456 532 CAPUT
1496 471 1564 524 ll.

445 606 608 672 Quod
617 605 710 662 Νο
722 605 940 660 vatiani
955 606 1159 660 dicunt
1176 619 1244 659 se
1263 621 1374 659 non
1390 605 1510 676 nisi
1519 605 1708 675 lapszs
1721 619 1948 676 negare
1970 617 2119 657 com-

513 679 864 746 munionem,
885 677 993 748 [ioc
1023 692 1211 748 neque
1234 691 1360 730 cum
1396 675 1734 748 Scriptura,
1771 675 1959 748 neque
1990 689 2117 748 eum

517 765 619 802 sua
641 745 898 820 ipsorum
911 745 1183 820 doctrina
1197 761 1494 818 conguere
1517 745 1551 801 εί
1562 745 1712 818 quod
1735 745 1874 820 vero
1891 745 1956 820 di
1965 745 2114 820 vinas

511 815 828 890 potestatis
847 819 1254 890 reverentiam
1270 815 1630 890 praetexunt,
1658 817 1884 890 eoslioc
1905 816 2036 887 ipso
2055 815 2118 890 in

517 885 678 944 illam
698 905 836 944 esse
867 889 1152 959 injurias;
1179 885 1305 941 cum
1333 889 1390 959 is
1425 887 1710 958 injuriam
1749 885 1996 959 inferat,
2018 886 2116 957 qui

517 961 809 1014 creditum
831 957 954 1014 sibi
970 975 1180 1012 munus
1196 965 1294 1012 aut
1313 958 1443 1029 ejus
1453 957 1684 1029 partem
1701 957 2119 1029 nolis_e.\'erce-_

517 1047 588 1086 re
612 1047 627 1099 ;
656 1035 932 1086 caeterum
953 1029 1182 1099 ligandi
1206 1027 1690 1100 etgsolve—ndijus
1713 1027 1865 1100 quod
1896 1027 2120 1100 haeresi

520 1097 632 1174 non
659 1107 856 1174 potest
891 1097 1162 1174 attribui.
1176 1098 1434 1174 pulchre
1473 1097 1770 1174 vindicari
1806 1097 1880 1153 ab
1903 1097 2123 1174 Eccle-

518 1173 627 1237 sia,
659 1170 880 1253 'quippe
913 1187 1049 1253 quae.
1077 1171 1310 1253 Spiritu
1348 1177 1552 1225 sancto
1590 1170 1655 1226 id
1691 1171 2010 1242 acceperit,
2058 1170 2122 1223 in

529 1241 699 1316 quem
715 1241 823 1297 is‘ti
840 1241 1099 1314 superbe
1122 1241 1320 1312 agunt.

525 1383 578 1442 5.
611 1385 728 1440 Sed
756 1387 974 1457 negant
1001 1383 1096 1438 his
1127 1385 1400 1454 Oportere
1423 1383 1594 1438 reddi
1625 1381 2120 1450 communionem,

455 1475 556 1546 qui
583 1473 1068 1545 praevaricatione
1098 1472 1246 1542 lapsi
1268 1475 1425 1526 sunt.
1451 1471 1514 1526 Si
1544 1487 1724 1526 unum
1758 1473 1983 1526 tantum
2015 1470 2128 1524 cri-

453 1579 588 1618 men
620 1563 962 1633 exciperent
1005 1561 1342 1633 sacrilegii,
1395 1561 1490 1615 cui
1541 1562 1774 1616 veniam
1813 1561 2121 1632 negarent,

456 1653 602 1708 dure
631 1652 890 1723 quidem,
937 1651 1044 1705 sed
1091 1652 1288 1706 tamen
1328 1650 1546 1704 divinis
1590 1651 1816 1704 tantum
1844 1647 2124 1720 redargui

458 1741 802 1796 viderentur
849 1739 1198 1808 sententiis,
1260 1739 1702 1794 assertionibus
1759 1741 1956 1792 tamen
2001 1736 2130 1791 suis

461 1830 848 1885 convenirent
880 1844 894 1896 ;
929 1828 1216 1882 Dominus
1248 1827 1403 1882 enim
1435 1827 1659 1882 crimen
1689 1827 1916 1881 nullum
1949 1841 2131 1880 exce-

453 1919 556 1991 pit,
591 1919 693 1990 qui
723 1919 964 1988 peccata
997 1917 1237 1971 donavit
1267 1917 1480 1970 omnia.
1516 1918 1588 1970 At
1619 1932 1751 1970 cum
1782 1915 1974 1970 omnia
1997 1929 2134 1984 pec-

455 2011 582 2064 cata
611 2007 943 2062 Stoicorum
1009 2005 1086 2075 (6)
1135 2005 1387 2076 quodam
1435 2020 1597 2059 more
1648 2004 1892 2074 paribus
1930 2006 2136 2074 putent

459 2095 807 2152 aestimanda
838 2093 1167 2163 mensuris,
1221 2095 1278 2147 et
1307 2108 1476 2164 (eque
1509 2109 1643 2146 eum
1666 2093 1766 2163 qui
1797 2092 2036 2164 gallum,
2073 2093 2135 2145 ut

453 2186 634 2255 aiunt,
669 2183 1078 2256 gallinaceum,
1113 2185 1287 2252 atque
1318 2181 1483 2236 illum
1501 2181 1602 2251 qui
1623 2183 1852 2251 patrem
1875 2178 2131 2235 suffoca-

452 2273 621 2343 verit,
637 2273 920 2344 perpetuo
935 2285 1184 2326 asseran
1195 2269 1570 2324 tcoelestibus
1601 2269 1966 2324 abdicandos
1980 2284 2134 2340 mys-

454 2362 653 2431 teriis;
675 2359 970 2432 quomodo
1000 2359 1177 2414 unius
1209 2357 1475 2412 criminis
1503 2357 1795 2429 objiciunt
1815 2373 1975 2428 reos,
2000 2373 2137 2412 cum

457 2449 944 2523 indignissimum
975 2462 1114 2503 esse
1145 2463 1264 2502 non
1307 2446 1543 2518 possint
1579 2447 1656 2516 (Ἴ)
1679 2447 1852 2501 etiam
1881 2446 1994 2517 ipsi
2027 2461 2136 2501 ne-

463 2554 634 2612 gare,
670 2539 735 2592 ut
772 2551 1098 2608 paucorum
1127 2551 1301 2606 poena
1333 2535 1648 2606 perveniat
1677 2535 1749 2588 ad
1780 2535 1997 2590 multos
2025 2536 2052 2589 ‘?

529 2646 583 2700 6.
607 2643 805 2716 [Alias
839 2633 968 2713 cap.
1015 2641 1110 2714 11.]
1149 2641 1266 2697 Sed
1297 2641 1462 2696 aiunt
1499 2657 1567 2697 se
1617 2641 1868 2697 Domino
1901 2640 2134 2697 deferre

465 2733 878 2801 reverentiam,
914 2731 1009 2786 cui
1040 2731 1155 2785 soli
1184 2731 1673 2786 remittendorum
1711 2730 2024 2786 criminum
2041 2746 2143 2801 po-

460 2824 732 2880 testatem
761 2823 1091 2876 reservent.
1121 2819 1243 2874 Imo
1273 2819 1417 2873 nulli
1454 2817 1738 2890 majorem
1761 2819 2041 2891 injuriam
2055 2819 2140 2873 fa-

465 2912 647 2981 ciunt,
668 2925 841 2981 quam
865 2909 964 2980 qui
991 2907 1126 2980 ejus
1150 2907 1354 2962 volunt
1371 2907 1449 2978 (8)
1482 2907 1754 2962 mandata
1770 2907 2134 2978 rescindere,

351 3034 378 3049 --
465 2998 851 3056 commissum
887 3013 1102 3052 munus
1149 2996 1486 3051 retundere.
1537 2995 1688 3051 Nam
1739 3013 1874 3053 cum
1906 2996 2036 3067 ipse
2079 2997 2141 3051 in

465 3087 792 3160 Evangelio
810 3103 920 3142 suo
939 3085 1154 3140 dixerit
1173 3085 1458 3140 Dominus
1481 3085 1512 3140 J
1518 3101 1662 3140 esus
1679 3101 1691 3140 :
1707 3085 1984 3158 Accipite
2003 3085 2138 3157 Spi—

465 3179 650 3235 ritum
669 3182 936 3232 sanctum
957 3193 978 3240 ,ο
1013 3190 1254 3248 quorum
1275 3174 1645 3230 remiseritis
1661 3179 1922 3246 peccata,
1943 3175 2146 3230 remit—
2167 3160 2217 3222 C

539 3321 616 3390 (6)
657 3319 832 3374 Forte
877 3334 952 3372 an
992 3332 1260 3390 pugnare
1300 3317 1453 3371 inter
1502 3317 1950 3390 seuvideantur,
1985 3316 2143 3390 quod

467 3391 567 3448 hic
596 3387 872 3446 dicuntur
891 3387 1104 3460 omnia'
1125 3391 1364 3460 peccata
1395 3387 1644 3460 mqualia
1675 3403 1814 3442 esse
1861 3387 2144 3460 Novatia-

469 3465 587 3529 nis,
639 3467 694 3516 et
747 3461 903 3532 quod
950 3459 1329 3532 infi'a’iidem
1378 3459 1719 3532 referuntur
1763 3459 2144 3532 manifestum

471 3529 793 3589 discrimen
825 3533 976 3586 inter
1009 3531 1317 3600 graviores
1348 3546 1417 3584 ac
1447 3529 1702 3584 leviores
1733 3529 1939 3600 culpas
1975 3530 2146 3584 indu-

473 3619 634 3660 cere.
666 3604 884 3658 Verum
914 3600 1133 3656 ibidem
1162 3617 1280 3656 non
1303 3601 1559 3655 obscure
1591 3600 1811 3654 indicat
1843 3600 1904 3655 S.
1940 3600 2148 3655 doctor

471 3691 600 3731 eam
631 3690 807 3746 quam
828 3673 972 3746 istic
991 3675 1286 3746 memorat
1321 3673 1798 3746 responsionem,
1848 3671 2148 3746 posterio-

471 3762 603 3801 rum
632 3743 769 3799 esse
794 3745 1256 3798 Novatianorum
1279 3759 1290 3796 ε
1309 3743 1674 3813 antiquiores
1696 3747 1890 3796 autem
1911 3743 1982 3796 de
2003 3758 2147 3812 pec-

474 3819 738 3870 catorum
767 3815 1008 3885 puritate
1038 3814 1179 3885 illud
1214 3813 1506 3885 sensisse,
1539 3813 1696 3884 quod
1745 3815 1841 3867 hic
1873 3813 2143 3885 traditur.

471 3887 632 3942 Satis
663 3884 857 3940 tamen
888 3884 1192 3954 probabile
1223 3888 1314 3938 est
1344 3884 1736 3938 Novatianum
1763 3885 1954 3954 primo
1986 3884 2144 3938 insi-

473 3956 756 4012 mulatum
777 3955 946 4025 quasi
995 3956 1159 4025 paria
1206 3955 1427 4008 faceret
1457 3955 1736 4025 quaelibet
1773 3957 2032 4024 peccata,
2071 3970 2142 4010 eo

475 4027 632 4100 quod
663 4025 1014 4100 libellaticos
1037 4040 1204 4096 aeque
1226 4042 1265 4100 a_
1295 4026 1772 4100 reconciliatione
1803 4025 2146 4100 excluderet

474 4095 545 4153 ac
583 4097 1037 4160 thuriticatores,
1071 4099 1195 4150 tum
1235 4095 1516 4166 doctrinae
1554 4111 1681 4151 suae
1717 4097 2144 4166 consequentia

475 4169 779 4224 inductum
809 4170 1187 4238 peccatorum
1209 4165 1600 4238 differentiam
1631 4183 1865 4221 omnem
1890 4165 2144 4237 rejecis-

475 4256 565 4310 se,
599 4243 721 4294 tum
753 4239 927 4310 etiam
975 4242 1037 4291 ut
1085 4237 1480 4310 objectionem
1517 4237 1681 4310 illam
1713 4238 1994 4310 eluderet,
2029 4255 2143 4310 qua

473 4307 560 4366 ad'
598 4309 1027 4382 poenitentiam,
1071 4325 1204 4379 quae
1251 4307 1436 4382 lapsis
1481 4307 1553 4362 ab
1607 4324 1676 4382 e9
1707 4307 2138 4382 denegabatur,

473 4378 776 4438 adulteros
807 4378 1113 4434 admittere
1157 4378 1518 4450 arguebatur
1555 4395 1589 4432 a
1631 4378 1922 4450 Cypriano
1957 4395 1968 4434 :
2004 4395 2139 4434 cum

471 4469 616 4509 vero
665 4451 972 4520 aequalitas
1021 4450 1119 4504 illa
1160 4449 1471 4503 criminum
1519 4449 1744 4504 secutis
1777 4451 2141 4520 temporibus

474 4469 616 4509 vero
665 4469 715 4508 ae
765 4468 972 4506 uaiiias
1021 4468 1119 4504 iiia
1160 4468 1471 4503 criminum
1519 4468 1744 4504 secutis
1777 4468 2137 4520 temporibus

474 4525 652 4578 nimis
683 4468 950 4578 odiosam
981 4521 1255 4576 redderet
1285 4521 1548 4575 eamdem
1569 4525 1813 4590 sectam,
1849 4523 2137 4576 recentio-

473 4611 573 4650 res
603 4595 764 4649 illius
795 4594 1176 4664 professores
1199 4592 1364 4664 abeo
1399 4592 1670 4664 dogmate
1701 4592 1948 4647 duxisse
1979 4608 2142 4646 rece-

475 4666 750 4720 dendum.
798 4662 966 4730 Quod
1015 4679 1190 4734 porro
1221 4663 1293 4716 ad
1323 4662 1658 4734 exemplum
1706 4678 1738 4716 a
1785 4663 2045 4733 parentis
2085 4666 2144 4718 et

474 4736 963 4858 gallinaceinece
993 4733 1256 4804 petitum,
1294 4733 1436 4788 illud
1491 4735 1686 4804 ipsum
1734 4735 2144 4816 proponitura

541 4846 552 4858 .
586 4805 776 4858 Tullio
800 4823 858 4858 in
888 4807 1043 4858 Orat.
1079 4822 1184 4858 nro
1205 4806 1267 4858 L.
1287 4805 1562 4858 Murena.
1588 4809 1644 4858 et
1673 4805 1831 4858 aliud
1853 4805 1922 4858 de
1957 4807 2140 4858 patris

541 4846 552 4877 τ
586 4805 776 4859 Tullio
800 4807 858 4858 in
888 4807 1043 4860 Orat.
1072 4822 1184 4877 pro
1205 4806 1267 4859 L.
1287 4805 1562 4877 Murena,
1588 4809 1644 4858 et
1673 4805 1831 4877 aliud
1849 4805 1922 4877 de
1947 4805 2140 4877 patris

477 4876 650 4930 etiam
690 4891 757 4928 ac
789 4877 946 4930 servi
998 4875 1158 4931 caede
1207 4878 1268 4930 in
1303 4875 1606 4930 Paradoxo
1654 4877 1708 4930 3.
1751 4876 1866 4930 Sed
1899 4876 1994 4930 hic
2026 4891 2144 4930 non

477 4945 625 4999 satis
665 4945 780 5000 sibi
818 4951 1090 5000 constare
1123 4947 1354 5000 videtur
1391 4947 1521 5017 ipse
1552 4947 1800 5017 Cicero;
1842 4963 1978 5000 nam
2011 4962 2144 5000 cum

474 5018 852 5087 peccatorum
884 5017 1272 5086 aequalitatem
1307 5017 1387 5071 ibi
1424 5017 1718 5083 defendat,
1759 5018 2025 5074 conﬁteri
2053 5021 2144 5071 ta-

481 5102 616 5140 men
649 5086 900 5158 cogitur,
935 5103 1068 5140 eum
1089 5087 1191 5158 qui
1219 5091 1443 5211 patrem
1474 5090 1775 5158 occiderit,
1808 5089 1988 5144 multa
2015 5104 2146 5158 pec-

481 5173 636 5211 care.
670 5156 877 5211 Merito
905 5156 1086 5211 igitur
1115 5157 1187 5210 de
1260 5173 1327 5211 ac
1359 5159 1632 5211 oninione
1651 5160 1988 5211 Stoicorum
2019 5160 2144 5211 Ho-

477 5173 636 5282 cape.
670 5156 877 5211 Merito
905 5156 1086 5228 igitur
1109 5156 1187 5210 de
1219 5156 1327 5211 hac
1359 5159 1632 5228 opinione
1651 5156 1988 5216 Stoicorum
2018 5156 2144 5214 llo-

478 5243 544 5282 ra
569 5243 666 5282 ius
703 5244 714 5282 :

478 5243 666 5284 ratius
703 5244 714 5282 ἒ

541 5315 702 5374 Queis
728 5315 872 5377 paria
903 5329 1022 5378 esse
1047 5317 1153 5364 fere
1175 5315 1372 5376 placuit
1398 5324 1628 5378 peccata,
1662 5319 1916 5368 laborant.

539 5378 671 5428 Cum
699 5382 914 5426 ventum
941 5377 1005 5427 ad
1044 5391 1225 5426 verum
1269 5386 1350 5426 est
1382 5377 1411 5426 :7
1429 5394 1622 5429 sensus
1655 5396 1934 5444 moresque
1978 5396 2137 5444 repu-

533 5441 599 5491 Et
629 5441 767 5488 infra
799 5453 814 5488 :
1945 5444 2137 5492 lanantl

542 5444 599 5491 Et
629 5444 767 5488 intra
799 5453 814 5488 :
1945 5444 2143 5508 [gnant]

542 5503 654 5570 Nec
673 5503 850 5552 vincet
875 5503 1015 5570 ratio
1027 5503 1154 5570 hoc,
1166 5503 1494 5570 tantumdem
1525 5517 1584 5570 ac
1606 5511 1787 5570 peccet
1817 5506 2078 5570 idemque,

541 5566 642 5631 Ωιιὶ
667 5571 880 5631 teneros
901 5565 1266 5631 caulesalieni
1291 5567 1504 5631 fregerit
1537 5565 1690 5631 horti,

537 5627 604 5680 Et
623 5629 714 5692 qui
737 5634 1031 5680 nocturnus
1051 5629 1229 5680 divum
1263 5627 1416 5680 sacra
1440 5628 1640 5694 legerit,
1665 5634 1763 5680 etc.

551 5705 628 5800 (7)
651 5706 878 5772 Horum
904 5709 1226 5777 verborum
1243 5725 1377 5791 quae
1407 5708 1582 5789 paulo
1599 5709 1961 5775 intricatiora
1981 5714 2138 5796 sunt,

1831 228 1895 299 S.
1929 225 2373 306 AMBROSII.

3743 235 3838 306 488

2151 421 2208 484 Α
2231 441 2436 490 tantur
2467 436 2559 490 eis
2589 455 2606 490 :
2639 441 2698 491 et
2727 452 2966 509 quorum
3006 436 3410 508 detinueritis,
3443 437 3667 494 detenta
3693 447 3841 496 erant

2229 525 2525 596 (Joan.xx,
2559 525 2647 595 22,
2681 525 2772 597 23)
2805 541 2818 580 :
2853 525 2989 597 quis
3031 529 3124 582 est
3168 542 3310 598 ergo
3339 525 3436 597 qui
3483 528 3662 598 magis
3688 528 3843 584 hono-

2227 616 2334 682 rat,
2367 617 2564 669 utrum
2596 615 2697 686 qui
2744 615 3035 670 mandatis
3066 615 3446 686 obtemperat,
3479 630 3551 668 an
3567 615 3660 686 qui
3686 618 3844 672 resis-

2227 703 2296 756 tit
2323 705 2352 756 ξ)

2299 791 2353 859 ’7.
2396 791 2666 847 Ecclesia
2709 793 2770 846 in
2823 795 3074 864 utroque
3121 795 3321 848 servat
3377 793 3760 864 obedientiam,
3797 801 3844 851 ut

2229 884 2535 950 peccatum
2566 884 2622 936 et
2651 881 2852 952 alliget
2894 883 2953 936 et
2995 882 3264 937 relaxet:
3306 882 3556 937 haeresis
3601 882 3657 937 in
3699 884 3844 940 altero

2233 969 2496 1039 immitis,
2539 969 2597 1023 in
2629 969 2814 1024 altero
2866 970 3264 1040 inobediens;
3319 971 3446 1025 vult
3473 971 3681 1043 ligare,
3725 974 3848 1042 quod

2231 1074 2351 1112 non
2379 1059 2646 1113 resolvat
2677 1075 2690 1114 :
2725 1075 2843 1114 non
2873 1059 3000 1114 vult
3035 1059 3298 1127 solvere,
3345 1060 3503 1131 quod
3531 1059 3720 1132 ligavit
3746 1077 3759 1128 ;
3805 1062 3848 1116 in

2231 1163 2349 1218 quo
2398 1163 2465 1202 se
2517 1162 2628 1202 sua
2669 1147 2904 1202 damnat
2943 1150 3238 1204 sententia
3277 1148 3376 1219 (9).
3426 1149 3698 1203 Dominus
3733 1150 3848 1214 392

2231 1235 2388 1290 enim
2418 1251 2526 1306 par
2549 1235 2653 1307 jus
2677 1238 2734 1290 et
2763 1237 3038 1292 solvendi
3066 1253 3206 1292 esse
3235 1238 3424 1293 voluit
3453 1241 3510 1292 et
3537 1237 3851 1311 ligandi,qui

2232 1327 2546 1396 utrumque
2594 1324 2723 1395 pari
2763 1325 3098 1381 conditione
3153 1327 3427 1397 permisit
3483 1326 3590 1394 (De
3631 1325 3846 1394 Paruit,

2234 1413 2371 1467 dist.
2398 1413 2447 1482 1,
2484 1429 2609 1483 cap.
2657 1413 2909 1468 Verbum
2928 1413 3060 1485 Dei,
3081 1413 3114 1487 ἕ
3135 1415 3610 1487 Dominis).Ergo
3639 1415 3728 1487 qui
3753 1415 3849 1470 sol-

2235 1501 2410 1556 vendi
2435 1501 2540 1573 jus
2563 1517 2680 1556 non
2711 1501 2909 1573 habet,
2934 1519 3044 1558 nec
3077 1503 3298 1576 ligandi
3327 1504 3526 1560 habet.
3557 1503 3707 1560 Sicut
3734 1507 3853 1559 enim

2237 1590 2564 1646 secundum
2595 1591 2962 1646 Dominicam
2992 1594 3344 1648 sententiam
3376 1593 3509 1664 (10),
3550 1593 3644 1664 qui
3675 1593 3853 1665 ligandi

2229 1677 2336 1751 jus
2366 1679 2562 1749 habet,
2597 1681 2654 1734 et
2683 1679 2955 1734 solvendi
2997 1680 3176 1736 habet
3208 1699 3220 1736 :
3256 1683 3335 1737 ita
3374 1683 3621 1737 istorum
3648 1683 3854 1736 assertio

2239 1785 2306 1824 se
2338 1768 2524 1840 ipsam
2560 1769 2890 1840 strangulat
2917 1785 2933 1839 ;
2965 1773 3028 1824 ut
3057 1771 3196 1841 quia
3227 1771 3506 1826 solvendi
3527 1771 3637 1826 sibi
3661 1769 3750 1840 jus
3776 1785 3856 1825 ne-

2241 1860 2400 1931 gant,
2449 1873 2670 1929 negare
2715 1859 2968 1913 debeant
3011 1862 3068 1914 et
3103 1859 3352 1932 ligandi.
3401 1859 3693 1926 Quomodo
3720 1859 3859 1932 igitur

2239 1948 2436 2018 potest
2463 1947 2713 2001 alterum
2741 1946 2942 2018 licere,
2980 1947 3226 2003 alterum
3270 1965 3391 2004 non
3419 1949 3598 2004 licere
3626 1951 3652 2002 ‘?
3676 1947 3857 2014 Quibus

2243 2037 2519 2091 donatum
2550 2037 2863 2106 utrumque
2893 2039 3004 2106 est,
3039 2041 3138 2092 aut
3168 2041 3487 2110 utrumque
3517 2038 3687 2093 licere
3711 2037 3855 2091 mani-

2244 2125 2462 2180 festum
2492 2127 2603 2194 est,
2655 2127 2756 2180 aut
2783 2128 3100 2203 utrumque
3156 2143 3278 2182 non
3319 2127 3500 2182 licere
3545 2130 3746 2181 certum
3773 2128 3854 2180 est.

2245 2213 2535 2268 Ecclesiae
2565 2217 2880 2286 utrumque
2912 2213 3049 2270 licet
3063 2215 3198 2287 (11),
3221 2216 3447 2271 haeresi
3468 2219 3756 2286 utrumque
3774 2229 3859 2268 non

2244 2303 2418 2372 licet;
2444 2301 2547 2374 jus
2580 2301 2735 2356 enim
2757 2303 2892 2374 thoc
2923 2303 3071 2358 solis
3103 2305 3468 2375 permissum
3507 2303 3859 2360 sacerdotibus

2246 2395 2358 2447 est.
2397 2393 2577 2446 Recte
2605 2391 2788 2464 igitur
2813 2391 2928 2446 hoc
2976 2391 3247 2448 Ecclesia
3267 2393 3548 2462 vindicat,
3580 2409 3702 2464 quae
3722 2406 3857 2446 veros

2247 2481 2592 2536 sacerdotes
2623 2480 2799 2534 habet
2828 2481 2942 2552 (12)
2977 2497 2989 2536 :
3024 2481 3279 2537 haeresis
3319 2483 3619 2536 vindicare
3653 2497 3756 2536 non
3779 2495 3860 2550 po-

2247 2573 2382 2640 test,
2425 2585 2558 2641 quae
2604 2569 2948 2624 sacerdotes
2993 2569 3100 2624 Dei
3145 2587 3266 2626 non
3312 2571 3509 2626 habet.
3558 2569 3682 2625 Non
3709 2568 3861 2622 vindi-

2251 2659 2438 2713 cando
2471 2661 2664 2712 autem
2693 2658 2821 2729 ipsa
2854 2659 2926 2713 de
2957 2674 3026 2714 se
3055 2660 3429 2730 pronuntiat,
3470 2659 3622 2730 quod
3651 2675 3764 2713 cum
3788 2673 3862 2710 sa-

2252 2749 2524 2804 cerdotes
2545 2763 2664 2802 non
2693 2746 2924 2817 habeat,
2951 2747 3056 2819 jus
3079 2747 3196 2803 sibi
3225 2747 3532 2803 vindicare
3563 2763 3671 2802 non
3697 2745 3861 2800 debeat

2253 2836 2641 2892 sacerdotale.
2683 2837 2765 2890 Ita
2817 2837 3138 2907 impudenti
3199 2837 3569 2893 contumacia
3604 2835 3862 2908 pudentem

2252 2917 2551 2972 cernimus
2584 2915 3048 2972 confessionem.

2323 2999 2376 3054 8.
2401 2997 2613 3068 Specta
2635 2997 2808 3052 etiam
2829 2995 2993 3064 illud,
3019 2996 3294 3067 quoniam
3328 2997 3432 3069 qui
3452 2995 3715 3068 Spiritum
3735 3007 3864 3048 sanc-

2255 3091 2377 3142 tum
2407 3086 2652 3155 accepit,
2705 3086 2762 3138 et
2802 3083 3075 3140 solvendi
3119 3086 3349 3155 peccati
3395 3087 3724 3156 potestatem
3749 3085 3794 3136 et
3817 3081 3866 3133 li-

2255 3175 2434 3249 gandi
2456 3173 2700 3244 accepit.
2719 3173 2816 3228 Sic
2837 3174 2993 3228 enim
3017 3175 3311 3246 scriptum
3343 3177 3436 3229 est
3461 3191 3474 3228 :
3497 3173 3747 3244 Accipite
3764 3169 3866 3241 Spi-

2157 1800 2207 1862 Β

2254 3316 2527 3392 hic__ord_o
2559 3319 2650 3392 est
2683 3332 2694 3371 :
2740 3333 2864 3371 cum
2913 3317 3032 3388 ipsi
3070 3316 3248 3371 etiam
3286 3332 3512 3392 negare
3549 3331 3655 3370 non
3679 3311 3864 3392 possint

2257 3389 2736 3460 indignissimum
2784 3381 2949 3460 esse,
2967 3381 3390 3460 utpaucorum,
3417 3381 3702 3460 lapsorum
3738 3381 3860 3437 scili-

2257 3463 2367 3529 cet,
2389 3457 2570 3532 pmiia
2601 3459 2919 3541 perveniat
2955 3457 3283 3529 ad'multos,
3330 3457 3538 3529 nempe
3565 3457 3631 3512 ad
3665 3467 3863 3528 quorum

2230 3546 2509 3601 'cumque
2541 3545 2851 3601 criminum
2880 3545 3040 3601 reos.

2327 3593 2614 3671 (8)'Rom.
2645 3600 2786 3674 edit.
2827 3600 2972 3674 sola,
3011 3617 3178 3674 quam
3215 3601 3275 3655 ei
3307 3599 3703 3674 cuiusrolunt.
3730 3593 3859 3660 Male,

2256 3669 2391 3728 cum
2420 3671 2778 3743 antecedens
2815 3670 2960 3725 nulli
2991 3669 3110 3726 non
3138 3672 3198 3726 in
3225 3669 3400 3728 tertio
3434 3669 3704 3743 singulari
3731 3680 3858 3743 casu,

2255 3745 2364 3798 sed
2393 3743 2453 3797 in
2484 3743 2671 3814 primo
2703 3742 2914 3813 plurali
2965 3743 3223 3814 positum
3266 3743 3366 3813 sit,
3402 3746 3482 3813 ut,
3533 3737 3735 3796 clarum
3783 3737 3864 3790 erit

2255 3814 2630 3870 examinanti.

2323 3885 2400 3954 (9)
2435 3885 2582 3938 Mss.
2615 3884 2860 3957 aliquot,
2891 3900 2957 3940 se
2981 3901 3258 3957 suamque
3282 3885 3521 3940 damna!
3541 3879 3858 3938 sententiam.

2253 3957 2450 4010 Minus
2482 3956 2808 4010 commode.

2323 4026 2436 4096 (10)
2452 4026 2620 4098 Sicut
2635 4027 2810 4098 enim.
2823 4069 2835 4081 .
2847 4068 2860 4081 .
2874 4033 2946 4098 et
2961 4026 3236 4082 solvendi
3251 4027 3454 4089 liabet,
3471 4017 3861 4098 iniussrLaudp

2252 4092 2426 4154 Sorbi
2459 4101 2516 4152 et
2547 4097 2724 4152 Mich.
2757 4097 3188 4166 desiderantur,
3209 4114 3398 4153 sensu
3411 4096 3588 4151 nihilo
3604 4092 3849 4166 deteriori.

2325 4170 2436 4242 (11)
2468 4169 2547 4242 Ita
2576 4169 2708 4223 Gill.
2743 4184 2813 4242 ac
2833 4185 2990 4242 mss.
3025 4162 3232 4242 omnes
3265 4173 3484 4242 praeter
3512 4166 3692 4222 Albin.
3721 4162 3852 4242 duos,

2253 4231 2356 4294 ubi
2394 4231 2671 4311 legitur”:
2731 4239 2954 4304 Quibus
3009 4231 3302 4311 donatuni
3337 4246 3634 4310 utrumque
3670 4239 3764 4299 est,
3803 4231 3858 4311 ¹ει

2255 4303 2560 4382 utrumque
2598 4303 2800 4382 licere
2821 4317 3047 4366 certum
3089 4316 3221 4382 est.
3245 4303 3856 4382 Ecclesiae-antennae.

2251 4381 2490 4436 Amerb.
2510 4396 2656 4454 vero
2679 4384 2736 4436 et
2758 4381 2926 4436 Eras.
2955 4399 2966 4435 :
2993 4381 3060 4436 Si
3101 4381 3449 4454 quibusdam
3470 4381 3655 4434 datum
3679 4382 3859 4454 utrum:

2293 4469 2360 4507 ue
2384 4459 2474 4524 est
2497 4451 2701 4515 licere,
2728 4458 2825 4505 aut
2851 4443 3156 4524 utruque
3181 4469 3292 4508 non
3313 4453 3497 4506 licere
3520 4469 3538 4506 :
3563 4454 3764 4503 certum
3791 4443 3858 4524 ei!

2293 4470 2360 4507 ue
2384 4470 2474 4507 csa
2497 4470 2701 4515 licere,
2728 4470 2825 4505 auc
2851 4470 3156 4524 uirumque
3181 4470 3292 4508 non
3313 4470 3497 4506 licere
3520 4470 3538 4506 :
3563 4470 3764 4503 cei-ium
3791 4470 3856 4518 ca}

2250 4470 2546 4578 gcclesiae
2569 4529 2876 4595 utrumque
2911 4522 3122 4595 licere,
3139 4524 3374 4595 haeresi
3395 4529 3684 4595 utrumque
3702 4529 3794 4570 non
3809 4509 3861 4563 li-

2253 4611 2410 4648 cere.
2437 4596 2510 4648 At
2545 4595 2712 4649 Rom.
2749 4594 2868 4648 edit
2899 4594 3026 4648 sola
3061 4609 3073 4648 :
3114 4594 3340 4659 Quibus
3369 4594 3578 4660 datum,
3605 4594 3855 4654 utrumque

2252 4681 2366 4720 non
2383 4665 2571 4719 licere
2593 4670 2818 4718 certum
2848 4671 2960 4733 est,
2987 4669 3122 4734 etc.,
3162 4669 3223 4720 ut
3254 4665 3494 4719 Amerb.

2321 4736 2436 4806 (12)
2460 4735 2612 4790 Edit.
2645 4737 2748 4808 ult.
2776 4724 2986 4808 Parisi,
3023 4724 3147 4808 quia
3188 4751 3366 4790 verus
3393 4732 3669 4808 sacerdos
3687 4724 3846 4808 liabet.

2253 4799 2476 4862 Hauc'is
2506 4823 2648 4861 vero
2681 4799 3009 4878 interjectis
3031 4799 3166 4876 'pro
3196 4806 3540 4878 sacerdotes
3565 4802 3686 4859 Dei.
3715 4799 3846 4878 Rem:

2251 4878 2388 4932 edit.
2425 4894 2557 4932 cum
2574 4893 2683 4932 ms.
2717 4865 2950 4932 duobus
2974 4865 3168 4948 habet,
3189 4877 3532 4933 sacerdotes
3558 4885 3730 4928 veros.
3753 4865 3850 4942 Ηρο

2249 4953 2444 5003 autem
2476 4949 2606 5004 loco
2647 4949 3001 5003 Ambrosius
3036 4950 3096 5003 in
3124 4948 3590 5003 adversariorum
3618 4951 3849 5009 supposi-

2251 5019 2408 5074 tione
2438 5019 2747 5094 disputans
2778 5020 2923 5074 nihil
2953 5019 3112 5094 aliud
3149 5021 3340 5087 docet,
3373 5005 3846 5094 nisi_saccrddlal_ej

2251 5095 2416 5145 actus
2439 5087 2854 5160 episcoporum
2876 5091 3430 5161 presbyterorumve
3453 5087 3849 5162 Novatianorutn

2251 5156 2493 5216 illicitos
2522 5156 2662 5216 esse
2682 5177 2696 5229 ς
2719 5156 2973 5216 validam
3003 5156 3160 5216 enim
3191 5163 3452 5232 ipsorum
3480 5156 3752 5232 exstitisse
3772 5160 3850 5232 ¹οςο

2251 5233 2609 5288 dinationem
2639 5217 2846 5288 Patres
2889 5233 3068 5288 Conc.
3103 5217 3331 5287 Niciieni
3368 5247 3490 5286 can.
3535 5229 3583 5299 8,
3613 5238 3714 5278 non
3741 5217 3850 5299 ubs-

2253 5319 2394 5376 cure
2425 5303 3358 5376 significarunt;quandoquidem
3375 5289 3596 5376 clericis
3618 5289 3844 5376 omnibus

2251 5375 2324 5428 ab
2356 5359 2560 5429 eadem
2579 5375 2794 5429 haeresi
2809 5359 2882 5428 ad
2901 5359 3232 5429 Ecclesium
3253 5359 3844 5442 redeuntibusgi‘aduu}

2253 5461 2429 5500 suum
2471 5450 2646 5517 atque
2693 5446 2962 5500 ordinem
3000 5445 3262 5500 decrevit
3291 5436 3746 5517 conservandum.

2253 5532 2398 5593 ergo
2447 5495 2794 5572 sacbrdotes
2847 5517 3262 5573 haereticorum
3313 5514 3434 5570 veri
3471 5495 3844 5593 negantlif‘i

2259 5572 2440 5665 vulgo
2472 5603 2772 5665 negamus
2804 5596 3022 5665 verum
3039 5603 3178 5647 esse
3227 5572 3441 5665 regem,
3473 5572 3574 5662 qui
3597 5591 3701 5639 non
3723 5572 3845 5644 Ιθεί·

2257 5659 2396 5722 time
2424 5659 2608 5722 utitur
2635 5675 2746 5722 sua
2772 5661 3085 5739 potestate.

2166 4521 2214 4578 D
