4024 6176
282 344 367 414 489
1476 344 1588 414 DE
1619 342 1893 416 PCENIT

2019 346 2165 416 ΤῙΑ
2197 346 2353 417 LIB.
2392 349 2442 417 Ῐ.

3558 360 3681 425 490

265 551 424 620 ritum,
445 554 723 618 sanetam,
745 563 986 622 quorum
1017 550 1389 605 remiseritis
1405 559 1670 623 peccata,
1700 554 1904 608 remit-
1937 534 1989 597 Α
2010 558 2250 625 peccata
2272 542 2604 627 majoribus
2619 558 3006 614 sustentanda
3022 559 3231 616 tuleris
3245 560 3446 616 docuit
3457 559 3676 617 Christi

264 644 445 692 tantur
460 659 479 691 :
499 643 555 692 et
573 653 813 710 quorum
827 638 1234 709 delinuerilis,
1256 641 1496 695 detenta
1516 649 1690 696 erunt
1712 642 1902 711 (Joan.

259 743 345 796 xx,
368 726 451 796 22,
475 726 583 796 23).
616 725 777 799 Ergo
809 728 908 798 qui
939 728 1173 782 solvere
1206 745 1321 783 non
1352 732 1546 800 potest
1574 732 1901 800 peccatum,

256 831 359 870 non
379 814 550 870 habet
574 814 857 886 Spiritum
880 820 1169 871 sanetum.
1196 818 1412 873 Munus
1442 818 1695 889 Spiritus
1713 814 1904 873 sancti

255 907 334 959 est
363 904 617 959 ofﬁcium
646 904 1004 975 sacerdotis,
1032 905 1136 976 jus
1184 910 1381 961 autem
1428 907 1683 978 Spiritus
1712 907 1901 962 sancti

252 993 304 1047 in
332 992 630 1048 solvendis
670 992 1049 1065 ligandisque
1073 994 1423 1050 criminibus
1445 1000 1537 1050 est
1561 1012 1576 1064 ;
1606 997 1902 1068 quomodo

248 1081 415 1153 igitur
441 1097 655 1138 munus
677 1080 813 1154 ejus
835 1082 1155 1151 vindicant,
1181 1084 1255 1138 de
1277 1083 1452 1155 cujus
1476 1084 1751 1139 difﬁdunt
1768 1085 1903 1157 jure

244 1174 293 1225 et
316 1173 594 1241 potestate
614 1172 644 1226 ε)
1171 1238 1185 1255 ι

308 1260 357 1314 9.
389 1257 753 1332 Quidlquod
784 1259 1206 1317 insolentiores
1256 1265 1414 1318 sunt.
1462 1262 1613 1317 Nam
1658 1279 1792 1317 cum
1826 1262 1897 1317 ad

248 1348 701 1404 misericordiam
732 1351 1059 1422 promptior
1088 1367 1263 1423 quam
1312 1352 1385 1406 ad
1416 1351 1791 1407 severitatem
1824 1352 1902 1406 sit

247 1438 485 1508 Spiritus
524 1438 672 1508 Dei;
719 1440 877 1511 quod
925 1439 1006 1494 ait
1048 1455 1115 1494 se
1164 1440 1338 1510 velle,
1372 1441 1428 1495 id
1466 1440 1707 1497 nolunt:
1741 1441 1899 1513 quod

248 1525 407 1597 nolle,
438 1526 555 1583 hoc
587 1531 809 1601 agunt;
842 1543 976 1582 cum
1007 1528 1312 1584 vindicare
1335 1528 1560 1600 judicia
1592 1530 1688 1601 sit,
1711 1530 1904 1585 remit-

245 1620 354 1671 tere
394 1616 828 1672 misericordis.
861 1616 1256 1672 Tolerabilius
1307 1617 1507 1690 igitur,
1550 1619 1896 1691 Novatiane.

241 1705 559 1761 remitteres
607 1721 785 1778 quam
812 1704 1074 1778 ligares;
1121 1706 1277 1761 aliud
1310 1708 1464 1762 enim
1505 1692 1677 1779 q'uasi
1706 1708 1898 1763 delin-

240 1794 441 1866 quendi
461 1810 684 1867 parcus
716 1794 829 1866 (18)
861 1810 1209 1867 usurpares,
1233 1795 1391 1851 aliud
1423 1797 1593 1869 quasi
1618 1813 1899 1853 aerumnae

239 1897 582 1955 compassus
612 1884 985 1957 ignosceres.

768 2034 917 2101 393
956 2044 1208 2101 CAPUT
1249 2045 1342 2101 Ill.

234 2202 436 2261 Iisdem
458 2206 828 2278 Novatianis
847 2207 1076 2261 veniam
1095 2206 1486 2278 gravioribus
1517 2213 1740 2263 tantum
1769 2209 1895 2264 eri-

293 2278 555 2352 minibus
573 2277 684 2352 abs
699 2293 767 2333 se
787 2270 1081 2352 denegari
1095 2270 1547 2352 opponentibus,
1575 2280 1897 2352 respondet

294 2348 356 2404 S.
388 2349 617 2422 Doctor
644 2349 755 2403 hac
782 2348 1082 2422 sententia
1117 2348 1191 2422 ab
1224 2349 1352 2422 illis
1381 2356 1563 2405 seetse
1586 2348 1897 2422 parentem

294 2435 504 2475 rursus
536 2420 834 2489 damnari,
868 2426 928 2475 et
942 2418 1185 2495 aliendi
1210 2420 1521 2495 ipsummet
1551 2418 1756 2495 Deum,
1802 2423 1902 2495 qui

286 2498 666 2562 peccatorum
684 2491 1078 2565 quorumlibet
1108 2491 1605 2565 remittendorum
1626 2492 1774 2548 fecit
1789 2491 1897 2565 po-

294 2570 606 2644 testatemg
636 2562 746 2617 sed
765 2562 1092 2644 maioribus
1112 2562 1355 2619 delictis
1375 2565 1656 2644 majorem
1679 2562 1900 2644 quoque

284 2635 699 2708 paenitentiam
730 2634 1127 2689 adhibendam
1157 2651 1313 2708 esse.
1348 2634 1784 2708 AcUicitautem
1799 2634 1895 2708 ip-

291 2721 387 2780 sos
398 2706 460 2759 in
472 2706 590 2760 hoc
605 2721 719 2780 per
729 2721 936 2780 versos
951 2721 1089 2760 sese
1096 2706 1396 2780 praebere,
1405 2706 1555 2780 quod
1566 2706 1900 2780 huiusmodi

290 2775 619 2834 culparum'
647 2775 958 2831 distinctio
1005 2775 1361 2832 severitatis
1412 2775 1727 2832 materiam
1774 2778 1900 2834 Deo

291 2846 627 2920 relinquat.-
678 2846 844 2920 ciu'us
880 2848 1357 2920 misericordiam
1387 2849 1451 2902 in
1480 2850 1896 2905 incarnatione

293 2918 528 2974 Christi
542 2918 693 2975 adeo
711 2918 1075 2974 mirabiliter
1090 2920 1438 2975 emicantem
1452 2920 1683 2975 imitari
1699 2920 1897 2977 detre-

290 2995 467 3046 ctant.

291 3150 374 3205 10.
388 3149 510 3207 Sed
533 3150 702 3205 aiunt
723 3166 809 3221 se,
832 3150 1101 3222 exceptis
1122 3150 1503 3225 gravioribus
1522 3151 1895 3225 criminibus,

229 3238 484 3296 relaxare
504 3240 749 3296 veniam
777 3240 1126 3296 levioribus.
1146 3241 1279 3297 Non
1301 3241 1415 3297 hoc
1438 3243 1676 3314 quidem
1694 3247 1902 3298 auctor

226 3330 393 3385 vestri
438 3329 674 3386 erroris
722 3328 1091 3386 Novatianus
1121 3330 1256 3402 (14),
1289 3332 1389 3404 qui
1437 3331 1657 3387 nemini
1704 3333 1897 3404 poeni-

227 3419 450 3474 tentiam
467 3417 730 3475 dandam
751 3420 975 3492 putavit
998 3435 1013 3490 ;
1046 3435 1115 3474 ea
1137 3419 1366 3475 scilicet
1384 3420 1895 3493 contemplatione,

227 3509 457 3581 utquod
490 3509 630 3580 ipse
660 3524 781 3565 non
811 3512 1021 3581 posset
1051 3509 1309 3579 solvere,
1360 3525 1479 3565 non
1506 3509 1771 3583 ligarat;
1820 3527 1894 3567 ne

227 3594 451 3669 ligando
484 3598 726 3670 sperari
758 3614 791 3652 a
822 3614 888 3653 se
919 3597 1141 3653 faceret
1169 3598 1546 3654 solutionem.
1579 3597 1643 3654 In
1674 3615 1744 3655 eo
1776 3600 1894 3673 igi-

225 3688 311 3740 tur
353 3690 591 3760 patrem
639 3689 905 3742 vestrum
955 3688 1192 3760 propria
1242 3688 1533 3744 damnatis
1582 3690 1893 3761 sententia,

227 3776 315 3847 qui
344 3777 794 3833 distinctionem
814 3781 1192 3849 peccatorum
1211 3776 1424 3847 facitis,
1445 3793 1578 3850 quae
1611 3779 1895 3834 solvenda

225 3879 254 3917 a
278 3865 445 3922 vobis
477 3865 729 3937 putetis,
766 3870 821 3921 et
851 3882 983 3938 quae
1014 3866 1144 3921 sine
1176 3867 1438 3923 remedio
1469 3883 1608 3923 esse
1637 3868 1893 3923 arbitre-

225 3953 386 4010 mini:
420 3957 537 4011 sed
564 3955 725 4010 Deus
752 3955 1191 4010 distinctionem
1224 3972 1341 4011 non
1374 3956 1532 4026 facit,
1567 3957 1669 4029 qui
1717 3958 1895 4013 mise-

225 4041 534 4100 ricordiam
584 4060 754 4100 suam
801 4045 1075 4116 promisit
1132 4046 1431 4116 omnibus,
1480 4050 1537 4101 et
1593 4046 1894 4102 relaxandi

225 4128 508 4189 licentiam
567 4134 981 4190 sacerdotibus
1031 4135 1162 4190 suis
1207 4135 1338 4191 sine
1387 4135 1506 4191 ulla
1545 4136 1893 4207 exceptione

228 4224 523 4279 concessit
555 4222 669 4293 (De
696 4223 921 4279 Pwnit.
953 4222 1091 4279 dist.
1134 4224 1187 4295 1,
1229 4241 1356 4296 cap.
1406 4225 1610 4297 Deus).
1643 4226 1760 4281 Sed
1791 4227 1893 4298 qui

228 4310 447 4382 culpam
477 4312 962 4385 exaggeraverit,
1008 4317 1335 4386 exaggeret
1377 4315 1551 4369 etiam
1599 4315 1892 4387 poeniten-

221 4398 376 4470 tiam;
425 4400 661 4474 majora
705 4401 861 4457 enim
911 4402 1158 4457 crimina
1195 4402 1526 4475 majoribus
1568 4403 1883 4460 abluuntur

227 4486 472 4546 ﬂetibus.
507 4491 595 4545 Ita
644 4506 756 4546 nec
787 4491 1153 4547 Novatianus
1193 4492 1495 4563 probatur,
1528 4493 1629 4565 qui
1660 4493 1892 4549 veniam

226 4574 554 4635 interclusit
580 4580 859 4635 omnibus
884 4596 897 4636 :
941 4596 1050 4635 nec
1077 4597 1189 4636 vos
1221 4582 1545 4637 imitatores
1575 4582 1690 4654 (15)
1719 4583 1888 4654 ejus-

2010 644 2438 700 misericordia.

2082 732 2171 787 11.
2222 733 2366 798 Quae
2428 738 2620 789 autem
2672 735 2783 790 ista
2831 739 3197 808 perversitas
3239 741 3350 807 est,
3395 741 3460 795 ut
3502 739 3678 795 vobis

2008 822 2322 877 vindicetis
2368 824 2681 894 possibilia
2725 841 3058 882 concessu:
3109 828 3229 881 Deo
3276 828 3411 897 (16),
3456 832 3517 883 ut
3562 829 3676 900 ipsi

2010 909 2227 981 dicitis,
2262 912 2658 983 impossibilia
2699 916 3071 969 reservetis?
3113 916 3237 970 lloc
3271 920 3363 970 est
3410 918 3527 971 sibi
3567 919 3678 973 eli-

2011 1016 2154 1072 gere
2202 1016 2418 1055 causas
2461 1002 2835 1074 ignoscendi,
2880 1004 3001 1059 Deo
3042 1005 3349 1059 materiam
3392 1005 3679 1061 saeviendi

2010 1088 2369 1161 relinquere.
2406 1090 2476 1145 Et
2504 1091 2605 1146 ubi
2626 1096 2716 1147 est
2748 1092 2920 1148 illud:
2951 1094 3048 1148 Sit
3077 1099 3270 1148 autem
3300 1093 3461 1149 Deus
3493 1111 3681 1150 verax

2008 1179 2198 1232 omnis
2229 1185 2422 1234 autem
2452 1181 2618 1236 homo
2652 1182 2925 1253 mendax,
2956 1183 3110 1237 sicut
3140 1184 3428 1255 scriptum
3445 1190 3569 1237 est:
3595 1190 3675 1253 ut,

1997 1266 2362 1338 justi/iceris
2383 1271 2444 1323 in
2458 1270 2986 1341 scrmonibustuis,
3011 1276 3069 1326 et
3089 1272 3293 1342 vigens
3313 1270 3680 1344 eumjadica-

2015 1356 2107 1411 ris
2132 1357 2323 1427 (Rom.
2358 1374 2437 1426 Ill,
2472 1358 2574 1427 4)?
2606 1358 2682 1414 Ut
2710 1375 3112 1432 agnoscamus
3142 1361 3323 1434 igitur
3353 1362 3537 1417 Deum
3567 1362 3680 1416 mi-

2011 1446 2356 1501 sericordiae
2388 1447 2581 1519 magis
2603 1449 3005 1521 indulgentem
3025 1465 3185 1520 esse,
3205 1466 3379 1522 quam
3398 1452 3682 1507 severita-

2012 1535 2087 1589 tis
2133 1537 2422 1605 tenacem,
2470 1536 2598 1608 ipse
2646 1538 2751 1592 ait:
2804 1537 3292 1595 Misericordiam
3328 1540 3480 1596 malo
3514 1556 3681 1614 quam
3732 1598 3735 1599 ν

2011 1624 2370 1679 sacrificium
2401 1625 2598 1693 (Osee.
2631 1643 2709 1697 γι,
2741 1626 2819 1698 6).
2850 1626 3156 1692 Quomodo
3193 1629 3378 1701 igitur
3413 1633 3679 1686 vestrum

2011 1716 2206 1784 potest
2263 1718 2567 1786 acceptum
2622 1731 2763 1771 esse
2810 1717 3167 1773 sacriﬁcium
3215 1719 3358 1788 Deo,
3406 1721 3507 1791 qui
3568 1735 3697 1775 ne--

2011 1803 2167 1874 gatis
2222 1804 2739 1876 misericordiam;
2810 1822 2945 1861 cum
3002 1807 3132 1878 ipse
3187 1808 3343 1862 dicat
3399 1808 3554 1863 nolle
3611 1824 3680 1864 se

1935 1896 2262 1977 Bmortem
2336 1894 2690 1965 peccatoris,
2761 1895 2868 1951 sed
2926 1897 3355 1952 correctionem
3428 1897 3677 1967 (Ezech.

2012 1999 2176 2052 xvm,
2199 1981 2333 2053 32)?

2082 2070 2170 2126 1‘2.
2219 2069 2408 2144 Cujus
2452 2071 2747 2144 interpres
2791 2074 3113 2145 Apostolus
3161 2075 3276 2131 ait:
3331 2074 3478 2142 Quia
3519 2075 3683 2131 Dens

2014 2164 2070 2220 F
2066 2164 2230 2221 ilium
2242 2182 2408 2220 suum
2419 2167 2667 2222 mittens
2677 2167 2739 2221 in
2753 2168 3203 2223 similitudinem
3215 2170 3420 2224 carnis
3422 2171 3675 2242 peccati,
3688 2194 3693 2203 ν

2011 2260 2069 2309 et
2093 2244 2168 2309 de
2182 2261 2427 2327 peccato
2440 2255 2650 2310 damna
2660 2262 2745 2310 Vit
2757 2262 3061 2328 peccatum
3074 2257 3136 2312 in
3154 2272 3368 2323 carne;
3389 2258 3681 2331 utjustili-

2011 2344 2167 2398 catio
2186 2344 2368 2415 Legis
2388 2344 2742 2417 impleretur
2759 2347 2819 2400 in
2841 2346 3213 2416 nobis(Rom.
3228 2362 3350 2417 vm,
3373 2347 3428 2417 3,
3453 2348 3527 2416 4).
3543 2348 3680 2403 Non

2010 2433 2069 2487 in
2119 2432 2565 2489 similitudinem
2608 2435 2807 2490 carnis
2850 2435 2967 2490 ait:
3021 2435 3160 2507 quia
3203 2435 3479 2492 Christus
3523 2436 3681 2492 veri-

2008 2525 2186 2578 tatem
2219 2523 2485 2595 suscepit
2508 2524 2705 2579 carnis
2736 2524 3029 2595 humanae,
3054 2541 3172 2580 non
3203 2525 3675 2582 similitudinem:

2009 2626 2202 2684 neque
2233 2613 2293 2666 in
2325 2613 2769 2669 similitudinem
2801 2614 3026 2686 peccati
3077 2616 3176 2685 ait,
3211 2615 3347 2686 quia
3375 2619 3682 2687 peccatum

2010 2717 2129 2756 non
2162 2700 2320 2773 fecit,
2352 2703 2460 2758 sed
2491 2706 2799 2774 peccatum
2843 2719 2953 2774 pro
2981 2703 3156 2759 nobis
3188 2702 3382 2761 factus
3409 2708 3535 2761 est:
3571 2706 3680 2763 sed

2009 2791 2171 2845 venit
2203 2791 2266 2845 in
2296 2791 2751 2848 similitudinem
2772 2793 2979 2849 carnis
2993 2794 3227 2865 peccati
3244 2793 3332 2864 (ll
3351 2793 3487 2850 Cor.
3520 2812 3578 2865 v,
3601 2795 3680 2866 2),

2009 2878 2123 2935 hoc
2141 2883 2251 2950 est,
2277 2881 2543 2952 suscepit
2560 2881 2673 2952 (17)
2695 2881 3138 2938 similitudinem
3171 2883 3369 2940 carnis
3390 2884 3682 2955 peccatri-

2012 2966 2143 3038 cis;
2191 2958 2343 3025 894
2374 2969 2507 3025 ideo
2540 2969 3006 3042 similitudinem,
3057 2972 3194 3044 quia
3234 2973 3523 3043 scriptum
3551 2976 3681 3029 est:

2009 3056 2091 3111 Et
2113 3057 2282 3113 homo
2296 3063 2409 3128 est,
2446 3066 2504 3114 et
2527 3059 2659 3132 quis
2679 3066 2958 3132 agnoscet
2990 3077 3117 3116 eum
3139 3061 3384 3131 (Jerem.
3410 3078 3553 3133 xvn,
3576 3061 3682 3133 9)?

2013 3145 2204 3202 Homo
2235 3150 2359 3202 erat
2389 3149 2448 3203 in
2471 3164 2646 3204 carne
2670 3151 2997 3205 secundum
3030 3151 3347 3222 hominem,
3373 3151 3474 3224 qui
3495 3168 3680 3225 agno-

2009 3240 2281 3293 sceretur
2327 3235 2473 3310 (18):
2526 3238 2742 3294 virtute
2799 3254 2983 3311 supra
3037 3239 3354 3311 hominem,
3406 3240 3509 3313 qui
3564 3256 3684 3297 non

2009 3328 2440 3399 agnosceretur
2467 3327 2542 3382 ita
2578 3330 2634 3382 et
2663 3327 2761 3383 hic
2792 3344 3028 3384 carnem
3059 3328 3236 3385 habet
3264 3333 3547 3402 nostram,
3573 3328 3683 3387 sed

2009 3416 2207 3471 carnis
2240 3414 2423 3487 hujus
2453 3416 2593 3471 vitia
2625 3433 2740 3472 non
2773 3417 2969 3473 habet.

2081 3504 2168 3560 13.
2205 3504 2338 3561 Non
2386 3506 2541 3561 enim
2586 3507 2739 3561 sicut
2786 3508 2980 3562 omnis
3028 3507 3205 3564 homo
3256 3512 3367 3578 est,
3414 3525 3491 3566 ex
3523 3506 3680 3566 virili

2009 3597 2133 3651 erat
2167 3597 2225 3649 et
2248 3594 2497 3650 feminea
2522 3596 2906 3667 permistione
2941 3601 3297 3669 generatus:
3352 3600 3461 3655 sed
3507 3605 3681 3656 natus

2009 3684 2081 3739 de
2130 3683 2350 3755 Spiritu
2401 3690 2608 3740 sancto
2666 3689 2723 3740 et
2769 3686 2840 3740 de
2894 3686 3140 3760 Virgine
3184 3687 3423 3759 (Matth.
3476 3707 3515 3759 ι,
3563 3692 3675 3760 20),

2008 3772 2445 3828 immaculatum
2491 3790 2710 3846 corpus
2750 3779 3117 3848 susceperat,
3150 3777 3308 3849 quod
3340 3793 3456 3833 non
3486 3779 3680 3835 solum

2006 3860 2170 3918 nulla
2201 3864 2339 3918 vitia
2372 3863 2830 3936 maculavcront,
2869 3866 2977 3920 sed
3007 3881 3115 3920 nec
3148 3868 3549 3939 generationis
3580 3871 3679 3924 aut

2010 3952 2418 4024 conceptionis
2486 3952 2785 4009 concretio
2851 3953 3141 4027 injuriosa
3197 3956 3534 4013 fuscaverat
3591 3957 3675 4028 (S.

2005 4046 2161 4115 Aug.
2191 4042 2294 4098 lib.
2335 4059 2395 4109 ll,
2445 4049 2635 4097 contr.
2687 4043 2802 4099 Jul.
2854 4043 3087 4118 Pelag.,
3132 4043 3192 4100 in
3221 4048 3411 4117 princ.
3438 4050 3496 4102 et
3535 4047 3675 4118 ilu.;

2004 4134 2107 4188 lib.
2152 4150 2190 4186 ιι
2222 4132 2298 4187 de
2341 4132 2481 4186 Pec.
2527 4133 2705 4204 orig.,
2744 4149 2795 4188 c.
2834 4133 2938 4206 40;
2972 4136 3029 4189 et
3069 4133 3109 4189 l.
3162 4151 3240 4206 iv,
3285 4143 3491 4191 contra
3531 4136 3679 4191 duas

2003 4222 2200 4295 Epist.
2236 4221 2371 4276 Pet.
2397 4238 2449 4277 c.
2476 4221 2586 4293 11).
2608 4221 2755 4276 Nam
2778 4237 2986 4278 omnes
3004 4222 3277 4279 homines
3298 4223 3412 4279 sub
3430 4229 3671 4296 peccato

2004 4312 2326 4382 nascimur,
2378 4326 2631 4384 quorum
2683 4311 2812 4383 ipse
2862 4315 3027 4368 ortus
3066 4312 3126 4367 in
3173 4313 3315 4368 vitio
3365 4317 3475 4383 est,
3520 4314 3677 4368 sicut

2005 4402 2192 4458 habes
2222 4402 2460 4473 lectum,
2495 4401 2725 4457 dicente
2747 4401 2963 4457 David:
2994 4401 3156 4457 Ecce
3191 4403 3346 4458 enim
3370 4405 3430 4456 in
3450 4403 3673 4473 iniqui-

2005 4492 2229 4548 tatibus
2242 4497 2556 4563 conceptus
2568 4497 2782 4562 sum,et
2801 4492 2861 4545 in
2875 4490 3116 4546 delictis
3125 4493 3362 4563 peperit
3375 4507 3467 4545 me
3483 4497 3676 4545 mater

2003 4599 2132 4637 mea
2172 4580 2360 4651 (Psal.
2396 4598 2447 4635 L.
2498 4581 2574 4649 5).
2624 4579 2761 4635 Ideo
2807 4578 2973 4634 Pauli
3022 4595 3159 4634 caro
3211 4595 3429 4651 corpus
3464 4578 3671 4635 mortis

226 4664 348 4721 dem
392 4673 452 4723 et
501 4669 1029 4740 condemnatores;
1080 4671 1217 4741 quia
1257 4670 1340 4725 ibi
1383 4652 1643 4726 minuitis
1671 4652 1889 4727 studia
1914 4652 1968 4718 ί)
2004 4674 2146 4740 erat,
2182 4671 2337 4725 sicut
2375 4669 2505 4740 ipse
2546 4669 2659 4722 ait:
2699 4668 2843 4733 Quis
2879 4684 2972 4722 me
3000 4667 3290 4722 liberabit
3320 4668 3394 4723 de
3424 4684 3673 4741 corpore

222 4757 593 4829 pmnitentiae,
658 4757 762 4815 ubi
816 4758 1024 4831 augeri
1083 4762 1348 4830 Oportet;
1411 4759 1549 4832 quia
1610 4760 1888 4834 graviora

288 4898 396 4970 (13)
424 4901 670 4956 Amerb.
704 4904 762 4957 et
784 4900 995 4975 Erus"
1031 4901 1373 4975 deliquendi
1402 4919 1699 4975 parcens;
1749 4904 1882 4960 Gill.

227 4983 285 5058 εἴα
308 4987 454 5028 mss.
479 4989 600 5058 non
621 4972 1374 5058 pauciLdeliqueadiparte
1385 4972 1600 5058 funus,
1617 4982 1884 5047 partem;

230 5014 600 5118 ηοῶῗῖὶῶἴῗ
617 5014 1182 5118 ἕζῖὲὶίξῖίτέὄειῖ
1196 5014 1600 5118 ᾗὲὶῖὗᾷτῗέῖτᾜ
1617 5014 1886 5118 $33751}?-

229 5113 421 5189 excipe
436 5113 639 5189 tamen
670 5113 921 5189 Cisterc.
955 5117 1015 5169 in
1047 5132 1163 5189 quo
1197 5113 1585 5189 delinquendi
1604 5113 1883 5189 parcere.

291 5182 399 5256 (14)
434 5187 605 5242 Rom.
638 5187 777 5241 edit.
813 5185 1030 5257 ubique
1063 5182 1353 5242 Novatum
1374 5182 1525 5242 'fecit
1553 5182 1891 5244 e'Novatia-

230 5267 340 5328 no:
375 5273 491 5328 qua
541 5258 859 5312 mutatione
890 5257 1173 5312 inductus
1214 5259 1274 5312 in
1313 5274 1574 5314 errorem
1610 5259 1885 5315 Petavius

228 5324 595 5402 Ambrosium
628 5332 899 5402 nostrum
930 5328 1004 5384 iis
1051 5328 1326 5402 Patribus
1370 5346 1402 5384 a
1442 5332 1663 5402 quibus
1713 5330 1886 5386 ambo

230 5394 302 5471 illi
326 5396 742 5471 haeresiarchas
773 5400 927 5454 inter
955 5416 1021 5455 se
1059 5394 1519 5471 confunduntur,
1553 5402 1883 5459 accensuit.

232 5462 432 5556 \Ierum
470 5468 872 5556 doctissimus
893 5471 1225 5556 "vir‘secus
1257 5462 1576 5556 sensisset,
1609 5474 1663 5528 si
1705 5489 1887 5556 quam

229 5535 385 5593 aliam
409 5541 554 5614 edit.
586 5545 684 5596 aut
712 5540 1039 5614 quemlibet
1076 5559 1251 5598 manu
1280 5535 1584 5601 exaratum
1616 5535 1883 5600 codicem

232 5611 638 5668 consuluisset.

292 5680 576 5753 (15)'Mss.
607 5683 896 5758 nonnulli,
927 5683 1254 5758 majoribus
1300 5686 1699 5744 advolvuntur
1726 5686 1884 5743 ﬂeti-

227 5746 581 5830 bas_.1;.:_nec
614 5772 717 5813 vos
746 5746 1029 5830 discipuli
1058 5758 1414 5815 imitatores.

295 5822 401 5903 (16)
417 5824 505 5885 Ita
526 5827 692 5892 Rom.
716 5828 855 5887 edit.
881 5822 1017 5887 dum
1033 5845 1181 5889 mss.
1202 5830 1437 5890 duobus
1463 5845 1479 5908 ;
1500 5829 1714 5907 reliqui
1728 5845 1875 5896 mss.

501 5933 754 6015 Peraea.
793 5936 949 6005 Χνι.

2000 4761 2214 4815 mortis
2261 4758 2434 4831 lituus
2475 4757 2663 4828 (Rom.
2696 4772 2797 4825 vn,
2834 4757 2975 4827 24)?
3022 4755 3239 4811 Christi
3289 4760 3484 4812 autem
3533 4773 3670 4813 caro

1997 4903 2228 4974 partim,
2244 4900 2559 4974 possibilia
2583 4915 2862 4954 concessa
2874 4916 2916 4974 _a
2938 4898 3081 4968 Deo,
3100 4900 3321 4974 partim
3336 4916 3467 4974 cum
3485 4901 3665 4973 antiq.

1998 4970 2135 5029 edit.
2182 4970 2500 5045 possibilia
2549 4970 3004 5045 concessa_Deo,
3057 4976 3168 5045 etc.
3216 4972 3465 5040 Melius;
3512 4970 3668 5028 unus

1998 5042 2200 5113 etiam,
2212 5043 2526 5115 possibilia
2544 5042 2789 5115 concedi
2811 5042 2950 5115 Dgo,
2969 5046 3079 5097 etc.
3099 5043 3220 5097 Nec
3235 5045 3405 5099 male.
3433 5045 3668 5099 Rursus

2038 5119 2133 5171 ost
2160 5112 2368 5186 pauca,
2402 5113 2503 5167 ubi
2555 5113 2817 5186 Λωίδι-δη
2852 5112 3020 5186 Erus.
3056 5130 3123 5167 ac
3158 5115 3326 5170 ltom.
3360 5115 3499 5171 edit.
3534 5132 3668 5170 cum

2038 5133 2133 5171 081.
2160 5133 2368 5186 pauca,
2402 5133 2503 5167 llDl
2555 5133 2817 5183 AmC'I'D.,
2853 5133 3020 5168 turus.
3056 5133 3123 5167 ac
3158 5133 3326 5170 nom.
3360 5133 3499 5171 eun.
3534 5133 3664 5170 cum

1996 5133 2120 5242 geli
2177 5186 2308 5241 cod.
2342 5187 2653 5259 materiam
2685 5185 2987 5240 feriendi:
3015 5186 3149 5240 Gill.
3175 5202 3243 5241 ac
3274 5186 3488 5259 reliqui
3509 5187 3664 5256 cod.,

1996 5259 2307 5313 materiam
2338 5256 2649 5311 saeviendi.

2068 5330 2180 5399 (1'7)
2214 5329 2360 5383 Mss.
2378 5328 2664 5398 nonnulli,
2687 5344 2798 5382 non
2822 5333 3047 5383 tantum
3064 5327 3535 5398 similitudinem,
3557 5328 3669 5383 sed

1995 5401 2057 5455 in
2088 5399 2540 5455 similitudinem
2582 5399 2786 5470 carnis
2808 5400 3059 5470 peccati,
3094 5400 3203 5454 hoc
3234 5407 3346 5467 est,
3380 5400 3661 5469 suscepit,

1995 5475 2106 5527 etc.
2141 5472 2239 5526 Sic
2261 5471 2434 5542 etiam
2456 5470 2554 5523 alii
2576 5469 2956 5542 aliquot,nisi
2976 5471 3133 5542 quod
3156 5472 3426 5525 omittunt
3456 5484 3663 5523 vocem

1997 5549 2220 5598 tantum
2241 5562 2258 5597 :
2288 5541 2499 5613 reliqui
2531 5544 2587 5596 et
2615 5541 2753 5598 edit.
2787 5545 2848 5596 ut
2878 5542 2936 5596 in
2969 5546 3149 5596 textu.

2066 5614 2180 5685 (18)
2212 5613 2294 5668 lta
2333 5609 2471 5668 edit.
2512 5628 2752 5685 omnes,
2806 5616 2862 5667 et
2909 5613 3113 5685 plures
3160 5626 3332 5679 mss;
3381 5609 3479 5664 alii
3519 5625 3662 5685 vero

1996 5681 2171 5758 etiam
2202 5700 2321 5742 non
2350 5684 2543 5758 pauci,
2581 5684 2691 5741 hoc
2719 5681 2857 5758 non
2880 5681 3018 5758 erat
3039 5684 3112 5758 _i_n
3143 5698 3323 5738 carne
3344 5681 3665 5758 secundum

1992 5756 2307 5832 hominem,
2341 5752 2440 5834 qui
2470 5752 2583 5815 non
2614 5754 2977 5832 agnoscitur.
3002 5755 3196 5811 Minus
3226 5752 3552 5813 commode.

3310 5930 3379 6005 16
