3936 6168
362 311 482 376 491

1834 300 1894 374 S.
1935 299 2379 383 AMBROSII.
2436 374 2441 379 .

3637 312 3744 397 ω

363 510 660 573 damnavit
704 511 1034 581 peccatum,
1084 506 1245 581 quod
1292 508 1597 566 nascendo
1648 523 1766 569 non
1824 506 2033 577 sensit,
2062 495 2113 563 Α
2150 506 2322 577 mittit
2379 507 2676 580 omnibus,
2721 524 2840 565 non
2896 507 3172 584 omnibus
3215 507 3455 575 minatur
3490 511 3745 587 iniuriam.

358 600 517 672 ‘quod
547 598 852 655 moriendo
882 599 1180 655 cruciﬁxit
1205 614 1221 669 ;
1256 602 1318 654 ut
1347 599 1409 655 in
1432 614 1608 653 carne
1639 601 1843 655 nostra
1873 600 2038 654 esset

355 687 705 760 justiﬁeatio
736 703 845 759 per
871 687 1144 762 gratiam,
1178 687 1277 743 ubi
1325 690 1454 742 erat
1481 692 1617 749 ante
1648 686 1904 743 colluvie
1931 702 2040 757 per

360 775 613 848 culpam.
887 841 890 844 ,

435 864 524 921 14.
566 865 721 932 Quid
766 881 915 940 ergo
959 866 1228 927 dicemus
1272 866 1345 923 ad
1373 865 1525 937 haec,
1556 864 1675 921 nisi
1704 864 1862 938 quod
1893 865 2040 920 dixit

358 953 724 1025 Apostolus:
781 954 854 1011 Si
882 955 1045 1013 Deus
1067 971 1182 1029 pro
1229 954 1422 1026 nobis,
1462 971 1594 1028 quis
1635 961 1841 1010 contra
1886 955 2039 1013 nos?

365 1043 475 1108 Qui
504 1042 664 1100 Filio
685 1044 937 1117 proprio
964 1061 1079 1103 non
1094 1045 1390 1118 pepercit,
1413 1045 1524 1100 sed
1536 1060 1651 1117 pro
1667 1043 1842 1100 nobis
1861 1043 2041 1099 omni-

361 1132 476 1193 bus
498 1132 753 1191 tradidit
776 1150 905 1190 eum
918 1153 938 1199 ;
960 1134 1241 1208 quomodo
1252 1150 1366 1192 non
1380 1135 1558 1191 etiam
1581 1150 1708 1201 cum
1728 1132 1830 1189 illo
1845 1133 2036 1188 omnia

360 1220 536 1277 nobis
557 1222 707 1278 dona
720 1224 836 1278 vit!
859 1223 1004 1301 Quis
1019 1223 1328 1282 accusabit.
1343 1222 1641 1280 adversus
1656 1221 1878 1283 electos
1891 1220 2037 1277 Dei?

358 1310 523 1369 Deus
546 1310 969 1385 quijustiticat,
982 1314 1115 1386 quis
1126 1320 1219 1369 est
1237 1313 1336 1386 qui
1346 1312 1732 1389 condemnet?
1757 1310 2037 1379 Christus

361 1400 461 1473 qui
484 1407 752 1456 mortuus
792 1406 905 1472 est,
937 1404 1055 1458 imo
1084 1401 1185 1475 qui
1230 1408 1290 1458 et
1319 1401 1686 1471 resurrexit,
1721 1400 1820 1474 qui
1849 1404 1943 1455 est
1972 1401 2035 1454 in

361 1489 618 1547 dextera
646 1490 782 1560 Dei,
815 1491 915 1564 qui
945 1491 1123 1547 etiam
1152 1489 1498 1564 interpellat
1510 1505 1626 1563 pro
1654 1488 1828 1549 nobis
1843 1488 2031 1559 (Rom.

359 1570 461 1650 vn,
491 1578 712 1650 31-84).
756 1579 871 1636 Pro
917 1579 1136 1652 quibus
1184 1595 1330 1653 ergo
1370 1579 1647 1637 Christus
1677 1577 2030 1649 interpellat,

357 1684 466 1725 eos
494 1668 863 1725 Novatianus
893 1671 1158 1726 accusat.
1180 1666 1344 1735 Quos
1372 1668 1648 1727 Christus
1678 1667 1753 1722 ad
1782 1667 2034 1723 salutem

357 1757 628 1828 redemit,
662 1774 768 1814 eos
799 1757 1162 1814 Novatiasus
1192 1758 1430 1815 damnat
1457 1758 1546 1813 ad.
1572 1760 1839 1817 mortem.
1886 1754 2032 1821 Qui-

356 1846 476 1905 bus
505 1848 784 1909 Christus
814 1846 986 1909 dicit:
1032 1847 1465 1920 Tollitejugum
1493 1863 1682 1907 meum
1703 1862 1884 1919 super
1909 1860 2030 1912 vos,

359 1943 420 1994 et
470 1937 690 1993 discite
724 1952 757 1992 a
801 1952 896 1992 me
942 1936 1076 2010 quia
1120 1936 1289 1991 mitis
1317 1952 1445 1991 sum
1493 1935 1739 2006 (Matth.
1784 1952 1866 2005 xx,
1918 1934 2031 2006 29).

359 2025 731 2083 Novatianus
773 2024 951 2085 dicit:
998 2024 1245 2081 Immitis
1289 2040 1443 2080 sum.
1491 2023 1720 2089 Quibus
1757 2021 2033 2079 Christus

356 2115 528 2177 dicit:
562 2115 630 2170 In
642 2113 898 2170 venietis
924 2114 1190 2187 requiem
1221 2111 1532 2170 animabus
1557 2113 2034 2187 vestris,-Jugum

358 2207 516 2261 enim
538 2220 729 2260 meum
748 2218 936 2259 suave
951 2209 1061 2274 est,
1086 2208 1145 2260 et
1177 2219 1325 2259 onus
1341 2219 1531 2259 meum
1562 2202 1699 2267 leve
1729 2208 1822 2258 est
1852 2201 2030 2273 (Ibid.

356 2292 448 2365 99,
477 2292 571 2361 80)
596 2308 612 2365 ;
645 2294 741 2351 his
769 2308 954 2367 grave
984 2309 1160 2364 onus,
1191 2295 1249 2349 et
1295 2293 1508 2365 durum
1530 2292 1785 2366 imponit
1808 2291 2025 2365 jugum

357 2382 748 2443 Novatianus.

990 2488 1250 2546 CAPUT
1287 2489 1386 2545 IV.

356 2611 576 2690 Pergit
624 2613 890 2672 divinam
937 2612 1200 2689 probare
1238 2609 2035 2690 misericg'diamheamqne

386 2690 389 2693 ’
429 2683 714 2762 majorem
741 2702 881 2762 esse
896 2683 1065 2760 quam
1084 2687 1293 2762 severi
1298 2692 1476 2762 ta_tem
1488 2686 1546 2740 Ε
1551 2683 1847 2762 vangelici
1866 2683 2035 2762 testi-

427 2756 611 2816 mo'nii
622 2756 994 2832 expositione
1010 2758 1248 2832 ostendi
1255 2757 1436 2832 t_._Eos
1448 2771 1601 2813 vero
1614 2757 1712 2832 qui
1726 2756 2031 2813 Christum

428 2848 578 2904 nega
591 2827 801 2904 verunt
832 2847 1030 2904 coram
1057 2828 1415 2904 hominibus,
1457 2844 1570 2884 non
1591 2827 1796 2904 eadem
1826 2844 2032 2904 omnes

426 2921 496 2983 ra
505 2898 663 2983 tione
679 2902 985 2959 habendos
1003 2916 1157 2972 esse,
1174 2899 1531 2957 athletarum
1555 2898 2029 2983 exemplopalam

418 2975 594 3031 facit.

430 3070 516 3139 15.
549 3082 733 3149 Quam
764 3096 1101 3153 propensus
1134 3078 1317 3153 igitur
1345 3078 1416 3133 ad
1451 3076 1921 3134 misericordiam
1952 3077 2032 3133 sit

361 3170 650 3230 Dominus
700 3169 904 3241 Jcsus,
955 3169 1092 3224 licet
1139 3168 1252 3223 ista
1282 3167 1430 3224 satis
1477 3168 1789 3238 instruant,
1834 3171 2028 3223 tamen

2147 596 2315 662 Quod
2347 601 2442 653 est
2490 597 2912 669 miserationis,
2953 601 3313 673 exaggerat;
3356 600 3501 673 quod
3526 603 3750 677 ultionis,

2147 689 2425 742 extenuat
2447 688 2582 759 (20).

2219 774 2308 831 17.
2341 777 2535 849 Atque
2565 776 2642 832 ita
2665 775 2951 848 scriptum
2976 780 3067 833 est
3086 776 3499 852 nonasolumiu
3529 795 3592 837 eo
3607 780 3750 854 libro,

2145 864 2247 937 qui
2267 865 2597 921 secundum
2612 866 2949 922 Matthaeum
2969 866 3251 922 scribitur
3261 865 3550 941 Evangelii
3562 869 3758 927 Domini

2147 953 2330 1025 Jesu;
2371 954 2481 1010 sed
2511 954 2685 1010 etiam
2715 955 2777 1010 in
2808 970 2879 1010 eo
2917 955 3133 1011 lectum
3164 959 3258 1013 est
3282 971 3450 1028 quem
3476 959 3762 1031 secundum

2145 1041 2367 1097 Lucam
2412 1043 2746 1114 reperimus
2777 1044 2940 1111 (Luc.
2989 1060 3092 1115 xu,
3140 1044 3196 1115 8,
3245 1042 3339 1115 9);
3382 1048 3442 1103 ut
3478 1045 3624 1102 scias
3662 1063 3760 1105 non

2146 1131 2336 1187 otiose
2368 1131 2427 1186 id
2457 1132 2739 1202 posuisse
2768 1134 3100 1204 utrumque.
3422 1184 3426 1191 .

2217 1219 2304 1276 18.
2336 1218 2532 1292 [Alias
2563 1237 2691 1292 cap.
2724 1219 2843 1293 III].
2868 1221 3151 1295 Diximus
3191 1221 3334 1295 quid
3375 1222 3643 1294 scriptum
3680 1224 3760 1295 sit,

2144 1308 2498 1382 colligamus
2545 1310 2929 1367 sententiam:
2995 1310 3230 1382 Omnis,
3294 1311 3505 1384 inquit,
3561 1313 3649 1386 qui
3691 1329 3766 1370 me

2142 1398 2453 1455 confessus
2491 1398 2677 1455 fuerit
2716 1399 2955 1470 (Matth.
3002 1416 3062 1468 χ,
3112 1400 3226 1471 82),
3273 1398 3334 1455 id
3379 1404 3490 1474 est,
3516 1415 3604 1475 ex
3645 1417 3768 1477 qua-

2143 1502 2379 1559 cunque
2426 1489 2567 1558 vita,
2614 1505 2689 1544 ex
2738 1504 3094 1561 quocunque
3139 1491 3298 1544 statu
3342 1490 3443 1562 qui
3489 1490 3772 1547 confessus

2141 1591 2237 1631 me
2284 1576 2484 1647 fuerit,
2516 1576 2758 1632 habebit
2805 1593 2897 1633 me
2947 1574 3456 1651 remuneratorem
3483 1578 3774 1635 confessio-

2139 1664 2235 1720 nis
2265 1681 2415 1721 suae.
2451 1666 2597 1721 Cum
2646 1666 2883 1734 dicitur,
2926 1667 3136 1737 omnis,
3168 1666 3370 1723 nullus
3397 1684 3430 1722 a
3473 1682 3776 1725 remanem-

2141 1753 2324 1825 tione,
2357 1754 2457 1827 qui
2488 1754 2664 1815 fuerit
2695 1755 3038 1825 confessus,
3087 1755 3442 1815 excluditur.
3474 1756 3603 1815 Non
3633 1756 3778 1815 simi-

2136 1842 2298 1915 liter,
2330 1844 2525 1899 omnis
2555 1844 2654 1916 qui
2687 1846 3014 1918 negaverit,
3048 1845 3406 1919 negabitur;
3437 1848 3625 1918 potest
3648 1845 3781 1901 enim

2144 1933 2273 1988 fieri
2302 1937 2365 1988 ut
2392 1933 2610 2006 aliquis
2631 1933 2825 1990 victus
2849 1935 3182 2006 suppliciis,
3206 1949 3487 1991 sermone
3508 1930 3679 1991 Deum
3699 1950 3784 1990 ne-

2136 2025 2256 2095 get,
2290 2027 2346 2078 et
2378 2023 2556 2079 corde
2587 2023 2792 2080 adoret
2820 2023 2935 2095 (De
2957 2025 3175 2097 paenit.
3191 2024 3335 2082 dist.
3367 2042 3408 2096 ι,
3444 2040 3567 2097 cap.
3597 2023 3782 2080 Potest

2136 2111 2343 2183 ﬁeri.).

2214 2201 2301 2257 19.
2336 2200 2634 2274 Numquid
2682 2202 2887 2257 eadem
2937 2218 3119 2258 causa
3162 2205 3260 2260 est
3309 2185 3574 2276 ejus‘qui
3600 2204 3789 2273 sponte

2136 2293 2335 2364 negat,
2367 2293 2424 2346 et
2454 2290 2588 2363 ejus
2618 2302 2793 2363 quem
2834 2294 3122 2347 tormenta
3161 2292 3583 2348 inclinaverint
3610 2290 3678 2346 ad
3703 2305 3788 2345 sa-

2141 2378 2625 2453 crilegiumrnon
2654 2379 2929 2436 voluntas
2952 2383 2980 2436 Ξ)
3015 2379 3202 2447 Quam
3250 2384 3454 2451 autem
3485 2380 3787 2453 indignum,

2139 2484 2274 2525 cum
2291 2469 2449 2541 apud
2470 2469 2742 2526 homines
2763 2468 2957 2525 valeat
2978 2470 3327 2526 certaminis
3358 2470 3568 2544 gratia,
3584 2471 3648 2525 ut
3661 2465 3795 2540 apud

2140 2558 2327 2615 Deum
2373 2574 2492 2614 non
2533 2558 2732 2614 valere
2792 2557 3137 2616 asseraturl
3189 2559 3347 2615 Nam
3397 2574 3561 2632 sepe
3602 2559 3659 2613 in
3696 2557 3793 2611 hoc

2138 2646 2491 2703 athletarum
2510 2647 2783 2704 saeculari
2807 2648 3127 2703 certamine
3151 2650 3329 2704 etiam
3354 2649 3546 2704 victos
3567 2660 3794 2720 quorum

2142 2736 2360 2795 fuerint
2401 2738 2719 2794 certamina
2762 2737 3041 2809 probata,
3073 2738 3298 2811 vulgus
3330 2738 3653 2813 hominum
3682 2751 3796 2790 cum

2140 2827 2471 2882 victoribus
2493 2841 2780 2881 coronare
2798 2827 3143 2897 consuevit;
3159 2830 3423 2884 maxime
3436 2842 3589 2900 quos
3611 2824 3799 2881 viderit

2141 2914 2293 2972 forte
2322 2916 2436 2989 (24)
2458 2916 2595 2972 dolo
2611 2918 2710 2970 aut
2727 2915 2931 2971 fraude
2952 2916 3198 2971 victoria
3216 2916 3535 2972 exclusos.
3548 2913 3799 2970 Christus

2141 3020 2289 3078 ergo
2321 3005 2573 3061 athletas
2606 3021 2752 3061 suos
2784 3021 2937 3078 quos
2958 3005 3172 3061 viderit
3192 3006 3494 3078 gravibus
3526 3002 3801 3077 paulisper

2142 3095 2409 3151 cessisse
2441 3094 2775 3167 suppliciis,
2810 3095 2941 3150 sine
2968 3096 3139 3150 venia
3171 3095 3441 3166 patietur
3467 3093 3742 3149 manere?

2212 3183 2300 3239 20.
2335 3183 2635 3256 Numquid
2662 3200 2780 3239 non
2810 3183 3051 3239 habebit
3101 3184 3399 3240 rationem
3444 3181 3665 3238 laboris
3681 3180 3798 3252 (22),

356 3256 2026 3347 θίίθῐηίρεθίθάοοθδίο(ἰαίουωθάνξθνδυείφρῗθδδίοηθηλ
2062 3242 2115 3306 c
2140 3274 2241 3346 qui
2274 3242 2628 3347 etiamquos
2669 3272 2926 3345 projicit,
2978 3289 3094 3328 non
3128 3273 3186 3328 in
3216 3277 3519 3330 aeternum
3548 3269 3805 3344 projicit?

355 3349 796 3425 persecutionis
814 3349 1110 3404 instruere
1129 3363 1241 3404 nos
1260 3344 1457 3417 vellet,
1473 3346 1552 3402 ait
1567 3362 1579 3402 :
1593 3344 1797 3402 Nolite
1813 3346 2026 3402 timere

358 3456 461 3497 eos
482 3439 582 3514 qui
604 3439 877 3495 occidunt
898 3454 1129 3511 corpus,
1156 3430 1408 3492 animam
1438 3442 1629 3492 autem
1654 3451 1765 3491 non
1777 3440 2027 3507 possunt

361 3529 638 3586 occidere
653 3549 670 3583 :
689 3528 799 3583 sed
820 3528 1021 3601 potius
1042 3544 1169 3583 eum
1196 3526 1419 3596 timete,
1442 3526 1541 3599 qui
1552 3522 1753 3598 potest
1773 3525 2025 3580 animam

359 3625 421 3674 et
472 3634 686 3691 corpus
719 3618 964 3689 mittere
1000 3612 1083 3671 in'
1094 3617 1426 3688 gehennam
1462 3613 1699 3687 (Matth.
1732 3615 1790 3685 x,
1813 3611 1925 3687 28).
1957 3614 2029 3670 Et

355 3707 542 3765 infra:
579 3708 784 3764 Omnis
815 3723 958 3779 ergo
989 3706 1086 3778 qui
1133 3705 1443 3761 confessus
1470 3720 1563 3759 me
1612 3702 1799 3760 fuerit
1827 3720 2024 3759 coram

354 3794 713 3867 hominibus,
740 3794 1068 3851 conﬁtebor
1085 3800 1143 3849 et
1174 3810 1282 3866 ego
1311 3809 1439 3850 eum
1464 3809 1660 3859 coram
1690 3792 1881 3848 Patre
1897 3807 2026 3848 meo

357 3886 457 3959 qui
485 3891 578 3940 est
605 3885 668 3939 in
694 3882 897 3938 cadis.-
929 3882 1028 3956 qui
1055 3887 1247 3938 autem
1268 3899 1416 3954 nega
1428 3882 1584 3937 verit
1603 3897 1697 3938 me
1718 3898 1914 3938 coram
1931 3883 2028 3938 ho-

354 3972 638 4044 minibus,
673 3970 903 4044 negabo
947 3977 1004 4027 et
1035 3988 1145 4047 ego
1168 3988 1302 4039 eum
1335 3987 1532 4028 coram
1563 3971 1754 4026 Patre
1780 3986 1908 4045 meo
1928 3970 2028 4045 qui

356 4069 450 4121 est
480 4062 543 4117 in
575 4060 743 4118 caelis
771 4060 975 4133 (lbid.,
1008 4058 1098 4130 32,
1130 4057 1241 4131 33).

436 4142 585 4208 395
619 4146 705 4206 16.
743 4148 859 4205 Ubi
889 4148 1220 4221 confitetur,
1252 4163 1358 4220 pro
1383 4149 1660 4205 omnibus
1690 4150 2023 4223 confitetur,

357 4258 566 4300 omnes
598 4236 1043 4311 complectitur:
1077 4237 1179 4293 ubi
1207 4241 1403 4312 negat,
1437 4255 1554 4295 non
1587 4255 1796 4295 omnes
1827 4243 2024 4312 negat.

353 4332 518 4390 Sicut
549 4330 706 4387 enim
738 4344 918 4400 supra
950 4327 1159 4384 habet:
1217 4325 1423 4383 Omnis
1455 4328 1555 4401 qui
1581 4344 1675 4383 me
1718 4327 2029 4385 confessus

352 4422 560 4493 fuerit,
586 4418 915 4477 conﬁtebor
937 4424 993 4473 et
1013 4434 1121 4490 ego
1138 4434 1287 4484 eum,
1313 4414 1425 4473 hoc
1443 4420 1555 4488 est,
1575 4433 1807 4472 omnem
1834 4435 1846 4474 :
1882 4433 2027 4474 con-

353 4527 617 4584 sequens
666 4510 793 4566 erat
833 4511 896 4563 ut
944 4506 1098 4563 intra
1138 4521 1374 4580 quoque
1423 4505 1513 4562 sic
1558 4506 1829 4563 redderet
1878 4508 2024 4579 (t9):

359 4600 768 4656 Omnisautem
789 4598 888 4675 qui
901 4613 1050 4669 nega
1063 4598 1219 4652 verit
1237 4612 1346 4651 me.
1363 4594 1478 4651 Sed
1498 4611 1570 4652 ne
1585 4613 1791 4652 omnes
1806 4612 2026 4670 negare
2056 4606 2115 4677 ῃ

353 4691 676 4761 videretur,
718 4691 800 4743 ita
849 4685 1142 4759 subjecit:
1195 4683 1307 4751 Qui
1347 4692 1540 4761 autem
1584 4688 1900 4758 negaverit
1933 4702 2027 4742 me

354 4787 551 4835 coram
582 4776 940 4847 hominibus,
966 4774 1194 4849 negabo
1210 4780 1269 4830 et
1292 4791 1400 4848 ego
1422 4760 1570 4830 eum.
1603 4774 1860 4830 Gratiam
1891 4792 2027 4847 pro-

426 4920 539 4991 (19)
569 4915 787 4975 Omnes
808 4918 946 4991 edit.
972 4934 1104 4991 cum
1145 4934 1262 4991 uno
1285 4934 1423 4987 ms.,
1464 4919 1554 4991 sic
1588 4918 1860 4975 diceret:
1910 4934 2024 4974 coc-

355 4992 468 5049 teri
495 5007 667 5060 mss.,
699 4992 789 5045 sic
826 4990 1136 5057 redderet.
1167 4990 1393 5060 Optime
1419 5005 1432 5047 :
1464 4990 1617 5045 idem
1650 4991 1805 5046 enim
1834 4992 1926 5044 est
1955 5004 2025 5045 ac

356 5064 410 5119 si
440 5063 623 5135 priori
654 5060 804 5131 parti
834 5060 985 5114 hanc
1008 5065 1348 5135 opponeret.
1374 5060 1524 5116 Male
1543 5060 1803 5135 vero__hic
1827 5060 2025 5132 Scrip-

355 5130 504 5190 tura:
525 5130 779 5214 perverti
801 5130 1257 5214 sensum’arguit
1271 5130 1472 5214 Solus,
1498 5149 1632 5187 cum
1656 5130 2023 5214 Virsanctus

356 5202 578 5262 tantum
623 5202 929 5275 sentcntiae
974 5217 1101 5275 suae
1144 5202 1652 5275 confirmationem
1701 5203 1955 5275 aliquam
1989 5220 2021 5259 e

354 5292 526 5344 voce,
572 5274 795 5342 Omnis,
846 5274 904 5327 in
963 5273 1147 5344 altero
1208 5274 1435 5342 periodi
1482 5273 1748 5329 membro
1793 5273 2016 5329 omissa

351 5343 529 5422 petat,
561 5363 636 5422 ex
685 5345 817 5422 ipso
865 5361 1050 5422 sensu
1098 5343 1293 5422 fusius
1337 5344 2016 5422 posteadispulaturus.

351 5414 522 5487 Quod
535 5414 721 5475 etiam'
738 5417 790 5471 is
820 5414 1367 5487 reprehendit,qua:
1382 5414 1658 5487 dicuntur
1677 5414 1828 5471 infra
1854 5434 2014 5472 num.

350 5485 441 5564 i6,
476 5493 537 5547 in
560 5491 672 5564 hoc
694 5485 1047 5564 non‘multos
1063 5485 1300 5564 habebit
1322 5485 1771 5564 suifragatores.
1798 5488 2021 5564 Locum

350 5556 468 5634 adi,
501 5565 560 5618 et
582 5559 868 5634 fateberis
899 5573 1035 5614 eum
1067 5561 1268 5614 contra
1299 5556 1678 5614 adversarios
1724 5574 1894 5633 seque
1925 5560 2021 5617 in-

350 5632 615 5714 geniosg
633 5648 702 5714 ac
734 5632 842 5714 pi_e_
858 5633 1187 5714 tractatum.

419 5704 539 5800 (ΞΟ)
570 5697 756 5772 Totui
783 5703 882 5773 hic
910 5700 1084 5766 locus
1123 5701 1185 5769 in
1222 5697 1477 5773 Claram.
1513 5699 1643 5771 cod.
1677 5699 1755 5775 ita
1785 5705 2027 5765 contra-

2140 3360 2294 3418 Dicit
2324 3363 2479 3418 enim
2512 3362 2696 3418 David
2721 3377 2734 3419 :
2766 3363 2900 3419 Non
2930 3363 2992 3417 in
3021 3362 3320 3419 aeternum
3347 3362 3636 3439 projiciet
3663 3358 3805 3416 Deus

2138 3449 2332 3521 (Psal.
2362 3469 2559 3523 LXXVI,
2593 3450 2670 3525 8),
2705 3457 2759 3507 et
2791 3456 2992 3508 contra
3014 3452 3168 3507 hunc
3198 3452 3527 3508 audiemus
3548 3446 3807 3507 haeresim

2140 3536 2472 3597 dicentem:
2527 3540 2771 3612 Projicit
2819 3542 2879 3596 in
2938 3544 3274 3597 aeternum?
3332 3542 3473 3599 Nec
3516 3540 3581 3597 in
3627 3539 3804 3606 ﬁnem,

2137 3618 2345 3704 inquit,
2378 3631 2854 3687 misericordiam
2885 3647 3048 3686 suam
3069 3620 3418 3688 abscidet‘a
3435 3627 3808 3705 generatione

2136 3718 2199 3775 in
2246 3721 2717 3795 generationem,
2769 3726 2867 3775 aut
2912 3713 3318 3776 obliviscetur
3344 3719 3642 3776 misereri
3668 3716 3809 3774 Deus

2139 3807 2321 3877 (Ibid.
2354 3808 2408 3880 9,
2444 3810 2554 3881 10),
2589 3808 2800 3865 clamat
2831 3807 3121 3880 Propheta
3148 3825 3161 3866 :
3205 3812 3269 3865 et
3301 3813 3451 3884 sunt
3478 3807 3580 3883 qui
3614 3806 3810 3863 divina

2140 3898 2542 3956 miserationis
2572 3899 2844 3973 quaedam
2872 3899 3154 3955 inducant
3181 3896 3416 3956 oblivia
3440 3897 3455 3956 l

2793 4022 3047 4080 CAPUT
3078 4024 3151 4082 ν.

2143 4129 3082 4215 Objectiqni‘abjmm(debilitate
3103 4131 3477 4215 Deipetitaa
3498 4128 3812 4213 responde-

2214 4198 2335 4271 iur,
2346 4203 2549 4279 allatis
2570 4203 2903 4279 Scriptura
2928 4198 3313 4279 testimoniis,
3341 4205 3568 4279 quibus
3588 4198 3814 4279 miseri-

2213 4276 2476 4348 cordjum
2491 4272 2994 4348 emergentibuse
3012 4275 3335 4348 volutabra
3350 4272 3478 4348 'suo
3490 4272 3814 4348 peccatori-

2212 4345 2495 4419 busDeus
2509 4341 2804 4419 promittit
2832 4361 2844 4401 :
2879 4341 3237 4419 additurque
3276 4341 3722 4419 indulgentiam
3743 4341 3817 4419 iis

2205 4418 2420 4490 parari
2424 4414 2892 4490 propensiorem,
2930 4418 3030 4490 qui
3068 4414 3509 4490 quodammodo
3526 4416 3705 4474 inviti
3721 4414 3815 4490 de-

2210 4484 2704 4562 liquerunt,'quod
2720 4484 2982 4562 eleganti
3007 4484 3164 4544 be'llo
3195 4496 3522 4562 captorum
3544 4484 3813 4559 exemplo,

2212 4560 2479 4633 et'ipsius
2497 4560 2618 4615 met
2639 4560 2865 4615 diaboli
2872 4560 3283 4632 prosopopaeia
3306 4560 3685 4616 illustratur.

2210 4687 2299 4743 9.1.
2323 4686 2438 4742 Sed
2457 4684 2618 4741 aiunt
2636 4685 2768 4740 ideo
2810 4700 2877 4741 se
2909 4684 3018 4739 ista
3055 4692 3366 4757 asserere,
3389 4701 3469 4742 ne
3492 4681 3818 4741 mutabilem

2142 4775 2326 4830 Deum
2358 4773 2553 4830 facere
2576 4773 2919 4845 videantur;
2951 4774 3005 4828 si
3047 4773 3143 4829 his
3172 4763 3330 4830 396
3380 4772 3613 4847 quibus
3656 4767 3821 4827 fuerit

2137 4916 2424 4991 trahitur:
2464 4912 2642 4991 Quam
2676 4914 2811 4991 eius
2829 4915 3241 4991 miserationis
3286 4917 3817 4991 exaggerationem

2139 5006 2251 5044 non
2284 4989 2483 5060 solum,
2517 4988 2578 5042 in
2628 4987 2898 5060 eo'glibro
2955 4989 3054 5060 qni
3094 4987 3435 5060 secundum
3456 4987 3820 5045 'Mattbaeum

2138 5061 2433 5115 scribitur
2461 5058 2783 5131 Evangelii
2812 5058 3048 5131 Domini
3078 5059 3220 5115 Jcsu
3243 5078 3262 5113 :
3298 5061 3421 5116 sed
3453 5062 3731 5131 etiamin
3760 5070 3822 5131 eo

2139 5132 2372 5200 lectum,
2421 5133 2518 5202 qui
2565 5126 2882 5185 secundum
2923 5130 3136 5185 Lucam
3190 5132 3572 5202 reperimus.
3604 5126 3821 5202 Ceteri

2137 5206 2310 5274 atque
2341 5201 2478 5275 edit.
2513 5202 2664 5256 inter
2692 5214 2763 5275 se,
2806 5202 3200 5275 consentiunt,
3233 5201 3363 5258 nisi
3398 5203 3570 5275 quod
3600 5201 3823 5258 illorum

2137 5272 2402 5330 nonnulli
2434 5288 2540 5344 pro
2562 5273 2865 5345 scribitur
2894 5272 3105 5345 legunt
3129 5272 3532 5330 inscribitur.

2206 5346 2320 5419 (21)
2354 5338 2497 5400 Ms‘s.
2523 5344 2745 5415 aliquot
2776 5338 3047 5419 omitlﬁnt
3073 5344 3254 5419 forte,
3281 5359 3399 5419 pro
3423 5360 3547 5419 quo
3562 5338 3823 5419 nonnulli

2136 5415 2353 5489 habent
2382 5421 2480 5489 aut
2509 5421 2710 5489 sorte;
2743 5420 2800 5468 at
2829 5416 2958 5469 loco
3001 5415 3169 5489 vocis
3189 5415 3522 5489 _exelusés,
3559 5416 3729 5473 Eras.
3760 5428 3823 5489 ac

2137 5488 2308 5544 Rom.
2329 5488 2466 5543 edit.
2492 5491 2546 5542 et
2568 5487 2802 5559 quidam
2826 5500 2974 5542 mss.
2998 5484 3202 5560 legunt
3214 5482 3558 5557 excussos;
3589 5482 3820 5545 Amerb.

2137 5562 2191 5617 et
2220 5558 2377 5617 Gill..
2411 5559 2666 5615 excisos.

2133 5562 2191 5618 et
2220 5559 2377 5618 Gill..
2411 5559 2666 5615 excisos.

2202 5601 2770 5709 (Eéi'oéiai'ii‘ﬁm.
2798 5629 3351 5692 remunerationem
3368 5720 3371 5721 ί
3386 5629 3652 5694 laboris.
