4024 6176
234 260 235 267 Ν
310 323 406 401 ea

1516 325 1629 397 DE
1672 320 2221 398 ΡΕΕΝΙΤΕΝΤΙΑ
2261 324 2419 397 LIB.
2468 331 2518 397 Ι.

3595 304 3748 399 4‘94“

305 539 489 608 iratus,
523 535 816 610 ignoscat.
856 535 1052 610 [Alias
1091 552 1216 607 cap.
1252 534 1371 610 1V].
1411 535 1559 601 Quid
1598 551 1742 608 ergo
1763 536 1792 590 ?
1826 536 1945 591 Re-
2054 552 2180 590 rem
2211 534 2399 605 (Psul.
2437 552 2577 607 cxu,
2608 534 2700 607 '7):
2733 552 2850 592 non
2881 538 3035 593 enim
3064 552 3138 595 ex
3167 539 3286 595 toto
3319 538 3496 594 corde
3528 496 3737 594 humi-7

304 625 658 701 pudiabimus
709 627 906 683 divina
955 627 1214 696 oracula,
1247 631 1304 681 et
1352 621 1665 697 Opiniones
1696 626 1949 680 istorum

306 731 607 788 sequemur
625 718 653 770 ξ’
675 714 790 771 Sed
806 734 921 770 non
951 717 1110 770 Deus
1127 715 1339 770 alienis
1362 714 1819 782 assertionibus,
1842 714 1948 767 sed

306 807 424 861 suis
444 805 827 860 estimandus
848 809 939 860 cst
962 804 1231 860 vocibus.
1252 804 1416 870 Quod
1441 803 1595 859 enim
1619 803 1948 874 promptius

305 894 466 951 edere
494 893 1106 965 possumusinsigne
1157 892 1290 965 ejus
1338 889 1947 969 misericordiae_(23),

305 992 466 1055 quam
495 982 811 1054 quod'ipse
840 998 948 1053 per
975 982 1319 1053 prophetam
1349 982 1522 1051 Osee,
1557 980 1774 1053 quibus
1819 983 1950 1035 tan-

303 1071 680 1144 quam‘iratus
714 1070 1066 1140 minabatur,
1104 1072 1382 1126 continuo
1414 1075 1690 1142 tanquam
1737 1082 1952 1124 recon-

306 1160 526 1215 ciliatus
585 1160 898 1231 indulget?
948 1161 1041 1214 Ait
1095 1160 1290 1215 enim:
1354 1159 1507 1225 Quid
1564 1158 1678 1214 tibi
1717 1156 1950 1229 faciam,

303 1247 603 1322 Epiri-rem.
621 1255 719 1303 aut
743 1250 882 1321 quid
912 1248 1125 1303 faciam
1158 1249 1291 1318 tibi,
1314 1248 1461 1304 Ju'da
1478 1250 1507 1304 ?
1529 1246 1953 1303 Misericordia

311 1344 521 1409 vestra,
560 1330 689 1393 etc.
736 1337 923 1409 (Osee
967 1354 1046 1408 vr,
1079 1338 1154 1408 4).
1210 1337 1282 1392 Et
1304 1337 1525 1393 ‘int‘raz‘
1559 1336 1849 1402 Quomodo
1901 1340 1958 1390 te

304 1428 693 1485 constituam?
734 1428 901 1483 Velut
927 1428 1154 1483 Adams
1187 1425 1442 1483 efﬁciam
1476 1432 1553 1494 te,
1586 1433 1641 1482 ot
1674 1427 1829 1482 sicut
1852 1425 1959 1480 Se-

307 1516 454 1572 boim
480 1515 667 1588 (Osee
683 1518 763 1586 xi,
786 1518 863 1585 8).
886 1517 955 1572 'In
981 1518 1109 1588 ipsa
1149 1516 1554 1590 indignatione
1590 1516 1749 1571 velut
1772 1514 1960 1587 patrio

302 1596 552 1678 quodam
568 1603 782 1661 affectu
820 1606 1025 1676 haeret,
1068 1607 1364 1678 quomodo
1401 1606 1473 1660 ad
1511 1620 1742 1677 poenam
1776 1604 1964 1659 tradat

303 1698 634 1751 errantem:
667 1696 805 1750 etsi
835 1695 1082 1750 Judteus
1114 1698 1372 1751 meretur
1404 1695 1536 1764 (1’4),
1580 1694 1739 1749 Deus
1769 1697 1963 1748 tamen

302 1783 489 1840 adhuc
520 1800 732 1840 secum
763 1784 1075 1840 examinat.
1110 1784 1238 1840 Sed
1259 1783 1533 1839 continue
1565 1783 1677 1854 (De
1716 1781 1961 1853 Pamil.,

2053 624 2173 694 liat,
2208 627 2306 696 qui
2342 642 2408 680 se
2443 624 2632 680 venite
2667 630 2954 683 reservat.

2124 715 2212 769 9.4.
2256 714 2423 779 Quod
2463 717 2515 769 si
2552 731 2671 769 non
2707 732 2781 771 ex
2815 718 2933 771 toto.
2963 716 3140 772 corde
3174 732 3406 773 omnem
3452 718 3721 773 humiliat

2054 808 2449 875 peccatorem,
2483 808 2700 877 quanto
2750 805 2942 881 magis
2980 822 3095 860 non
3128 822 3202 861 ex
3243 810 3364 862 toto
3397 808 3572 862 corde
3605 808 3719 862 huc

2056 893 2241 948 miliat
2274 908 2406 949 eum
2438 893 2538 966 qui
2586 909 2704 950 non
2737 909 2813 951 ex
2843 897 2960 951 toto
3007 895 3184 950 corde
3216 894 3519 966 peccavitl
3571 897 3721 952 Nam

2058 982 2214 1038 sicut
2243 983 2388 1037 dixit
2417 983 2490 1038 de
2522 983 2750 1039 Judmis
2774 999 2789 1038 :
2824 983 3087 1055 Populus
3112 985 3211 1039 hic
3231 984 3518 1040 labiisme
3536 986 3721 1040 lieno-

2058 1079 2174 1140 rat,
2201 1087 2304 1126 cor
2324 1077 2517 1126 autem
2538 1087 2739 1127 eorum
2765 1072 2936 1144 longe
2958 1078 3049 1128 est
3071 1090 3104 1127 a
3125 1089 3217 1128 me
3246 1071 3385 1141 (Isa.
3424 1091 3590 1144 xxxx,
3615 1074 3682 1128 18
3706 1091 3721 1143 ;

2059 1161 2275 1215 Matth.
2300 1177 2401 1231 xv,
2434 1161 2510 1231 8),
2545 1160 2802 1216 fortasse
2825 1164 2880 1216 et
2911 1162 2981 1216 de
3000 1161 3297 1235 aliquibus
3321 1161 3507 1234 lapsis
3530 1163 3685 1217 dicat
3709 1179 3722 1218 :

2060 1250 2163 1304 Isti
2193 1249 2367 1304 labiis
2414 1262 2505 1304 me
2538 1254 2849 1323 negarunt,
2902 1250 3010 1306 sed
3061 1252 3238 1306 corde
3284 1268 3516 1307 mecum
3564 1256 3723 1308 sunt.

2063 1337 2216 1392 Vicit
2247 1354 2351 1393 eos
2397 1354 2592 1410 poena,
2641 1354 2760 1394 non
2801 1341 3013 1394 avertit
3058 1340 3322 1412 perﬁdia.
3375 1340 3514 1397 Sine
3547 1344 3728 1396 causa

2064 1429 2256 1481 autem
2287 1418 2435 1482 397
2470 1420 2776 1503 hisaliqui
2808 1428 3039 1483 veniam
3089 1433 3328 1503 negant,
3375 1446 3626 1502 quorum
3658 1429 3731 1484 fi—

2065 1515 2197 1570 dem
2230 1518 2454 1587 eosque
2489 1500 2809 1571 confessus
2839 1516 2953 1587 (2'7)
2985 1500 3335 1589 perseeutor
3365 1500 3476 1589 est,
3508 1522 3572 1574 ut
3602 1535 3729 1574 eam

2067 1605 2332 1659 studeret
2380 1619 2723 1677 expugnare
2772 1607 3100 1661 tormentis.
3161 1607 3472 1681 Negat-unt
3521 1606 3729 1676 semel,

2068 1693 2175 1748 sed
2205 1692 2467 1765 quotidie
2516 1694 2905 1750 conﬁtentur:
2953 1700 3246 1768 negarunt
3294 1700 3591 1768 sermone,
3626 1698 3736 1753 sed

2070 1783 2426 1838 conﬁtentur
2488 1782 2827 1855 gemitibus,
2886 1785 3240 1840 conﬁtentur
3286 1785 3733 1857 ejulationibus,

302 1873 436 1962 dist.
462 1890 501 1943 ι,
525 1888 661 1945 cap.
689 1873 816 1929 Sed
845 1872 1091 1945 cont‘in.)
1113 1874 1213 1946 qui
1244 1873 1508 1929 dixerat:
1545 1872 1712 1962 Sicut
1737 1872 1964 1962 Adamn
1988 1898 2037 1962 Β
2071 1870 2428 1962 confitentur
2457 1872 2716 1942 fletibus,
2750 1872 3105 1928 conﬁtentur
3123 1873 3352 1945 liberis,
3377 1891 3495 1931 non
3513 1876 3737 1931 coactis

301 1961 511 2018 faciam
536 1967 705 2033 te,et
726 1963 884 2018 sicut
907 1963 1146 2018 Seboim
1170 1981 1188 2024 ;
1218 1977 1351 2034 quae
1370 1961 1504 2017 duce
1527 1961 1707 2016 urbes
1729 1977 1804 2016 ex
1824 1959 1968 2015 vici-

305 2052 394 2107 nia
408 2052 811 2107 Sodomorum
828 2050 1034 2123 parilis
1056 2052 1272 2107 excidii
1302 2055 1536 2107 traxere
1560 2050 1925 2106 consortium
1951 2065 1964 2105 :

305 2140 675 2198 Conversum
707 2146 821 2211 est,
852 2140 1062 2213 inquit,
1097 2157 1202 2197 cor
1231 2156 1422 2196 meum
1452 2141 1514 2195 in
1547 2154 1614 2196 eo
1643 2138 1791 2212 ipso,
1829 2154 1969 2194 con-

304 2230 561 2287 turbata.
577 2236 671 2287 est
692 2230 1048 2303 pmnitentia
1081 2246 1206 2286 mea
1230 2240 1393 2286 :‘uon
1416 2228 1630 2286 facium
1651 2228 1970 2285 secundum

300 2320 676 2376 iracundiam
707 2320 937 2376 furoris
964 2320 1084 2376 mei
1113 2320 1296 2390 (Osee
1321 2336 1403 2391 XI,
1435 2319 1488 2390 8,
1520 2318 1597 2390 9).

368 2444 459 2502 22.
485 2445 704 2500 Nonne
734 2449 976 2517 apparet
1005 2445 1162 2517 quod
1205 2445 1339 2515 ideo
1370 2444 1544 2511 nobis
1588 2443 1976 2516 peccantibus

302 2534 654 2608 indignetur
679 2535 964 2590 Dominus
981 2533 1183 2605 Jesus,
1198 2537 1261 2590 ut
1281 2522 1704 2611 indignationis
1720 2549 1846 2601 suae
1865 2548 1977 2589 nos

302 2627 530 2680 terrore
559 2621 912 2679 convertat?
944 2621 1275 2697 Indignatio
1309 2612 1455 2703 ergo
1487 2623 1623 2696 ejus
1653 2640 1771 2680 non
1790 2621 1968 2679 ultio-

304 2713 397 2769 nis
419 2711 761 2783 exsecutio,
779 2712 887 2768 sed
909 2713 1104 2785 magis
1125 2712 1520 2769 absolutionis
1542 2714 1635 2768 est
1677 2711 1974 2784 operatio:

307 2801 392 2857 sic
405 2801 572 2858 enim
587 2802 733 2856 dixit
754 2817 767 2857 :
803 2801 873 2856 Si
889 2818 994 2857 con
1007 2817 1217 2858 versus
1231 2801 1618 2874 ingemueris,
1638 2800 1841 2857 salvus
1855 2801 1983 2857 eris

305 2890 444 2960 (lsa.
472 2908 626 2957 xxx,
650 2890 759 2963 15).
788 2888 1109 2969 Exspectat
1130 2886 1387 2964 gemitus
1411 2894 1673 2971 nostros,
1701 2891 1807 2947 sed
1829 2894 1980 2946 tem-

304 2980 575 3052 porales,
602 2981 931 3055 utremittat
954 2984 1306 3061 perpetuos:
1342 2983 1650 3052 exspectat
1689 2980 1982 3053 lacrymas

308 3074 555 3125 uestras
592 3068 724 3139 (‘25),
775 3071 839 3125 ut
884 3064 1201 3142 profundat
1246 3071 1522 3142 pietatem
1554 3087 1743 3126 suam.
1794 3071 1893 3143 Sic
1926 3069 1985 3124 in

309 3156 670 3233 Evangelio,
687 3158 880 3214 viduae
900 3156 1102 3215 matris
1116 3159 1394 3232 lacrymis
1410 3176 1784 3232 compassus,
1802 3159 1985 3215 {ilium

309 3248 444 3322 ejus
466 3244 859 3304 resus’citavit
881 3250 1043 3319 (Luc.
1067 3267 1168 3321 vn,
1204 3249 1418 3320 13-15).
1471 3248 1792 3322 Exspectat
1842 3265 1987 3333 con-
2015 3264 2068 3333 ο

312 3336 663 3394 versionem
697 3341 981 3409 nostram,
1015 3344 1072 3394 ut
1126 3343 1454 3395 revertatur
1482 3342 1539 3393 et
1569 3340 1698 3413 ipse
1743 3339 1815 3394 ad
1842 3332 1987 3415 gra-

309 3425 489 3484 tiam:
550 3444 709 3499 quae,
760 3427 811 3483 si
862 3427 1063 3483 nullus
1110 3428 1316 3500 lapsus
1347 3428 1523 3485 nobis
1572 3429 1878 3500 irreperet,
1930 3428 1990 3483 in

311 3517 491 3597 nobis
520 3518 942 3589 perseveraret
966 3533 980 3589 ;
1015 3518 1123 3574 sed
1155 3518 1292 3590 quia
1321 3518 1582 3589 peccatis
1605 3519 1828 3574 nostris
1852 3533 1991 3574 con-

308 3606 615 3662 trahimus
676 3605 984 3675 offensam,
1045 3606 1406 3680 indignatur,
1466 3610 1529 3663 ut
1578 3607 1986 3663 humiliemur:

312 3692 725 3767 humiliamur,
771 3699 834 3752 ut
879 3695 1044 3770 digni
1093 3696 1284 3753 simus
1335 3696 1569 3769 magnis
1613 3695 1991 3752 miseratione

313 3798 492 3858 quam
510 3786 725 3863 'pmna.
832 3786 835 3787 ⁷
1706 3773 1713 3781 ’

386 3911 479 3968 23.
501 3912 733 3969 Doceat
760 3914 816 3967 te
853 3914 1013 3967 certe
1052 3910 1385 3967 Hieremias
1407 3909 1647 3967 dicens:
1704 3910 1848 3976 Quia
1881 3925 1995 3964 non

318 4000 586 4073 repellet
616 4000 680 4054 in
707 4005 996 4057 internum
1014 4001 1297 4056 Dominus
1319 4019 1339 4066 ί
1363 4000 1645 4074 quoniam
1661 4017 1788 4055 cum
1812 4000 1996 4054 Immi-

315 4088 398 4145 lia
409 4090 600 4157 verit,
622 4089 1014 4147 miserebitur
1030 4091 1348 4145 secundum
1365 4088 1801 4144 multitudinem
1814 4089 1997 4143 misc-

255 4243 259 4246 μ
320 4179 621 4234 ricardjae
636 4194 759 4235 suae
774 4199 791 4233 .-
816 4179 915 4251 qui
927 4194 1041 4234 non
1065 4178 1405 4234 bumiliavit
1421 4183 1541 4234 toto
1553 4178 1734 4233 corde
1757 4193 1881 4248 suo,
1898 4192 1999 4232 ne-

321 4284 432 4340 que
451 4266 687 4340 repulit
710 4266 864 4323 filios
897 4268 1193 4324 hominum
1233 4268 1481 4337 (Tbren.
1504 4284 1587 4337 zu,
1619 4268 1835 4338 31-38).
1874 4268 2000 4322 Hoc

322 4360 487 4421 certe
510 4359 580 4412 in
615 4357 870 4413 Threnis
908 4357 1222 4413 Hieremiae
1250 4357 1527 4429 legimus,
1559 4360 1625 4411 ut
1649 4372 1725 4411 ex
1755 4356 1871 4427 his,
1903 4357 1998 4412 vel

323 4448 575 4505 caeteris
597 4462 732 4518 quae
754 4450 1087 4519 sequuntur
1107 4446 1469 4501 advertimus
1489 4446 1626 4517 quia
1658 4446 1790 4501 ideo
1812 4445 2001 4501 humi-

2071 1960 2343 2016 vocibus.
2377 1960 2703 2016 Cesserunt
2733 1961 2972 2033 quidem
3002 1963 3075 2017 ad
3105 1967 3338 2035 tempus
3371 1965 3591 2020 diaboli
3612 1968 3742 2020 tcu-

2071 2050 2314 2105 tationi:
2348 2050 2455 2105 sed
2486 2050 2659 2105 etiam
2692 2050 2965 2106 diabolus
2990 2055 3194 2124 postea
3214 2052 3470 2109 recessit
3503 2055 3577 2109 ab
3618 2053 3739 2125 his,

2075 2153 2231 2210 quos
2246 2138 2361 2193 sibi
2388 2138 2690 2194 vindicare
2725 2154 2844 2195 non
2877 2140 3083 2211 potuit.
3117 2141 3314 2197 Cessit
3346 2157 3551 2198 eorum
3582 2142 3738 2198 ﬂeti-

2076 2226 2214 2297 bus,
2265 2227 2451 2283 cessit
2496 2228 2895 2298 poenitentiae:
2945 2244 3099 2302 quos
3147 2230 3447 2287 invaserat
3484 2232 3741 2304 alienos,

2078 2315 2334 2389 perdidit
2362 2331 2529 2371 suos.

2150 2405 2244 2461 25.
2280 2405 2490 2461 Nonne
2519 2406 2677 2462 istud
2724 2409 2836 2478 est,
2870 2424 2939 2463 ac
2984 2408 3040 2464 si
3067 2408 3203 2482 quis
3248 2410 3543 2482 captivum
3572 2409 3747 2467 victae

2081 2495 2250 2552 urbis
2272 2495 2552 2566 populum
2566 2496 2681 2567 (28)
2701 2497 2997 2553 abducat?
3020 2498 3301 2571 Captivus
3334 2499 3588 2572 ducitur,
3641 2498 3750 2556 sed

2084 2586 2307 2641 invitus
2332 2601 2344 2640 :
2379 2586 2559 2657 quiin
2581 2586 2805 2642 alienas
2826 2590 3017 2643 terras
3035 2588 3391 2645 deccssitate
3415 2591 3748 2661 contendat,

2086 2675 2290 2730 intimo
2337 2678 2540 2730 tamen
2584 2690 2701 2732 non
2731 2676 2946 2750 migret
2990 2677 3225 2748 affectu,
3258 2681 3518 2751 patriam
3547 2693 3755 2735 secum

2086 2764 2283 2819 animo
2309 2763 2504 2835 vehat,
2529 2769 2757 2837 quaerat
2779 2766 3008 2837 copiam
3030 2769 3524 2840 quemadmodum
3546 2782 3753 2825 rever-

2086 2856 2266 2909 tatur.
2317 2852 2468 2919 Quid
2516 2856 2715 2927 ergo?
2758 2854 2906 2910 Cum
2953 2855 3373 2929 hujuscemodi
3417 2857 3754 2929 revertitur,

2092 2959 2231 2999 num
2251 2947 2344 2998 est
2364 2942 2581 3014 aliquis
2606 2944 2707 3015 qui
2745 2945 3100 3014 persuadeat
3138 2962 3259 3002 non
3298 2948 3706 3019 recipiendum
3724 2950 3758 3004 εἰ

2092 3033 2319 3088 minore
2344 3032 2573 3088 scilicet
2590 3032 2834 3103 honore,
2859 3035 2966 3090 sed
2990 3035 3187 3091 studio
3208 3038 3598 3107 propensiore
3621 3037 3756 3109 (29),

2094 3138 2169 3178 ne
2202 3114 2423 3177 habeat
2469 3121 2530 3175 in
2562 3137 2679 3193 quo
2727 3123 2944 3179 insulet
2972 3124 3376 3180 adversarius.
3422 3126 3485 3181 Si
3536 3128 3758 3181 armato

2094 3210 2365 3285 ignoscis
2395 3210 2494 3282 qui
2542 3227 2809 3283 pugnare
2858 3214 3045 3282 potuit
3072 3212 3208 3285 (30),
3254 3230 3372 3270 non
3405 3213 3676 3287 ignoscis
3708 3212 3764 3269 ei

2093 3303 2153 3356 in
2185 3317 2302 3373 quo
2335 3299 2461 3354 sola
2495 3300 2795 3372 pugnabat
2825 3301 3018 3357 ﬁdes?

2166 3390 2255 3445 $6.
2286 3390 2484 3460 Ipsius
2513 3389 2732 3444 diaboli
2762 3389 2833 3445 de
2865 3389 3212 3462 hujusmodi
3257 3391 3446 3465 lapsis
3477 3392 3527 3448 si
3560 3389 3763 3463 requi-

2096 3495 2298 3536 ramus
2329 3479 2675 3546 sententias,
2735 3495 2931 3535 nonne
2960 3480 3196 3554 videtur
3224 3482 3457 3538 dicere:
3505 3481 3767 3554 Populus

2099 3569 2199 3624 hic
2214 3567 2399 3622 labiis
2421 3583 2513 3622 me
2532 3567 2802 3649 lionorat,
2828 3583 2933 3623 cor
2955 3551 3147 3624 autem
3169 3585 3368 3626 eorum
3408 3551 3710 3643 longe-est
3732 3584 3765 3627 a

2102 3674 2195 3714 me
2215 3660 2243 3712 ‘?
2272 3656 2577 3722 Quomodo
2598 3657 2758 3712 enim
2781 3673 3009 3713 mecum
3042 3663 3155 3730 est,
3190 3661 3288 3732 qui
3330 3677 3447 3716 non
3481 3661 3704 3717 recedit
3732 3674 3766 3716 a

2103 3747 2342 3803 Christo
2363 3750 2391 3802 ?
2429 3746 2569 3803 Sine
2593 3762 2771 3802 causa
2792 3750 2986 3802 autem
3010 3764 3101 3804 me
3124 3749 3320 3805 colere
3341 3749 3636 3819 videntur,
3664 3748 3766 3822 qui

2103 3836 2427 3893 doctrinam
2474 3836 2625 3891 Jesu
2674 3837 3044 3893 custodiunt:
3099 3850 3213 3907 ego
3247 3842 3442 3895 autem
3489 3840 3768 3911 putabam

2103 3927 2261 4000 quod
2284 3941 2472 3981 meam
2492 3926 2793 3981 docerent.
2819 3925 2959 3981 Plus
2986 3928 3282 3996 damnant,
3309 3928 3445 3983 dum
3470 3933 3769 4005 comperta

2105 4018 2409 4072 deserunt.
2454 4014 2624 4071 Certe
2661 4016 2843 4071 Jesus
2902 4017 2961 4071 in
3018 4017 3114 4071 bis
3157 4018 3411 4088 amplius
3460 4019 3764 4090 gloriatur,

2106 4107 2244 4162 dum
2275 4105 2485 4175 recipit
2514 4108 2901 4161 revertentes.
2955 4105 3266 4161 Exsultant
3296 4123 3502 4162 omnes
3550 4107 3767 4179 angeli,

2108 4195 2243 4268 quia
2274 4194 2553 4267 gaudium
2583 4193 2782 4266 majus
2812 4197 2903 4249 est
2934 4195 2989 4249 in
3023 4195 3171 4250 cmlo
3201 4211 3384 4267 super
3412 4211 3530 4250 uno
3554 4211 3771 4266 pecca-

2110 4290 2237 4341 tore
2286 4283 2690 4355 peenitentiam
2741 4287 2970 4357 agente,
3026 4294 3199 4356 quam
3243 4284 3302 4338 in
3348 4285 3667 4356 nonaginta
3716 4288 3773 4339 et

2111 4389 2325 4430 novem
2364 4372 2551 4445 justis
2591 4373 2693 4444 qui
2739 4389 2856 4427 non
2898 4373 3168 4446 indigent
3214 4374 3554 4443 poenitentia
3605 4374 3769 4441 (Luc.

2110 4481 2211 4532 xv,
2243 4463 2321 4533 '7).
2354 4463 2437 4517 De
2467 4477 2559 4517 me
2593 4462 2649 4516 in
2683 4462 2853 4531 ccelo,
2889 4462 2962 4517 de
3009 4478 3101 4516 me
3133 4463 3191 4514 in
3221 4461 3395 4515 terris
3440 4462 3772 4532 triumphus

323 4535 576 4607 liat(26)
598 4535 712 4591 sub
743 4536 997 4607 pedibus
1027 4535 1157 4591 suis
1196 4551 1402 4591 omnes
1434 4536 1666 4591 vinctos
1713 4538 1908 4601 terrae,
1944 4538 2005 4589 ut
2111 4554 2383 4608 sumitur.
2418 4551 2578 4606 Nihil
2609 4551 2847 4608 Christo
2875 4551 3044 4622 perit,
3080 4550 3312 4621 quando
3345 4534 3401 4604 1,;
3434 4551 3546 4622 qui
3578 4551 3649 4604 ad
3682 4562 3774 4606 me

320 4624 633 4696 judicium
665 4624 801 4696 ejus
831 4625 1218 4681 declinemus.
1244 4625 1356 4679 Sed
1389 4640 1499 4679 nec
1530 4627 1648 4679 toto
1682 4625 1859 4680 corde
1891 4624 1969 4679 hu

2114 4658 2246 4697 cum
2278 4643 2415 4696 fletu
2466 4644 2770 4708 venerant,
2807 4656 2939 4693 cum
2990 4638 3288 4693 desiderio
3320 4639 3389 4692 ad
3443 4638 3775 4695 Ecclesiam

328 4713 522 4770 miliat
552 4716 924 4784 peccatorem
962 4729 1153 4786 usque
1184 4714 1254 4769 ad
1296 4717 1535 4783 terram,
1587 4714 1687 4785 qui
1718 4714 1890 4768 etiam
1934 4713 2005 4768 de

328 4806 494 4859 terra
529 4802 784 4858 suscitat
814 4803 1070 4875 inopem,
1106 4806 1163 4858 et
1191 4804 1263 4858 de
1293 4807 1559 4859 stercore
1587 4804 1762 4875 erigit
1782 4818 2006 4874 paupe-

404 4943 789 5018 (23)AAlbin.
847 4962 915 5001 ac
955 4946 1183 5001 Thuan.
1242 4947 1396 5015 cod.,
1462 4946 1833 5000 insinuanda:
1885 4945 2012 5018 ejus

332 5016 782 5090 misericordiae
807 5032 821 5087 ;
844 5018 1064 5090 melius
1081 5018 1200 5086 alii,
1234 5022 1407 5090 atque
1429 5018 1588 5084 edit.,
1623 5018 1864 5090 insigne
1886 5016 2012 5088 ejus

333 5089 802 5158 misericordiae,
837 5089 895 5143 id
925 5092 1038 5157 est,
1071 5088 1332 5161 signum,
1366 5088 1789 5159 testimonium,
1825 5089 2011 5143 docu-

336 5163 628 5226 mentum,
664 5163 776 5214 etc.
1976 5180 1979 5183 ν

410 5231 535 5301 (24)
567 5231 692 5285 Vet.
716 5231 881 5300 edit.,
901 5237 958 5286 et
980 5232 1037 5286 si
1055 5231 1294 5287 Judeeus
1309 5231 1567 5286 miretur
1582 5249 1601 5297 ;
1633 5231 1812 5296 male;
1837 5231 2006 5286 Rom.

340 5305 400 5384 et
425 5316 585 5357 mss.
615 5301 858 5384 aliquot,
894 5310 953 5357 et
982 5303 1040 5384 si
1071 5303 1295 5384 Judaeis
1323 5302 1586 5384 minetur
1605 5322 1624 5369 ,-
1656 5303 1896 5358 melius:
1918 5315 2015 5373 ope

338 5374 486 5428 time
520 5373 728 5428 czeteri
755 5390 902 5429 mss.
935 5373 1079 5429 utin
1109 5378 1408 5429 contextu.

415 5446 540 5516 (25)
572 5444 719 5518 Mss.
751 5462 870 5500 non
900 5446 1092 5517 pauci,
1145 5451 1373 5518 spectat
1416 5445 1677 5518 gemitus
1707 5449 2010 5500 nostros...

344 5516 916 5591 spectatjacrymas
946 5516 1250 5573 nostras...
1283 5516 1531 5591 spectat,
1569 5521 1681 5591 etc.

420 5587 547 5664 (ξς)
572 5586 766 5664 gem}
802 5588 944 5664 cod.
968 5591 1109 5659 ant.,
1144 5604 1278 5664 quia
1308 5586 1423 5646 non
1452 5586 1905 5654 idco'liumiliat,

422 5656 548 5742 (ﬂ)
587 5658 805 5723 Omnes
853 5660 1016 5738 edit.,
1053 5656 1307 5745 ebriaque
1353 5665 1762 5738 consectatus;
1809 5673 2017 5725 omnes

2114 4734 2525 4787 revertuntur:
2563 4728 2617 4783 et
2649 4729 2858 4783 horum
2888 4728 3159 4798 exemplo
3191 4729 3362 4782 etiam
3396 4728 3467 4783 de
3500 4730 3647 4784 meis
3678 4746 3778 4801 pe-

2113 4820 2359 4888 riclitor,
2391 4818 2493 4889 qui
2521 4818 2834 4872 didicerint
2864 4817 3009 4871 nihil
3041 4818 3137 4871 hic
3168 4833 3327 4887 esse,
3370 4818 3468 4872 ubi
3506 4816 3777 4875 homines

2115 4978 2287 5028 mss.,
2331 4977 2583 5032 eousque
2643 4959 2971 5017 confessus.
3031 4959 3126 5032 Et,
3159 4964 3316 5015 certe
3360 4965 3780 5031 persecutores

2118 5031 2933 5106 quodammodoconfitentur
2961 5047 3066 5086 eos
3099 5031 3515 5106 Christitidem
3537 5034 3778 5102 habere,

2162 5122 2271 5159 uos
2303 5104 2610 5158 tormentis
2642 5105 3090 5173 aggrediuntur.
3145 5104 3292 5158 Nam
3325 5107 3377 5159 si
3417 5105 3621 5160 eadem
3666 5106 3781 5161 ﬁde

2162 5123 2271 5159 llOS
2303 5123 2610 5158 [Ol'melllls
2642 5123 2672 5157 a
2724 5123 3090 5173 gl‘CLllUDllli‘.
3145 5123 3292 5158 Nam
3325 5123 3377 5159 SI
3417 5123 3621 5160 eadem
3666 5123 3781 5161 nae

2118 5123 2254 5304 ἓιείῗ
2303 5175 2613 5298 αιἐἷάενοιη
2669 5123 3004 5244 festitutos,
3055 5175 3379 5230 amicorum
3436 5175 3567 5232 loco
3613 5177 3782 5247 ipsos

2162 5264 2192 5301 a
2240 5260 2378 5302 eren
2411 5287 2424 5301 .

2162 5249 2424 5302 aberent.

2193 5318 2304 5392 (28)
2334 5316 2579 5392 Quidam
2613 5333 2785 5392 mss.,
2824 5323 3008 5390 capta)
3040 5316 3210 5392 urbis
3235 5317 3526 5392 populum.

2193 5389 2307 5460 (‘29)
2337 5388 2484 5444 Mss.
2520 5388 2807 5460 nonnulli,
2843 5388 2956 5444 non
2987 5390 3216 5446 minore
3235 5388 3490 5446 scilicet
3537 5389 3781 5460 honore,
3812 5401 3821 5407 ‘

2120 5461 2319 5534 studio
2345 5461 2755 5534 propensiore.

2193 5478 2319 5518 ῑιαιο
2385 5478 2755 5534 ιὀρθιιειοιἮ.

2193 5532 2306 5608 (80)
2337 5478 2614 5615 (Quaedam
2675 5532 2813 5592 edit.
2870 5548 2939 5592 ac
2969 5549 3117 5592 mss.
3178 5532 3418 5609 aliquot,
3453 5530 3553 5609 qui
3605 5546 3786 5613 repu-

2123 5620 2314 5685 gnare
2336 5609 2551 5684 potuit.
