3936 6168
311 296 439 362 495
1634 297 1702 358 S.
1733 294 2177 359 AMBROSII.

3622 304 3730 370 496

319 499 724 572 praesentibus
773 499 1173 569 provocantur
1220 496 1521 568 praemiis;
1573 499 1629 553 et
1673 497 1990 568 plurimum
2023 489 2076 552 Α
2187 496 2369 572 clesia
2399 504 2749 572 sancta‘non
2777 498 3066 572 imitatur.
3111 498 3597 572 Deindeeosdem
3624 503 3729 560 hm-

316 569 461 658 illic,
500 589 602 643 ubi
650 588 930 660 gemitus,
963 587 1260 658 lacrymaa,
1307 585 1541 659 jejunia
1587 587 1737 642 meis
1797 585 1990 658 epulis
2182 569 2998 660 ζςξξοίξξηςξιξξρΙξζὶξῳ,φιῄ
3025 587 3249 660 omnes?
3268 570 3468 660 salvos
3484 570 3620 660 fieri
3645 591 3732 629 cu-

892 641 929 658 ί’
1307 641 1396 659 ’θ’
1660 641 1667 642 ⁷
1831 641 1852 658 ⁸
2176 641 2322 711 piat,
2353 647 2586 712 partem
2616 641 2844 696 habere
2876 641 2988 696 n'on
3013 659 3192 714 posse
3214 641 3445 714 planum
3474 642 3626 700 facit.

967 766 1220 822 CAPUT
1249 766 1344 822 VI.

324 857 699 939 Novatianos
728 857 865 913 dum
885 862 1238 939 peccatores
1266 855 1563 939 a.Chri_st1
1593 870 1699 910 con
1711 854 1868 939 νξο
1899 870 1996 936 ex-

398 929 661 999 cludunt,
694 944 808 984 non
837 926 926 1000 pii
957 926 1346 1000 Samaritani,
1377 927 1488 982 sed
1503 926 1766 1000 superbi
1803 926 1992 1000 legis-

389 1001 584 1072 periti
613 997 723 1054 nec
774 997 886 1054 non
917 998 1253 1072 supernatis
1285 1004 1462 1072 atque
1489 997 1710 1066 levitas,
1765 998 1864 1070 qui
1889 1013 1994 1072 re-

390 1069 936 1144 prehendunturin
956 1069 1305 1144 Evangelia,
1327 1069 1665 1124 imitatores
1697 1069 1851 1136 esea,
1879 1069 1997 1124 imo

395 1140 614 1198 iisdem
645 1143 822 1197 etiam
845 1140 1350 1198 inclementiores.

399 1230 486 1287 27.
513 1229 708 1303 [Alias
731 1247 858 1302 cap.
879 1229 972 1304 V.]
1009 1231 1135 1286 Hos
1158 1246 1324 1303 ergo,
1365 1229 1698 1300 Novatiani,
1724 1229 1996 1284 excludi-

327 1321 448 1376 tis?
485 1318 636 1386 Quid
657 1323 750 1375 est
770 1321 926 1375 enim
944 1320 1101 1375 aliud
1125 1319 1461 1390 excludere,
1481 1319 1599 1374 nisi
1621 1334 1790 1390 spem
1803 1318 1996 1374 venia

330 1410 635 1482 denegare
656 1411 685 1464 ‘?
713 1409 830 1465 Sed
859 1397 1052 1482 neque
1094 1409 1449 1465 semivivum
1483 1408 1628 1464 illud
1649 1408 1998 1466 derelictum

333 1516 367 1554 a
382 1499 712 1554 latronibus
735 1497 1138 1554 Samaritanus
1157 1499 1444 1570 prmteriit
1468 1513 1481 1554 :
1515 1500 1572 1553 et
1593 1497 1838 1553 vulnera
1859 1496 1996 1569 ejus

335 1587 465 1644 oleo
493 1589 751 1662 vinoque
781 1588 1026 1659 curavit,
1075 1587 1242 1660 prius
1275 1587 1596 1643 infundens
1645 1587 1843 1643 oleum
1875 1603 1992 1659 quo

328 1686 558 1742 foveret
583 1702 595 1742 :
631 1703 813 1758 supra
835 1685 1172 1758 jumentum
1199 1677 1350 1742 398
1380 1700 1555 1741 suum
1576 1685 1864 1756 imposuit
1881 1683 2004 1739 vul-

328 1779 599 1832 neratum
627 1776 791 1847 (Luc.
819 1793 878 1842 x,
919 1774 1132 1848 33-35),
1157 1775 1217 1830 in
1257 1791 1374 1846 quo
1411 1773 1545 1847 ejus
1565 1777 1808 1846 peccata
1840 1773 2004 1829 vexit

333 1866 552 1937 omnia,
585 1881 695 1922 nec
727 1881 896 1922 ovem
928 1868 1134 1938 pastor
1161 1864 1436 1936 despexit
1480 1867 1776 1920 errantem
1825 1863 1989 1934 (Luc.
2031 1872 2086 1937 Β

330 1971 430 2026 xv,
461 1956 538 2026 4).

401 2043 493 2100 28.
525 2043 650 2100 Vos
684 2047 879 2099 autem
931 2043 1168 2100 dicitis:
1218 2041 1362 2100 Noli
1390 2057 1484 2098 me
1533 2049 1784 2115 tangere
1811 2042 2002 2112 (Joan.

331 2149 434 2204 xx,
459 2134 572 2204 17).
601 2134 724 2188 Vos
745 2133 941 2188 dicitis
988 2133 1260 2188 volentes
1289 2131 1622 2204 justiﬁcare
1658 2148 1768 2188 vos
1796 2131 2000 2204 ipsos:

332 2223 468 2278 Non
486 2225 579 2278 est
601 2223 910 2292 proximus
934 2225 1158 2291 noster,
1184 2221 1571 2292 superbiores
1613 2237 1789 2294 quam
1816 2221 2006 2293 legis-

333 2312 566 2384 peritus
625 2311 724 2366 ille
779 2311 877 2383 qui
939 2310 1241 2366 Christum
1283 2313 1507 2366 tentare
1557 2309 1864 2381 cupiebat;
1909 2310 2008 2366 ille

333 2402 489 2457 enim
508 2401 688 2457 dixit:
727 2399 872 2466 Quis
907 2406 1000 2456 est
1035 2415 1203 2455 meus
1225 2400 1538 2472 proximus
1577 2400 1742 2470 (Luc.
1775 2417 1836 2470 χ,
1870 2398 2009 2469 29)?

331 2491 432 2548 ille
487 2491 834 2563 interrogat,
895 2505 1006 2546 vos
1054 2489 1324 2562 negatis;
1373 2489 1529 2545 sicut
1575 2489 1862 2546 sacerdos
1908 2489 2006 2544 ille

334 2581 790 2650 descendentes,
825 2582 883 2634 et
930 2577 1087 2634 sicut
1113 2577 1292 2634 levita
1336 2578 1771 2650 praterientes,
1831 2593 2008 2650 quem

337 2669 664 2725 curandum
694 2669 1004 2739 suscipere
1037 2668 1352 2740 debuistis,
1382 2683 1492 2724 nec
1514 2667 1872 2739 recipientes
1902 2667 2009 2722 ho-

337 2759 536 2831 spitio,
567 2775 674 2830 pro
704 2773 820 2830 quo
878 2756 1153 2813 Christus
1183 2757 1299 2813 duo
1346 2757 1679 2814 numeravit
1707 2773 1823 2814 mra
1869 2755 2006 2829 (31),

339 2845 517 2921 cujus
544 2850 600 2904 te
631 2847 968 2919 proximum
997 2846 1128 2901 ﬁeri
1167 2845 1442 2902 Christus
1488 2846 1680 2920 jubet,
1716 2849 1779 2901 ut
1821 2845 2008 2926 facias

337 2935 399 2993 in
447 2952 585 2993 eum
631 2935 1128 2992 misericordiam.
1177 2935 1312 3007 lpse
1356 2937 1512 2992 enim
1556 2939 1649 2992 est
1678 2935 2008 3008 proximus,

339 3042 516 3100 quem
575 3042 694 3082 non
725 3026 922 3081 solum
977 3025 1304 3080 conformis
1343 3029 1551 3081 natura
1610 3025 2008 3097 conjunxerit,

339 3116 450 3172 sed
481 3116 654 3172 etiam
683 3114 1094 3171 misericordia
1125 3115 1514 3186 copulaverit.
1547 3115 1638 3170 Ab
1671 3131 1744 3170 eo
1776 3119 1832 3170 te
1864 3115 2011 3170 alie-

339 3223 484 3262 num
532 3205 816 3278 superbia
863 3204 1036 3276 facis,
1071 3205 1367 3260 extollens
1415 3207 1472 3260 te
1505 3205 1726 3260 frustra
1763 3205 2012 3304 inﬂatus
2038 3237 2093 3304 ο

340 3299 536 3351 mente
581 3296 778 3350 carnis
823 3298 961 3363 tuae,
1015 3297 1072 3349 et
1115 3309 1232 3349 non
1260 3296 1472 3350 tenens
1521 3297 1714 3364 caput.
1761 3294 1824 3348 Si
1853 3295 2012 3349 enim

342 3388 516 3457 caput
537 3388 796 3452 teneres,
821 3383 1166 3438 adverteres
1183 3399 1301 3438 non
1316 3383 1423 3438 tibi
1446 3398 1581 3438 eum
1592 3383 2008 3456 deserendum,

340 3492 450 3548 pro
483 3491 600 3547 quo
629 3475 904 3530 Christus
953 3476 1222 3529 mortuus
1274 3476 1387 3528 est.
1421 3471 1484 3528 Si
1529 3476 1704 3544 caput
1749 3475 2008 3544 teneres,

342 3565 686 3620 adverteres
705 3579 923 3635 corpus
941 3565 1112 3618 Omne
1126 3562 1598 3635 compaginando
1615 3563 1814 3634 potius
1836 3579 2012 3634 quam

341 3654 654 3724 solvendo,
674 3653 735 3708 in
759 3653 1188 3708 incrementum
1207 3651 1310 3708 Dei
1333 3667 1440 3722 per
1461 3651 1732 3722 copulam
1753 3651 2011 3707 charita-

341 3744 444 3813 tis,
476 3747 533 3798 et
563 3743 1026 3812 redemptionem
1057 3757 1334 3797 crescere
1365 3742 1718 3812 peccatoris.

417 3832 507 3887 29.
532 3832 678 3887 Cum
695 3831 876 3904 igitur
898 3831 1153 3886 fructum
1174 3846 1408 3886 omnem
1425 3831 1673 3886 aufertis
1718 3831 2014 3902 pmniten-

345 3921 463 3988 tiae,
487 3919 627 3991 quid
652 3920 808 3974 aliud
835 3919 1056 3990 dicitis,
1079 3920 1196 3974 nisi
1228 3921 1374 3975 hoc:
1413 3920 1600 3976 Nemo
1632 3920 1704 3975 de
1733 3921 2014 3975 vulnera-

346 4011 424 4065 tis
442 4011 714 4064 nostrum
745 4009 1114 4082 ingrediatur
1148 4009 1502 4079 hospitium:
1553 4025 1726 4064 nemo
1775 4013 2019 4064 sanetur

345 4100 404 4155 in
424 4101 628 4155 nostra
651 4097 922 4154 Ecclesia
941 4099 970 4152 *ἲ
1001 4098 1172 4168 Apud
1201 4115 1312 4152 nos
1334 4114 1454 4153 non
1474 4102 1754 4154 curantur
1769 4099 1979 4171 aegroti
2002 4113 2014 4155 :

345 4189 480 4244 sani
509 4203 742 4257 sumus,
777 4187 1072 4242 medicum
1101 4203 1220 4242 non
1253 4187 1543 4242 habemus
1575 4187 2016 4258 necessarium;

345 4279 484 4352 quia
512 4278 642 4350 ipse
671 4277 782 4332 ait:
817 4276 952 4334 Non
991 4293 1133 4348 opus
1155 4282 1248 4332 est
1264 4277 1433 4331 sanis
1467 4277 1751 4343 medicus,
1778 4277 1887 4333 sed
1922 4277 2021 4331 his

347 4367 613 4444 quimale
635 4367 857 4423 habent
875 4365 1118 4437 (Matth.
1144 4383 1224 4434 ix,
1257 4365 1376 4436 t2).

988 4454 1242 4510 CAPUT
1273 4455 1394 4509 VII.

353 4548 658 4604 Christum
691 4552 750 4602 ut
783 4561 986 4602 omnes
1013 4545 1088 4600 ad
1117 4561 1338 4600 caenam
1368 4560 1532 4598 suam
1562 4543 1782 4600 invitet
1811 4543 2020 4600 obtes-

2181 765 2270 820 30.
2297 763 2495 839 [Alias
2529 781 2658 837 cap.
2701 764 2826 839 VL]
2847 765 3030 840 Ergo,
3068 767 3311 823 Domine
3343 767 3504 838 Jesu,
3547 769 3615 823 ad
3640 769 3740 826 Ec-

2113 853 2364 910 clesiam
2383 859 2540 911 tuam
2561 859 2721 910 totus
2735 855 2968 924 adveni,
2992 856 3266 927 quoniam
3285 857 3635 912 Novatianus
3648 875 3742 913 ex-

2115 946 2306 998 cusat.
2334 943 2700 998 Novatianus
2732 943 2873 999 dicit
2897 961 2910 999 :
2944 944 3092 1016 Juga
3132 948 3300 1000 boum
3329 947 3442 1000 emi
3461 946 3614 1014 (Luc.
3635 964 3740 1018 xlv,

2113 1030 2226 1102 19),
2249 1031 2578 1104 quijugum
2615 1031 2838 1088 Christi
2873 1049 3056 1090 suave
3079 1049 3198 1089 non
3233 1035 3512 1104 suscepit,
3531 1037 3585 1089 et
3612 1049 3742 1092 onus

2113 1135 2296 1192 grave
2328 1120 2480 1176 collo
2512 1121 2758 1193 imponit
2787 1137 2920 1192 suo,
2954 1123 3112 1194 quod
3143 1127 3378 1192 portare
3427 1139 3542 1178 non
3569 1129 3740 1196 queat.

2113 1209 2479 1264 Novatianus
2495 1225 2707 1266 servos
2728 1215 2863 1266 tuos
2881 1227 2914 1265 a
2933 1211 3152 1283 quibus
3169 1211 3542 1281 invitabatur,
3563 1215 3742 1283 tenuit,

2113 1302 2170 1354 et
2201 1299 2556 1355 contumelia
2601 1298 2849 1356 allectos
2889 1299 3107 1356 occidit
3139 1317 3292 1372 quos
3325 1301 3514 1356 iterati
3547 1301 3749 1372 baptis-

2115 1387 2286 1442 matis
2342 1387 2473 1443 labe
2531 1389 2858 1461 inquinavit
2911 1389 3048 1462 (32).
3079 1390 3241 1445 Mitte
3289 1406 3434 1462 ergo
3463 1391 3534 1445 ad
3575 1392 3747 1446 exitus

2114 1477 2364 1548 viarum,
2427 1479 2484 1532 et
2514 1477 2729 1550 collige
2785 1479 2978 1534 bonos
3011 1482 3067 1534 et
3118 1479 3308 1535 malos
3337 1484 3394 1534 et
3439 1479 3673 1550 debiles,
3703 1483 3750 1536 et

2117 1581 2334 1635 caseos,
2355 1570 2412 1621 et
2435 1567 2680 1622 claudos
2703 1567 2974 1623 introduc
2995 1568 3055 1622 in
3075 1567 3572 1641 Ecelesiamﬁtuam
3591 1568 3749 1638 (Ibid.

2113 1656 2224 1726 2t).
2260 1655 2412 1711 Juba
2445 1655 2756 1727 impleatur
2785 1657 2998 1712 domus
3028 1660 3160 1714 tua:
3195 1657 3468 1713 introduc
3485 1656 3753 1714 omnesad

2115 1761 2344 1800 coenam
2372 1748 2570 1815 tuam;
2601 1737 2944 1818 quia'quem
2976 1749 3039 1801 tu
3067 1747 3403 1817 vocaveris,
3437 1747 3668 1820 dignum
3685 1745 3754 1802 tuo

2117 1835 2264 1904 cies,
2298 1834 2352 1888 si
2383 1838 2688 1906 sequatur.
2739 1834 2842 1890 Ille
2892 1851 3036 1890 sane
3083 1835 3372 1908 rejicitur,
3406 1836 3507 1908 qui
3527 1851 3638 1891 non
3663 1834 3756 1890 ha-

2117 1923 2311 1978 buerit
2332 1926 2560 1978 vestem
2582 1923 2920 1995 nuptialem,
2945 1924 3060 1980 hoc
3083 1929 3194 1996 est,
3217 1925 3497 1980 amictum
3528 1924 3757 1980 charita-

2113 2013 2215 2084 tis,
2241 2011 2510 2070 velamen
2541 2014 2772 2086 gratiae.
2805 2013 2986 2084 Mitte,
3019 2014 3280 2086 inquam,
3313 2014 3389 2070 ad
3443 2015 3754 2070 universos.

2186 2100 2276 2157 31.
2301 2102 2434 2158 Non
2455 2107 2702 2158 excusat
2724 2102 2992 2158 Ecclesia
3015 2107 3112 2159 tua
3129 2120 3161 2158 a
3183 2120 3354 2160 coena
3379 2107 3496 2175 tua,
3539 2107 3760 2159 excusat

2119 2201 2488 2258 Novatianus
2531 2201 2667 2272 (33).
2710 2201 2844 2257 Non
2879 2201 3022 2257 dicit
3043 2201 3263 2257 familia
3287 2206 3386 2258 tua
3411 2246 3424 2258 .
3456 2202 3605 2258 Sana
3631 2192 3758 2258 399

2119 2307 2274 2361 sum,
2307 2291 2600 2346 medicum
2631 2307 2750 2346 non
2781 2291 3058 2363 requiro;
3107 2291 3216 2347 sed
3247 2292 3430 2348 dicit:
3481 2291 3633 2348 Sana
3660 2307 3757 2358 me,

2117 2380 2390 2450 Domine,
2423 2387 2483 2435 et
2516 2379 2806 2436 sanabor:
2839 2379 3006 2436 salva
3026 2397 3136 2452 me,
3159 2387 3217 2436 et
3235 2381 3754 2440 solvebat-tuleram.

2117 2486 2261 2542 xvu,
2285 2469 2392 2539 l4).
2428 2469 2694 2542 Denique
2735 2468 3024 2525 Ecclesiae
3056 2473 3172 2525 tuae
3203 2470 3446 2542 species
3483 2473 3573 2526 est
3605 2470 3659 2526 in
3680 2469 3764 2524 illa

2118 2575 2252 2632 qum
2281 2559 2539 2614 accessit
2567 2562 2748 2630 retro,
2804 2563 2861 2614 et
2889 2559 3080 2632 tetigit
3111 2559 3407 2615 ﬁmbriam
3454 2557 3762 2615 vestimenti

2116 2649 2221 2719 tui,
2258 2648 2465 2704 dicens
2514 2649 2664 2703 intra
2711 2663 2815 2704 se:
2867 2647 3012 2714 Quia
3043 2649 3100 2703 si
3146 2655 3414 2722 tetigero
3468 2649 3763 2704 vestimen-

2122 2744 2240 2793 tum
2272 2739 2420 2811 cjus,
2455 2737 2621 2792 salva
2653 2753 2758 2792 ero
2787 2737 3026 2806 (Matth.
3063 2755 3142 2793 ix.
3175 2737 3290 2810 2t).
3323 2738 3466 2793 Haec
3497 2753 3636 2810 ergo
3665 2735 3750 2790 Ec-

2123 2827 2308 2882 clesia
2339 2827 2652 2882 confitetur
2678 2827 2926 2882 vulnera
2947 2844 3078 2897 sua,
3113 2827 3242 2882 haec
3276 2827 3476 2884 curari
3506 2827 3672 2898 cupit.

2192 2917 2282 2972 32.
2320 2916 2391 2971 Et
2422 2920 2484 2970 tu
2514 2917 2774 2988 quidem,
2809 2916 3076 2988 Domine,
3115 2933 3326 2972 omnes
3351 2917 3521 2988 cupis
3555 2929 3762 2982 sanare,
3853 2937 3858 2942 -

2127 3005 2235 3061 sed
2255 3021 2375 3060 non
2393 3021 2600 3061 omnes
2625 3007 2822 3062 curari
2843 3005 3066 3062 volunt.
3091 3006 3226 3062 Non
3248 3007 3377 3062 vult
3403 3006 3762 3074 Novatianus,

2127 3095 2228 3167 qui
2259 3110 2326 3150 se
2369 3098 2531 3166 putat
2559 3110 2698 3150 esse
2731 3111 2963 3152 sanum.
3015 3095 3124 3166 Tu,
3159 3096 3430 3163 Domine,
3483 3109 3696 3168 aegrum
3719 3095 3767 3146 te

2126 3199 2266 3240 esse
2289 3184 2462 3255 dicis,
2501 3187 2558 3240 et
2592 3185 2652 3240 in
2680 3184 2924 3240 minimo
2953 3189 3218 3240 nostram
3253 3187 3452 3241 sentis
3484 3183 3765 3239 inﬁrmita-

2123 3277 2262 3343 tem,
2287 3274 2493 3329 dicens
2518 3290 2531 3329 :
2566 3274 2770 3347 Alget
2798 3289 2980 3342 eram,
3011 3280 3068 3329 et
3111 3263 3416 3330 visitast'is
3431 3262 3766 3344 me'(Matth.

2124 3381 2267 3436 xxv,
2290 3363 2418 3435 36):
2451 3363 2817 3418 Novatianus
2868 3363 3032 3418 illum
3061 3363 3371 3419 minimum
3421 3363 3656 3418 visitare
3682 3375 3768 3416 ne-

2126 3453 2258 3524 scit,
2293 3453 2354 3508 in
2402 3468 2519 3525 quo
2568 3456 2630 3508 tu
2661 3452 2968 3508 desideras
3017 3453 3267 3509 visitari.
3306 3454 3397 3509 Tu
3439 3453 3587 3508 dicis
3616 3452 3768 3507 Petro

2127 3543 2240 3613 (De
2267 3541 2490 3598 Paenit.
2526 3542 2662 3598 dist.
2698 3541 2749 3613 1,
2782 3558 2835 3598 c.
2869 3541 3080 3598 Potest
3113 3543 3269 3611 ﬁeri,
3305 3544 3339 3616 ἒ
3386 3542 3555 3598 Dicis
3581 3540 3767 3604 Petro)

2127 3633 2435 3688 excusanti
2458 3647 2532 3686 ne
2555 3631 2608 3686 ei
2629 3632 2810 3702 pedes
2834 3631 3104 3688 lavares:
3138 3632 3284 3688 Nisi
3315 3633 3525 3688 lavero
3554 3629 3663 3685 tibi
3675 3644 3768 3701 pe-

2127 3721 2254 3793 des,
2308 3738 2421 3776 non
2471 3720 2726 3776 habebis
2764 3727 3001 3793 partem
3051 3737 3276 3776 mecum
3318 3722 3508 3790 (Joan.
3557 3736 3675 3788 xm,
3701 3715 3766 3786 8).

2128 3810 2296 3876 Quod
2325 3825 2471 3882 ergo
2500 3809 2602 3864 isti
2629 3812 2883 3881 possunt
2915 3810 3281 3866 consortium
3314 3815 3510 3866 tecum
3551 3807 3765 3874 habere,

2129 3900 2230 3972 qui
2270 3900 2470 3954 claves
2518 3900 2690 3971 regni
2733 3915 2850 3954 non
2894 3900 3248 3970 suscipiunt,
3304 3903 3590 3973 negantes
3633 3893 3768 3968 quod

2128 3990 2420 4046 dimittere
2451 3992 2692 4060 peccata
2712 3987 3012 4044 debeant?

2198 4077 2288 4134 33.
2322 4077 2490 4143 Quod
2519 4077 2758 4150 quidem
2791 4081 2949 4134 recte
2995 4079 3070 4134 de
3105 4093 3172 4134 sc
3222 4078 3516 4149 tutentur;
3548 4091 3658 4133 non
3685 4073 3770 4128 ha-

2129 4167 2271 4224 bent
2291 4168 2448 4222 enim
2479 4167 2636 4222 Petri
2668 4167 3090 4238 haereditatcm,
3124 4169 3226 4238 qui
3261 4169 3418 4223 Petri
3451 4166 3646 4222 sedem
3675 4160 3770 4232 (34)

2131 4273 2249 4313 non
2272 4257 2510 4327 habent,
2535 4273 2710 4328 quam
2733 4255 2910 4328 impia
2942 4257 3235 4312 divisione
3277 4258 3619 4327 discerpunt
3636 4253 3766 4323 (35):

2133 4347 2239 4402 sed
2272 4346 2385 4402 hoc
2436 4346 2726 4418 improbe,
2759 4347 2920 4418 quod
2963 4347 3136 4401 etiam
3168 4347 3228 4402 in
3274 4345 3545 4401 Ecclesia
3589 4337 3770 4399 donari

2131 4439 2374 4507 peccata
2403 4439 2623 4508 negant
2651 4451 2855 4506 posse,
2889 4452 3022 4490 cum
3045 4435 3219 4491 Petro
3255 4436 3476 4491 dictum
3511 4434 3620 4490 sit:
3659 4429 3769 4484 Tibi

2133 4526 2286 4582 dabo
2308 4525 2397 4581 cla
2408 4542 2512 4580 ves
2527 4525 2706 4598 regni
2720 4525 3015 4596 caelorum,
3043 4531 3100 4581 et
3121 4541 3478 4599 quaecunque
3506 4518 3770 4596 ligaveris

424 4626 612 4700 tatus,
635 4619 1009 4674 Novatianos
1037 4633 1146 4671 nec
1177 4617 1337 4688 ipsos
1368 4615 1444 4697 ad
1473 4631 1598 4700 capi
1622 4617 1884 4700 ingredi,
1910 4633 2019 4700 nec
2040 4604 2098 4667 D
2133 4631 2316 4688 super
2337 4621 2581 4680 terram,
2610 4621 2784 4670 erunt
2801 4615 2986 4688 ligata
3010 4622 3069 4670 et
3085 4614 3347 4683 incaelo:
3369 4621 3429 4670 et
3451 4621 3770 4688 quascunque

421 4689 562 4744 aliis
590 4687 932 4761 ingressum
956 4687 1316 4762 permittere
1361 4687 1684 4760 signiﬁcat,
1719 4688 1869 4761 quod
1897 4688 2021 4742 Ec-

423 4831 536 4900 (31)
553 4830 652 4885 Sic
673 4847 879 4886 omnes
899 4847 1080 4900 mss.;
1114 4834 1173 4886 at
1208 4833 1411 4886 contra
1434 4829 1574 4885 edit.
1613 4829 1750 4886 edit.
1786 4845 2014 4897 omnes,

353 4903 500 4960 duos
512 4917 752 4956 numera
766 4904 820 4956 vi
825 4909 844 4955 t
859 4904 1140 4958 denarios
1154 4924 1170 4957 :
1193 4903 1398 4958 eodem
1413 4917 1628 4971 sensu;
1653 4902 1847 4956 cuncti
1865 4901 2022 4956 enim

350 4983 522 5054 parvi
542 4981 714 5052 pretii
743 4983 963 5036 nummi
989 4983 1126 5038 olim
1163 4983 1268 5036 acri
1299 4987 1483 5036 erant.
1520 4983 1670 5036 Hinc
1695 4983 1836 5036 dicit
1875 4977 2019 5052 χαὶ-

352 5058 552 5134 κολὸγοι
593 5061 693 5132 qui
716 5061 926 5131 stipem
945 5063 1018 5116 ab
1043 5063 1177 5116 aliis
1216 5063 1630 5134 corrogabant.
1665 5063 1818 5116 llinc
1847 5063 2020 5116 etiam

355 5144 472 5196 duo
502 5141 598 5195 illa
641 5139 798 5213 λεπτά
839 5141 1084 5196 viduoea
1114 5141 1351 5213 Christo
1382 5141 1630 5196 Domino
1664 5158 1786 5213 prae
1823 5141 2022 5213 diviti-

353 5215 471 5268 bus
501 5213 685 5268 multo
719 5212 886 5282 plura
933 5213 992 5265 in
1041 5212 1526 5282 gomphylacium
1572 5212 2022 5268 immittentibus

357 5285 781 5340 commendatae
811 5283 1062 5337 reddidit
1111 5283 1504 5352 Hieronymus
1553 5284 1665 5338 duo
1711 5300 1854 5338 mra.
1907 5283 2024 5338 Sed

356 5355 702 5428 hujusmodi
732 5355 1094 5428 locutionum
1126 5353 1324 5428 referti
1359 5355 1695 5428 suntﬂlibri.
1729 5355 1885 5428 Infra
1915 5371 2022 5409 au-

355 5424 472 5484 tem
493 5444 600 5499 pro
627 5435 686 5482 ut
707 5426 974 5499 faciasin
1007 5441 1135 5479 eum
1157 5424 1654 5499 misericordiam,
1679 5430 1742 5479 ut
1771 5427 1829 5499 in
1853 5443 2026 5480 cunc-

356 5501 436 5555 tis
468 5495 604 5554 edit.
639 5503 697 5554 et
738 5497 1012 5568 pluribus
1039 5567 1044 5569 _
1071 5511 1218 5569 mss.
1253 5495 1496 5569 legitur,
1551 5495 1646 5569 alii
1678 5497 2020 5569 prmt'erunt,

361 5579 421 5628 ut
450 5571 692 5627 facilius
722 5567 782 5624 in
806 5585 935 5624 eum
965 5567 1443 5622 misericordiam
1474 5567 1717 5622 habeas.

431 5643 544 5712 (32)
574 5642 904 5714 Cyprianus
937 5640 1109 5714 epist.
1159 5637 1248 5707 '73,
1286 5636 1816 5714 Eusebius,_Hist.
1855 5638 2020 5714 Eccl.

361 5716 420 5794 et
445 5709 862 5794 ali’i_eamdem_
887 5709 1041 5768 hanc
1061 5709 1439 5794 baptismatis
1470 5709 1836 5794 iterationem
1855 5711 2022 5794 .obji-

312 5785 316 5790 ’
353 5785 524 5853 ciunt
553 5784 902 5845 Novatianis
928 5800 944 5847 :
973 5783 1084 5844 sed
1113 5781 1320 5842 eorum
1359 5781 1720 5862 baptismum
1752 5781 2024 5852 vicissim

2133 4704 2399 4760 solveris
2441 4720 2623 4776 super
2673 4711 2920 4775 terrain,
2973 4711 3148 4761 erunt
3193 4705 3386 4759 soluta
3433 4710 3494 4759 et
3538 4703 3598 4757 in
3625 4695 3770 4754 cedis

2137 4848 2494 4918 improbavit
2541 4848 2696 4902 idem
2744 4847 3074 4920 Cyprianus
3131 4847 3306 4918 epist.
3353 4847 3619 4920 '76.,Imo_
3647 4853 3770 4920 vero

2139 4914 2370 4974 constat
2404 4922 2676 4975 sanctum
2704 4914 2880 4976 etiéfn
2909 4914 3192 4974 Basiliam
3248 4920 3424 4990 epist.
3457 4919 3506 4988 1,
3548 4915 3620 4990 ad
3643 4914 3770 4990 ᾼω-

2136 4990 2307 5065 phil.,
2344 5008 2472 5046 can.
2509 4991 2560 5060 1,
2597 4995 2653 5046 et
2681 4993 2854 5062 epist.
2886 4989 2940 5065 3,
2976 5007 3105 5065 can.
3139 4991 3228 5060 47,
3279 4986 3352 5065 de
3384 4986 3500 5065 ille
3529 4986 3770 5044 dubitas-

2139 5063 2243 5131 se;
2277 5077 2410 5116 cum
2439 5066 2632 5117 tamen
2655 5079 2823 5118 conc.
2859 5064 3088 5118 Nicaeni
3118 5079 3246 5117 can.
3271 5063 3304 5116 8
3326 5067 3385 5116 et
3411 5063 3646 5116 aliorum
3666 5069 3770 5110 om-

2138 5134 2301 5188 nium
2336 5134 2572 5206 Patrum
2605 5134 2849 5206 calculis
2884 5135 3060 5190 fuerit
3090 5133 3470 5206 approbatus.

2209 5206 2322 5272 (33)
2357 5205 2437 5259 lla
2472 5209 2588 5260 vet.
2623 5205 2760 5261 edit.
2795 5212 2852 5260 et
2881 5222 3029 5261 mss.
3063 5197 3350 5277 plerique,
3397 5204 3508 5259 nisi
3536 5199 3681 5277 qugd
3719 5197 3769 5249 in

2137 5277 2494 5348 quibusdam
2523 5279 2897 5347 praemittitur
2925 5295 2993 5332 se
3021 5273 3154 5333 ante
3181 5273 3576 5332 Novatianus}
3618 5273 3764 5348 Rom.

2138 5340 2331 5420 autem
2362 5348 2499 5420 edit.
2523 5340 2668 5402 'cum
2717 5350 2925 5420 paucis
2967 5365 3141 5418 mss.,
3199 5349 3354 5415 Quos
3395 5364 3504 5403 non
3551 5340 3768 5402 exeunt

2135 5418 2410 5491 Ecclesia
2442 5435 2474 5473 a
2505 5435 2669 5474 ciena
2702 5418 2818 5491 tua,
2851 5431 3096 5476 excusat
3125 5420 3510 5476 Novatianus.

2209 5491 2328 5561 (3-1)
2357 5489 2749 5568 anesedit.
2779 5481 2849 5547 ac
2881 5509 3035 5568 mss.
3061 5495 3347 5564 nonnulli,
3384 5495 3480 5568 qui
3510 5487 3686 5568 _Petr_i
3708 5481 3765 5540 li-

2137 5563 2271 5691 gem
2295 5560 2314 5628 ,4
2345 5562 2444 5618 alii
2475 5563 2658 5619 multo
2688 5563 2894 5636 plures
2923 5560 3457 5639 potioresque,'q'ui
3497 5560 3664 5620 Petri
3685 5571 3765 5611 se-

2181 5651 2291 5691 em.

2181 5651 2291 5692 em.

2207 5707 2325 5780 (35)
2355 5706 2638 5766 Nonnulli
2671 5725 2844 5783 mss.,
2879 5710 3259 5785 dispersione
3287 5699 3640 5786 dispergunt.
