4024 6176
306 377 408 442 497

1493 373 1606 437 DE
1649 336 2195 443 PtENITENTIA
2238 378 2399 441 LIB.
2447 374 2494 440 ῐ.

3634 381 3754 446 498

297 579 518 649 (Matth.
548 596 669 649 xw,
708 579 817 651 t9);
851 595 981 634 cum
1015 584 1070 634 et
1100 578 1230 651 ipse
1263 595 1369 634 vas
1400 578 1711 634 electionis
1758 578 1953 634 Domi-
1986 560 2045 622 Α
2143 578 2233 633 37.
2274 577 2391 634 Sed
2422 578 2573 634 dicis
2605 579 2743 651 quia
2771 580 2832 635 in
2861 580 3098 638 lavacro
3130 585 3407 654 operatur
3446 585 3756 656 mysterio-

295 671 432 724 uicae
463 669 614 724 dicat
647 686 659 723 :
682 668 755 723 Si
776 670 869 724 cui
888 676 1081 724 autem
1103 669 1243 742 quid
1259 669 1546 733 donastis,
1574 673 1634 724 et
1656 684 1795 741 ego;
1821 684 1951 722 nam

2073 685 2204 723 rum
2235 668 2443 740 gratia.
2477 668 2627 734 Quid
2658 669 2717 723 in
2748 670 3129 739 poenitentia?
3161 673 3372 728 Nonne
3398 673 3505 729 Dei
3532 689 3751 731 nomen

294 766 346 813 et
380 774 484 829 ego
517 758 757 827 donari,
789 764 1042 831 preptcr
1084 775 1185 813 vos
1219 759 1281 812 in
1308 775 1567 831 persona
1607 758 1841 812 Christi
1875 757 1963 825 (II
2071 760 2385 828 operatur?
2414 757 2566 823 Quid
2597 761 2785 830 ergo?
2834 759 2946 814 Ubi
2980 761 3181 832 vultis,
3224 762 3543 819 vindicatis
3574 764 3750 820 vobis

294 846 419 903 Cor.
444 862 505 917 ιι,
538 847 645 917 10).
680 847 801 902 Cur
828 848 1026 920 igitur.
1053 848 1299 902 Paulum
1329 849 1553 921 legunt,
1589 848 1642 902 si
1675 864 1809 903 eum
1838 850 1956 902 tam

289 937 454 1007 impie
484 937 916 991 arbitrabantur
946 953 1204 1006 errasse,
1257 941 1317 991 ut
1344 936 1446 1009 jus
1478 936 1596 991 sibi
1628 937 1958 991 vindicaret

289 1026 507 1081 Domini
554 1026 689 1081 sui?
736 1026 853 1081 Sed
896 1026 1217 1081 vindicavit
1260 1030 1587 1098 acceptum,
1622 1042 1741 1082 non
1772 1043 1953 1082 usur-

284 1116 433 1187 pavit
461 1115 813 1171 indebitum.

888 1240 1141 1296 CAPUT
1181 1241 1329 1295 Vlll.

285 1349 501 1416 Quanta
523 1348 837 1421 discipulis
858 1349 985 1421 suis
1009 1349 1290 1403 Christus
1309 1349 1651 1404 contulerit.
1677 1349 1961 1404 Novatia‘

348 1438 469 1489 nos,
515 1421 651 1475 dum
678 1420 896 1474 "monus
928 1420 1226 1493 imponunt
1267 1436 1335 1493 ac
1375 1420 1730 1493 baptismum
1751 1421 1956 1476 confe—

346 1498 501 1554 runt,
544 1509 578 1546 a
601 1509 668 1547 se
691 1493 842 1563 ipsis
858 1492 1176 1564 redargui;
1212 1492 1420 1564 quippe
1452 1492 1601 1564 quod
1622 1492 1827 1547 eadem
1851 1510 1955 1547 au-

346 1566 624 1637 ctoritate
637 1569 881 1637 peccata
900 1563 1289 1637 remittantm'
1308 1563 1370 1617 in
1397 1563 1749 1636 poenitentia
1782 1571 1955 1637 atque

343 1636 404 1690 in
426 1634 807 1706 baptismate.
831 1634 929 1688 Ad
945 1640 1276 1689 extremum
1299 1634 1500 1690 eorum
1537 1641 1730 1691 tumor
1759 1634 1954 1690 malvi-

340 1724 430 1761 me
451 1706 762 1762 Dominico
779 1706 1047 1777 exemplo
1066 1706 1416 1777 castigatur.

340 1814 426 1869 34.
468 1813 670 1887 [Alias
718 1829 846 1884 cap.
899 1812 1046 1886 γη]
1092 1814 1227 1867 Vult
1293 1814 1579 1869 Dominus
1636 1814 1951 1885 plurimum

274 1918 449 1974 posse
479 1903 815 1973 discipulos
845 1918 1012 1969 suos,
1048 1902 1170 1957 vult
1201 1919 1232 1956 a
1264 1903 1523 1958 servulis
1555 1904 1687 1958 suis
1718 1919 1787 1959 ea
1816 1904 1950 1959 fieri
1982 1890 2033 1953 Β
2064 1867 2115 1922 N

271 1992 326 2046 in
356 1992 600 2047 nomine
630 2007 762 2059 suo,
797 2008 929 2062 quae
962 1991 1214 2046 faciebat
1242 1992 1371 2062 ipse
1404 1995 1639 2063 positus
1672 1993 1731 2048 in
1770 1993 1948 2048 terris

272 2081 455 2149 (Joan.
489 2098 617 2149 xw,
654 2081 763 2149 12).
799 2081 1061 2151 Denique
1092 2082 1171 2135 ait
1205 2082 1324 2137 :Et
1345 2082 1568 2154 majora
1589 2082 1688 2137 his
1709 2081 1951 2138 facietis

272 2169 491 2240 (lbid.).
528 2170 703 2224 Dedit
735 2174 794 2224 ut
825 2174 1090 2225 mortuos
1121 2171 1482 2226 suscitarent
1511 2171 1753 2242 (Matth.
1786 2190 1845 2241 x,
1871 2173 1945 2242 8).

273 2259 336 2313 Et
365 2275 501 2314 cum
531 2258 665 2329 ipse
697 2259 874 2314 Saulo
903 2260 1163 2328 freddere
1211 2264 1417 2331 posset
1463 2276 1639 2316 usum
1684 2261 1944 2331 videndi,

270 2363 397 2403 eum
438 2351 641 2402 tamen
690 2348 763 2401 ad
811 2350 1094 2403 Ananiam
1147 2349 1504 2419 discipulum
1549 2366 1723 2405 suum
1785 2351 1949 2405 misit

268 2438 419 2506 (Aet.
451 2454 540 2507 ix,
575 2438 653 2506 '7);
686 2441 748 2492 ut
794 2436 929 2508 ejus
977 2438 1388 2494 benedictione
1436 2438 1613 2494 Saulo
1662 2438 1946 2495 refunde-

265 2529 463 2582 rentur
491 2527 675 2597 oculi,
709 2542 861 2598 quos
893 2528 1190 2583 amiserat.
1230 2528 1464 2584 Petrum
1482 2544 1717 2601 quoque
1740 2544 1946 2584 secum

268 2615 323 2670 in
367 2616 519 2671 mari
563 2615 751 2687 jussit
798 2616 1122 2686 ambulare,
1164 2621 1221 2672 et
1250 2618 1388 2690 quia
1415 2618 1705 2686 titubavit,
1739 2634 1947 2689 repre-

268 2703 466 2760 hendit
494 2705 683 2775 illico,
717 2721 789 2760 eo
820 2707 974 2777 quod
1007 2707 1146 2761 doni
1178 2707 1425 2779 gratiam
1459 2707 1571 2776 (36)
1607 2707 1742 2762 fidei
1772 2708 1952 2778 pusil-

266 2793 419 2849 litate
449 2795 775 2849 minuisset
805 2796 1043 2864 (.tlatth.
1078 2812 1198 2865 xw,
1232 2797 1403 2862 29-3).
1440 2796 1611 2850 Dedit
1634 2796 1804 2852 etiam
1829 2798 1952 2851 dis-

268 2884 474 2954 cipulis
509 2887 581 2939 ut
610 2884 709 2937 lux
740 2884 941 2937 mundi
971 2889 1176 2939 essent
1207 2901 1312 2955 per
1340 2885 1588 2957 gratiam
1622 2886 1863 2956 (Matth.
1888 2904 1946 2955 v,

268 2972 369 3041 H),
420 2973 529 3045 qui
585 2976 709 3028 erat
757 2990 885 3044 ipse
929 2975 1030 3028 lux
1076 2974 1275 3028 mundi
1325 2975 1515 3045 (Joau.
1550 2992 1672 3043 vm,
1722 2975 1829 3045 12).
1883 2975 1957 3031 Ει

263 3060 394 3132 quia
442 3062 863 3117 descensurus
917 3066 1082 3118 esset
1122 3079 1154 3119 e
1203 3064 1374 3133 cmlo,
1426 3068 1483 3119 et
1511 3065 1572 3119 in
1602 3063 1818 3120 ccelum
1848 3081 1952 3119 as-

263 3165 584 3247 censurus,
608 3151 909 3247 _Eliam_nd
941 3152 1153 3247 coelum
1176 3152 1711 3247 levavit__(IVReg.
1746 3172 1806 3224 ιι,
1840 3153 1953 3226 11).
1998 3184 2050 3247 C

264 3237 396 3295 Inde
427 3257 577 3296 eum
605 3241 665 3296 in
695 3243 873 3297 terris
904 3242 1253 3314 complacito
1271 3243 1632 3314 redditurus,
1665 3246 1953 3316 tempore-

262 3328 680 3400 Baptizaturus
742 3347 978 3403 quoque
1048 3333 1106 3386 in
1172 3332 1393 3403 Spiritu
1450 3336 1659 3389 sancto
1709 3336 1766 3389 et
1815 3334 1955 3407 igne

263 3419 498 3485 (Matth.
545 3437 627 3487 ιιι,
662 3416 774 3487 11),
806 3419 956 3484 400
986 3437 1093 3492 per
1122 3421 1412 3477 Joannem
1443 3422 1818 3494 baptismatis
1848 3440 1952 3478 sa-

264 3512 568 3565 cramenta
599 3509 906 3580 praemisit.

329 3598 418 3652 35.
461 3598 681 3653 Omnia
729 3599 984 3671 denique
1034 3600 1275 3655 donavit
1321 3600 1634 3672 discipulis
1686 3601 1839 3672 suis,
1882 3602 1954 3657 de

266 3688 482 3758 quibus
510 3689 597 3743 ait
631 3705 643 3744 :
678 3688 746 3742 In
782 3678 1018 3744 nomine
1057 3706 1185 3745 meo
1219 3690 1504 3745 daemonia
1545 3691 1806 3764 ejicient,
1833 3691 1955 3746 lin-

264 3779 395 3848 guis
411 3778 737 3851 loquentur
757 3779 949 3847 novis,
976 3786 1293 3850 serpentes
1316 3780 1554 3851 tollent;
1594 3787 1651 3835 et
1673 3781 1730 3835 si
1744 3780 1956 3836 morti-

265 3866 456 3922 ferum
479 3868 629 3941 quid
650 3868 942 3937 biberint,
982 3885 1093 3923 non
1137 3869 1228 3923 eis
1250 3869 1485 3924 nocebit
1511 3890 1528 3924 .-
1545 3886 1724 3942 supra
1762 3885 1960 3942 aegros

266 3973 469 4012 manus
491 3960 817 4028 imponent,
844 3966 902 4011 et
929 3957 1085 4012 bene
1124 3958 1426 4013 habebunt
1468 3960 1679 4029 (Mare.
1712 3976 1835 4028 xw,
1869 3956 1956 4016 Π,

266 4046 371 4117 18).
416 4047 635 4103 Omnia
684 4061 830 4118 ergo
876 4047 1053 4113 dedit,
1104 4048 1212 4103 sed
1263 4048 1419 4103 nulla
1466 4049 1527 4103 in
1574 4048 1670 4103 his
1700 4048 1958 4103 hominis

263 4139 531 4205 potestas
565 4139 681 4206 est,
717 4136 819 4190 ubi
851 4136 1034 4190 divini
1065 4137 1327 4192 muneris
1360 4137 1548 4209 gratia
1579 4137 1759 4209 viget.

329 4225 419 4281 86.
462 4227 589 4281 Cur
619 4241 769 4297 ergo
800 4242 1011 4281 manus
1040 4226 1362 4296 imponitis,
1414 4229 1471 4282 et
1507 4226 1945 4283 benedictionis

268 4329 415 4384 opus
446 4313 569 4387 (37)
603 4314 868 4383 creditis,
903 4314 955 4368 si
986 4316 1121 4386 quis
1143 4315 1293 4370 forte
1314 4316 1630 4371 revaluerit
1649 4318 1949 4388 wgrotus?

265 4402 379 4459 Cur
427 4404 802 4477 praesumitis
848 4404 1081 4475 aliquos
1131 4420 1164 4458 a
1213 4404 1547 4460 colluvione
1591 4406 1810 4461 diaboli
1848 4422 1956 4476 per

263 4508 368 4547 vos
416 4493 696 4548 mundari
744 4496 970 4564 posse?
1009 4493 1129 4549 Cur
1157 4494 1484 4565 baptizatis,
1539 4495 1591 4549 si
1623 4510 1731 4565 per
1760 4495 1947 4550 homi-
1985 4508 2041 4571 ι)

264 4596 392 4637 nem
426 4585 675 4655 peccata
704 4582 915 4637 dimitti
947 4599 1065 4638 non
1094 4582 1270 4638 licet?
1318 4584 1381 4637 In
1417 4583 1713 4654 baptismo
1745 4584 1950 4656 utique

270 4672 551 4727 remissio
600 4675 976 4742 peccatorum
1020 4672 1282 4727 omnium
1313 4676 1452 4728 est:
1496 4672 1638 4743 quid
1680 4672 1947 4743 interest,

266 4762 455 4815 utrum
488 4777 602 4832 per
628 4761 1050 4831 pcenitenliam,
1086 4778 1159 4815 an
1188 4777 1296 4832 per
1334 4762 1634 4832 lavacrum
1686 4762 1799 4817 hoc
1843 4762 1949 4834 jus

268 4848 382 4903 sibi
409 4850 615 4905 datum
644 4849 987 4905 sacerdotes
1020 4850 1349 4929 vindicent?
1382 4851 1573 4906 Unum
1607 4851 1666 4905 in
1699 4854 1949 4924 utroque

269 4939 617 5010 mysterium
651 4939 763 5008 (38)
796 4942 906 4993 est.

334 5080 447 5149 (36)
489 5080 643 5134 Edit.
677 5096 906 5153 omnes,
954 5081 1104 5137 dona
1138 5083 1502 5153 gratiarum;
1553 5082 1726 5151 pauci
1768 5098 1938 5150 mss.,

270 5149 475 5225 donum
515 5152 761 5225 gratiae;
800 5152 1009 5225 reliqui
1044 5149 1184 5207 doni
1216 5149 1498 5225 gratiam.
1527 5149 1775 5223 Optime,
1812 5149 1943 5208 nam

271 5220 360 5276 hic
387 5220 612 5295 tantum
641 5224 838 5295 agitur
867 5220 947 5278 de
971 5226 1156 5295 gratia
1190 5220 1299 5279 seu
1350 5226 1550 5280 favore
1578 5220 1733 5279 'doni
1763 5220 1944 5280 illius

269 5308 379 5366 quo
410 5294 588 5349 Petro
620 5294 802 5365 super
832 5294 1018 5365 aquas
1050 5295 1301 5366 pedibus
1335 5297 1610 5351 incedere
1656 5297 1942 5351 concede-

268 5363 452 5434 batur.
487 5363 943 5434 lterum‘antem,
978 5363 1079 5421 ubi
1111 5372 1224 5422 vet.
1261 5368 1397 5422 edit.
1449 5371 1506 5422 et
1554 5369 1749 5422 cuncti
1792 5384 1940 5423 mss.

273 5433 367 5489 lux
411 5437 636 5507 mundi,
689 5439 858 5493 ltom.
907 5433 1044 5493 edit.
1093 5440 1219 5493 sola
1269 5439 1587 5511 adjecerat,
1626 5456 1741 5511 per
1771 5446 1943 5493 natu—

272 5522 416 5563 ram.

336 5578 459 5651 (3'7)
491 5578 940 5634 Benezlictiouis
989 5596 1147 5651 Opus,
1202 5580 1314 5634 hoc
1365 5581 1495 5635 loco
1543 5581 1697 5635 idem
1745 5583 1837 5635 est
1877 5597 1944 5634 ac

273 5646 703 5724 benedictionis
717 5652 985 5706 effectus.
1017 5646 1310 5707 Caeterum
1340 5653 1574 5707 videtur
1603 5653 1699 5707 hic
1717 5652 1943 5724 signari

274 5733 337 5774 ea
364 5720 715 5795 benedictio,
749 5740 883 5794 qua:
916 5723 1063 5795 aegri
1094 5740 1126 5778 a
1155 5724 1522 5793 presbyteris
1556 5720 1941 5795 inunguhtur,

274 5792 659 5868 precibusque
693 5792 813 5850 Deo
833 5799 948 5867 opt.
973 5792 1123 5850 max.
1160 5792 1660 5867 commendantur,
1697 5792 1770 5850 ex
1791 5811 1943 5866 prae-

2069 847 2175 903 Dei
2205 848 2459 918 gratiam
2491 864 2504 902 :
2541 847 2641 902 ubi
2673 848 2879 918 vultis,
2912 850 3278 921 repediatis?
3310 850 3425 907 Sed
3457 852 3754 909 hocinso-

2067 936 2243 992 lentis
2274 937 2654 1009 arrogantiae,
2692 953 2813 993 non
2844 939 3034 993 sancti
3063 939 3297 995 timoris
3329 943 3459 1011 est;
3484 944 3547 996 ut
3576 941 3755 998 fasti-

2026 1079 2030 1084 .
2068 1026 2164 1082 dio
2196 1026 2370 1081 vobis
2401 1027 2539 1095 sint,
2575 1026 2676 1099 qui
2709 1027 2916 1083 volunt
2942 1043 3125 1101 agere
3154 1028 3582 1099 paenitentiam.
3615 1031 3757 1088 Per-

2067 1115 2183 1186 peti
2215 1115 2489 1171 videlicet
2519 1115 2786 1171 flentium
2817 1117 3110 1188 lacrymas
3143 1133 3264 1173 non
3312 1117 3569 1188 potestis
3613 1119 3754 1192 (39).

2069 1205 2201 1259 Non
2234 1203 2429 1259 ferunt
2458 1205 2614 1260 oculi
2642 1205 2830 1261 vestri
2875 1206 3014 1260 vilia
3065 1207 3578 1279 vestimentorum,
3612 1208 3755 1265 illu-

2066 1295 2223 1349 viem
2251 1294 2709 1363 sordidatorum,
2745 1296 3005 1365 superbo
3040 1296 3213 1352 oculo
3245 1299 3302 1351 et
3319 1296 3545 1352 tumido
3568 1299 3749 1354 corde

2067 1382 2301 1438 delicati
2356 1384 2491 1454 mei,
2553 1384 2880 1457 indignanti
2943 1401 3089 1440 voce
3139 1385 3407 1441 dicentes
3458 1386 3684 1460 singuli
3733 1403 3750 1445 :

2068 1472 2261 1527 Nolite
2292 1488 2386 1527 me
2417 1475 2682 1546 tangere,
2718 1474 2854 1546 quia
2887 1475 3143 1530 mundus
3177 1491 3335 1531 sum.

2136 1598 2225 1653 38.
2270 1598 2422 1652 Dicit
2453 1598 2695 1670 quidem
2725 1598 3013 1655 Dominus
3046 1601 3121 1655 ad
3165 1600 3411 1656 Mariam
3461 1598 3756 1674 Magdale-

2065 1703 2202 1743 nam
2233 1705 2244 1743 :
2282 1687 2422 1743 Noli
2441 1704 2534 1743 me
2571 1695 2820 1761 tangere
2854 1690 3046 1761 (Joan.
3080 1707 3183 1759 xx,
3220 1689 3336 1760 t7);
3367 1689 3476 1746 sed
3506 1706 3626 1745 non
3656 1691 3752 1746 di-

2063 1779 2169 1847 xit,
2203 1778 2339 1850 quia
2369 1777 2625 1832 mundus
2658 1794 2811 1848 sum,
2845 1780 2947 1851 qui
2978 1778 3236 1834 mundus
3272 1782 3431 1835 erat:
3458 1781 3520 1835 tu
3540 1780 3748 1853 audes,

2122 1867 2409 1939 ovatiane,
2458 1867 2741 1921 mundum
2786 1871 2841 1923 te
2891 1867 3114 1936 dicere,
3159 1868 3258 1939 qui
3306 1867 3422 1924 etsi
3467 1869 3751 1940 operibus

2065 1957 2321 2011 mundus
2350 1971 2546 2026 esses,
2579 1956 2694 2011 hoc
2725 1957 2855 2012 solo
2904 1958 3090 2013 verbo
3141 1958 3321 2013 ﬁeres
3370 1958 3753 2016 immundus?

2064 2046 2252 2102 Isaias
2274 2046 2440 2100 dicit:
2463 2045 2509 2100 0
2531 2046 2720 2100 miser
2742 2061 2869 2117 ego,
2893 2053 2951 2101 et
2966 2053 3343 2118 compunctus
3359 2048 3572 2109 corde.-
3591 2049 3747 2122 quia,

2063 2152 2189 2189 eum
2211 2135 2323 2189 sim
2346 2135 2532 2198 homo,
2569 2140 2629 2189 et
2663 2134 2961 2190 immunda
2982 2135 3141 2190 labia
3162 2135 3433 2205 habeam,
3460 2137 3523 2192 in
3546 2138 3742 2194 medio

2063 2240 2283 2298 quoque
2297 2223 2496 2295 pepuli
2520 2223 2814 2279 immunda
2838 2224 2996 2279 labia
3013 2224 3293 2280 habentis
3307 2224 3574 2281 habitem
3593 2226 3737 2298 (Isa.

2059 2331 2139 2383 γι,
2172 2312 2246 2383 5)!
2282 2316 2338 2368 et
2369 2314 2431 2367 ut
2461 2312 2632 2383 dicis,
2667 2312 2925 2368 mundus
2956 2329 3111 2383 sum,
3147 2330 3283 2368 cum
3323 2314 3580 2370 mundus
3629 2331 3750 2375 non

2059 2403 2156 2471 sit,
2188 2405 2250 2457 ut
2278 2402 2565 2472 scriptum
2593 2405 2704 2463 est.
2739 2417 2849 2457 nec
2878 2403 3056 2458 unius
3078 2402 3408 2458 dieiinfans
3432 2404 3586 2473 (Job.
3615 2422 3742 2472 xiv,

2059 2492 2146 2561 4)?
2180 2491 2365 2547 David
2396 2491 2535 2546 dicit
2568 2506 2580 2547 :
2615 2491 2696 2546 Et
2735 2508 2767 2546 a
2799 2490 3020 2547 delicto
3041 2508 3171 2547 meo
3191 2492 3404 2548 munda
3427 2510 3522 2549 me
3553 2493 3750 2566 (Psal.

2062 2599 2115 2651 L,
2148 2582 2223 2651 4),
2270 2596 2446 2653 quem
2473 2580 2675 2652 utique
2705 2580 3157 2636 misericordem
3188 2596 3351 2651 saepe
3382 2581 3618 2637 Domini
3638 2582 3746 2655 ju-

2064 2670 2342 2725 stificavit
2369 2670 2598 2742 gratia;
2630 2673 2692 2725 tu
2720 2671 3000 2741 mundus,
3034 2672 3303 2725 cumtam
3333 2670 3599 2743 injustus
3631 2672 3745 2741 sis,

2065 2763 2127 2815 ut
2158 2774 2277 2814 non
2306 2759 2681 2829 miserearis;
2725 2761 2788 2814 ut
2816 2759 3107 2815 festucam
3136 2760 3197 2814 in
3228 2760 3402 2816 oculo
3433 2759 3637 2815 fratris
3666 2761 3753 2816 tui

2068 2848 2292 2918 videas,
2342 2848 2568 2904 trabem
2608 2852 2801 2904 autem
2846 2865 2980 2921 quae
3026 2850 3087 2904 in
3132 2849 3305 2904 oculo
3335 2852 3456 2921 ,tuo
3488 2853 3600 2920 est,
3633 2866 3753 2906 non

2070 2937 2418 2993 consideres
2463 2938 2702 3005 (Matth.
2742 2955 2843 3007 vn,
2877 2938 2962 3008 3)?
3010 2938 3355 2994 lmmundus
3402 2938 3560 2994 enim
3599 2939 3758 3010 apud

2074 3027 2258 3082 Deum
2290 3027 2482 3082 omnis
2514 3027 2776 3099 iniquus.
2826 3026 2974 3092 Quid
3006 3032 3200 3083 autem
3230 3027 3540 3100 injustius,
3582 3044 3760 3101 quam

2072 3119 2137 3172 ut
2165 3116 2317 3172 velis
2346 3116 2451 3171 tibi
2484 3116 2694 3172 dimitti
2740 3120 2980 3187 peccata
3026 3120 3143 3186 tua,
3198 3133 3331 3172 cum
3360 3117 3599 3190 roganti
3627 3118 3758 3189 ipse

2074 3222 2195 3262 non
2226 3209 2398 3277 putes
2426 3205 2814 3261 remittenda?
2860 3205 3009 3272 Quid
3039 3205 3346 3278 injustius,
3397 3222 3574 3277 quam
3610 3209 3674 3262 ut
3700 3209 3757 3262 te

2068 3295 2390 3367 justitices,
2440 3294 2501 3351 in
2546 3311 2664 3367 quo
2716 3295 2960 3350 damnas
2992 3295 3271 3365 alterum;
3313 3310 3446 3350 eum
3477 3294 3756 3368 graviora

2074 3384 2407 3441 committas
2420 3386 2448 3440 ?

2140 3510 2229 3565 39.
2272 3510 2541 3582 Denique
2571 3508 2990 3565 remissionem
3032 3509 3444 3566 eelebraturus
3486 3510 3759 3580 peccato-

2070 3615 2201 3653 rum
2232 3601 2572 3655 nostrorum
2601 3598 2888 3657 Dominus
2921 3599 3102 3654 Jesus
3124 3598 3338 3654 dicenti
3355 3597 3469 3653 sibi
3486 3598 3703 3653 Joanni
3812 3634 3813 3637 η

2067 3687 2199 3760 Ego
2219 3704 2251 3741 a
2274 3694 2332 3743 te
2351 3687 2541 3744 debeo
2559 3687 2879 3760 baptizari,
2902 3694 2960 3744 et
2983 3694 3044 3743 tu
3070 3689 3240 3744 venis
3255 3688 3331 3743 ad
3342 3687 3461 3743 me!
3479 3703 3751 3763 ιεθεροιι-ἶ

2072 3777 2156 3833 dit
2181 3792 2193 3832 :
2217 3776 2367 3832 Sine
2391 3777 2561 3833 modo
2579 3778 2668 3832 sic
2690 3778 2847 3832 enim
2878 3777 3051 3833 decet
3085 3794 3193 3832 nos
3231 3774 3480 3849 implere
3498 3776 3747 3848 {omnem

2058 3867 2363 3939 justitiam
2409 3868 2651 3936 (Matth.
2685 3884 2768 3937 ιιι,
2805 3867 2891 3935 14,
2927 3867 3036 3937 13).
3089 3866 3163 3922 Et
3190 3867 3477 3922 Dominus
3508 3867 3751 3938 quidem

2069 3957 2235 4011 venit
2263 3957 2336 4011 ad
2367 3960 2758 4028 peccatorem,
2795 3972 2930 4012 cum
2959 3959 3268 4027 peccatum
3299 3957 3428 4027 ipse
3471 3972 3591 4012 non
3634 3956 3747 4011 ha-

2075 4045 2269 4116 beret;
2323 4049 2380 4101 et
2422 4045 2706 4117 baptizari
2755 4047 2960 4117 voluit,
3013 4062 3147 4101 cum
3188 4046 3459 4101 mundari
3491 4060 3749 4101 necesse

2072 4150 2191 4190 non
2241 4138 2366 4189 erat
2401 4151 2414 4191 :
2446 4150 2559 4190 vos
2606 4134 2709 4207 qui
2758 4135 2927 4204 ferat,
2976 4135 3079 4207 qui
3127 4135 3352 4206 putatis
3391 4135 3567 4190 vobis
3598 4149 3750 4205 opus

2071 4239 2190 4279 non
2235 4240 2376 4280 esse
2429 4224 2701 4280 mundari
2751 4240 2856 4295 per
2899 4224 3354 4296 paenitentiam;
3411 4223 3554 4288 401
3609 4222 3751 4294 quia

2071 4315 2385 4370 mundatos
2416 4329 2527 4369 vos
2557 4329 2698 4369 esse
2727 4312 2926 4369 dicitis
2955 4330 3062 4385 per
3090 4312 3361 4386 gratiam,
3395 4312 3568 4384 quasi
3612 4310 3739 4382 jam

2070 4420 2320 4476 peccare
2346 4404 2521 4460 vobis
2549 4403 2922 4474 impossibile
2954 4403 3076 4458 sit?

2708 4581 2962 4637 CAPUT
3002 4581 3100 4636 IX.

2064 4725 2396 4797 Scripturee
2434 4723 2657 4797 verbis,
2689 4723 2753 4797 Si
2782 4726 2976 4797 autem
3005 4722 3066 4777 in
3099 4722 3415 4797 Dominum
3445 4737 3739 4797 peccave-

2134 4794 2218 4852 rit'
2236 4797 2433 4866 homo,
2465 4794 2822 4867 quisierabit
2851 4810 2958 4865 pro
2976 4794 3423 4867 qeo?qeolatione
3444 4794 3729 4867 similium

2133 4868 2390 4924 locorum
2413 4864 2752 4921 Ostenditur
2773 4864 2886 4920 non
2928 4864 3267 4937 significari
3302 4865 3595 4921 neminem
3635 4882 3733 4921 ro-

2130 4946 2424 5011 gaturum,
2444 4937 2555 4993 sed
2576 4937 2817 5009 dignum
2835 4937 3286 5009 deprecatorem
3310 4937 3734 5011 inquirendum

2060 5084 2229 5153 cepto
2259 5080 2467 5153 Jacobi
2497 5081 2769 5153 apostoli,
2802 5096 2978 5152 quam
3010 5096 3122 5136 nos
3155 5083 3481 5137 extremam
3502 5081 3739 5153 unctio-

2059 5152 2192 5208 nem
2224 5152 2569 5226 apellamus.
2604 5152 2752 5226 Nam
2784 5154 3004 5223 praeter
3032 5169 3207 5226 quam
3238 5154 3398 5226 quod
3429 5152 3617 5226 hujus
3644 5169 3742 5208 sa-

2060 5223 2338 5297 cramenti
2372 5222 2617 5278 effectus
2651 5222 2825 5297 etiam
2857 5227 2949 5297 est
2979 5222 3124 5297 aegri
3157 5222 3404 5291 sanitas,
3441 5222 3734 5297 de'imp'o-

2059 5296 2273 5350 sitione
2319 5311 2594 5349 manuum
2643 5295 2931 5365 episcopi,
2981 5295 3090 5350 seu
3132 5297 3580 5351 confirmatione
3611 5295 3737 5367 jam

2058 5367 2512 5422 observavimus
2545 5366 2690 5421 nihil
2723 5383 2971 5421 curasse
3004 5368 3391 5423 Novatianos.

2127 5440 2240 5508 (38)
2279 5437 2524 5502 Quidam
2556 5455 2726 5509 mss.,
2764 5455 2934 5492 unum
2973 5440 3035 5492 in
3074 5445 3318 5512 utroque
3333 5436 3735 5493 ministerium

2059 5516 2170 5564 est.

2127 5580 2247 5659 (89)
2281 5581 2764 5659 Nonnulti_mss.,
2812 5598 3009 5659 agere
3027 5580 3462 5659 paenitentiam,
3498 5577 3737 5659 perpeti

2064 5648 2340 5778 Videlicqlt
2362 5653 2527 5724 ﬂetu,
2550 5648 3079 5726 lacrymas'audire
3103 5667 3215 5709 non
3228 5648 3507 5727 potestis.
3541 5648 3735 5707 Minus

2064 5739 2287 5778 commo
2333 5740 2383 5778 e.

2059 5739 2383 5781 οοιιιῐῐιοαθ.
