3936 6168
314 292 439 369 499

1762 296 1825 395 ξ.
1870 302 2314 375 AMBROSII.
2371 362 2377 371 .

3594 322 3705 405 ω,

392 506 775 604 θεεθηριιαΙθε
792 506 1297 604 {alenunmiqyses
1317 525 1384 564 ac
1402 509 1720 604 Jeremiq‘s,
1746 527 1985 604 quqrum
2010 496 2063 577 Α
2089 509 2369 584 Nunquid
2418 514 2635 570 erravit
2679 514 2963 589 Moyses?
2994 518 3173 593 Atqui
3219 537 3333 579 non
3364 528 3584 601 (erravit,
3613 532 3699 604 qui

384 578 671 705 precibus
684 581 894 655 populo
909 578 1248 637 Israelitico
1263 583 1611 656 pepercisse
1633 578 1793 639 Deus
1830 582 1987 656 10θί-

422 668 511 705 ur.

422 668 511 707 ur.

290 858 295 861 μ
389 795 479 850 40.
521 794 716 869 [Alias
745 812 872 869 cap.
907 796 1080 870 VIII.]
1111 796 1228 852 Sed
1257 797 1491 854 dicitis:
1522 798 1820 869 Scriptum
1851 801 1943 854 est
1969 815 1981 855 :

317 883 390 939 Si
403 901 585 957 pecca
599 886 753 940 verit
775 886 944 941 homo
973 887 1037 941 in
1059 887 1371 953 hominem,
1413 887 1670 943 orabunt
1684 904 1797 960 pro
1819 905 1888 944 eo
1910 888 1985 944 ad

320 974 632 1053 Dominum
652 994 669 1029 :
692 974 749 1029 si
769 981 962 1031 autem
993 976 1055 1031 in
1089 975 1398 1032 Dominum
1423 977 1771 1051 peccaverit
1801 977 1988 1047 homo,

317 1063 450 1134 quis
471 1062 669 1118 orabit
681 1079 795 1135 pro
814 1080 881 1120 eo
919 1064 976 1133 (Ι
988 1065 1137 1135 Reg.
1162 1082 1222 1134 ιι,
1247 1065 1370 1135 25)?
1402 1064 1684 1136 Primum,
1719 1069 1781 1121 ut
1808 1083 1991 1137 supra

287 1136 435 1225 .jam
466 1151 608 1219 dixi,
641 1154 779 1213 tunc
809 1155 863 1208 te
887 1153 1000 1209 ista
1025 1155 1260 1225 paterer
1276 1152 1561 1225 objicere,
1599 1155 1650 1209 si
1675 1155 1824 1211 solis
1845 1136 1993 1226 prte-

316 1240 721 1298 varicantibus
750 1257 873 1297 non
900 1241 1209 1299 relaxarcs
1237 1243 1641 1314 paenitentiam
1691 1244 1827 1317 (40).
1872 1245 1989 1307 Ta—

317 1345 455 1387 men
483 1330 625 1402 quid
656 1331 922 1402 scrupuli
953 1332 1067 1387 ista
1098 1330 1267 1387 affert
1305 1333 1598 1405 quaestio?
1649 1334 1784 1388 Non
1834 1335 1991 1390 enim

318 1420 606 1490 scriptum
657 1423 794 1477 est:
827 1420 1043 1477 Nullus
1093 1421 1283 1481 orabit
1327 1437 1435 1493 pro
1480 1438 1550 1478 eo
1603 1437 1615 1478 :
1668 1422 1797 1493 sed,
1848 1422 1993 1490 Quis

318 1508 536 1578 orabit,
568 1508 682 1564 hoc
712 1512 823 1579 est,
857 1510 994 1581 quis
1026 1509 1123 1566 ille
1154 1512 1251 1581 sit,
1287 1510 1389 1582 qui
1418 1511 1479 1566 in
1500 1511 1597 1566 tali
1618 1527 1798 1567 causa
1820 1528 1990 1568 orare

318 1598 533 1670 possit,
567 1597 853 1669 quaeritur
878 1614 996 1654 non
1028 1599 1380 1655 excluditur.

389 1686 477 1742 41.
520 1685 788 1759 Denique
833 1688 1021 1743 habes
1071 1688 1129 1743 in
1174 1689 1400 1760 psalmo
1433 1689 1664 1745 decimo
1714 1695 1920 1763 qum-lo
1974 1708 1986 1748 :

317 1775 586 1846 Domine,
612 1774 744 1849 quis
766 1775 1068 1833 liabitabit
1088 1776 1149 1832 in
1172 1778 1556 1834 tabernacqu
1575 1786 1688 1850 tuo,
1722 1784 1818 1834 aut
1863 1782 1994 1854 quis

2089 601 2248 673 quod
2296 603 2546 675 rogavit,
2596 608 2652 660 et
2702 607 2916 662 meruit
2953 611 3011 664 et
3039 608 3382 681 impetravit.
3409 614 3542 682 Quid
3567 601 3696 679 enim

2087 690 2224 747 talis
2272 691 2518 749 allectus
2568 709 2687 750 non
2736 695 3095 769 impetraret,
3144 701 3372 770 quando
3417 720 3479 758 se
3518 705 3703 778 obiecit

2089 795 2198 853 pro
2229 783 2468 853 populo,
2508 784 2715 840 dicens
2749 801 2762 839 :
2799 785 2884 840 Et
2907 803 3058 842 nunc
3074 787 3132 842 si
3152 789 3401 845 dimittis
3419 791 3710 866 illispecca-

2090 880 2232 935 tum,
2274 872 2542 937 dimitte;
2601 874 2699 928 sin
2740 880 2953 942 autem,
3003 876 3138 932 dele
3179 894 3270 934 me
3311 879 3381 934 de
3415 879 3558 937 libro
3595 885 3708 943 vitae

2092 963 2269 1033 (Ibid.
2300 963 2424 1031 3'2)?
2458 962 2638 1019 Vides
2671 963 2806 1037 quia
2834 981 2956 1021 non
2985 967 3261 1038 tanquam
3291 967 3588 1027 deliciosus
3632 973 3710 1030 ia-

2089 1056 2412 1122 tercessor,
2447 1054 2504 1106 et
2535 1051 2757 1107 fastidii
2789 1053 3002 1124 plenus
3047 1055 3165 1109 sibi
3216 1057 3493 1128 consulat,
3526 1076 3605 1117 ne
3631 1061 3710 1118 of.

2091 1141 2422 1196 fcnsionem
2454 1141 2778 1212 contrahat,
2815 1143 2971 1216 quod
3005 1144 3368 1200 Novatianus
3399 1150 3632 1205 metuere
3659 1167 3712 1208 se

2089 1229 2230 1284 dicit
2269 1246 2281 1285 :
2317 1230 2422 1284 sed
2458 1230 2651 1303 magis
2702 1232 2964 1286 omnium
3013 1249 3260 1301 memor,
3312 1236 3403 1289 sui
3430 1235 3718 1310 immemor,

2090 1317 2391 1374 offendere
2419 1335 2539 1375 non
2568 1320 2809 1375 timebat
2840 1321 2989 1392 ipse,
3021 1325 3085 1377 ut
3115 1322 3348 1394 plebem
3376 1323 3446 1379 ab
3475 1324 3716 1384 oll'ensio-

2090 1408 2186 1462 nis
2219 1407 2481 1479 periculo
2511 1406 2755 1464 exueret
2786 1412 2843 1464 ct
2873 1408 3173 1466 liberaret.

2160 1497 2248 1553 43.
2310 1496 2517 1554 Merito
2553 1512 2699 1570 ergo
2731 1500 3017 1571 scriptum
3047 1504 3139 1556 est
3171 1516 3185 1557 ε
3224 1500 3368 1567 Quis
3407 1502 3591 1558 orabit
3624 1521 3721 1578 pro

2092 1587 2199 1643 eo?
2228 1586 2341 1642 hoc
2370 1590 2483 1657 est,
2516 1587 2650 1642 talis
2679 1587 2874 1659 qualis
2906 1589 3171 1661 Moyses,
3207 1590 3309 1662 qui
3340 1607 3405 1647 se
3428 1591 3618 1659 oll‘erat
3635 1610 3723 1664 pro

2091 1675 2477 1746 peccantibus
2511 1691 2524 1731 :
2558 1676 2694 1731 talis
2724 1677 2918 1748 qualis
2950 1679 3262 1749 Jeremias,
3311 1682 3403 1735 cui
3454 1681 3727 1753 propheta

2091 1780 2224 1821 cum
2254 1768 2417 1820 esset
2447 1765 2667 1821 dictum
2698 1766 2813 1837 (tl)
2842 1783 2876 1822 a
2907 1768 3155 1824 Domino
3192 1770 3315 1826 Deo
3344 1775 3541 1826 nostro
3573 1770 3730 1827 :Noli

323 1866 665 1940 requiescet
686 1871 746 1920 tu
779 1872 976 1922 monte
996 1874 1202 1922 sancto
1238 1874 1334 1923 tuo
1368 1867 1557 1940 (Psal.
1591 1886 1712 1939 xxv,
1749 1871 1832 1942 l)?
1861 1871 1964 1925 N01

2119 1869 2269 1913 mare
2283 1871 2397 1926 pro
2409 1855 2622 1927 papula
2642 1857 2762 1911 isto
2783 1857 3032 1925 (Jerem.
3052 1874 3154 1926 vu,
3189 1859 3300 1929 l6),
3334 1861 3524 1915 tamen
3550 1861 3734 1929 oravit,

318 1953 475 2009 enim
505 1954 724 2024 nullus,
762 1955 871 2010 sed
900 1954 1186 2027 probatus
1217 1956 1537 2035 habitabit;
1563 1974 1672 2013 nec
1706 1959 1818 2014 hoc
1848 1959 1991 2015 dicit

318 2044 477 2115 quod
507 2058 680 2098 nemo
711 2043 1070 2116 requiescat,
1124 2045 1231 2100 sed
1264 2048 1604 2119 requiescat
1634 2047 1879 2103 electus.
1914 2048 1993 2105 Ut

318 2132 478 2187 scias
510 2132 623 2187 hoc
654 2148 792 2188 esse
822 2149 1049 2204 verum,
1083 2150 1200 2190 non
1248 2136 1430 2191 multo
1478 2139 1615 2208 post
1661 2136 1722 2192 in
1761 2137 1991 2209 psalmo

309 2220 603 2277 vicesimo
634 2222 804 2277 tertio
835 2220 915 2278 ait
947 2241 959 2278 :
999 2222 1143 2290 Quis
1180 2224 1465 2280 ascendet
1495 2226 1558 2280 in
1584 2233 1841 2282 montem
1877 2227 1993 2283 Do-

316 2309 484 2381 mini,
509 2317 607 2366 aut
630 2311 762 2384 quis
777 2311 966 2368 stabit
982 2312 1044 2367 in
1066 2313 1191 2369 loco
1206 2320 1412 2369 sancto
1433 2314 1560 2387 ejus
1594 2314 1782 2386 (Psal.
1820 2334 1988 2388 χχιιι,

315 2398 405 2471 3)?
451 2399 514 2454 Id
546 2403 658 2471 est,
704 2416 823 2456 non
855 2402 1192 2475 quicunque
1223 2402 1296 2459 de
1336 2403 1549 2476 vulgo,
1586 2420 1695 2460 nec
1743 2405 1991 2476 plebeim

292 2486 559 2544 ‘vilitatis
608 2489 845 2562 aliquis,
898 2492 1007 2547 sed
1054 2492 1190 2547 vitae
1231 2493 1514 2566 egregiae,
1547 2493 1990 2566 singularisque

314 2574 530 2633 meriti.
564 2577 636 2633 Et
664 2580 728 2633 ut
755 2579 916 2635 scias
946 2580 1081 2652 quia
1112 2597 1245 2637 cum
1278 2582 1408 2655 quis
1424 2582 1656 2654 dicitur,
1683 2597 1799 2638 non
1818 2583 1991 2639 intel-

315 2665 524 2738 ligitur
537 2666 758 2737 nullus,
779 2668 1124 2742 sed'aliquis
1143 2671 1534 2743 signiﬁcatur,
1558 2686 1689 2726 cum
1704 2673 1986 2729 dixisset:

321 2753 770 2833 Quisascendet
787 2755 850 2811 in
872 2764 1125 2813 montem
1161 2748 1439 2815 Domini?
1466 2754 1725 2832 subjecit
1760 2777 1772 2816 :
1809 2760 1990 2817 luno-

319 2859 466 2900 cens
482 2844 755 2900 manibus
778 2852 834 2901 et
856 2848 1068 2904 mundo
1085 2849 1283 2920 corde,
1305 2850 1404 2921 qui
1425 2865 1537 2904 non
1559 2838 1774 2922 accipit
1796 2850 1858 2905 in
1890 2868 1991 2906 va-

318 2933 666 3009 no‘animam
688 2951 850 2990 suam
871 2934 1049 3007 (Ibid.
1082 2938 1158 3008 4).
1180 2938 1250 2993 Et
1268 2939 1409 2993 alibi
1435 2954 1447 2994 :
1475 2936 1619 3004 Quis
1639 2936 1905 3011 sapiens,
1935 2946 1994 2995 ct

318 3021 619 3095 intelliget
641 3023 767 3079 haec
797 3024 976 3093 (Osce
1008 3043 1127 3107 xxv,
1162 3024 1281 3095 10)?
1320 3020 1620 3099 Numquid
1653 3028 1795 3082 dicit
1830 3029 1990 3101 quia,

318 3109 525 3167 nullus
554 3111 891 3186 intelliget?
913 3117 968 3170 et
997 3114 1056 3170 in
1088 3115 1412 3189 Evangelio
1436 3132 1448 3171 :
1478 3116 1621 3182 Quis
1651 3108 1850 3172 lidelis
1871 3119 2005 3173 dis-.
2032 3174 2039 3189 ,

311 3206 605 3274 pensator
621 3208 681 3257 et
690 3203 976 3295 prudens,
1001 3220 1167 3277 quem
1182 3202 1501 3260 constituet
1516 3204 1798 3261 Dominus
1810 3204 1994 3280 super
2030 3235 2084 3306 α

325 3288 612 3346 familiam
632 3307 816 3363 suam,
859 3298 919 3348 ut
946 3277 1054 3349 det
1093 3292 1222 3348 illis
1241 3295 1302 3348 in
1326 3301 1597 3366 tempore
1611 3294 1803 3349 tritici
1822 3277 1991 3351 men-

318 3394 520 3435 suram
557 3380 719 3451 (Luc.
743 3399 846 3452 xu,
879 3383 1001 3453 4%)?
1050 3382 1122 3438 Et
1155 3385 1215 3438 ut
1246 3382 1716 3455 comprehendas
1748 3383 1884 3455 quia
1918 3386 1990 3441 de

319 3483 394 3524 eo
436 3468 606 3541 dixit,
657 3471 1008 3544 quietique
1057 3476 1167 3541 est,
1215 3488 1336 3528 non
1372 3473 1559 3530 debeo
1590 3472 1692 3545 qui
1722 3489 1842 3528 non
1896 3478 1991 3529 est

321 3556 673 3630 subjunxit:
709 3559 936 3618 Beatus
975 3561 1080 3617 ille
1111 3578 1352 3631 servus,
1395 3578 1563 3634 quem
1603 3578 1729 3617 cum
1756 3564 1991 3619 venerit

319 3646 627 3720 Dominus,
656 3648 966 3707 invenerit
988 3652 1077 3707 sic
1096 3651 1415 3709 facientem
1438 3651 1614 3721 (Ibid.
1631 3651 1742 3720 48).
1760 3651 1831 3706 Et
1846 3652 1990 3709 illud

320 3735 403 3793 ita
432 3737 675 3809 epinior‘
692 3739 915 3795 dictum
946 3756 959 3797 :
996 3740 1176 3810 Deus,
1232 3741 1364 3812 quis
1395 3739 1615 3795 similis
1655 3740 1770 3795 tibi
1798 3740 1988 3809 (Psal.

322 3839 546 3897 ιχιχιι,
582 3828 665 3899 1)?
712 3844 834 3885 non
877 3830 1340 3901 utique‘nullus,
1388 3829 1525 3901 quia
1569 3828 1768 3902 imago
1800 3829 1991 3885 Patris

321 3913 511 3972 Filius
541 3920 634 3973 est
658 3916 951 3990 (Hebra,
978 3919 1035 3990 3)
1073 3949 1146 3963 -—-
1181 3919 1294 3989 (De
1325 3918 1545 3975 Posuit.
1581 3918 1721 3974 dist.
1753 3918 1803 3989 l,
1835 3934 1889 3975 c.
1921 3919 1990 3974 Si

322 4005 909 4079 sacerdos,§Deus).
1026 4050 1029 4053 ν
1114 4054 1119 4061 .
1438 4040 1441 4045 ε
1818 4030 1821 4035 ·

390 4092 482 4150 42.
520 4093 803 4153 Similiter
826 4095 964 4169 eius
988 4097 1395 4169 accipiendum
1428 4113 1442 4154 :
1480 4097 1624 4163 Quis
1653 4097 1992 4169 orabitlpro

319 4196 392 4241 eo
408 4182 630 4256 (IReg.
660 4202 720 4256 ιι,
754 4184 876 4257 25)?
904 4186 1019 4242 hoc
1061 4190 1173 4256 est,
1211 4187 1549 4259 singularis
1591 4186 1729 4242 vitae
1772 4186 1988 4258 aliquis

315 4271 495 4330 debet
519 4289 690 4331 orare
717 4289 826 4347 pro
856 4290 929 4332 eo
959 4276 1061 4348 qui
1080 4275 1448 4348 Apeccavitin
1476 4276 1808 4331 Dominum.
1860 4274 1990 4340 Quo

316 4360 510 4435 major
539 4364 732 4436 culpa,
765 4381 836 4421 eo
868 4364 1096 4437 majora
1142 4367 1285 4421 sunt
1323 4364 1642 4437 quaerenda
1678 4362 1985 4436 suifragia.

316 4450 452 4508 Non
480 4453 636 4510 enim
668 4455 1005 4529 quicunque
1036 4455 1109 4511 de
1141 4454 1323 4528 vulgo
1354 4469 1462 4525 pro
1494 4454 1838 4509 Judaeorum
1887 4469 1988 4524 po-

315 4540 475 4614 pulo,
509 4543 617 4599 sed
639 4544 1124 4618 Moysesrogavit
1155 4544 1370 4615 (Exod.
1397 4560 1583 4614 χχχιι,
1608 4543 1722 4613 31),
1754 4543 1990 4614 quando

314 4629 465 4697 402
510 4634 679 4691 vituli
725 4639 898 4708 caput
938 4635 1074 4691 fidei
1135 4634 1512 4691 immemores
1592 4632 1991 4688 adoraverunt

388 4798 499 4871 (40)
536 4797 703 4865 Quod
732 4796 1218 4871 aitAAmbrosius,
1247 4798 1519 4871 paterer,
1551 4809 1671 4871 non
1702 4792 1793 4846 sic
1825 4791 1987 4871 acci-

314 4863 617 4944 piendum,
665 4868 839 4944 quasi
885 4869 997 4944 hoc
1048 4863 1990 4944 prmvaricationisprirnen‘irre-

315 4931 614 4997 inissibile
657 4931 1220 5010 judicaveritfeum
1268 4940 1388 5010 tota
1437 4935 1547 5010 hac
1579 4931 1989 4990 lucubratione

312 5012 528 5096 pyobet
560 5008 916 5096 c‘ontr‘arium
940 5025 974 5096 ἐ.
999 5010 1105 5096 sed
1139 5008 1420 5096 concedit
1441 5009 1989 5096 unuanempe

314 5076 451 5139 illos
479 5081 661 5138 verba
693 5081 1092 5152 Evangelistaa
1122 5076 1515 5152 plagusibiliori
1550 5077 1989 5152 quadamveri-

312 5155 449 5209 tatis
484 5154 686 5224 specie
718 5148 1134 5224 usurpaturos,’
1176 5150 1231 5203 si
1280 5150 1429 5203 intra
1478 5148 1990 5221 praevaricationis

312 5223 540 5282 limites
564 5239 631 5279 se
664 5223 1057 5295 continerent.
1155 5287 1190 5295 μ’

383 5298 497 5369 (41)
537 5295 684 5351 Mss.
735 5291 1023 5363 nonnulli,
1070 5290 1190 5346 cui'
1217 5306 1342 5345 cum
1374 5290 1783 5363 propheticum
1826 5292 1991 5345 esset

353 5370 553 5425 ictum.

311 5369 786 5512 ώῗέἕςῃάιθινοιιι.
827 5435 1034 5512 codex
1079 5433 1267 5512 solus,
1322 5433 1590 5505 quoniam
1645 5448 1711 5487 ea
1764 5445 1987 5504 quoque

301 5507 784 5587 paenitentiapro
801 5507 1040 5563 delictis
1061 5510 1211 5587 erat.

402 5582 493 5652 43)
531 5574 777 5649 Quidam
810 5596 980 5652 mss.,
1017 5576 1191 5632 alium
1211 5574 1682 5652 propitiatorcm.

402 5587 493 5652 43)
531 5587 777 5649 Quidam
810 5596 980 5649 mss.,
1017 5587 1191 5632 almm
1211 5587 1682 5648 propitiatorcm.

379 5587 491 5727 ltili)
532 5654 778 5720 Quaeras
820 5650 1078 5727 fortasse
1129 5646 1407 5727 quidnam
1442 5645 1717 5727 hoc_lo_co
1750 5656 1985 5727 pervo-

309 5714 437 5781 cem
454 5714 755 5798 justorum
785 5714 1179 5798 signiﬁcetur".
1206 5719 1288 5798 .llt
1316 5716 1780 5798 autem-facilius
1814 5714 1870 5769 id
1902 5716 1981 5769 in-

309 5788 568 5872 telligas,
599 5788 990 5854 adverte'non
1019 5794 1091 5852 de
1120 5791 1485 5869 quibuslibet
1508 5788 1697 5865 justis
1730 5803 1859 5845 eam
1888 5802 1986 5844 ac-

2090 1946 2147 1999 et
2176 1943 2407 2001 veniam
2455 1945 2686 2000 meruit.
2734 1945 3001 2018 Denique
3030 1946 3465 2004 intercessione
3493 1949 3731 2020 propheo

2090 2033 2226 2103 tica,
2260 2037 2319 2088 et
2346 2033 2757 2091 obsecratione
2786 2036 2932 2091 tanti
2962 2037 3115 2091 vatis
3163 2037 3421 2093 inﬂexus
3478 2037 3736 2093 Dominus

2092 2121 2234 2177 dicit
2262 2122 2336 2178 ad
2360 2122 2739 2193 Jerusalem;
2769 2124 3049 2195 quoniam
3078 2140 3151 2180 ea
3194 2141 3435 2198 quoque
3462 2126 3739 2197 pumilea-

2090 2211 2230 2269 tiam
2258 2227 2364 2282 pro
2398 2211 2631 2269 delictis
2664 2211 3040 2286 egeratUC),
3072 2214 3284 2270 dicens
3319 2231 3332 2270 :
3368 2216 3615 2287 Domine»
3641 2231 3741 2271 om-

2093 2301 2385 2373 nipotens,
2412 2301 2573 2357 Deus
2597 2301 2809 2372 Israel,
2835 2303 3027 2363 anima
3049 2304 3112 2359 in
3133 2305 3450 2377 angustiis,
3486 2311 3547 2360 et
3578 2304 3744 2377 Spiri-

2093 2391 2416 2446 tusanxius
2431 2390 2642 2448 clamat
2660 2391 2738 2447 ad
2757 2399 2818 2449 te
2837 2412 2854 2447 .-
2875 2393 3032 2463 audi,
3065 2393 3339 2464 Domme,
3381 2398 3440 2450 et
3476 2393 3747 2449 miserere

2092 2479 2374 2550 (Baracli.
2408 2497 2491 2549 ιιι,
2525 2478 2576 2549 1,
2610 2482 2684 2552 2).
2719 2481 2792 2537 Et
2816 2480 2990 2554 jubet
3025 2482 3224 2541 luctus
3271 2483 3620 2542 vestimenta
3661 2483 3748 2538 de‘

2098 2568 2259 2639 poni,
2289 2573 2347 2624 et
2374 2569 2553 2642 abjici
2585 2571 2841 2642 gemitus
2862 2571 3258 2642 poenitenlim;
3291 2573 3384 2628 sic
3400 2572 3560 2629 enim
3575 2571 3749 2643 scrip

2098 2660 2220 2712 tum
2251 2661 2344 2713 est
2368 2658 2430 2713 in
2461 2659 2576 2716 line
2606 2659 2776 2716 libri:
2800 2660 2975 2716 Exue
2998 2667 3075 2727 te,
3099 2661 3461 2731 Jerusalem,
3481 2661 3629 2717 stole
3648 2660 3752 2715 luco'

2106 2751 2200 2802 lus
2215 2753 2273 2802 et
2302 2748 2636 2815 vexationis
2658 2755 2791 2818 tute,
2818 2755 2875 2804 et
2896 2750 3077 2805 indue
3099 2756 3161 2806 te
3175 2750 3459 2806 decorem
3478 2750 3621 2823 ejus,
3642 2760 3752 2822 quae

2097 2852 2129 2891 a
2150 2836 2272 2893 Deo
2291 2837 2426 2893 data
2451 2837 2676 2896 esttibi
2692 2838 2887 2910 gloria
2908 2839 2968 2895 in
2986 2846 3281 2897 aeternum
3302 2840 3587 2912 (Barucli.
3609 2852 3665 2910 ν,
3686 2837 3753 2909 1).

2098 3014 2379 3075 Joannem
2398 3032 2511 3091 non
2534 3016 2805 3091 absolute
2822 3018 3268 3091 acsimplicitor
3290 3018 3758 3091 proliibuissetne

2160 3104 2273 3159 pro
2293 3088 2566 3161 sentibus
2585 3090 2811 3161 peccati
2834 3089 2906 3147 ad
2938 3088 3183 3161 mortem
3207 3088 3391 3147 ﬁeret
3414 3091 3625 3161 oratio,
3645 3104 3759 3147 cum

2161 3154 2273 3231 pro
2310 3154 2611 3234 similibus
2644 3158 2916 3234 Moysen,
2956 3156 3284 3234 Jeremiam
3326 3179 3396 3219 ac
3414 3154 3757 3234 Stephanum

2169 3245 2375 3305 orasse
2391 3246 2513 3305 non
2526 3232 2926 3305 ignoraverit,
2948 3238 3006 3305 et
3027 3233 3157 3304 ipse
3180 3239 3411 3305 quoque
3433 3232 3645 3288 iisdem
3662 3234 3761 3299 “re:

2169 3301 2783 3373 niamsigniﬁcaverit
2806 3318 2918 3358 non
2940 3301 3378 3374 denegandam.
3492 3328 3495 3333 ·
3556 3316 3560 3323 '
3640 3332 3643 3337 λ
3702 3312 3703 3317 ‘
3751 3320 3755 3325 '

2168 3389 2256 3445 44.
2294 3388 2494 3463 {Alias
2523 3406 2651 3462 cep.
2684 3390 2806 3464 IX.]
2847 3391 3022 3448 Tales
3052 3392 3236 3463 igitur
3264 3392 3685 3464 deprecatores
3710 3386 3764 3445 in

2097 3478 2329 3535 delictis
2360 3480 2634 3535 maximis
2653 3484 2791 3535 sunt
2809 3481 3167 3552 requirendi,
3186 3497 3345 3536 nam
3364 3482 3420 3537 si
3442 3480 3764 3554 quicunque

2099 3566 2171 3623 de
2202 3568 2418 3640 populo
2449 3572 2636 3637 orent,
2670 3584 2789 3625 non
2821 3570 3237 3627 exaudiuntur.
3578 3578 3581 3591 ’
3648 3584 3653 3589 ‘

2166 3658 2254 3714 45.
2302 3658 2467 3713 Unde
2497 3674 2609 3713 nec
2637 3658 2734 3712 illa
2762 3660 3016 3730 quaestio
3046 3663 3248 3715 vestra
3296 3662 3628 3733 quidquam
3666 3674 3768 3730 ροσ-

2095 3746 2229 3802 terit
2275 3746 2486 3803 all‘errc
2534 3748 2836 3818 ponderis,
2891 3764 3066 3821 quam
3109 3750 3354 3804 sumitis
3405 3751 3482 3804 de
3528 3744 3767 3820 epistola

2094 3835 2345 3891 Joannis
2373 3837 2626 3892 dicentis
2666 3829 2866 3903 z'Quis
2905 3839 3021 3893 scit
3047 3838 3303 3894 fratrem
3341 3842 3771 3910 suum‘peccare

2090 3932 2394 3997 peccatum
2420 3929 2529 3981 non
2551 3926 2626 3981 ad
2640 3933 2908 3992 mortem,
2931 3932 3112 3998 petat,
3156 3935 3217 3982 et
3255 3927 3435 3982 dabit
3471 3926 3567 3982 illi
3589 3924 3768 3979 vitam

2095 4014 2274 4077 Deus.
2295 4015 2428 4088 quia
2449 4031 2560 4070 non
2577 4021 2783 4088 peccat
2806 4015 2880 4069 ad
2898 4022 3168 4073 mortem.
3202 4016 3326 4070 Est
3364 4021 3674 4088 peccatum
3707 4009 3773 4067 ad

2096 4112 2365 4175 mortem,
2392 4121 2508 4160 non
2526 4104 2603 4159 de
2624 4105 2727 4160 illo
2745 4105 2896 4174 dico,
2924 4110 2983 4157 ut
3006 4111 3137 4159 oret
3158 4104 3217 4171 (Ι
3233 4106 3411 4161 Joan.
3437 4122 3499 4175 v,
3525 4104 3634 4173 l6);
3662 4102 3772 4156 non

2096 4195 2251 4249 enim
2272 4195 2353 4249 ad
2386 4195 2629 4265 Moysen
2662 4198 2716 4248 et
2750 4192 3104 4248 Hieremiam
3137 4193 3527 4265 loquebatur,
3576 4191 3680 4248 Sed
3708 4188 3773 4244 ad

2093 4285 2394 4356 populum,
2424 4284 2524 4356 qui
2556 4296 2803 4339 suorum
2851 4286 3229 4354 peccatorum
3280 4283 3473 4339 alium
3522 4282 3779 4354 peccato-

2094 4390 2219 4429 rem
2250 4373 2369 4444 (t3)
2395 4373 2636 4428 deberet
2660 4372 2947 4427 adhibere
2981 4387 2993 4426 :
3029 4372 3125 4427 cui
3154 4373 3314 4427 satis
3344 4375 3445 4428 est
3472 4372 3532 4428 si
3559 4386 3666 4443 pro
3694 4369 3777 4425 le-

2094 4463 2364 4519 vioribus
2411 4462 2644 4518 delictis
2674 4463 2880 4518 Deum
2920 4464 3214 4532 precetur,
3272 4462 3630 4535 graviorum
3679 4473 3777 4513 ve-

2095 4553 2251 4608 niam
2279 4551 2726 4624 justoi'uml(~lt)
2753 4549 3120 4606 orationibus
3144 4551 3587 4607 reservandam
3602 4548 3776 4621 putet,

2026 4603 2081 4667 θ
2097 4603 2250 4697 uti};
2279 4603 2404 4713 250'
2418 4603 2437 4607 θ
2450 4603 2876 4696 Fabii—eiei?
2889 4603 2897 4604 ί
2910 4603 2933 4694 i
2946 4603 3165 4711 ,c'fsi
3183 4603 3593 4713 naggara
3606 4603 3778 4692 Ἀντιηὲ

2095 4785 2452 4861 _cipi_pos_se;
2486 4800 2619 4861 cum
2649 4783 3040 4861 non__dubium
3072 4782 3150 4837 sit
3179 4782 3330 4861 quin
3461 4780 3682 4861 populo
3702 4781 3777 4861 ta:

2092 4851 2182 4912 les
2214 4851 2430 4912 fuerint
2459 4856 2643 4924 multi,
2675 4855 2892 4926 quibus
2927 4858 3117 4908 tamen
3152 4851 3302 4926 nihil
3336 4851 3507 4908 aliud
3545 4851 3694 4926 inis‘i
3721 4851 3776 4902 ut

2092 4945 2199 5000 pro
2229 4928 2554 4983 levioribus
2586 4924 2776 4996 culpis
2810 4925 3061 5000 veniam_
3092 4924 3367 5000 oratione
3419 4940 3532 4979 sua
3583 4925 3779 5000 mutuo

2093 4995 2424 5069 impetrent,
2458 4995 2812 5052 concesSnm
2846 4996 3018 5069 tradit
3049 4995 3260 5069 beatus
3297 4995 3781 5069 doctor._ltaque

2095 5064 2194 5126 vel
2218 5064 2582 5143 intelligendi
2614 5069 2854 5123 veniunt
2887 5067 3202 5143 insigniter
3224 5066 3409 5143 justi,
3433 5064 3779 5143 qualesfue-

2093 5156 2158 5197 re
2186 5137 2490 5213 prophetae
2519 5157 2587 5213 ac
2620 5143 2906 5213 martyres
2938 5138 2997 5213 in
3033 5137 3256 5213 Moyse,
3283 5137 3577 5213 Jgreinia,
3608 5140 3778 5213 atque

2093 5208 2391 5284 Stephano
2416 5212 2510 5286 hic
2529 5208 2860 5286 designati:
2885 5210 2978 5286 vel
3008 5209 3214 5263 saltem
3248 5210 3374 5263 soli
3409 5208 3776 5286 sacerdotes,

2092 5279 2217 5357 qui'
2242 5287 2297 5338 et
2345 5285 2461 5357 ipsi
2505 5283 2618 5337 sub
2667 5279 3085 5357 prophetarum
3134 5279 3789 5357 personaadumbrari‘

2093 5348 2305 5411 solent.
2354 5348 2485 5410 Non
2531 5358 2623 5408 est
2667 5348 2815 5407 sane
2858 5353 2916 5406 in
2964 5348 3360 5406 controverso
3397 5348 3782 5405 Ambrosium

2091 5428 2352 5482 alludere
2385 5427 2453 5480 ad
2489 5425 2695 5479 Jacobi
2725 5424 2916 5478 locum
2944 5439 2956 5477 :
2986 5422 3377 5478 Conlilemini
3398 5422 3777 5480 alterutrum,

2091 5500 2149 5554 id
2183 5504 2275 5553 est
2302 5498 2399 5551 alii
2432 5498 2586 5557 allis,
2617 5502 2856 5567 peccata
2880 5500 3174 5567 vestrm”;
3198 5494 3469 5567 inultum
3493 5494 3653 5547 enim
3690 5505 3781 5567 va-

2091 5571 2174 5626 let
2198 5564 2704 5641 deprecattojusti
2722 5566 2960 5641 assidua
2994 5581 3005 5619 :
3039 5565 3256 5641 quibus
3291 5564 3509 5641 verbis
3544 5564 3781 5641 peccata

2092 5631 2504 5696 sacerdotibus
2535 5631 2846 5692 confitendi
2891 5631 3247 5706 prwt'eplum
3302 5631 3603 5706 contineri
3644 5631 3783 5706 plna

2088 5710 2222 5769 rimi
2255 5728 2387 5767 cum
2418 5726 2495 5777 ex
2522 5708 2779 5782 antiquis
2810 5703 3225 5779 patribus—tum
3259 5722 3294 5760 e
3333 5703 3779 5782 recentioribus

2088 5783 2353 5861 theblogi
2420 5776 2682 5840 docentf
2719 5776 3088 5856 Quapropter
3151 5792 3368 5835 vocem
3419 5776 3780 5836 alternum!)
