4024 6176
363 305 482 374 503

1814 308 1881 376 S.
1926 307 2371 376 AMBROSII.
2449 335 2452 340 ·

3665 313 3780 381 504

365 525 525 579 esse,
558 509 612 565 si
641 509 816 565 vitale
851 508 1076 582 aliquid
1105 508 1255 566 ﬁdes
1308 508 1495 582 spiret
1542 509 1657 582 (51)
1679 511 1708 565 ?
1757 508 1906 566 Nam
1935 510 2036 582 qui
2057 493 2109 558 Α
2145 515 2273 568 est:
2309 511 2406 568 lex
2441 527 2546 583 per
2575 511 2823 584 Moysen
2854 513 2985 568 data
3013 515 3126 583 est,
3149 527 3254 584 per
3274 527 3364 568 me
3392 513 3574 588 gratia
3604 514 3775 585 (Joan.

344 599 599 671 penitus
631 599 816 656 Deum
855 615 930 656 ex
969 616 1081 656 suo
1113 600 1291 656 corde
1339 599 1568 672 abjicit,
1619 600 1717 656 ille
1765 603 2034 658 mortuus

364 692 475 743 est.
508 688 619 754 Qui
649 703 795 761 ergo
828 705 947 745 non
975 689 1212 760 penitus
1243 688 1468 762 abjicit,
1500 689 1609 744 sed
1643 705 1750 760 per
1777 689 2032 760 impres-

365 777 595 833 sionem
624 781 1049 834 tormentorum
1079 779 1153 834 ad
1174 782 1406 850 tempus
1429 779 1684 852 negavit,
1705 779 2034 834 semivivus

364 869 476 922 est.
513 868 630 922 Aut
661 867 714 922 si
759 872 1030 925 mortuus
1070 873 1183 938 est,
1231 885 1338 923 cur
1383 868 1440 924 ei
1481 869 1699 938 dicitis,
1744 869 2035 941 agendam

364 956 794 1028 paenitentiam,
827 959 926 1030 qui
954 957 1078 1030 jam
1111 958 1307 1015 curari
1335 973 1454 1014 non
1485 959 1728 1029 potest?
1756 957 1819 1013 Si
1859 957 2037 1012 semi-

363 1047 540 1102 vivus
572 1049 683 1115 est,
719 1047 962 1102 infunde
996 1048 1189 1103 oleum
1211 1051 1266 1102 et
1295 1047 1519 1115 vinum,
1539 1063 1658 1102 non
1673 1047 1876 1102 vinum
1906 1047 2036 1102 sine

365 1136 518 1206 oleo,
567 1136 796 1191 scilicet
837 1137 995 1208 quod
1038 1140 1095 1192 et
1140 1137 1336 1193 foveat
1379 1140 1435 1192 et
1477 1135 1827 1191 remordeat.
1871 1136 2034 1191 Tolle

367 1241 502 1280 eum
533 1225 592 1280 in
618 1224 952 1297 jumentum
981 1229 1166 1298 tuum,
1191 1227 1355 1282 trade
1395 1225 1742 1293 stabulario,
1779 1226 1895 1282 duo
1917 1243 2037 1282 tera

365 1315 438 1368 ad
467 1313 602 1386 ejus
634 1331 836 1369 curam
865 1315 1159 1387 impende,
1182 1320 1310 1372 esto
1341 1317 1396 1373 ei
1415 1314 1917 1388 proximus(lbid.
1941 1317 2032 1386 34,

365 1405 477 1473 35).
513 1403 827 1459 Proximus
850 1408 1044 1460 autem
1079 1421 1218 1461 esse
1265 1424 1384 1464 non
1433 1414 1622 1480 potes,
1682 1408 1796 1462 nisi
1851 1409 2034 1464 facias

367 1492 856 1564 misericordiam,
889 1510 1062 1550 nemo
1103 1496 1258 1551 enim
1305 1503 1497 1568 potest
1543 1501 1656 1556 dici
1705 1502 2032 1572 proximus,

367 1581 482 1637 nisi
515 1581 616 1654 qui
649 1583 963 1654 curaverit,
998 1600 1116 1639 non
1149 1586 1451 1643 occiderit.
1486 1589 1544 1644 Si
1579 1594 1770 1646 autem
1803 1591 1894 1646 vis
1917 1591 2034 1644 dici

344 1668 697 1742 proximus,
733 1671 873 1728 dicit
904 1673 1008 1728 tibi
1025 1673 1302 1732 Christus
1329 1693 1340 1733 :
1381 1677 1554 1746 Vade,
1582 1687 1639 1735 et
1665 1686 1724 1735 lu
1747 1680 1842 1735 fac
1871 1681 2036 1736 simi-

367 1759 514 1816 liter
543 1759 722 1832 (Ibid.
755 1761 868 1830 37).

995 1925 1250 1982 CAPUT
1289 1928 1410 1985 XII.

368 2067 544 2144 Locis
573 2068 926 2144 ex_._loannis
954 2069 1290 2144 Evangelia
1304 2071 1432 2144 jam
1463 2073 1668 2128 citatis
1691 2075 1844 2131 alius
1871 2075 2034 2132 indi-

439 2139 572 2194 dem
601 2139 966 2212 adjuugitur.
1001 2139 1584 2200 Tum'servandorum
1609 2146 1722 2202 Dei
1735 2147 2036 2204 mandato-

435 2228 568 2266 rum
583 2217 1002 2291 necessitatem
1016 2212 1439 2291 objicientibus
1451 2215 1631 2291 facile
1642 2219 2039 2291 respondetur

440 2298 553 2362 neu
586 2281 645 2338 ei
675 2282 774 2354 qui
802 2299 1059 2362 semper,
1079 2281 1202 2340 'sed
1232 2287 1410 2362 etiam
1441 2288 1501 2362 ei
1528 2289 1632 2362 qui
1657 2281 1792 2362 post
1813 2289 2037 2362 lapsum

440 2305 553 2337 non
586 2305 641 2338 el
675 2305 770 2354 qm
802 2305 1059 2356 semper,
1093 2305 1198 2340 sca
1232 2305 1410 2341 cuum
1441 2305 1496 2343 et
1572 2305 1630 2342 ur
1699 2305 1792 2344 est
1813 2305 2037 2362 lapsum

437 2353 544 2429 illa
570 2369 751 2410 serva
763 2355 936 2429 verit,
973 2356 1154 2410 vitam
1178 2359 1470 2429 promitti.
1511 2305 1698 2424 ὅπερ
1705 2361 1806 2416 ubi
1825 2377 1907 2416 ex
1924 2363 2038 2416 Da-

445 2425 579 2481 vide
592 2427 1028 2500 comprobatum
1051 2435 1164 2500 est,
1178 2425 1476 2500 quandam
1499 2438 1694 2486 tamen
1717 2447 1854 2488 esse
1877 2434 2041 2490 inter

441 2496 749 2570 utrumque
779 2496 1583 2558 did‘ercntiam'dcclaratur.

437 2657 527 2713 53.
561 2657 756 2730 [Alias
785 2675 914 2728 cap.
948 2657 1070 2733 XL]
1104 2660 1276 2718 Aliud
1317 2662 1512 2720 simile
1551 2668 2036 2724 consideremus:

373 2745 486 2812 Qui
514 2747 712 2802 credit
761 2748 826 2802 in
861 2747 1101 2819 Filium,
1134 2750 1315 2806 habet
1360 2753 1537 2808 vitam
1573 2761 1894 2812 (eternam:
1943 2759 2042 2830 qui

369 2841 562 2891 autem
587 2853 699 2892 non
735 2837 936 2893 credit
963 2837 1122 2894 Filio
1146 2839 1281 2912 (52),
1307 2857 1422 2896 non
1449 2843 1680 2899 videbit
1703 2846 1902 2914 vitam,
1932 2847 2042 2902 sed

368 2915 626 2980 ira405
639 2925 752 2981 Dei
780 2933 978 2982 manet
1011 2943 1194 3000 super
1223 2946 1352 2985 eum
1380 2931 1572 3002 (Jean.
1609 2950 1693 3004 ιιι,
1726 2935 1836 3007 36).
1870 2935 2038 3001 Quod

369 3018 566 3071 manet
581 3015 782 3088 utique
799 3015 922 3088 jam
945 3018 1142 3088 cmpit,
1162 3021 1220 3072 et
1247 3035 1321 3074 ex
1357 3020 1572 3077 delicto
1591 3023 1790 3096 aliquo
1822 3027 1998 3098 cmpit
2022 3043 2037 3098 ς

367 3105 507 3176 quia
538 3107 672 3160 ante
722 3121 842 3161 non
893 3107 1162 3162 credidit.
1197 3107 1310 3164 Ubi
1351 3125 1498 3183 ergo
1529 3113 1664 3184 quis
1697 3115 1904 3182 credit,
1955 3116 2039 3170 ira

367 3193 476 3249 Dei
505 3192 778 3264 discedit,
821 3194 941 3250 vita
975 3198 1169 3252 autem
1217 3199 1465 3255 accedit.
1503 3199 1760 3257 Credere
1801 3219 1948 3276 ergo
1979 3205 2037 3259 in

366 3283 689 3354 Christum,
723 3285 951 3340 lucrum
976 3286 1111 3341 vitae
1132 3290 1224 3342 est
1249 3303 1264 3358 ;
1299 3289 1400 3360 qui
1416 3290 1574 3345 enim
1596 3291 1782 3347 credit
1799 3293 1858 3346 in
1879 3308 2036 3365 eum,

367 3371 798 3445 nonjudicatur
815 3374 1000 3445 (ibid.
1038 3376 1147 3446 16).

437 3463 526 3518 54.
559 3463 678 3519 Sed
698 3464 964 3522 referunt
982 3465 1095 3524 hoc
1117 3465 1248 3522 loco
1267 3468 1546 3539 quoniam
1567 3469 1619 3526 is
1640 3469 1743 3543 qui
1765 3472 1953 3528 credit
1975 3473 2037 3528 in

367 3551 690 3620 Christum,
706 3554 1008 3610 custodire
1025 3555 1235 3612 debeat
1252 3573 1588 3614 sermonem
1607 3559 1765 3632 ejus,
1780 3561 1870 3616 sic
1881 3563 2038 3618 enim

367 3641 532 3698 aiunt
566 3641 877 3714 scriptum,
910 3643 1142 3701 dicente
1170 3645 1420 3704 Domino
1447 3664 1460 3702 :
1495 3649 1626 3720 Ego
1655 3648 1762 3705 lux
1795 3651 1856 3706 in
1886 3652 2042 3708 hunc

366 3729 641 3788 mundum
669 3733 824 3804 veni,
852 3739 912 3788 ut
931 3735 1123 3790 omnis
1140 3736 1239 3808 qui
1257 3737 1522 3792 credidit
1540 3738 1602 3793 in
1644 3756 1756 3806 me,
1782 3741 1844 3795 in
1867 3747 2038 3797 teuc-

366 3819 503 3877 bris
520 3837 632 3878 nou
643 3829 899 3878 maneat:
915 3829 974 3879 et
984 3825 1042 3879 si
1057 3825 1186 3897 quis
1199 3825 1460 3882 audierit
1477 3843 1812 3884 sermonem
1824 3847 2034 3898 meum,

370 3915 428 3963 et
454 3911 810 3966 custodierit
841 3928 991 3982 eum,
1025 3929 1134 3986 ego
1164 3931 1277 3970 non
1304 3915 1516 3986 judico
1549 3933 1679 3972 eum
1718 3919 1906 3987 (Joan.
1933 3937 2036 3988 xu,

368 3997 460 4069 46,
489 3998 602 4068 4'7).
633 3999 736 4054 Ille
765 4000 1148 4073 nonjudicat,
1179 4007 1238 4059 et
1283 4007 1345 4060 tu
1387 4003 1629 4077 judicas
1649 4010 1678 4062 δὲ
1725 4007 1829 4063 llle
1859 4008 2035 4064 dicit:

377 4087 454 4143 Ut
483 4088 586 4162 qui
609 4087 806 4144 credit
832 4089 897 4144 in
927 4107 1040 4156 me,
1078 4091 1140 4147 in
1175 4092 1452 4149 tenebris
1493 4110 1609 4150 nou
1637 4101 1892 4166 maneat,
1924 4096 2038 4152 hoc

371 4179 484 4248 est,
517 4179 575 4233 et
596 4177 652 4233 si
670 4177 849 4234 fuerit
877 4178 938 4235 in
965 4179 1252 4254 tenebris,
1287 4198 1406 4238 non
1451 4188 1792 4255 permaneat
1835 4186 1894 4240 in
1924 4187 2034 4254 eis,

369 4282 635 4324 errorem
663 4267 954 4338 emendet,
975 4268 1208 4342 culpam
1240 4271 1520 4345 corrigat,
1551 4273 1840 4329 custodiat
1877 4291 2039 4329 man-

368 4357 499 4413 data
531 4373 700 4427 mea;
733 4357 856 4413 dixi
872 4357 1064 4414 enim:
1097 4358 1251 4416 Nolo
1270 4367 1518 4417 mortem
1535 4362 1895 4433 peccatoris,
1927 4364 2038 4420 sed

367 4447 799 4504 correctionem
815 4447 1060 4519 (Ezecb.
1085 4465 1294 4520 χχχιιι,
1320 4449 1428 4520 11).
1457 4450 1588 4505 Dixi
1619 4467 1801 4522 supia
1828 4467 1841 4507 :
1881 4451 2036 4518 Quo-

369 4536 524 4592 niam
556 4537 656 4610 qui
669 4536 732 4592 iu
752 4553 845 4592 me
865 4537 1078 4602 credit,
1108 4538 1573 4612 noujudicatur;
1606 4541 1662 4594 et
1695 4539 1808 4595 hoc
1833 4544 2036 4596 custo-

367 4624 498 4680 dio:
533 4625 668 4682 Non
699 4627 857 4682 enim
893 4627 1048 4698 veni,
1083 4634 1144 4682 ut
1175 4627 1444 4700 judicem
1488 4629 1780 4696 mundum,
1825 4629 1934 4685 sed
1978 4606 2125 4686 ιιι-θ

368 4714 638 4771 salvetur
678 4716 931 4773 mundus
956 4732 1073 4789 per
1109 4733 1201 4773 me
1239 4718 1432 4788 (Joan.
1472 4736 1556 4788 ιιι,
1591 4717 1702 4791 17).
1753 4719 2036 4776 Libenter
2123 4739 2130 4744 -

366 4801 742 4875 ignosco(De
762 4805 1008 4876 Paruit,
1033 4805 1169 4862 dist.
1191 4807 1242 4878 1,
1262 4823 1390 4880 cap.
1412 4808 1746 4880 Libenter),
1768 4812 2035 4882 prompte

368 4891 688 4965 indulgeo:
719 4893 1207 4952 .llisericordiam
1255 4896 1408 4953 male
1435 4899 1550 4966 (53)
1583 4914 1750 4971 quam
1796 4898 2035 4954 saerili-

369 4999 520 5038 cium
549 4981 748 5052 (Osee.
770 4978 850 5052 vr,
868 4984 925 5055 6)
949 5000 964 5053 ;
996 4985 1136 5057 quia
1155 5001 1262 5057 per
1282 4987 1643 5043 sacrificium
1661 4985 1864 5058 justus
1883 5003 2037 5042 como

367 5071 695 5141 mendatur,
727 5088 834 5143 per
877 5073 1346 5131 misericordiam
1381 5080 1662 5147 peccator
1701 5076 2030 5131 redimitur.

367 5161 502 5217 Non
526 5161 662 5217 veni
686 5161 1128 5235 voearejustos,
1167 5165 1279 5220 sed
1295 5172 1648 5238 peccatores
1683 5165 1921 5235 (Matt/2.
1951 5183 2030 5233 ιι,

439 5249 550 5322 13).
564 5250 631 5306 ln
646 5250 781 5324 lege
796 5251 1176 5323 sacriﬁcium,
1203 5253 1262 5309 in
1286 5253 1611 5326 Evangelio
1626 5255 2035 5312 misericordia

437 5391 552 5468 (5i)
592 5394 747 5468 Mss.
780 5395 1022 5468 aliquot,
1057 5397 1174 5453 lida
1207 5403 1432 5468 speret.
1467 5397 1664 5452 Minus
1701 5398 2028 5454 commode.

365 5464 479 5541 Sed
511 5465 788 5541 fortassis
817 5464 1140 5541 legendum
1174 5464 1292 5525 fide
1323 5471 1549 5541 spirat.
1589 5469 1807 5541 Eadem
1836 5473 2033 5526 autem

364 5537 590 5594 ratione
616 5537 946 5611 Cyprianus
976 5540 1149 5610 epist.
1183 5541 1272 5610 52,
1303 5537 1380 5595 de
1407 5540 1482 5594 iis
1511 5541 1633 5611 qui,
1668 5540 1840 5596 fidem
1873 5543 2034 5596 intus

367 5615 819 5678 conservantes,
859 5611 1036 5666 idolis
1068 5611 1207 5668 thus
1238 5611 1314 5667 ob
1353 5615 1782 5667 tormentorum
1816 5616 2035 5666 metum

367 5681 744 5754 obtulissent,
766 5683 1048 5754 loquitur,
1079 5699 1195 5754 qua
1224 5683 1420 5754 hocin
1443 5683 1631 5754 capite
1652 5683 2030 5754 Ambrosius.

439 5753 550 5822 (δεῖ)
583 5751 716 5811 Edit
764 5751 957 5825 Ro'm.,
1008 5751 1356 5811 incredulus
1404 5761 1463 5814 et
1510 5751 1704 5821 Filio;
1748 5769 1860 5811 ms.
1899 5753 2033 5808 Cla-

2147 618 2184 669 ι,
2220 599 2328 671 17).
2361 601 2513 667 Quid
2544 601 2657 656 hoc
2686 601 3067 658 evidentius?

2213 691 2302 746 55.
2326 691 2590 763 Denique
2612 694 2668 746 et
2688 691 2896 748 subter
2911 691 3026 748 ait:
3065 691 3177 758 Qui
3207 691 3438 764 spernit
3457 708 3566 763 me,
3597 698 3653 748 et
3681 710 3782 750 non

2144 781 2356 851 accipit
2383 779 2562 835 verba
2585 797 2732 836 mea.
2755 781 2934 836 liabet
2959 782 3058 854 qui
3078 781 3310 854 judicct
3334 797 3462 836 eum
3491 780 3670 850 (Joan.
3691 799 3784 852 xu,

2143 869 2252 936 48).
2289 869 2440 922 Num
2475 869 2575 923 tibi
2626 869 2862 924 videtur
2905 871 3175 941 accipere
3206 869 3388 924 verba
3437 869 3668 940 Christi,
3697 873 3789 942 qui

2143 973 2210 1012 se
2241 974 2359 1014 non
2388 959 2761 1014 correxerit?
2791 959 3062 1015 Profecto
3093 975 3212 1014 non
3241 959 3489 1014 videtur.
3520 958 3626 1024 Qui
3657 974 3788 1032 ergo

2144 1047 2390 1121 corrigit
2420 1063 2507 1118 se,
2538 1047 2752 1119 accipit
2772 1048 3021 1104 verbum
3037 1047 3191 1120 ejus,
3211 1047 3337 1118 .hoc
3357 1051 3450 1103 est
3482 1047 3789 1119 enimver-

2143 1136 2284 1192 bum
2315 1135 2471 1208 ejus,
2505 1139 2568 1192 ut
2596 1153 2663 1192 se
2694 1137 3108 1210 unusquisque
3139 1141 3380 1193 revocet
3406 1153 3439 1192 a
3472 1135 3656 1208 culpa.
3687 1139 3790 1194 Aut

2143 1226 2428 1282 excludas
2457 1226 2639 1299 igitur
2665 1242 2917 1282 necesse
2940 1230 3032 1282 est
3063 1226 3215 1282 hanc
3246 1225 3382 1298 ejus
3419 1217 3786 1287 sententiam:

2144 1319 2243 1370 aut
2271 1316 2323 1370 si
2355 1331 2574 1388 negare
2606 1332 2724 1372 non
2753 1320 2942 1388 potes,
2966 1317 3339 1389 acquiescas.

2215 1405 2304 1460 56.
2328 1404 2566 1476 Oportet
2596 1420 2730 1460 eum
2761 1421 2996 1478 quoque
3026 1405 3298 1462 mandata
3347 1405 3641 1462 custodire
3686 1405 3792 1462 Do-

2146 1494 2380 1563 minica,
2405 1495 2504 1566 qui
2527 1510 2772 1565 peccare
2795 1495 3046 1565 desinat,
3075 1495 3322 1551 delictis
3363 1497 3653 1551 renuntiet
3672 1497 3790 1564 (54).

2145 1583 2279 1638 Non
2298 1598 2444 1655 ergo
2465 1582 2538 1638 de
2559 1599 2630 1638 eo
2652 1583 2836 1638 debes
2867 1583 3236 1656 interpretari
3254 1585 3498 1656 dictum,
3529 1585 3625 1657 qui
3647 1600 3792 1640 sem-

2143 1687 2250 1744 per
2277 1671 2659 1741 custodicrit;
2692 1672 2744 1726 si
2769 1673 2926 1728 enim
2956 1673 3069 1728 hoc
3111 1673 3434 1744 sensisset,
3465 1672 3793 1742 addidisset,

2144 1776 2414 1832 semper:
2450 1777 2569 1816 non
2597 1761 2867 1818 addendo
2910 1765 3126 1833 autem,
3176 1763 3248 1819 de
3279 1778 3352 1819 eo
3397 1761 3794 1834 pronuntiavit,

2066 1874 2116 1937 Β
2144 1849 2246 1921 qui
2302 1850 2459 1922 quod
2515 1850 2757 1922 audivit,
2803 1851 3186 1908 custodierit:
3231 1851 3462 1907 audivit
3507 1854 3692 1906 autem
3744 1855 3798 1906 ut

2145 1939 2472 2012 corrigeret
2503 1956 2765 1996 errorem
2791 1957 2804 1998 :
2840 1941 3158 1996 custodivit
3186 1941 3371 2014 igitur
3397 1940 3552 2013 quod
3571 1939 3796 1998 audivit.

2141 2045 2149 2053 ·
2213 2027 2302 2084 57.
2327 2027 2522 2102 [Alias
2543 2045 2671 2101 cap.
2709 2028 2858 2103 Xll.]
2898 2029 3084 2098 Quam
3113 2045 3255 2086 vero
3287 2030 3503 2086 durum
3530 2030 3622 2101 lsit
3651 2031 3710 2084 ut
3734 2028 3800 2083 ad

2143 2134 2375 2190 pmnam
2407 2121 2653 2174 vocetur
2681 2122 3042 2191 perpetuam,
3075 2119 3179 2191 qui
3208 2119 3305 2175 vel
3331 2121 3540 2191 postea
3563 2117 3800 2174 custodit

2145 2207 2377 2262 Domini
2435 2207 2726 2278 mandata,
2787 2208 2917 2280 ipse
2961 2211 3018 2263 te
3063 2209 3292 2278 doceat,
3357 2208 3460 2281 qui
3498 2207 3668 2264 etiam
3695 2223 3802 2264 non

2143 2295 2616 2352 custodientibus
2648 2297 2918 2352 mandata
2939 2314 3047 2354 sua
3072 2298 3306 2353 veniam
3343 2313 3463 2354 non
3485 2296 3802 2372 denegavit,

2145 2385 2298 2442 sicut
2329 2385 2514 2442 habes
2545 2387 2605 2442 in
2635 2387 2850 2458 psalmi
2898 2402 3187 2459 corpore:
3224 2385 3296 2442 Si
3323 2385 3611 2460 justitias
3656 2401 3804 2441 meas

2139 2474 2622 2548 profanaverint,
2657 2482 2716 2534 et
2761 2477 3035 2532 mandata
3076 2491 3204 2532 mea
3239 2493 3360 2532 non
3405 2475 3802 2546 custodierint,

2151 2564 2406 2621 visitabo
2435 2565 2498 2620 in
2536 2566 2704 2639 virga
2726 2566 3074 2639 iniquitates
3104 2581 3328 2636 eorum,
3368 2567 3518 2622 etin
3563 2563 3806 2637 ﬂagellis

2145 2653 2364 2710 delicta
2424 2671 2666 2712 eorum:
2712 2655 3190 2710 miscricordiam
3237 2660 3438 2710 autem
3483 2671 3665 2710 meam
3703 2668 3805 2710 non

2145 2742 2486 2815 disperdam
2518 2743 2594 2799 ab
2615 2745 2707 2800 eis
2734 2744 2922 2814 (Psal.
2954 2761 3242 2814 Lxxxviu,
3289 2740 3504 2816 33-84).
3533 2742 3803 2799 Omnibus

2143 2831 2324 2906 igitur
2351 2833 2634 2903 promittit
2663 2833 3150 2888 misericordiam.

2213 2925 2300 2978 58.
2322 2923 2437 2978 Sed
2456 2939 2528 2978 ne
2547 2924 2676 2979 sine
2694 2923 2923 2995 judicio
2952 2923 3105 2978 hanc
3136 2939 3276 2979 esse
3337 2922 3798 2978 misericordiam

2142 3013 2381 3082 putetis,
2417 3017 2509 3068 est
2538 3012 2819 3068 discretio
2863 3013 3017 3068 inter
3048 3029 3153 3069 eos
3183 3013 3285 3084 qui
3333 3015 3677 3084 perpetuam
3706 3011 3803 3066 de-

2143 3101 2381 3156 tulerint
2409 3101 2804 3158 obedientiam
2832 3102 3124 3157 mandatis
3154 3101 3533 3171 ccslestibus,
3583 3104 3638 3156 et
3667 3101 3806 3156 inter

2101 3235 2120 3264 ._
2143 3205 2249 3246 eos
2279 3189 2383 3262 qui
2411 3190 2726 3264 aliquando
2757 3192 2850 3247 vel
2882 3207 3108 3262 errore,
3142 3191 3236 3246 vel
3267 3191 3630 3258 necessitate
3665 3189 3806 3262 lapsi

2144 3279 2282 3336 sint.
2309 3279 2380 3336 Et
2395 3297 2472 3336 ne
2494 3285 2700 3337 nostro
2724 3281 3136 3336 circumscribi
3173 3285 3228 3336 te
3240 3285 3597 3354 argumento
3615 3282 3795 3352 putes,

2143 3367 2668 3442 Christijudicium
2685 3371 2910 3442 accipe,
2947 3370 3164 3426 etenim
3196 3369 3313 3426 ait:
3347 3370 3426 3426 Si
3463 3371 3664 3426 sciens
3687 3384 3806 3424 scr-

2151 3475 2256 3514 vus
2274 3458 2626 3515 voluntatem
2643 3459 2876 3515 Domini
2892 3460 2988 3514 sui
3003 3475 3115 3514 uou
3131 3458 3301 3528 fecit,
3348 3458 3649 3534 vapulabit
3668 3457 3806 3512 mul-

2148 3557 2257 3612 tis:
2293 3557 2351 3612 si
2379 3563 2572 3614 aulem
2612 3557 2778 3613 uesci
2789 3559 2890 3628 vit,
2919 3547 3067 3614 406
3107 3547 3413 3629 vapulabit
3454 3558 3661 3630 paucis
3703 3554 3806 3624 (55)

2145 3646 2307 3714 (Luc.
2340 3664 2442 3717 xu,
2473 3645 2686 3717 47-58).
2722 3647 2982 3719 Uterque
3023 3647 3206 3720 igitur
3237 3646 3288 3700 si
3321 3647 3550 3715 credat,
3601 3643 3805 3715 recipi-

2141 3737 2256 3804 tur,
2289 3735 2426 3807 quia
2457 3736 2711 3808 castigat
2741 3751 2968 3791 omnem
2999 3735 3182 3790 filium
3222 3735 3406 3807 Deus,
3445 3752 3610 3812 quem
3655 3732 3804 3789 reci-

2139 3825 2231 3896 pit
2261 3823 2474 3896 (Hebr.
2498 3842 2602 3895 xn,
2633 3823 2722 3895 6):
2758 3829 2816 3880 ct
2862 3841 3036 3898 quem
3070 3825 3346 3899 castigat,
3400 3825 3576 3882 morti
3617 3823 3804 3896 utique

2143 3927 2260 3968 non
2292 3913 2484 3983 tradit,
2518 3914 2654 3988 quia
2686 3916 2973 3986 scriptum
3005 3917 3118 3971 est:
3159 3914 3487 3986 Castigans
3502 3912 3806 3987 castigavit

2143 4019 2236 4058 me
2257 4001 2560 4074 Dominus,
2581 4011 2641 4060 et
2657 4004 2837 4060 morti
2858 4020 2970 4060 non
3001 4002 3254 4059 tradidit
3288 4021 3384 4060 me
3421 4001 3613 4076 (Psal.
3637 4017 3806 4070 cxvn,

2144 4087 2256 4160 ιο).

2748 4217 3000 4273 CAPUT
3052 4217 3206 4273 Xlll.

2149 4340 2262 4408 Qui
2279 4346 2584 4414 peccatum
2611 4343 2682 4398 ad
2716 4345 2964 4398 mortem
2983 4341 3264 4412 fecerint,
3287 4358 3402 4398 non
3423 4342 3802 4409 deserendas,

2216 4415 2326 4470 sed
2391 4415 2720 4472 muiteutim
2769 4414 3178 4485 subjiciendus
3207 4431 3285 4469 ex
3329 4414 3522 4472 Paulo
3551 4415 3803 4470 ducetur.

2221 4431 2390 4542 Quid}
2418 4487 2500 4542 sit
2548 4487 2698 4541 tradi
2742 4487 2974 4542 Satanae
3022 4487 3081 4540 in
3131 4485 3433 4542 interitum
3487 4486 3702 4542 carnis.
3753 4488 3803 4537 ct

2221 4485 2374 4552 Quid
2418 4487 2500 4542 sit
2548 4487 2698 4541 tradi
2742 4487 2974 4542 Satanae
3022 4487 3081 4540 in
3131 4485 3433 4542 interitum
3487 4486 3702 4554 carnis,
3753 4488 3806 4537 ct

2218 4575 2384 4640 quam
2406 4558 2514 4612 lioc
2530 4557 2860 4640 optandum.
2895 4557 3176 4640 satauam
3203 4558 3451 4640 cqrpori
3469 4557 3807 4640 debilitates

2216 4626 2472 4697 inferre,
2509 4626 2620 4683 sed
2645 4645 2750 4700 eas
2781 4629 2840 4682 in
2869 4629 3124 4700 spiritus
3157 4626 3474 4682 utilitatem
3507 4626 3808 4700 converti:

2218 4701 2370 4772 unde
2414 4716 2624 4772 magna
2675 4699 2788 4772 Dei
2815 4699 3025 4772 elacet
3069 4706 3354 4772 petentia,
3409 4717 3520 4771 qua
3562 4699 3720 4753 illum
3751 4702 3805 4749 ut

2215 4771 2338 4826 sibi
2354 4777 2579 4840 noceat,
2600 4777 2659 4826 et
2682 4771 2856 4826 nobis
2870 4771 3085 4843 prosit,
3105 4771 3262 4843 cogit
3280 4771 3343 4825 in
3354 4772 3558 4826 vitum.

2211 4896 2302 4952 59.
2335 4895 2601 4970 Denique
2643 4895 2863 4952 Paulus
2910 4896 3084 4952 docet
3139 4912 3258 4952 non
3304 4895 3674 4952 deserendas
3702 4907 3800 4948 eos

2140 4986 2241 5060 qui
2264 4989 2565 5056 peccatum
2589 4985 2661 5040 ad
2685 4988 2931 5040 mortem
2962 4985 3229 5053 fecerint,
3262 4984 3371 5039 sed
3401 4984 3601 5055 potius
3618 4983 3798 5051 lacry-

2139 5089 2366 5130 marum
2422 5074 2696 5146 panibus,
2729 5077 2786 5129 et
2840 5077 2981 5144 potu
3039 5073 3405 5130 coercendos
3452 5071 3676 5136 ﬂebili;
3727 5071 3795 5122 ita

2139 5167 2334 5219 tamen
2365 5167 2427 5218 ut
2473 5164 2601 5235 ipsa
2647 5163 2946 5219 moderata
2995 5166 3158 5218 esset
3187 5163 3442 5217 tristitia.
3496 5160 3624 5216 Hoc
3655 5158 3799 5214 enim

2141 5253 2476 5326 significat:
2512 5252 2723 5308 Potum
2773 5251 2949 5307 dabis
2979 5252 3070 5307 eis
3113 5253 3176 5306 in
3224 5249 3512 5324 lacrymis
3551 5250 3614 5303 iu
3643 5263 3800 5302 meu-

2139 5413 2312 5460 rom..
2349 5411 2461 5451 non
2491 5394 2690 5450 credit
2721 5394 2782 5449 iu
2814 5393 3050 5448 Filium.

2214 5467 2330 5533 (53)
2356 5465 2507 5540 Mss.
2538 5466 2820 5540 Clarom.,
2853 5465 3349 5540 misericordiam
3371 5463 3514 5540 velo.
3710 5531 3744 5540 Α.

2196 5540 2324 5622 ⁸(51)
2355 5538 2531 5605 Edit.,
2585 5537 2683 5609 qui
2725 5553 2978 5609 peccare
2995 5536 3198 5605 desiit,
3225 5535 3464 5592 delictis
3502 5535 3801 5589 renuntia-

2150 5618 2328 5750 H£55)
2355 5680 2498 5735 Cod.
2561 5679 2840 5753 Clarom.,
2895 5679 3131 5753 Christi
3156 5679 3485 5753 judicatus!
3535 5676 3797 5750 accipe...

2141 5753 2240 5829 qui
2270 5758 2461 5808 autem
2493 5752 2770 5821 nescivit,
2797 5751 3024 5826 paucis.
