  <div class='ocr_page' id='page_1' title='image "/cluster/home/n/w/nwhite01/storage/ocr_20150623/16/hvd.32044096580444/260.png"; bbox 0 0 3936 6168; ppageno 0'>
   <div class='ocr_carea' id='block_1_1' title="bbox 115 351 203 423">
    <p class='ocr_par' dir='ltr' id='par_1_1' title="bbox 115 351 203 423">
     <span class='ocr_line' id='line_1_1' title="bbox 115 351 203 423; baseline 0 0"><span class='ocrx_word' id='word_1_1' title='bbox 115 351 203 423; x_wconf 77' lang='grc' dir='ltr'><strong>ωο</strong></span> 
     </span>
    </p>
   </div>
   <div class='ocr_carea' id='block_1_2' title="bbox 1221 342 2188 441">
    <p class='ocr_par' dir='ltr' id='par_1_2' title="bbox 1221 342 2188 441">
     <span class='ocr_line' id='line_1_2' title="bbox 1221 342 2188 441; baseline -0.003 -29"><span class='ocrx_word' id='word_1_2' title='bbox 1221 343 1335 412; x_wconf 87' lang='lat' dir='ltr'><strong>DE</strong></span> <span class='ocrx_word' id='word_1_3' title='bbox 1362 342 1911 439; x_wconf 63' lang='lat' dir='ltr'><strong>mammarum</strong></span> <span class='ocrx_word' id='word_1_4' title='bbox 1940 344 2103 433; x_wconf 76' lang='lat'><strong>1.13.</strong></span> <span class='ocrx_word' id='word_1_5' title='bbox 2136 344 2188 411; x_wconf 81' lang='grc' dir='ltr'><strong>ι.</strong></span> 
     </span>
    </p>
   </div>
   <div class='ocr_carea' id='block_1_3' title="bbox 3308 340 3463 423">
    <p class='ocr_par' dir='ltr' id='par_1_3' title="bbox 3308 340 3463 423">
     <span class='ocr_line' id='line_1_3' title="bbox 3308 340 3463 423; baseline -0.039 1"><span class='ocrx_word' id='word_1_6' title='bbox 3308 340 3428 423; x_wconf 67' lang='lat'><strong>510</strong></span> <span class='ocrx_word' id='word_1_7' title='bbox 3458 386 3463 393; x_wconf 91' lang='lat'><strong><em>-</em></strong></span> 
     </span>
    </p>
   </div>
   <div class='ocr_carea' id='block_1_4' title="bbox 109 532 3431 635">
    <p class='ocr_par' dir='ltr' id='par_1_4' title="bbox 109 532 3431 635">
     <span class='ocr_line' id='line_1_4' title="bbox 109 532 3431 635; baseline -0.003 -19"><span class='ocrx_word' id='word_1_8' title='bbox 109 560 357 633; x_wconf 79' lang='lat' dir='ltr'><strong>plerumque</strong></span> <span class='ocrx_word' id='word_1_9' title='bbox 399 553 612 628; x_wconf 79' lang='lat' dir='ltr'><strong>peccati</strong></span> <span class='ocrx_word' id='word_1_10' title='bbox 661 553 951 621; x_wconf 82' lang='lat' dir='ltr'><strong>ministra.</strong></span> <span class='ocrx_word' id='word_1_11' title='bbox 1002 552 1177 627; x_wconf 65' lang='lat' dir='ltr'><strong>Ergo,</strong></span> <span class='ocrx_word' id='word_1_12' title='bbox 1208 568 1327 613; x_wconf 88' lang='lat' dir='ltr'><strong>non</strong></span> <span class='ocrx_word' id='word_1_13' title='bbox 1375 554 1432 609; x_wconf 91' lang='lat' dir='ltr'><strong>te</strong></span> <span class='ocrx_word' id='word_1_14' title='bbox 1469 532 1736 635; x_wconf 69' lang='grc' dir='ltr'><strong>γίηοιιίᾼ</strong></span> <span class='ocrx_word' id='word_1_15' title='bbox 1766 553 2039 608; x_wconf 87' lang='lat' dir='ltr'><strong>monetur</strong></span> <span class='ocrx_word' id='word_1_16' title='bbox 2068 550 2440 621; x_wconf 84' lang='lat' dir='ltr'><strong>Timotheus:</strong></span> <span class='ocrx_word' id='word_1_17' title='bbox 2493 550 2646 619; x_wconf 74' lang='lat' dir='ltr'><strong>Yino</strong></span> <span class='ocrx_word' id='word_1_18' title='bbox 2693 550 2919 610; x_wconf 86' lang='lat' dir='ltr'><strong>modico</strong></span> <span class='ocrx_word' id='word_1_19' title='bbox 2968 557 3151 613; x_wconf 85' lang='lat' dir='ltr'><strong>utere.</strong></span> <span class='ocrx_word' id='word_1_20' title='bbox 3181 557 3431 626; x_wconf 83' lang='lat' dir='ltr'><strong>propter</strong></span> 
     </span>
    </p>
   </div>
   <div class='ocr_carea' id='block_1_5' title="bbox 105 638 1664 715">
    <p class='ocr_par' dir='ltr' id='par_1_5' title="bbox 105 638 1664 715">
     <span class='ocr_line' id='line_1_5' title="bbox 105 638 1664 715; baseline -0.003 -13"><span class='ocrx_word' id='word_1_21' title='bbox 105 649 240 702; x_wconf 66' lang='lat' dir='ltr'><strong>format</strong></span> <span class='ocrx_word' id='word_1_22' title='bbox 279 642 732 715; x_wconf 80' lang='lat' dir='ltr'><strong>concupiscentia</strong></span> <span class='ocrx_word' id='word_1_23' title='bbox 772 643 904 715; x_wconf 84' lang='lat'><strong>(&#39;70).</strong></span> <span class='ocrx_word' id='word_1_24' title='bbox 944 643 1123 699; x_wconf 82' lang='lat' dir='ltr'><strong>Multa</strong></span> <span class='ocrx_word' id='word_1_25' title='bbox 1164 638 1311 698; x_wconf 81' lang='lat' dir='ltr'><strong>retia</strong></span> <span class='ocrx_word' id='word_1_26' title='bbox 1341 641 1664 699; x_wconf 88' lang='lat' dir='ltr'><strong>tenduntur</strong></span> 
     </span>
    </p>
   </div>
   <div class='ocr_carea' id='block_1_6' title="bbox 95 724 1659 806">
    <p class='ocr_par' dir='ltr' id='par_1_6' title="bbox 95 724 1659 806">
     <span class='ocr_line' id='line_1_6' title="bbox 95 724 1659 806; baseline -0.002 -16"><span class='ocrx_word' id='word_1_27' title='bbox 95 754 114 791; x_wconf 75' lang='grc' dir='ltr'><em>ε</em></span> <span class='ocrx_word' id='word_1_28' title='bbox 133 732 331 802; x_wconf 84' lang='lat' dir='ltr'><strong>diabolo,</strong></span> <span class='ocrx_word' id='word_1_29' title='bbox 359 731 513 789; x_wconf 89' lang='lat' dir='ltr'><strong>multi</strong></span> <span class='ocrx_word' id='word_1_30' title='bbox 538 730 755 806; x_wconf 82' lang='lat' dir='ltr'><strong>laquei.</strong></span> <span class='ocrx_word' id='word_1_31' title='bbox 797 724 1019 789; x_wconf 83' lang='lat' dir='ltr'><strong>Oculus</strong></span> <span class='ocrx_word' id='word_1_32' title='bbox 1051 730 1381 789; x_wconf 81' lang='lat' dir='ltr'><strong>meretricis</strong></span> <span class='ocrx_word' id='word_1_33' title='bbox 1410 731 1659 803; x_wconf 84' lang='lat' dir='ltr'><strong>laqueus</strong></span> 
     </span>
    </p>
   </div>
   <div class='ocr_carea' id='block_1_7' title="bbox 87 810 1658 893">
    <p class='ocr_par' dir='ltr' id='par_1_7' title="bbox 87 810 1658 893">
     <span class='ocr_line' id='line_1_7' title="bbox 87 810 1658 893; baseline -0.003 -14"><span class='ocrx_word' id='word_1_34' title='bbox 87 821 293 879; x_wconf 72' lang='lat' dir='ltr'><strong>amatoris</strong></span> <span class='ocrx_word' id='word_1_35' title='bbox 333 825 433 876; x_wconf 88' lang='lat' dir='ltr'><strong>est.</strong></span> <span class='ocrx_word' id='word_1_36' title='bbox 462 821 582 893; x_wconf 88' lang='lat' dir='ltr'><strong>Ipsi</strong></span> <span class='ocrx_word' id='word_1_37' title='bbox 624 810 803 877; x_wconf 80' lang='lat' dir='ltr'><strong>nobis</strong></span> <span class='ocrx_word' id='word_1_38' title='bbox 850 820 1006 877; x_wconf 91' lang='lat' dir='ltr'><strong>oculi</strong></span> <span class='ocrx_word' id='word_1_39' title='bbox 1053 821 1244 877; x_wconf 83' lang='lat' dir='ltr'><strong>nostri</strong></span> <span class='ocrx_word' id='word_1_40' title='bbox 1290 820 1438 876; x_wconf 88' lang='lat' dir='ltr'><strong>retia</strong></span> <span class='ocrx_word' id='word_1_41' title='bbox 1482 822 1658 889; x_wconf 85' lang='lat' dir='ltr'><strong>sunt;</strong></span> 
     </span>
    </p>
   </div>
   <div class='ocr_carea' id='block_1_8' title="bbox 81 908 1661 984">
    <p class='ocr_par' dir='ltr' id='par_1_8' title="bbox 81 908 1661 984">
     <span class='ocr_line' id='line_1_8' title="bbox 81 908 1661 984; baseline -0.003 -14"><span class='ocrx_word' id='word_1_42' title='bbox 81 916 119 970; x_wconf 84' lang='lat' dir='ltr'><strong>et</strong></span> <span class='ocrx_word' id='word_1_43' title='bbox 140 912 242 967; x_wconf 89' lang='lat' dir='ltr'><strong>ideo</strong></span> <span class='ocrx_word' id='word_1_44' title='bbox 265 911 529 981; x_wconf 90' lang='lat' dir='ltr'><strong>scriptum</strong></span> <span class='ocrx_word' id='word_1_45' title='bbox 559 914 688 967; x_wconf 89' lang='lat' dir='ltr'><strong>est:</strong></span> <span class='ocrx_word' id='word_1_46' title='bbox 740 910 949 984; x_wconf 84' lang='lat' dir='ltr'><strong>Neque</strong></span> <span class='ocrx_word' id='word_1_47' title='bbox 994 911 1255 984; x_wconf 86' lang='lat' dir='ltr'><strong>capiaris</strong></span> <span class='ocrx_word' id='word_1_48' title='bbox 1308 908 1494 967; x_wconf 88' lang='lat' dir='ltr'><strong>oculis</strong></span> <span class='ocrx_word' id='word_1_49' title='bbox 1542 908 1661 966; x_wconf 92' lang='lat' dir='ltr'><strong>tuis</strong></span> 
     </span>
    </p>
   </div>
   <div class='ocr_carea' id='block_1_9' title="bbox 78 998 1657 1073">
    <p class='ocr_par' dir='ltr' id='par_1_9' title="bbox 78 998 1657 1073">
     <span class='ocr_line' id='line_1_9' title="bbox 78 998 1657 1073; baseline -0.001 -18"><span class='ocrx_word' id='word_1_50' title='bbox 78 1001 231 1069; x_wconf 81' lang='lat' dir='ltr'><strong>(Prov.</strong></span> <span class='ocrx_word' id='word_1_51' title='bbox 276 1016 344 1067; x_wconf 75' lang='lat' dir='ltr'><strong>vi,</strong></span> <span class='ocrx_word' id='word_1_52' title='bbox 390 999 497 1069; x_wconf 77' lang='lat'><strong>‘25).</strong></span> <span class='ocrx_word' id='word_1_53' title='bbox 547 998 671 1071; x_wconf 85' lang='lat' dir='ltr'><strong>Ipsi</strong></span> <span class='ocrx_word' id='word_1_54' title='bbox 729 1000 917 1071; x_wconf 9' lang='lat' dir='ltr'><strong>nobis,</strong></span> <span class='ocrx_word' id='word_1_55' title='bbox 951 1016 1100 1073; x_wconf 89' lang='lat' dir='ltr'><strong>ergo</strong></span> <span class='ocrx_word' id='word_1_56' title='bbox 1147 999 1443 1058; x_wconf 81' lang='lat' dir='ltr'><strong>tendimus</strong></span> <span class='ocrx_word' id='word_1_57' title='bbox 1489 999 1657 1069; x_wconf 88' lang='lat' dir='ltr'><strong>retin,</strong></span> 
     </span>
    </p>
   </div>
   <div class='ocr_carea' id='block_1_10' title="bbox 76 1087 1659 1162">
    <p class='ocr_par' dir='ltr' id='par_1_10' title="bbox 76 1087 1659 1162">
     <span class='ocr_line' id='line_1_10' title="bbox 76 1087 1659 1162; baseline 0 -19"><span class='ocrx_word' id='word_1_58' title='bbox 76 1089 235 1162; x_wconf 83' lang='lat' dir='ltr'><strong>quibus</strong></span> <span class='ocrx_word' id='word_1_59' title='bbox 277 1087 616 1144; x_wconf 86' lang='lat' dir='ltr'><strong>involvimur</strong></span> <span class='ocrx_word' id='word_1_60' title='bbox 664 1091 721 1144; x_wconf 92' lang='lat' dir='ltr'><strong>et</strong></span> <span class='ocrx_word' id='word_1_61' title='bbox 750 1088 1139 1162; x_wconf 89' lang='lat' dir='ltr'><strong>implicamur.</strong></span> <span class='ocrx_word' id='word_1_62' title='bbox 1170 1089 1290 1161; x_wconf 88' lang='lat' dir='ltr'><strong>Ipsi</strong></span> <span class='ocrx_word' id='word_1_63' title='bbox 1319 1088 1495 1145; x_wconf 89' lang='lat' dir='ltr'><strong>nobis</strong></span> <span class='ocrx_word' id='word_1_64' title='bbox 1523 1087 1659 1143; x_wconf 87' lang='lat' dir='ltr'><strong>vin-</strong></span> 
     </span>
    </p>
   </div>
   <div class='ocr_carea' id='block_1_11' title="bbox 76 1176 1660 1252">
    <p class='ocr_par' dir='ltr' id='par_1_11' title="bbox 76 1176 1660 1252">
     <span class='ocr_line' id='line_1_11' title="bbox 76 1176 1660 1252; baseline 0 -20"><span class='ocrx_word' id='word_1_65' title='bbox 76 1179 166 1233; x_wconf 85' lang='lat' dir='ltr'><strong>cula</strong></span> <span class='ocrx_word' id='word_1_66' title='bbox 184 1179 460 1249; x_wconf 83' lang='lat' dir='ltr'><strong>nectimus,</strong></span> <span class='ocrx_word' id='word_1_67' title='bbox 491 1177 649 1236; x_wconf 82' lang='lat' dir='ltr'><strong>sicut</strong></span> <span class='ocrx_word' id='word_1_68' title='bbox 688 1178 983 1252; x_wconf 84' lang='lat' dir='ltr'><strong>legimus:</strong></span> <span class='ocrx_word' id='word_1_69' title='bbox 1036 1176 1184 1244; x_wconf 87' lang='lat' dir='ltr'><strong>Quia</strong></span> <span class='ocrx_word' id='word_1_70' title='bbox 1230 1177 1487 1235; x_wconf 86' lang='lat' dir='ltr'><strong>vinculis</strong></span> <span class='ocrx_word' id='word_1_71' title='bbox 1516 1193 1660 1250; x_wconf 91' lang='lat' dir='ltr'><strong>pec-</strong></span> 
     </span>
    </p>
   </div>
   <div class='ocr_carea' id='block_1_12' title="bbox 75 1265 1657 1342">
    <p class='ocr_par' dir='ltr' id='par_1_12' title="bbox 75 1265 1657 1342">
     <span class='ocr_line' id='line_1_12' title="bbox 75 1265 1657 1342; baseline 0.001 -21"><span class='ocrx_word' id='word_1_72' title='bbox 75 1270 272 1325; x_wconf 77' lang='lat' dir='ltr'><strong>catorum</strong></span> <span class='ocrx_word' id='word_1_73' title='bbox 297 1282 529 1323; x_wconf 87' lang='lat' dir='ltr'><strong>suorum</strong></span> <span class='ocrx_word' id='word_1_74' title='bbox 558 1266 976 1342; x_wconf 83' lang='lat' dir='ltr'><strong>unusquisque</strong></span> <span class='ocrx_word' id='word_1_75' title='bbox 999 1265 1428 1340; x_wconf 79' lang='lat' dir='ltr'><strong>constringitur</strong></span> <span class='ocrx_word' id='word_1_76' title='bbox 1447 1265 1657 1339; x_wconf 88' lang='lat' dir='ltr'><strong>(Prov.</strong></span> 
     </span>
    </p>
   </div>
   <div class='ocr_carea' id='block_1_13' title="bbox 70 1355 241 1425">
    <p class='ocr_par' dir='ltr' id='par_1_13' title="bbox 70 1355 241 1425">
     <span class='ocr_line' id='line_1_13' title="bbox 70 1355 241 1425; baseline 0.012 -16"><span class='ocrx_word' id='word_1_77' title='bbox 70 1373 123 1425; x_wconf 75' lang='grc' dir='ltr'><strong>γι,</strong></span> <span class='ocrx_word' id='word_1_78' title='bbox 150 1355 241 1419; x_wconf 65' lang='grc' dir='ltr'><strong>εξ).</strong></span> 
     </span>
    </p>
   </div>
   <div class='ocr_carea' id='block_1_14' title="bbox 113 1480 1660 1557">
    <p class='ocr_par' dir='ltr' id='par_1_14' title="bbox 113 1480 1660 1557">
     <span class='ocr_line' id='line_1_14' title="bbox 113 1480 1660 1557; baseline -0.001 -20"><span class='ocrx_word' id='word_1_79' title='bbox 113 1480 183 1537; x_wconf 76' lang='lat' dir='ltr'><strong>7t.</strong></span> <span class='ocrx_word' id='word_1_80' title='bbox 206 1480 266 1537; x_wconf 81' lang='lat' dir='ltr'><strong>Et</strong></span> <span class='ocrx_word' id='word_1_81' title='bbox 290 1481 412 1538; x_wconf 86' lang='lat' dir='ltr'><strong>ideo</strong></span> <span class='ocrx_word' id='word_1_82' title='bbox 438 1484 815 1539; x_wconf 86' lang='lat' dir='ltr'><strong>transeamus</strong></span> <span class='ocrx_word' id='word_1_83' title='bbox 856 1483 1056 1557; x_wconf 90' lang='lat' dir='ltr'><strong>ignem</strong></span> <span class='ocrx_word' id='word_1_84' title='bbox 1084 1482 1528 1553; x_wconf 60' lang='lat' dir='ltr'><strong>adolescentia,</strong></span> <span class='ocrx_word' id='word_1_85' title='bbox 1559 1496 1660 1536; x_wconf 82' lang='lat' dir='ltr'><strong>ar-</strong></span> 
     </span>
    </p>
   </div>
   <div class='ocr_carea' id='block_1_15' title="bbox 68 1570 1661 1644">
    <p class='ocr_par' dir='ltr' id='par_1_15' title="bbox 68 1570 1661 1644">
     <span class='ocr_line' id='line_1_15' title="bbox 68 1570 1661 1644; baseline 0.001 -20"><span class='ocrx_word' id='word_1_86' title='bbox 68 1571 317 1642; x_wconf 80' lang='lat' dir='ltr'><strong>doremque</strong></span> <span class='ocrx_word' id='word_1_87' title='bbox 329 1570 617 1643; x_wconf 81' lang='lat' dir='ltr'><strong>juvenilis</strong></span> <span class='ocrx_word' id='word_1_88' title='bbox 637 1572 829 1628; x_wconf 54' lang='lat' dir='ltr'><strong>atatis</strong></span> <span class='ocrx_word' id='word_1_89' title='bbox 852 1588 865 1628; x_wconf 91' lang='lat'><strong>:</strong></span> <span class='ocrx_word' id='word_1_90' title='bbox 891 1576 1267 1629; x_wconf 75' lang='lat' dir='ltr'><strong>transeamus</strong></span> <span class='ocrx_word' id='word_1_91' title='bbox 1285 1587 1517 1644; x_wconf 87' lang='lat' dir='ltr'><strong>aquam,</strong></span> <span class='ocrx_word' id='word_1_92' title='bbox 1540 1585 1661 1626; x_wconf 88' lang='lat' dir='ltr'><strong>non</strong></span> 
     </span>
    </p>
   </div>
   <div class='ocr_carea' id='block_1_16' title="bbox 66 1660 1659 1734">
    <p class='ocr_par' dir='ltr' id='par_1_16' title="bbox 66 1660 1659 1734">
     <span class='ocr_line' id='line_1_16' title="bbox 66 1660 1659 1734; baseline 0.001 -20"><span class='ocrx_word' id='word_1_93' title='bbox 66 1674 396 1715; x_wconf 82' lang='lat' dir='ltr'><strong>remaneamus</strong></span> <span class='ocrx_word' id='word_1_94' title='bbox 415 1661 481 1716; x_wconf 76' lang='lat' dir='ltr'><strong>in.</strong></span> <span class='ocrx_word' id='word_1_95' title='bbox 495 1676 651 1734; x_wconf 88' lang='lat' dir='ltr'><strong>aqua</strong></span> <span class='ocrx_word' id='word_1_96' title='bbox 675 1677 690 1731; x_wconf 85' lang='lat'><strong>;</strong></span> <span class='ocrx_word' id='word_1_97' title='bbox 724 1662 1049 1717; x_wconf 84' lang='lat' dir='ltr'><strong>nellumina</strong></span> <span class='ocrx_word' id='word_1_98' title='bbox 1069 1677 1183 1719; x_wconf 89' lang='lat' dir='ltr'><strong>nos</strong></span> <span class='ocrx_word' id='word_1_99' title='bbox 1202 1660 1496 1733; x_wconf 87' lang='lat' dir='ltr'><strong>profunda</strong></span> <span class='ocrx_word' id='word_1_100' title='bbox 1518 1675 1659 1716; x_wconf 88' lang='lat' dir='ltr'><strong>con-</strong></span> 
     </span>
    </p>
   </div>
   <div class='ocr_carea' id='block_1_17' title="bbox 64 1748 1654 1824">
    <p class='ocr_par' dir='ltr' id='par_1_17' title="bbox 64 1748 1654 1824">
     <span class='ocr_line' id='line_1_17' title="bbox 64 1748 1654 1824; baseline 0.003 -23"><span class='ocrx_word' id='word_1_101' title='bbox 64 1748 255 1804; x_wconf 81' lang='lat' dir='ltr'><strong>cludant.</strong></span> <span class='ocrx_word' id='word_1_102' title='bbox 296 1749 693 1808; x_wconf 83' lang='lat' dir='ltr'><strong>Transeamus</strong></span> <span class='ocrx_word' id='word_1_103' title='bbox 730 1752 949 1824; x_wconf 88' lang='lat' dir='ltr'><strong>magis,</strong></span> <span class='ocrx_word' id='word_1_104' title='bbox 991 1754 1056 1807; x_wconf 92' lang='lat' dir='ltr'><strong>ut</strong></span> <span class='ocrx_word' id='word_1_105' title='bbox 1095 1754 1153 1806; x_wconf 85' lang='lat' dir='ltr'><strong>et</strong></span> <span class='ocrx_word' id='word_1_106' title='bbox 1191 1766 1304 1806; x_wconf 91' lang='lat' dir='ltr'><strong>nos</strong></span> <span class='ocrx_word' id='word_1_107' title='bbox 1345 1750 1654 1806; x_wconf 86' lang='lat' dir='ltr'><strong>dicamus:</strong></span> 
     </span>
    </p>
   </div>
   <div class='ocr_carea' id='block_1_18' title="bbox 70 1835 1655 1910">
    <p class='ocr_par' dir='ltr' id='par_1_18' title="bbox 70 1835 1655 1910">
     <span class='ocr_line' id='line_1_18' title="bbox 70 1835 1655 1910; baseline 0.001 -19"><span class='ocrx_word' id='word_1_108' title='bbox 70 1835 671 1910; x_wconf 80' lang='lat' dir='ltr'><strong>Tcrrentempertransi</strong></span> <span class='ocrx_word' id='word_1_109' title='bbox 680 1841 763 1896; x_wconf 86' lang='lat' dir='ltr'><strong>vit</strong></span> <span class='ocrx_word' id='word_1_110' title='bbox 786 1842 984 1896; x_wconf 83' lang='lat' dir='ltr'><strong>anima</strong></span> <span class='ocrx_word' id='word_1_111' title='bbox 1001 1845 1206 1895; x_wconf 86' lang='lat' dir='ltr'><strong>nostra</strong></span> <span class='ocrx_word' id='word_1_112' title='bbox 1228 1838 1421 1908; x_wconf 79' lang='lat' dir='ltr'><strong>(Paul.</strong></span> <span class='ocrx_word' id='word_1_113' title='bbox 1447 1855 1655 1908; x_wconf 79' lang='lat' dir='ltr'><strong>cxxm,</strong></span> 
     </span>
    </p>
   </div>
   <div class='ocr_carea' id='block_1_19' title="bbox 1767 638 3432 714">
    <p class='ocr_par' dir='ltr' id='par_1_19' title="bbox 1767 638 3432 714">
     <span class='ocr_line' id='line_1_19' title="bbox 1767 638 3432 714; baseline 0.001 -19"><span class='ocrx_word' id='word_1_114' title='bbox 1767 639 2118 714; x_wconf 81' lang='lat' dir='ltr'><strong>frequentes</strong></span> <span class='ocrx_word' id='word_1_115' title='bbox 2136 645 2266 695; x_wconf 87' lang='lat' dir='ltr'><strong>tuas</strong></span> <span class='ocrx_word' id='word_1_116' title='bbox 2286 638 2671 698; x_wconf 74' lang='lat' dir='ltr'><strong>infirmitates</strong></span> <span class='ocrx_word' id='word_1_117' title='bbox 2691 638 2748 711; x_wconf 86' lang='lat' dir='ltr'><strong>(l</strong></span> <span class='ocrx_word' id='word_1_118' title='bbox 2779 640 2922 699; x_wconf 90' lang='lat' dir='ltr'><strong>Tim.</strong></span> <span class='ocrx_word' id='word_1_119' title='bbox 2952 658 3013 711; x_wconf 87' lang='lat' dir='ltr'><strong>v,</strong></span> <span class='ocrx_word' id='word_1_120' title='bbox 3033 639 3315 713; x_wconf 42' lang='lat' dir='ltr'><strong>28).,Cum</strong></span> <span class='ocrx_word' id='word_1_121' title='bbox 3336 656 3432 697; x_wconf 57' lang='lat' dir='ltr'><strong>ca.</strong></span> 
     </span>
    </p>
   </div>
   <div class='ocr_carea' id='block_1_20' title="bbox 1766 728 3432 804">
    <p class='ocr_par' dir='ltr' id='par_1_20' title="bbox 1766 728 3432 804">
     <span class='ocr_line' id='line_1_20' title="bbox 1766 728 3432 804; baseline -0.001 -18"><span class='ocrx_word' id='word_1_122' title='bbox 1766 728 1848 786; x_wconf 88' lang='lat' dir='ltr'><strong>let</strong></span> <span class='ocrx_word' id='word_1_123' title='bbox 1877 744 2119 800; x_wconf 90' lang='lat' dir='ltr'><strong>corpus,</strong></span> <span class='ocrx_word' id='word_1_124' title='bbox 2145 728 2322 787; x_wconf 88' lang='lat' dir='ltr'><strong>trahit</strong></span> <span class='ocrx_word' id='word_1_125' title='bbox 2351 743 2660 800; x_wconf 84' lang='lat' dir='ltr'><strong>vaporem:</strong></span> <span class='ocrx_word' id='word_1_126' title='bbox 2714 745 2850 786; x_wconf 90' lang='lat' dir='ltr'><strong>cum</strong></span> <span class='ocrx_word' id='word_1_127' title='bbox 2897 730 3057 804; x_wconf 85' lang='lat' dir='ltr'><strong>alget</strong></span> <span class='ocrx_word' id='word_1_128' title='bbox 3098 731 3292 794; x_wconf 86' lang='lat' dir='ltr'><strong>morbi</strong></span> <span class='ocrx_word' id='word_1_129' title='bbox 3322 730 3432 786; x_wconf 65' lang='lat' dir='ltr'><strong>fri~</strong></span> 
     </span>
    </p>
   </div>
   <div class='ocr_carea' id='block_1_21' title="bbox 1766 817 3431 891">
    <p class='ocr_par' dir='ltr' id='par_1_21' title="bbox 1766 817 3431 891">
     <span class='ocr_line' id='line_1_21' title="bbox 1766 817 3431 891; baseline 0.002 -17"><span class='ocrx_word' id='word_1_130' title='bbox 1766 833 1914 891; x_wconf 84' lang='lat' dir='ltr'><strong>gora</strong></span> <span class='ocrx_word' id='word_1_131' title='bbox 1936 833 2094 889; x_wconf 89' lang='lat' dir='ltr'><strong>caro,</strong></span> <span class='ocrx_word' id='word_1_132' title='bbox 2115 818 2505 890; x_wconf 79' lang='lat' dir='ltr'><strong>refrigeretur</strong></span> <span class='ocrx_word' id='word_1_133' title='bbox 2533 817 2724 874; x_wconf 90' lang='lat' dir='ltr'><strong>anima</strong></span> <span class='ocrx_word' id='word_1_134' title='bbox 2758 822 2857 874; x_wconf 92' lang='lat' dir='ltr'><strong>tua</strong></span> <span class='ocrx_word' id='word_1_135' title='bbox 2881 834 2896 874; x_wconf 94' lang='lat'><strong>:</strong></span> <span class='ocrx_word' id='word_1_136' title='bbox 2943 835 3076 879; x_wconf 89' lang='lat' dir='ltr'><strong>cum</strong></span> <span class='ocrx_word' id='word_1_137' title='bbox 3108 819 3265 877; x_wconf 87' lang='lat' dir='ltr'><strong>dolet</strong></span> <span class='ocrx_word' id='word_1_138' title='bbox 3293 836 3431 877; x_wconf 84' lang='lat' dir='ltr'><strong>cor-</strong></span> 
     </span>
    </p>
   </div>
   <div class='ocr_carea' id='block_1_22' title="bbox 1765 907 3430 985">
    <p class='ocr_par' dir='ltr' id='par_1_22' title="bbox 1765 907 3430 985">
     <span class='ocr_line' id='line_1_22' title="bbox 1765 907 3430 985; baseline 0.002 -22"><span class='ocrx_word' id='word_1_139' title='bbox 1765 922 1880 985; x_wconf 86' lang='lat' dir='ltr'><strong>pus</strong></span> <span class='ocrx_word' id='word_1_140' title='bbox 1907 910 2090 979; x_wconf 88' lang='lat' dir='ltr'><strong>tuum,</strong></span> <span class='ocrx_word' id='word_1_141' title='bbox 2123 907 2313 963; x_wconf 88' lang='lat' dir='ltr'><strong>tristis</strong></span> <span class='ocrx_word' id='word_1_142' title='bbox 2346 910 2438 964; x_wconf 89' lang='lat' dir='ltr'><strong>est</strong></span> <span class='ocrx_word' id='word_1_143' title='bbox 2467 922 2637 976; x_wconf 86' lang='lat' dir='ltr'><strong>mens</strong></span> <span class='ocrx_word' id='word_1_144' title='bbox 2681 911 2800 977; x_wconf 88' lang='lat' dir='ltr'><strong>tua,</strong></span> <span class='ocrx_word' id='word_1_145' title='bbox 2832 909 2940 967; x_wconf 87' lang='lat' dir='ltr'><strong>sed</strong></span> <span class='ocrx_word' id='word_1_146' title='bbox 2976 909 3212 967; x_wconf 84' lang='lat' dir='ltr'><strong>tristitia</strong></span> <span class='ocrx_word' id='word_1_147' title='bbox 3243 911 3340 967; x_wconf 89' lang='lat' dir='ltr'><strong>tua</strong></span> <span class='ocrx_word' id='word_1_148' title='bbox 3368 909 3430 967; x_wconf 85' lang='lat' dir='ltr'><strong>in</strong></span> 
     </span>
    </p>
   </div>
   <div class='ocr_carea' id='block_1_23' title="bbox 1765 996 3385 1070">
    <p class='ocr_par' dir='ltr' id='par_1_23' title="bbox 1765 996 3385 1070">
     <span class='ocr_line' id='line_1_23' title="bbox 1765 996 3385 1070; baseline 0.002 -20"><span class='ocrx_word' id='word_1_149' title='bbox 1765 996 2044 1070; x_wconf 78' lang='lat' dir='ltr'><strong>gaudium</strong></span> <span class='ocrx_word' id='word_1_150' title='bbox 2074 996 2290 1053; x_wconf 83' lang='lat' dir='ltr'><strong>veniet.</strong></span> <span class='ocrx_word' id='word_1_151' title='bbox 3266 1056 3269 1061; x_wconf 75' lang='grc'><strong>,</strong></span> <span class='ocrx_word' id='word_1_152' title='bbox 3382 1040 3385 1041; x_wconf 46' lang='grc' dir='ltr'><em>ν</em></span> 
     </span>
    </p>
   </div>
   <div class='ocr_carea' id='block_1_24' title="bbox 1833 1084 3431 1158">
    <p class='ocr_par' dir='ltr' id='par_1_24' title="bbox 1833 1084 3431 1158">
     <span class='ocr_line' id='line_1_24' title="bbox 1833 1084 3431 1158; baseline 0.001 -18"><span class='ocrx_word' id='word_1_153' title='bbox 1833 1084 1923 1140; x_wconf 84' lang='grc'><strong>⁸71.</strong></span> <span class='ocrx_word' id='word_1_154' title='bbox 1948 1085 2085 1142; x_wconf 87' lang='lat' dir='ltr'><strong>Noli</strong></span> <span class='ocrx_word' id='word_1_155' title='bbox 2105 1101 2251 1158; x_wconf 88' lang='lat' dir='ltr'><strong>ergo</strong></span> <span class='ocrx_word' id='word_1_156' title='bbox 2268 1086 2475 1142; x_wconf 89' lang='lat' dir='ltr'><strong>timere</strong></span> <span class='ocrx_word' id='word_1_157' title='bbox 2508 1087 2562 1142; x_wconf 89' lang='lat' dir='ltr'><strong>si</strong></span> <span class='ocrx_word' id='word_1_158' title='bbox 2595 1087 2985 1142; x_wconf 88' lang='lat' dir='ltr'><strong>manducetur</strong></span> <span class='ocrx_word' id='word_1_159' title='bbox 3005 1102 3142 1151; x_wconf 83' lang='lat' dir='ltr'><strong>caro</strong></span> <span class='ocrx_word' id='word_1_160' title='bbox 3163 1089 3281 1157; x_wconf 86' lang='lat' dir='ltr'><strong>tua,</strong></span> <span class='ocrx_word' id='word_1_161' title='bbox 3300 1086 3431 1143; x_wconf 75' lang='lat' dir='ltr'><strong>ani-</strong></span> 
     </span>
    </p>
   </div>
   <div class='ocr_carea' id='block_1_25' title="bbox 1759 1175 3430 1237">
    <p class='ocr_par' dir='ltr' id='par_1_25' title="bbox 1759 1175 3430 1237">
     <span class='ocr_line' id='line_1_25' title="bbox 1759 1175 3430 1237; baseline 0.001 -7"><span class='ocrx_word' id='word_1_162' title='bbox 1759 1189 1855 1230; x_wconf 92' lang='lat' dir='ltr'><strong>ma</strong></span> <span class='ocrx_word' id='word_1_163' title='bbox 1885 1176 1983 1230; x_wconf 91' lang='lat' dir='ltr'><strong>tua</strong></span> <span class='ocrx_word' id='word_1_164' title='bbox 2012 1190 2132 1231; x_wconf 90' lang='lat' dir='ltr'><strong>non</strong></span> <span class='ocrx_word' id='word_1_165' title='bbox 2181 1175 2516 1232; x_wconf 88' lang='lat' dir='ltr'><strong>devoratur.</strong></span> <span class='ocrx_word' id='word_1_166' title='bbox 2551 1176 2688 1232; x_wconf 90' lang='lat' dir='ltr'><strong>Ideo</strong></span> <span class='ocrx_word' id='word_1_167' title='bbox 2733 1176 2921 1234; x_wconf 83' lang='lat' dir='ltr'><strong>David</strong></span> <span class='ocrx_word' id='word_1_168' title='bbox 2962 1192 3085 1234; x_wconf 88' lang='lat' dir='ltr'><strong>non</strong></span> <span class='ocrx_word' id='word_1_169' title='bbox 3106 1176 3322 1237; x_wconf 85' lang='lat' dir='ltr'><strong>timere</strong></span> <span class='ocrx_word' id='word_1_170' title='bbox 3362 1191 3430 1232; x_wconf 91' lang='lat' dir='ltr'><strong>se</strong></span> 
     </span>
    </p>
   </div>
   <div class='ocr_carea' id='block_1_26' title="bbox 1760 1262 3430 1338">
    <p class='ocr_par' dir='ltr' id='par_1_26' title="bbox 1760 1262 3430 1338">
     <span class='ocr_line' id='line_1_26' title="bbox 1760 1262 3430 1338; baseline -0.001 -17"><span class='ocrx_word' id='word_1_171' title='bbox 1760 1262 1941 1338; x_wconf 84' lang='lat' dir='ltr'><strong>dicit;</strong></span> <span class='ocrx_word' id='word_1_172' title='bbox 1974 1264 2110 1337; x_wconf 89' lang='lat' dir='ltr'><strong>quia</strong></span> <span class='ocrx_word' id='word_1_173' title='bbox 2143 1280 2382 1331; x_wconf 87' lang='lat' dir='ltr'><strong>carnem</strong></span> <span class='ocrx_word' id='word_1_174' title='bbox 2412 1263 2568 1337; x_wconf 84' lang='lat' dir='ltr'><strong>ejus,</strong></span> <span class='ocrx_word' id='word_1_175' title='bbox 2605 1281 2725 1322; x_wconf 88' lang='lat' dir='ltr'><strong>non</strong></span> <span class='ocrx_word' id='word_1_176' title='bbox 2756 1265 3012 1323; x_wconf 83' lang='lat' dir='ltr'><strong>animam</strong></span> <span class='ocrx_word' id='word_1_177' title='bbox 3041 1264 3267 1325; x_wconf 83' lang='lat' dir='ltr'><strong>inimici</strong></span> <span class='ocrx_word' id='word_1_178' title='bbox 3285 1264 3430 1329; x_wconf 49' lang='lat' dir='ltr'><strong>ede-3</strong></span> 
     </span>
    </p>
   </div>
   <div class='ocr_carea' id='block_1_27' title="bbox 1760 1350 3432 1428">
    <p class='ocr_par' dir='ltr' id='par_1_27' title="bbox 1760 1350 3432 1428">
     <span class='ocr_line' id='line_1_27' title="bbox 1760 1350 3432 1428; baseline 0.004 -20"><span class='ocrx_word' id='word_1_179' title='bbox 1760 1350 1922 1423; x_wconf 90' lang='lat' dir='ltr'><strong>bant,</strong></span> <span class='ocrx_word' id='word_1_180' title='bbox 1954 1351 2111 1408; x_wconf 92' lang='lat' dir='ltr'><strong>sicut</strong></span> <span class='ocrx_word' id='word_1_181' title='bbox 2139 1352 2396 1426; x_wconf 81' lang='lat' dir='ltr'><strong>legimus</strong></span> <span class='ocrx_word' id='word_1_182' title='bbox 2421 1369 2434 1411; x_wconf 92' lang='lat'><strong>:</strong></span> <span class='ocrx_word' id='word_1_183' title='bbox 2469 1355 2618 1410; x_wconf 93' lang='lat' dir='ltr'><strong>Dum</strong></span> <span class='ocrx_word' id='word_1_184' title='bbox 2649 1356 3114 1428; x_wconf 82' lang='lat' dir='ltr'><strong>appropinquant</strong></span> <span class='ocrx_word' id='word_1_185' title='bbox 3135 1371 3319 1428; x_wconf 82' lang='lat' dir='ltr'><strong>super</strong></span> <span class='ocrx_word' id='word_1_186' title='bbox 3338 1370 3432 1415; x_wconf 82' lang='lat' dir='ltr'><strong>me</strong></span> 
     </span>
    </p>
   </div>
   <div class='ocr_carea' id='block_1_28' title="bbox 1762 1442 3434 1518">
    <p class='ocr_par' dir='ltr' id='par_1_28' title="bbox 1762 1442 3434 1518">
     <span class='ocr_line' id='line_1_28' title="bbox 1762 1442 3434 1518; baseline 0.002 -20"><span class='ocrx_word' id='word_1_187' title='bbox 1762 1446 2066 1511; x_wconf 82' lang='lat' dir='ltr'><strong>nocentes,</strong></span> <span class='ocrx_word' id='word_1_188' title='bbox 2086 1447 2145 1498; x_wconf 86' lang='lat' dir='ltr'><strong>ut</strong></span> <span class='ocrx_word' id='word_1_189' title='bbox 2160 1442 2340 1499; x_wconf 87' lang='lat' dir='ltr'><strong>edant</strong></span> <span class='ocrx_word' id='word_1_190' title='bbox 2357 1458 2770 1503; x_wconf 86' lang='lat' dir='ltr'><strong>earnesmeas:</strong></span> <span class='ocrx_word' id='word_1_191' title='bbox 2794 1446 2894 1518; x_wconf 88' lang='lat' dir='ltr'><strong>qui</strong></span> <span class='ocrx_word' id='word_1_192' title='bbox 2911 1444 3306 1509; x_wconf 82' lang='lat' dir='ltr'><strong>tribulantme</strong></span> <span class='ocrx_word' id='word_1_193' title='bbox 3318 1445 3434 1501; x_wconf 81' lang='lat' dir='ltr'><strong>ini-</strong></span> 
     </span>
    </p>
   </div>
   <div class='ocr_carea' id='block_1_29' title="bbox 1758 1530 3430 1605">
    <p class='ocr_par' dir='ltr' id='par_1_29' title="bbox 1758 1530 3430 1605">
     <span class='ocr_line' id='line_1_29' title="bbox 1758 1530 3430 1605; baseline 0.004 -19"><span class='ocrx_word' id='word_1_194' title='bbox 1758 1530 1902 1586; x_wconf 86' lang='lat' dir='ltr'><strong>mici</strong></span> <span class='ocrx_word' id='word_1_195' title='bbox 1927 1531 2064 1602; x_wconf 88' lang='lat' dir='ltr'><strong>mei,</strong></span> <span class='ocrx_word' id='word_1_196' title='bbox 2095 1531 2216 1603; x_wconf 85' lang='lat' dir='ltr'><strong>ipsi</strong></span> <span class='ocrx_word' id='word_1_197' title='bbox 2238 1530 2529 1588; x_wconf 80' lang='lat' dir='ltr'><strong>infirmati</strong></span> <span class='ocrx_word' id='word_1_198' title='bbox 2561 1539 2721 1603; x_wconf 89' lang='lat' dir='ltr'><strong>sunt,</strong></span> <span class='ocrx_word' id='word_1_199' title='bbox 2756 1539 2819 1588; x_wconf 86' lang='lat' dir='ltr'><strong>et</strong></span> <span class='ocrx_word' id='word_1_200' title='bbox 2852 1533 3200 1599; x_wconf 80' lang='lat' dir='ltr'><strong>ceciderunt</strong></span> <span class='ocrx_word' id='word_1_201' title='bbox 3237 1533 3430 1605; x_wconf 80' lang='lat' dir='ltr'><strong>(Psal.</strong></span> 
     </span>
    </p>
   </div>
   <div class='ocr_carea' id='block_1_30' title="bbox 1760 1620 3433 1695">
    <p class='ocr_par' dir='ltr' id='par_1_30' title="bbox 1760 1620 3433 1695">
     <span class='ocr_line' id='line_1_30' title="bbox 1760 1620 3433 1695; baseline 0.004 -22"><span class='ocrx_word' id='word_1_202' title='bbox 1760 1635 1924 1691; x_wconf 76' lang='lat' dir='ltr'><strong>xxvr,</strong></span> <span class='ocrx_word' id='word_1_203' title='bbox 1944 1620 2021 1692; x_wconf 79' lang='lat'><strong>2).</strong></span> <span class='ocrx_word' id='word_1_204' title='bbox 2040 1620 2292 1677; x_wconf 86' lang='lat' dir='ltr'><strong>Ruinam</strong></span> <span class='ocrx_word' id='word_1_205' title='bbox 2313 1621 2495 1695; x_wconf 77' lang='lat' dir='ltr'><strong>igitur</strong></span> <span class='ocrx_word' id='word_1_206' title='bbox 2509 1621 2697 1677; x_wconf 89' lang='lat' dir='ltr'><strong>solam</strong></span> <span class='ocrx_word' id='word_1_207' title='bbox 2713 1621 2980 1681; x_wconf 88' lang='lat' dir='ltr'><strong>facitsibi</strong></span> <span class='ocrx_word' id='word_1_208' title='bbox 2993 1638 3275 1694; x_wconf 81' lang='lat' dir='ltr'><strong>serpens;</strong></span> <span class='ocrx_word' id='word_1_209' title='bbox 3298 1622 3433 1680; x_wconf 89' lang='lat' dir='ltr'><strong>ideo</strong></span> 
     </span>
    </p>
   </div>
   <div class='ocr_carea' id='block_1_31' title="bbox 1764 1709 3432 1782">
    <p class='ocr_par' dir='ltr' id='par_1_31' title="bbox 1764 1709 3432 1782">
     <span class='ocr_line' id='line_1_31' title="bbox 1764 1709 3432 1782; baseline 0.005 -19"><span class='ocrx_word' id='word_1_210' title='bbox 1764 1710 2027 1780; x_wconf 84' lang='lat' dir='ltr'><strong>serpenti</strong></span> <span class='ocrx_word' id='word_1_211' title='bbox 2047 1709 2314 1778; x_wconf 85' lang='lat' dir='ltr'><strong>traditur,</strong></span> <span class='ocrx_word' id='word_1_212' title='bbox 2340 1712 2494 1782; x_wconf 88' lang='lat' dir='ltr'><strong>quia</strong></span> <span class='ocrx_word' id='word_1_213' title='bbox 2517 1714 2792 1782; x_wconf 88' lang='lat' dir='ltr'><strong>serpente</strong></span> <span class='ocrx_word' id='word_1_214' title='bbox 2815 1711 3002 1769; x_wconf 88' lang='lat' dir='ltr'><strong>elisus</strong></span> <span class='ocrx_word' id='word_1_215' title='bbox 3020 1714 3140 1769; x_wconf 91' lang='lat' dir='ltr'><strong>est:</strong></span> <span class='ocrx_word' id='word_1_216' title='bbox 3173 1714 3236 1769; x_wconf 91' lang='lat' dir='ltr'><strong>ut</strong></span> <span class='ocrx_word' id='word_1_217' title='bbox 3251 1727 3432 1782; x_wconf 81' lang='lat' dir='ltr'><strong>quem</strong></span> 
     </span>
    </p>
   </div>
   <div class='ocr_carea' id='block_1_32' title="bbox 1762 1795 3431 1873">
    <p class='ocr_par' dir='ltr' id='par_1_32' title="bbox 1762 1795 3431 1873">
     <span class='ocr_line' id='line_1_32' title="bbox 1762 1795 3431 1873; baseline 0.002 -19"><span class='ocrx_word' id='word_1_218' title='bbox 1762 1795 2000 1870; x_wconf 86' lang='lat' dir='ltr'><strong>dejecit,</strong></span> <span class='ocrx_word' id='word_1_219' title='bbox 2025 1798 2181 1855; x_wconf 88' lang='lat' dir='ltr'><strong>hunc</strong></span> <span class='ocrx_word' id='word_1_220' title='bbox 2203 1798 2392 1871; x_wconf 87' lang='lat' dir='ltr'><strong>erigat</strong></span> <span class='ocrx_word' id='word_1_221' title='bbox 2414 1800 2518 1873; x_wconf 87' lang='lat' dir='ltr'><strong>:et</strong></span> <span class='ocrx_word' id='word_1_222' title='bbox 2546 1799 2647 1855; x_wconf 78' lang='lat' dir='ltr'><strong>fiat</strong></span> <span class='ocrx_word' id='word_1_223' title='bbox 2668 1799 2836 1856; x_wconf 88' lang='lat' dir='ltr'><strong>ruina</strong></span> <span class='ocrx_word' id='word_1_224' title='bbox 2857 1800 3155 1871; x_wconf 88' lang='lat' dir='ltr'><strong>serpentis</strong></span> <span class='ocrx_word' id='word_1_225' title='bbox 3170 1800 3431 1861; x_wconf 83' lang='lat' dir='ltr'><strong>hominis</strong></span> 
     </span>
    </p>
   </div>
   <div class='ocr_carea' id='block_1_33' title="bbox 62 1886 3433 2001">
    <p class='ocr_par' dir='ltr' id='par_1_33' title="bbox 62 1886 3433 2001">
     <span class='ocr_line' id='line_1_33' title="bbox 71 1886 3166 1908; baseline 0.004 -17"><span class='ocrx_word' id='word_1_226' title='bbox 178 1886 343 1893; x_wconf 79' lang='lat'>__.-_</span> <span class='ocrx_word' id='word_1_227' title='bbox 397 1886 446 1895; x_wconf 73' lang='lat'><strong>--</strong></span> <span class='ocrx_word' id='word_1_228' title='bbox 469 1886 513 1894; x_wconf 82' lang='lat'><strong>-_</strong></span> <span class='ocrx_word' id='word_1_229' title='bbox 687 1886 761 1896; x_wconf 76' lang='grc'><strong>.-,</strong></span> <span class='ocrx_word' id='word_1_230' title='bbox 787 1886 979 1896; x_wconf 84' lang='grc'><strong>......--..</strong></span> <span class='ocrx_word' id='word_1_231' title='bbox 1001 1886 1154 1895; x_wconf 62' lang='grc' dir='ltr'><strong>ην---</strong></span> <span class='ocrx_word' id='word_1_232' title='bbox 1174 1886 1203 1895; x_wconf 77' lang='lat'>_</span> <span class='ocrx_word' id='word_1_233' title='bbox 1230 1886 1275 1908; x_wconf 74' lang='lat'><strong>,-</strong></span> <span class='ocrx_word' id='word_1_234' title='bbox 1312 1886 1421 1895; x_wconf 64' lang='grc' dir='ltr'><strong>--υ</strong></span> <span class='ocrx_word' id='word_1_235' title='bbox 1451 1886 1655 1908; x_wconf 79' lang='lat'><strong>-__---,</strong></span> <span class='ocrx_word' id='word_1_236' title='bbox 2070 1888 2082 1899; x_wconf 88' lang='lat'><strong>.</strong></span> <span class='ocrx_word' id='word_1_237' title='bbox 2981 1889 2991 1901; x_wconf 93' lang='lat'><strong>.</strong></span> <span class='ocrx_word' id='word_1_238' title='bbox 3153 1889 3166 1901; x_wconf 95' lang='lat'><strong>.</strong></span> 
     </span>
     <span class='ocr_line' id='line_1_34' title="bbox 62 1886 3433 2001; baseline 0.003 -22"><span class='ocrx_word' id='word_1_239' title='bbox 62 1927 111 1991; x_wconf 77' lang='lat'><strong>5),</strong></span> <span class='ocrx_word' id='word_1_240' title='bbox 125 1927 204 1998; x_wconf 84' lang='lat' dir='ltr'><strong>qui</strong></span> <span class='ocrx_word' id='word_1_241' title='bbox 217 1886 613 1999; x_wconf 61' lang='lat' dir='ltr'><strong>enimrtransit,</strong></span> <span class='ocrx_word' id='word_1_242' title='bbox 630 1929 837 1985; x_wconf 89' lang='lat' dir='ltr'><strong>salvus</strong></span> <span class='ocrx_word' id='word_1_243' title='bbox 853 1933 966 1985; x_wconf 89' lang='lat' dir='ltr'><strong>est.</strong></span> <span class='ocrx_word' id='word_1_244' title='bbox 980 1928 1246 2001; x_wconf 81' lang='lat' dir='ltr'><strong>Denique</strong></span> <span class='ocrx_word' id='word_1_245' title='bbox 1266 1928 1555 1985; x_wconf 84' lang='lat' dir='ltr'><strong>Dominus</strong></span> <span class='ocrx_word' id='word_1_246' title='bbox 1570 1928 1659 1984; x_wconf 83' lang='lat' dir='ltr'><strong>sic</strong></span> <span class='ocrx_word' id='word_1_247' title='bbox 1760 1889 2122 2001; x_wconf 54' lang='lat' dir='ltr'><strong>fﬁfﬁ’fﬁ“)?</strong></span> <span class='ocrx_word' id='word_1_248' title='bbox 2132 1886 3433 2001; x_wconf 43' lang='lat' dir='ltr'><strong>&#39;__Sf_“fffim.f’f’ff°§‘f</strong></span> 
     </span>
    </p>
   </div>
   <div class='ocr_carea' id='block_1_34' title="bbox 61 2014 1660 2092">
    <p class='ocr_par' dir='ltr' id='par_1_34' title="bbox 61 2014 1660 2092">
     <span class='ocr_line' id='line_1_35' title="bbox 61 2014 1660 2092; baseline 0.007 -26"><span class='ocrx_word' id='word_1_249' title='bbox 61 2014 135 2069; x_wconf 84' lang='lat' dir='ltr'><strong>ait:</strong></span> <span class='ocrx_word' id='word_1_250' title='bbox 162 2014 220 2069; x_wconf 87' lang='lat' dir='ltr'><strong>Si</strong></span> <span class='ocrx_word' id='word_1_251' title='bbox 243 2022 510 2073; x_wconf 83' lang='lat' dir='ltr'><strong>transeas</strong></span> <span class='ocrx_word' id='word_1_252' title='bbox 529 2034 650 2090; x_wconf 88' lang='lat' dir='ltr'><strong>per</strong></span> <span class='ocrx_word' id='word_1_253' title='bbox 679 2034 905 2092; x_wconf 84' lang='lat' dir='ltr'><strong>aquam,</strong></span> <span class='ocrx_word' id='word_1_254' title='bbox 938 2024 1129 2075; x_wconf 85' lang='lat' dir='ltr'><strong>tecum</strong></span> <span class='ocrx_word' id='word_1_255' title='bbox 1158 2034 1304 2083; x_wconf 86' lang='lat' dir='ltr'><strong>sum,</strong></span> <span class='ocrx_word' id='word_1_256' title='bbox 1337 2018 1579 2073; x_wconf 74' lang='lat' dir='ltr'><strong>ﬂumina</strong></span> <span class='ocrx_word' id='word_1_257' title='bbox 1601 2024 1660 2077; x_wconf 79' lang='lat' dir='ltr'><strong>te</strong></span> 
     </span>
    </p>
   </div>
   <div class='ocr_carea' id='block_1_35' title="bbox 60 2104 1653 2181">
    <p class='ocr_par' dir='ltr' id='par_1_35' title="bbox 60 2104 1653 2181">
     <span class='ocr_line' id='line_1_36' title="bbox 60 2104 1653 2181; baseline 0.003 -23"><span class='ocrx_word' id='word_1_258' title='bbox 60 2119 138 2157; x_wconf 79' lang='lat' dir='ltr'><strong>non</strong></span> <span class='ocrx_word' id='word_1_259' title='bbox 173 2104 497 2162; x_wconf 78' lang='lat' dir='ltr'><strong>concludant</strong></span> <span class='ocrx_word' id='word_1_260' title='bbox 547 2107 696 2178; x_wconf 80' lang='lat' dir='ltr'><strong>(18a.</strong></span> <span class='ocrx_word' id='word_1_261' title='bbox 736 2124 900 2178; x_wconf 76' lang='lat' dir='ltr'><strong>mn,</strong></span> <span class='ocrx_word' id='word_1_262' title='bbox 921 2107 1018 2181; x_wconf 74' lang='lat'><strong>2);</strong></span> <span class='ocrx_word' id='word_1_263' title='bbox 1069 2110 1128 2163; x_wconf 90' lang='lat' dir='ltr'><strong>et</strong></span> <span class='ocrx_word' id='word_1_264' title='bbox 1157 2107 1451 2179; x_wconf 78' lang='lat' dir='ltr'><strong>Propheta</strong></span> <span class='ocrx_word' id='word_1_265' title='bbox 1480 2107 1653 2164; x_wconf 87' lang='lat' dir='ltr'><strong>dicit:</strong></span> 
     </span>
    </p>
   </div>
   <div class='ocr_carea' id='block_1_36' title="bbox 68 2191 1660 2269">
    <p class='ocr_par' dir='ltr' id='par_1_36' title="bbox 68 2191 1660 2269">
     <span class='ocr_line' id='line_1_37' title="bbox 68 2191 1660 2269; baseline 0.006 -25"><span class='ocrx_word' id='word_1_266' title='bbox 68 2191 162 2247; x_wconf 83' lang='lat' dir='ltr'><strong>Vidi</strong></span> <span class='ocrx_word' id='word_1_267' title='bbox 169 2194 378 2265; x_wconf 84' lang='lat' dir='ltr'><strong>impium</strong></span> <span class='ocrx_word' id='word_1_268' title='bbox 397 2196 911 2269; x_wconf 81' lang='lat' dir='ltr'><strong>superexaltatum</strong></span> <span class='ocrx_word' id='word_1_269' title='bbox 927 2196 1082 2252; x_wconf 84' lang='lat' dir='ltr'><strong>ultra</strong></span> <span class='ocrx_word' id='word_1_270' title='bbox 1098 2197 1314 2253; x_wconf 79' lang='lat' dir='ltr'><strong>cedrus</strong></span> <span class='ocrx_word' id='word_1_271' title='bbox 1334 2196 1583 2253; x_wconf 84' lang='lat' dir='ltr'><strong>Libani:</strong></span> <span class='ocrx_word' id='word_1_272' title='bbox 1598 2201 1660 2253; x_wconf 88' lang='lat' dir='ltr'><strong>et</strong></span> 
     </span>
    </p>
   </div>
   <div class='ocr_carea' id='block_1_37' title="bbox 58 2283 1658 2358">
    <p class='ocr_par' dir='ltr' id='par_1_37' title="bbox 58 2283 1658 2358">
     <span class='ocr_line' id='line_1_38' title="bbox 58 2283 1658 2358; baseline 0.004 -23"><span class='ocrx_word' id='word_1_273' title='bbox 58 2283 268 2348; x_wconf 78' lang='lat' dir='ltr'><strong>transivi,</strong></span> <span class='ocrx_word' id='word_1_274' title='bbox 300 2288 358 2341; x_wconf 83' lang='lat' dir='ltr'><strong>et</strong></span> <span class='ocrx_word' id='word_1_275' title='bbox 398 2300 541 2343; x_wconf 86' lang='lat' dir='ltr'><strong>ecce</strong></span> <span class='ocrx_word' id='word_1_276' title='bbox 588 2302 703 2342; x_wconf 88' lang='lat' dir='ltr'><strong>non</strong></span> <span class='ocrx_word' id='word_1_277' title='bbox 750 2292 884 2342; x_wconf 90' lang='lat' dir='ltr'><strong>erat</strong></span> <span class='ocrx_word' id='word_1_278' title='bbox 919 2286 1115 2358; x_wconf 82' lang='lat' dir='ltr'><strong>(Psal.</strong></span> <span class='ocrx_word' id='word_1_279' title='bbox 1154 2300 1360 2341; x_wconf 72' lang='lat' dir='ltr'><strong>xxxvr.</strong></span> <span class='ocrx_word' id='word_1_280' title='bbox 1403 2287 1493 2355; x_wconf 78' lang='lat'><strong>35,</strong></span> <span class='ocrx_word' id='word_1_281' title='bbox 1524 2286 1658 2358; x_wconf 58' lang='lat'><strong>36)»;</strong></span> 
     </span>
    </p>
   </div>
   <div class='ocr_carea' id='block_1_38' title="bbox 58 2370 1658 2447">
    <p class='ocr_par' dir='ltr' id='par_1_38' title="bbox 58 2370 1658 2447">
     <span class='ocr_line' id='line_1_39' title="bbox 58 2370 1658 2447; baseline 0.006 -25"><span class='ocrx_word' id='word_1_282' title='bbox 58 2370 213 2429; x_wconf 69' lang='lat' dir='ltr'><strong>Transi</strong></span> <span class='ocrx_word' id='word_1_283' title='bbox 237 2374 563 2445; x_wconf 69' lang='lat' dir='ltr'><strong>saecularia,</strong></span> <span class='ocrx_word' id='word_1_284' title='bbox 596 2377 654 2430; x_wconf 89' lang='lat' dir='ltr'><strong>et</strong></span> <span class='ocrx_word' id='word_1_285' title='bbox 702 2375 999 2432; x_wconf 86' lang='lat' dir='ltr'><strong>cecidisse</strong></span> <span class='ocrx_word' id='word_1_286' title='bbox 1029 2375 1288 2447; x_wconf 81' lang='lat' dir='ltr'><strong>aspicies</strong></span> <span class='ocrx_word' id='word_1_287' title='bbox 1316 2374 1658 2431; x_wconf 79' lang='lat' dir='ltr'><strong>altitudines</strong></span> 
     </span>
    </p>
   </div>
   <div class='ocr_carea' id='block_1_39' title="bbox 57 2459 1659 2537">
    <p class='ocr_par' dir='ltr' id='par_1_39' title="bbox 57 2459 1659 2537">
     <span class='ocr_line' id='line_1_40' title="bbox 57 2459 1659 2537; baseline 0.005 -25"><span class='ocrx_word' id='word_1_288' title='bbox 57 2459 299 2530; x_wconf 75' lang='lat' dir='ltr'><strong>inpiorum</strong></span> <span class='ocrx_word' id='word_1_289' title='bbox 324 2462 458 2533; x_wconf 79' lang='grc'>(71).</span> <span class='ocrx_word' id='word_1_290' title='bbox 492 2463 741 2536; x_wconf 78' lang='lat' dir='ltr'><strong>Moyses</strong></span> <span class='ocrx_word' id='word_1_291' title='bbox 771 2480 1008 2537; x_wconf 86' lang='lat' dir='ltr'><strong>quoque</strong></span> <span class='ocrx_word' id='word_1_292' title='bbox 1024 2465 1324 2520; x_wconf 84' lang='lat' dir='ltr'><strong>transiens</strong></span> <span class='ocrx_word' id='word_1_293' title='bbox 1345 2464 1659 2520; x_wconf 83' lang='lat' dir='ltr'><strong>saecularia</strong></span> 
     </span>
    </p>
   </div>
   <div class='ocr_carea' id='block_1_40' title="bbox 57 2548 1659 2628">
    <p class='ocr_par' dir='ltr' id='par_1_40' title="bbox 57 2548 1659 2628">
     <span class='ocr_line' id='line_1_41' title="bbox 57 2548 1659 2628; baseline 0.005 -27"><span class='ocrx_word' id='word_1_294' title='bbox 57 2548 246 2617; x_wconf 77' lang='lat' dir='ltr'><strong>ﬂumina,</strong></span> <span class='ocrx_word' id='word_1_295' title='bbox 276 2552 414 2607; x_wconf 90' lang='lat' dir='ltr'><strong>vidit</strong></span> <span class='ocrx_word' id='word_1_296' title='bbox 452 2553 669 2609; x_wconf 82' lang='lat' dir='ltr'><strong>visum.</strong></span> <span class='ocrx_word' id='word_1_297' title='bbox 700 2569 1002 2628; x_wconf 87' lang='lat' dir='ltr'><strong>magnum,</strong></span> <span class='ocrx_word' id='word_1_298' title='bbox 1053 2556 1110 2610; x_wconf 89' lang='lat' dir='ltr'><strong>et</strong></span> <span class='ocrx_word' id='word_1_299' title='bbox 1154 2553 1272 2609; x_wconf 85' lang='lat' dir='ltr'><strong>ait:</strong></span> <span class='ocrx_word' id='word_1_300' title='bbox 1330 2552 1659 2610; x_wconf 76' lang='lat' dir='ltr'><strong>Transiens</strong></span> 
     </span>
    </p>
   </div>
   <div class='ocr_carea' id='block_1_41' title="bbox 61 2636 1658 2715">
    <p class='ocr_par' dir='ltr' id='par_1_41' title="bbox 61 2636 1658 2715">
     <span class='ocr_line' id='line_1_42' title="bbox 61 2636 1658 2715; baseline 0.004 -23"><span class='ocrx_word' id='word_1_301' title='bbox 61 2636 217 2695; x_wconf 72' lang='lat' dir='ltr'><strong>videbo</strong></span> <span class='ocrx_word' id='word_1_302' title='bbox 239 2640 340 2696; x_wconf 74' lang='lat' dir='ltr'><strong>hoc</strong></span> <span class='ocrx_word' id='word_1_303' title='bbox 376 2643 572 2698; x_wconf 86' lang='lat' dir='ltr'><strong>visum</strong></span> <span class='ocrx_word' id='word_1_304' title='bbox 600 2642 817 2715; x_wconf 82' lang='lat' dir='ltr'><strong>(Exod.</strong></span> <span class='ocrx_word' id='word_1_305' title='bbox 850 2660 933 2713; x_wconf 81' lang='lat' dir='ltr'><strong>nr,</strong></span> <span class='ocrx_word' id='word_1_306' title='bbox 961 2643 1019 2714; x_wconf 84' lang='lat'><strong>3)</strong></span> <span class='ocrx_word' id='word_1_307' title='bbox 1044 2659 1061 2713; x_wconf 83' lang='lat'><strong>;</strong></span> <span class='ocrx_word' id='word_1_308' title='bbox 1089 2643 1147 2698; x_wconf 90' lang='lat' dir='ltr'><strong>si</strong></span> <span class='ocrx_word' id='word_1_309' title='bbox 1169 2641 1337 2698; x_wconf 83' lang='lat' dir='ltr'><strong>enim</strong></span> <span class='ocrx_word' id='word_1_310' title='bbox 1363 2641 1580 2699; x_wconf 81' lang='lat' dir='ltr'><strong>fuisset</strong></span> <span class='ocrx_word' id='word_1_311' title='bbox 1597 2642 1658 2698; x_wconf 91' lang='lat' dir='ltr'><strong>in</strong></span> 
     </span>
    </p>
   </div>
   <div class='ocr_carea' id='block_1_42' title="bbox 56 2729 1656 2803">
    <p class='ocr_par' dir='ltr' id='par_1_42' title="bbox 56 2729 1656 2803">
     <span class='ocr_line' id='line_1_43' title="bbox 56 2729 1656 2803; baseline -0.004 -17"><span class='ocrx_word' id='word_1_312' title='bbox 56 2729 257 2797; x_wconf 75' lang='lat' dir='ltr'><strong>corporis</strong></span> <span class='ocrx_word' id='word_1_313' title='bbox 299 2731 458 2786; x_wconf 87' lang='lat' dir='ltr'><strong>vitiis</strong></span> <span class='ocrx_word' id='word_1_314' title='bbox 490 2735 555 2787; x_wconf 91' lang='lat' dir='ltr'><strong>et</strong></span> <span class='ocrx_word' id='word_1_315' title='bbox 586 2731 795 2787; x_wconf 66' lang='lat' dir='ltr'><strong>saeculi</strong></span> <span class='ocrx_word' id='word_1_316' title='bbox 838 2732 1017 2787; x_wconf 86' lang='lat' dir='ltr'><strong>istius</strong></span> <span class='ocrx_word' id='word_1_317' title='bbox 1059 2730 1308 2787; x_wconf 83' lang='lat' dir='ltr'><strong>lubricis</strong></span> <span class='ocrx_word' id='word_1_318' title='bbox 1337 2731 1656 2803; x_wconf 53' lang='lat' dir='ltr'><strong>voluptatis</strong></span> 
     </span>
    </p>
   </div>
   <div class='ocr_carea' id='block_1_43' title="bbox 54 2812 1599 2893">
    <p class='ocr_par' dir='ltr' id='par_1_43' title="bbox 54 2812 1599 2893">
     <span class='ocr_line' id='line_1_44' title="bbox 54 2812 1599 2893; baseline 0.008 -28"><span class='ocrx_word' id='word_1_319' title='bbox 54 2812 145 2883; x_wconf 86' lang='lat' dir='ltr'><strong>bus,</strong></span> <span class='ocrx_word' id='word_1_320' title='bbox 169 2820 302 2874; x_wconf 85' lang='lat' dir='ltr'><strong>tanta</strong></span> <span class='ocrx_word' id='word_1_321' title='bbox 332 2835 450 2878; x_wconf 91' lang='lat' dir='ltr'><strong>non</strong></span> <span class='ocrx_word' id='word_1_322' title='bbox 478 2821 745 2878; x_wconf 84' lang='lat' dir='ltr'><strong>vidisset</strong></span> <span class='ocrx_word' id='word_1_323' title='bbox 770 2821 1073 2893; x_wconf 78' lang='lat' dir='ltr'><strong>mysteria.</strong></span> <span class='ocrx_word' id='word_1_324' title='bbox 1472 2842 1475 2849; x_wconf 93' lang='grc'><strong>·</strong></span> <span class='ocrx_word' id='word_1_325' title='bbox 1576 2815 1599 2841; x_wconf 62' lang='grc'>⁵</span> 
     </span>
    </p>
   </div>
   <div class='ocr_carea' id='block_1_44' title="bbox 100 2936 1653 3021">
    <p class='ocr_par' dir='ltr' id='par_1_44' title="bbox 100 2936 1653 3021">
     <span class='ocr_line' id='line_1_45' title="bbox 100 2936 1653 3021; baseline 0.005 -28"><span class='ocrx_word' id='word_1_326' title='bbox 100 2940 165 2997; x_wconf 76' lang='lat'><strong>75.</strong></span> <span class='ocrx_word' id='word_1_327' title='bbox 182 2941 570 3003; x_wconf 82' lang='lat' dir='ltr'><strong>Transeamus</strong></span> <span class='ocrx_word' id='word_1_328' title='bbox 592 2960 737 3020; x_wconf 88' lang='lat' dir='ltr'><strong>ergo</strong></span> <span class='ocrx_word' id='word_1_329' title='bbox 760 2948 817 3002; x_wconf 89' lang='lat' dir='ltr'><strong>et</strong></span> <span class='ocrx_word' id='word_1_330' title='bbox 838 2958 951 3003; x_wconf 91' lang='lat' dir='ltr'><strong>nos</strong></span> <span class='ocrx_word' id='word_1_331' title='bbox 972 2947 1173 3021; x_wconf 87' lang='lat' dir='ltr'><strong>ignem</strong></span> <span class='ocrx_word' id='word_1_332' title='bbox 1193 2936 1350 3002; x_wconf 84' lang='lat' dir='ltr'><strong>hunc</strong></span> <span class='ocrx_word' id='word_1_333' title='bbox 1366 2940 1653 3019; x_wconf 84' lang='lat' dir='ltr'><strong>libidinis,</strong></span> 
     </span>
    </p>
   </div>
   <div class='ocr_carea' id='block_1_45' title="bbox 54 3026 1656 3108">
    <p class='ocr_par' dir='ltr' id='par_1_45' title="bbox 54 3026 1656 3108">
     <span class='ocr_line' id='line_1_46' title="bbox 54 3026 1656 3108; baseline 0.003 -23"><span class='ocrx_word' id='word_1_334' title='bbox 54 3031 382 3099; x_wconf 81' lang='lat' dir='ltr'><strong>quemtimens</strong></span> <span class='ocrx_word' id='word_1_335' title='bbox 400 3026 653 3101; x_wconf 82' lang='lat' dir='ltr'><strong>Paulus,</strong></span> <span class='ocrx_word' id='word_1_336' title='bbox 675 3036 781 3092; x_wconf 90' lang='lat' dir='ltr'><strong>sed</strong></span> <span class='ocrx_word' id='word_1_337' title='bbox 804 3035 1347 3108; x_wconf 84' lang='lat' dir='ltr'><strong>nobistimens&#39;,qui</strong></span> <span class='ocrx_word' id='word_1_338' title='bbox 1367 3027 1656 3108; x_wconf 81' lang='lat' dir='ltr'><strong>castigan-</strong></span> 
     </span>
    </p>
   </div>
   <div class='ocr_carea' id='block_1_46' title="bbox 52 3115 1657 3197">
    <p class='ocr_par' dir='ltr' id='par_1_46' title="bbox 52 3115 1657 3197">
     <span class='ocr_line' id='line_1_47' title="bbox 52 3115 1657 3197; baseline 0.005 -25"><span class='ocrx_word' id='word_1_339' title='bbox 52 3120 101 3173; x_wconf 86' lang='lat' dir='ltr'><strong>do</strong></span> <span class='ocrx_word' id='word_1_340' title='bbox 123 3137 307 3193; x_wconf 85' lang='lat' dir='ltr'><strong>corpus</strong></span> <span class='ocrx_word' id='word_1_341' title='bbox 350 3142 552 3195; x_wconf 90' lang='lat' dir='ltr'><strong>suum,</strong></span> <span class='ocrx_word' id='word_1_342' title='bbox 594 3120 815 3181; x_wconf 86' lang='lat' dir='ltr'><strong>fecerat</strong></span> <span class='ocrx_word' id='word_1_343' title='bbox 849 3128 913 3181; x_wconf 88' lang='lat' dir='ltr'><strong>ut</strong></span> <span class='ocrx_word' id='word_1_344' title='bbox 933 3123 1057 3197; x_wconf 91' lang='lat' dir='ltr'><strong>jam</strong></span> <span class='ocrx_word' id='word_1_345' title='bbox 1084 3115 1236 3180; x_wconf 84' lang='grc'><strong>410</strong></span> <span class='ocrx_word' id='word_1_346' title='bbox 1266 3141 1385 3197; x_wconf 90' lang='lat' dir='ltr'><strong>non</strong></span> <span class='ocrx_word' id='word_1_347' title='bbox 1423 3124 1657 3197; x_wconf 83' lang='lat' dir='ltr'><strong>timeret</strong></span> 
     </span>
    </p>
   </div>
   <div class='ocr_carea' id='block_1_47' title="bbox 55 3204 1651 3288">
    <p class='ocr_par' dir='ltr' id='par_1_47' title="bbox 55 3204 1651 3288">
     <span class='ocr_line' id='line_1_48' title="bbox 55 3204 1651 3288; baseline 0.006 -29"><span class='ocrx_word' id='word_1_348' title='bbox 55 3207 144 3277; x_wconf 70' lang='lat' dir='ltr'><strong>Sibi,</strong></span> <span class='ocrx_word' id='word_1_349' title='bbox 164 3211 281 3266; x_wconf 89' lang='lat' dir='ltr'><strong>dicit</strong></span> <span class='ocrx_word' id='word_1_350' title='bbox 294 3214 465 3270; x_wconf 90' lang='lat' dir='ltr'><strong>nobis</strong></span> <span class='ocrx_word' id='word_1_351' title='bbox 484 3231 497 3270; x_wconf 93' lang='lat'><strong>:</strong></span> <span class='ocrx_word' id='word_1_352' title='bbox 526 3212 748 3288; x_wconf 78' lang='lat' dir='ltr'><strong>Fugite</strong></span> <span class='ocrx_word' id='word_1_353' title='bbox 759 3212 1284 3285; x_wconf 40' lang='lat' dir='ltr'><strong>{arnicationem‘u</strong></span> <span class='ocrx_word' id='word_1_354' title='bbox 1291 3206 1426 3270; x_wconf 86' lang='lat' dir='ltr'><strong>Cor.</strong></span> <span class='ocrx_word' id='word_1_355' title='bbox 1442 3230 1521 3284; x_wconf 74' lang='lat' dir='ltr'><strong>vr,</strong></span> <span class='ocrx_word' id='word_1_356' title='bbox 1540 3204 1651 3283; x_wconf 56' lang='lat'><strong>18):</strong></span> 
     </span>
    </p>
   </div>
   <div class='ocr_carea' id='block_1_48' title="bbox 55 3285 1741 3377">
    <p class='ocr_par' dir='ltr' id='par_1_48' title="bbox 55 3285 1741 3377">
     <span class='ocr_line' id='line_1_49' title="bbox 55 3285 1741 3377; baseline 0.005 -28"><span class='ocrx_word' id='word_1_357' title='bbox 55 3293 301 3369; x_wconf 74' lang='lat' dir='ltr'><strong>Fugiamus</strong></span> <span class='ocrx_word' id='word_1_358' title='bbox 330 3319 477 3376; x_wconf 89' lang='lat' dir='ltr'><strong>ergo</strong></span> <span class='ocrx_word' id='word_1_359' title='bbox 509 3285 791 3376; x_wconf 85' lang='lat' dir='ltr'><strong>tanquam</strong></span> <span class='ocrx_word' id='word_1_360' title='bbox 823 3307 1192 3376; x_wconf 86' lang='lat' dir='ltr'><strong>sequentem,</strong></span> <span class='ocrx_word' id='word_1_361' title='bbox 1217 3319 1351 3377; x_wconf 83' lang='lat' dir='ltr'><strong>quae</strong></span> <span class='ocrx_word' id='word_1_362' title='bbox 1370 3318 1486 3358; x_wconf 89' lang='lat' dir='ltr'><strong>non</strong></span> <span class='ocrx_word' id='word_1_363' title='bbox 1508 3305 1652 3374; x_wconf 82' lang='lat' dir='ltr'><strong>post</strong></span> 
     </span>
    </p>
   </div>
   <div class='ocr_carea' id='block_1_49' title="bbox 56 3382 1651 3465">
    <p class='ocr_par' dir='ltr' id='par_1_49' title="bbox 56 3382 1651 3465">
     <span class='ocr_line' id='line_1_50' title="bbox 56 3382 1651 3465; baseline 0.002 -22"><span class='ocrx_word' id='word_1_364' title='bbox 56 3399 140 3453; x_wconf 65' lang='lat' dir='ltr'><strong>nos,</strong></span> <span class='ocrx_word' id='word_1_365' title='bbox 159 3391 246 3445; x_wconf 87' lang='lat' dir='ltr'><strong>sed</strong></span> <span class='ocrx_word' id='word_1_366' title='bbox 261 3390 317 3447; x_wconf 88' lang='lat' dir='ltr'><strong>in</strong></span> <span class='ocrx_word' id='word_1_367' title='bbox 335 3384 513 3449; x_wconf 85' lang='lat' dir='ltr'><strong>nobis</strong></span> <span class='ocrx_word' id='word_1_368' title='bbox 538 3394 1253 3465; x_wconf 82' lang='lat' dir='ltr'><strong>sequiturnosmetipsos.</strong></span> <span class='ocrx_word' id='word_1_369' title='bbox 1280 3382 1439 3465; x_wconf 87' lang='lat' dir='ltr'><strong>Ergo</strong></span> <span class='ocrx_word' id='word_1_370' title='bbox 1452 3391 1651 3447; x_wconf 88' lang='lat' dir='ltr'><strong>videa-</strong></span> 
     </span>
    </p>
   </div>
   <div class='ocr_carea' id='block_1_50' title="bbox 58 3478 1649 3554">
    <p class='ocr_par' dir='ltr' id='par_1_50' title="bbox 58 3478 1649 3554">
     <span class='ocr_line' id='line_1_51' title="bbox 58 3478 1649 3554; baseline 0.004 -26"><span class='ocrx_word' id='word_1_371' title='bbox 58 3490 141 3529; x_wconf 81' lang='lat' dir='ltr'><strong>mus</strong></span> <span class='ocrx_word' id='word_1_372' title='bbox 164 3478 473 3553; x_wconf 76' lang='lat' dir='ltr'><strong>diligenter,</strong></span> <span class='ocrx_word' id='word_1_373' title='bbox 509 3497 590 3537; x_wconf 90' lang='lat' dir='ltr'><strong>ne</strong></span> <span class='ocrx_word' id='word_1_374' title='bbox 625 3481 764 3537; x_wconf 89' lang='lat' dir='ltr'><strong>dum</strong></span> <span class='ocrx_word' id='word_1_375' title='bbox 809 3478 967 3537; x_wconf 87' lang='lat' dir='ltr'><strong>illam</strong></span> <span class='ocrx_word' id='word_1_376' title='bbox 1003 3481 1289 3554; x_wconf 86' lang='lat' dir='ltr'><strong>fugimus,</strong></span> <span class='ocrx_word' id='word_1_377' title='bbox 1334 3479 1649 3536; x_wconf 89' lang='lat' dir='ltr'><strong>nobiscum</strong></span> 
     </span>
    </p>
   </div>
   <div class='ocr_carea' id='block_1_51' title="bbox 57 3568 1646 3642">
    <p class='ocr_par' dir='ltr' id='par_1_51' title="bbox 57 3568 1646 3642">
     <span class='ocr_line' id='line_1_52' title="bbox 57 3568 1646 3642; baseline 0.005 -25"><span class='ocrx_word' id='word_1_378' title='bbox 57 3577 139 3618; x_wconf 75' lang='lat' dir='ltr'><strong>eam</strong></span> <span class='ocrx_word' id='word_1_379' title='bbox 162 3571 457 3636; x_wconf 73' lang='lat' dir='ltr'><strong>portemus.</strong></span> <span class='ocrx_word' id='word_1_380' title='bbox 494 3569 789 3626; x_wconf 84' lang='lat' dir='ltr'><strong>Volumus</strong></span> <span class='ocrx_word' id='word_1_381' title='bbox 835 3570 991 3627; x_wconf 90' lang='lat' dir='ltr'><strong>enim</strong></span> <span class='ocrx_word' id='word_1_382' title='bbox 1036 3571 1384 3642; x_wconf 89' lang='lat' dir='ltr'><strong>plerumque</strong></span> <span class='ocrx_word' id='word_1_383' title='bbox 1414 3568 1646 3641; x_wconf 82' lang='lat' dir='ltr'><strong>fugere,</strong></span> 
     </span>
    </p>
   </div>
   <div class='ocr_carea' id='block_1_52' title="bbox 56 3653 1647 3731">
    <p class='ocr_par' dir='ltr' id='par_1_52' title="bbox 56 3653 1647 3731">
     <span class='ocr_line' id='line_1_53' title="bbox 56 3653 1647 3731; baseline 0.001 -18"><span class='ocrx_word' id='word_1_384' title='bbox 56 3653 125 3707; x_wconf 68' lang='lat' dir='ltr'><strong>ted</strong></span> <span class='ocrx_word' id='word_1_385' title='bbox 144 3656 191 3713; x_wconf 81' lang='lat' dir='ltr'><strong>si</strong></span> <span class='ocrx_word' id='word_1_386' title='bbox 206 3674 314 3715; x_wconf 85' lang='lat' dir='ltr'><strong>non</strong></span> <span class='ocrx_word' id='word_1_387' title='bbox 335 3660 583 3731; x_wconf 78' lang='lat' dir='ltr'><strong>penitus</strong></span> <span class='ocrx_word' id='word_1_388' title='bbox 602 3676 733 3718; x_wconf 78' lang='lat' dir='ltr'><strong>eam</strong></span> <span class='ocrx_word' id='word_1_389' title='bbox 747 3661 820 3717; x_wconf 89' lang='lat' dir='ltr'><strong>de</strong></span> <span class='ocrx_word' id='word_1_390' title='bbox 845 3662 1051 3719; x_wconf 90' lang='lat' dir='ltr'><strong>nostro</strong></span> <span class='ocrx_word' id='word_1_391' title='bbox 1072 3659 1407 3719; x_wconf 82' lang='lat' dir='ltr'><strong>excutimus</strong></span> <span class='ocrx_word' id='word_1_392' title='bbox 1428 3659 1647 3729; x_wconf 84' lang='lat' dir='ltr'><strong>animo,</strong></span> 
     </span>
    </p>
   </div>
   <div class='ocr_carea' id='block_1_53' title="bbox 57 3741 1655 3822">
    <p class='ocr_par' dir='ltr' id='par_1_53' title="bbox 57 3741 1655 3822">
     <span class='ocr_line' id='line_1_54' title="bbox 57 3741 1655 3822; baseline 0.006 -30"><span class='ocrx_word' id='word_1_393' title='bbox 57 3741 245 3801; x_wconf 74' lang='lat' dir='ltr'><strong>tollimus</strong></span> <span class='ocrx_word' id='word_1_394' title='bbox 268 3764 393 3804; x_wconf 82' lang='lat' dir='ltr'><strong>eam</strong></span> <span class='ocrx_word' id='word_1_395' title='bbox 424 3749 650 3822; x_wconf 80' lang='lat' dir='ltr'><strong>magis,</strong></span> <span class='ocrx_word' id='word_1_396' title='bbox 682 3766 858 3821; x_wconf 88' lang='lat' dir='ltr'><strong>quam</strong></span> <span class='ocrx_word' id='word_1_397' title='bbox 907 3749 1325 3822; x_wconf 86' lang='lat' dir='ltr'><strong>relinquimus.</strong></span> <span class='ocrx_word' id='word_1_398' title='bbox 1357 3747 1655 3803; x_wconf 77' lang='lat' dir='ltr'><strong>Tansilia-</strong></span> 
     </span>
    </p>
   </div>
   <div class='ocr_carea' id='block_1_54' title="bbox 56 3836 1652 3909">
    <p class='ocr_par' dir='ltr' id='par_1_54' title="bbox 56 3836 1652 3909">
     <span class='ocr_line' id='line_1_55' title="bbox 56 3836 1652 3909; baseline 0.004 -24"><span class='ocrx_word' id='word_1_399' title='bbox 56 3842 275 3907; x_wconf 74' lang='lat' dir='ltr'><strong>musci-go</strong></span> <span class='ocrx_word' id='word_1_400' title='bbox 294 3852 440 3908; x_wconf 84' lang='lat' dir='ltr'><strong>eam,</strong></span> <span class='ocrx_word' id='word_1_401' title='bbox 476 3853 561 3894; x_wconf 87' lang='lat' dir='ltr'><strong>ne</strong></span> <span class='ocrx_word' id='word_1_402' title='bbox 575 3838 752 3894; x_wconf 90' lang='lat' dir='ltr'><strong>nobis</strong></span> <span class='ocrx_word' id='word_1_403' title='bbox 784 3839 1045 3895; x_wconf 89' lang='lat' dir='ltr'><strong>dicatur:</strong></span> <span class='ocrx_word' id='word_1_404' title='bbox 1079 3836 1397 3894; x_wconf 83' lang='lat' dir='ltr'><strong>Ambulate</strong></span> <span class='ocrx_word' id='word_1_405' title='bbox 1426 3837 1489 3891; x_wconf 85' lang='lat' dir='ltr'><strong>in</strong></span> <span class='ocrx_word' id='word_1_406' title='bbox 1510 3836 1652 3909; x_wconf 84' lang='lat' dir='ltr'><strong>igne</strong></span> 
     </span>
    </p>
   </div>
   <div class='ocr_carea' id='block_1_55' title="bbox 58 3915 1646 4001">
    <p class='ocr_par' dir='ltr' id='par_1_55' title="bbox 58 3915 1646 4001">
     <span class='ocr_line' id='line_1_56' title="bbox 58 3915 1646 4001; baseline 0.008 -33"><span class='ocrx_word' id='word_1_407' title='bbox 58 3915 234 3979; x_wconf 74' lang='lat' dir='ltr'><strong>ﬂamma:</strong></span> <span class='ocrx_word' id='word_1_408' title='bbox 262 3933 495 3999; x_wconf 64' lang='lat' dir='ltr'><strong>vestrae,</strong></span> <span class='ocrx_word' id='word_1_409' title='bbox 524 3944 696 4001; x_wconf 87' lang='lat' dir='ltr'><strong>quem</strong></span> <span class='ocrx_word' id='word_1_410' title='bbox 718 3927 1082 3984; x_wconf 88' lang='lat' dir='ltr'><strong>accendistis</strong></span> <span class='ocrx_word' id='word_1_411' title='bbox 1108 3926 1276 3982; x_wconf 81' lang='lat' dir='ltr'><strong>vobis</strong></span> <span class='ocrx_word' id='word_1_412' title='bbox 1294 3925 1434 3998; x_wconf 80' lang='lat' dir='ltr'><strong>(Isn.</strong></span> <span class='ocrx_word' id='word_1_413' title='bbox 1454 3942 1507 3995; x_wconf 73' lang='grc' dir='ltr'><strong>ι,</strong></span> <span class='ocrx_word' id='word_1_414' title='bbox 1534 3925 1646 3997; x_wconf 78' lang='lat' dir='ltr'><strong>tt).</strong></span> 
     </span>
    </p>
   </div>
   <div class='ocr_carea' id='block_1_56' title="bbox 56 4004 1647 4091">
    <p class='ocr_par' dir='ltr' id='par_1_56' title="bbox 56 4004 1647 4091">
     <span class='ocr_line' id='line_1_57' title="bbox 56 4004 1647 4091; baseline 0 -22"><span class='ocrx_word' id='word_1_415' title='bbox 56 4004 267 4071; x_wconf 62' lang='lat' dir='ltr'><strong>Quoniam</strong></span> <span class='ocrx_word' id='word_1_416' title='bbox 290 4016 441 4074; x_wconf 83' lang='lat' dir='ltr'><strong>sicut</strong></span> <span class='ocrx_word' id='word_1_417' title='bbox 460 4018 569 4074; x_wconf 86' lang='lat' dir='ltr'><strong>ille</strong></span> <span class='ocrx_word' id='word_1_418' title='bbox 600 4020 697 4091; x_wconf 78' lang='lat' dir='ltr'><strong>qui</strong></span> <span class='ocrx_word' id='word_1_419' title='bbox 726 4017 933 4090; x_wconf 83' lang='lat' dir='ltr'><strong>alligat</strong></span> <span class='ocrx_word' id='word_1_420' title='bbox 961 4018 1159 4090; x_wconf 87' lang='lat' dir='ltr'><strong>ignem</strong></span> <span class='ocrx_word' id='word_1_421' title='bbox 1189 4016 1251 4071; x_wconf 86' lang='lat' dir='ltr'><strong>in</strong></span> <span class='ocrx_word' id='word_1_422' title='bbox 1272 4017 1428 4086; x_wconf 81' lang='lat' dir='ltr'><strong>sinu,</strong></span> <span class='ocrx_word' id='word_1_423' title='bbox 1459 4014 1647 4071; x_wconf 85' lang='lat' dir='ltr'><strong>vesti-</strong></span> 
     </span>
    </p>
   </div>
   <div class='ocr_carea' id='block_1_57' title="bbox 57 4103 1655 4177">
    <p class='ocr_par' dir='ltr' id='par_1_57' title="bbox 57 4103 1655 4177">
     <span class='ocr_line' id='line_1_58' title="bbox 57 4103 1655 4177; baseline 0.002 -22"><span class='ocrx_word' id='word_1_424' title='bbox 57 4108 192 4155; x_wconf 69' lang='lat' dir='ltr'><strong>menta</strong></span> <span class='ocrx_word' id='word_1_425' title='bbox 230 4106 531 4173; x_wconf 16' lang='lat' dir='ltr'><strong>comburit,</strong></span> <span class='ocrx_word' id='word_1_426' title='bbox 563 4107 777 4177; x_wconf 85' lang='lat' dir='ltr'><strong>(Prov.</strong></span> <span class='ocrx_word' id='word_1_427' title='bbox 815 4124 897 4176; x_wconf 74' lang='lat' dir='ltr'><strong>vi,</strong></span> <span class='ocrx_word' id='word_1_428' title='bbox 941 4106 1055 4177; x_wconf 79' lang='lat'><strong>2&#39;7),</strong></span> <span class='ocrx_word' id='word_1_429' title='bbox 1106 4105 1196 4160; x_wconf 89' lang='lat' dir='ltr'><strong>sic</strong></span> <span class='ocrx_word' id='word_1_430' title='bbox 1240 4105 1343 4176; x_wconf 87' lang='lat' dir='ltr'><strong>qui</strong></span> <span class='ocrx_word' id='word_1_431' title='bbox 1390 4103 1655 4159; x_wconf 80' lang='lat' dir='ltr'><strong>ambulat</strong></span> 
     </span>
    </p>
   </div>
   <div class='ocr_carea' id='block_1_58' title="bbox 58 4191 1649 4268">
    <p class='ocr_par' dir='ltr' id='par_1_58' title="bbox 58 4191 1649 4268">
     <span class='ocr_line' id='line_1_59' title="bbox 58 4191 1649 4268; baseline 0.003 -25"><span class='ocrx_word' id='word_1_432' title='bbox 58 4200 183 4258; x_wconf 76' lang='lat' dir='ltr'><strong>super</strong></span> <span class='ocrx_word' id='word_1_433' title='bbox 197 4191 396 4265; x_wconf 85' lang='lat' dir='ltr'><strong>ignem,</strong></span> <span class='ocrx_word' id='word_1_434' title='bbox 419 4197 613 4268; x_wconf 84' lang='lat' dir='ltr'><strong>pedes</strong></span> <span class='ocrx_word' id='word_1_435' title='bbox 642 4192 948 4252; x_wconf 85' lang='lat' dir='ltr'><strong>comburat</strong></span> <span class='ocrx_word' id='word_1_436' title='bbox 968 4209 1218 4251; x_wconf 86' lang='lat' dir='ltr'><strong>necesse</strong></span> <span class='ocrx_word' id='word_1_437' title='bbox 1234 4197 1351 4263; x_wconf 78' lang='lat' dir='ltr'><strong>est,</strong></span> <span class='ocrx_word' id='word_1_438' title='bbox 1369 4193 1649 4265; x_wconf 82' lang='lat' dir='ltr'><strong>quoniam</strong></span> 
     </span>
    </p>
   </div>
   <div class='ocr_carea' id='block_1_59' title="bbox 58 4274 1655 4359">
    <p class='ocr_par' dir='ltr' id='par_1_59' title="bbox 58 4274 1655 4359">
     <span class='ocr_line' id='line_1_60' title="bbox 58 4274 1655 4359; baseline 0.007 -34"><span class='ocrx_word' id='word_1_439' title='bbox 58 4278 269 4348; x_wconf 68' lang='lat' dir='ltr'><strong>scriptum</strong></span> <span class='ocrx_word' id='word_1_440' title='bbox 288 4289 376 4339; x_wconf 87' lang='lat' dir='ltr'><strong>est</strong></span> <span class='ocrx_word' id='word_1_441' title='bbox 394 4300 407 4340; x_wconf 91' lang='lat'><strong>:</strong></span> <span class='ocrx_word' id='word_1_442' title='bbox 433 4284 694 4341; x_wconf 80' lang='lat' dir='ltr'><strong>Ambula</strong></span> <span class='ocrx_word' id='word_1_443' title='bbox 708 4287 789 4340; x_wconf 86' lang='lat' dir='ltr'><strong>vit</strong></span> <span class='ocrx_word' id='word_1_444' title='bbox 802 4286 935 4359; x_wconf 87' lang='lat' dir='ltr'><strong>quis</strong></span> <span class='ocrx_word' id='word_1_445' title='bbox 953 4296 1136 4357; x_wconf 72' lang='lat' dir='ltr'><strong>Super</strong></span> <span class='ocrx_word' id='word_1_446' title='bbox 1154 4274 1449 4359; x_wconf 79' lang='lat' dir='ltr'><strong>carbones</strong></span> <span class='ocrx_word' id='word_1_447' title='bbox 1462 4281 1655 4357; x_wconf 70' lang='lat' dir='ltr'><strong>ignis,</strong></span> 
     </span>
    </p>
   </div>
   <div class='ocr_carea' id='block_1_60' title="bbox 56 4366 1259 4445">
    <p class='ocr_par' dir='ltr' id='par_1_60' title="bbox 56 4366 1259 4445">
     <span class='ocr_line' id='line_1_61' title="bbox 56 4366 1259 4445; baseline 0.008 -27"><span class='ocrx_word' id='word_1_448' title='bbox 56 4366 185 4429; x_wconf 77' lang='lat' dir='ltr'><strong>pedes</strong></span> <span class='ocrx_word' id='word_1_449' title='bbox 207 4378 382 4429; x_wconf 83' lang='lat' dir='ltr'><strong>autem</strong></span> <span class='ocrx_word' id='word_1_450' title='bbox 414 4392 532 4432; x_wconf 89' lang='lat' dir='ltr'><strong>non</strong></span> <span class='ocrx_word' id='word_1_451' title='bbox 574 4375 880 4431; x_wconf 87' lang='lat' dir='ltr'><strong>comburet</strong></span> <span class='ocrx_word' id='word_1_452' title='bbox 910 4373 1086 4443; x_wconf 85' lang='lat' dir='ltr'><strong>(Ibid.</strong></span> <span class='ocrx_word' id='word_1_453' title='bbox 1119 4372 1210 4445; x_wconf 76' lang='lat'><strong>28)</strong></span> <span class='ocrx_word' id='word_1_454' title='bbox 1229 4374 1259 4428; x_wconf 88' lang='lat'><strong>?</strong></span> 
     </span>
    </p>
   </div>
   <div class='ocr_carea' id='block_1_61' title="bbox 102 4486 1651 4572">
    <p class='ocr_par' dir='ltr' id='par_1_61' title="bbox 102 4486 1651 4572">
     <span class='ocr_line' id='line_1_62' title="bbox 102 4486 1651 4572; baseline 0.001 -24"><span class='ocrx_word' id='word_1_455' title='bbox 102 4487 165 4545; x_wconf 74' lang='grc'><strong>66.</strong></span> <span class='ocrx_word' id='word_1_456' title='bbox 188 4493 377 4553; x_wconf 82' lang='lat' dir='ltr'><strong>Gravis</strong></span> <span class='ocrx_word' id='word_1_457' title='bbox 408 4498 577 4572; x_wconf 83' lang='lat' dir='ltr'><strong>ignis</strong></span> <span class='ocrx_word' id='word_1_458' title='bbox 608 4486 720 4566; x_wconf 87' lang='lat' dir='ltr'><strong>est,</strong></span> <span class='ocrx_word' id='word_1_459' title='bbox 755 4500 811 4554; x_wconf 89' lang='lat' dir='ltr'><strong>et</strong></span> <span class='ocrx_word' id='word_1_460' title='bbox 848 4498 979 4553; x_wconf 90' lang='lat' dir='ltr'><strong>ideo</strong></span> <span class='ocrx_word' id='word_1_461' title='bbox 1021 4500 1138 4554; x_wconf 89' lang='lat' dir='ltr'><strong>non</strong></span> <span class='ocrx_word' id='word_1_462' title='bbox 1170 4497 1390 4553; x_wconf 89' lang='lat' dir='ltr'><strong>demus</strong></span> <span class='ocrx_word' id='word_1_463' title='bbox 1423 4495 1503 4550; x_wconf 92' lang='lat' dir='ltr'><strong>illi</strong></span> <span class='ocrx_word' id='word_1_464' title='bbox 1540 4495 1651 4550; x_wconf 88' lang='lat' dir='ltr'><strong>ali-</strong></span> 
     </span>
    </p>
   </div>
   <div class='ocr_carea' id='block_1_62' title="bbox 60 4582 1655 4656">
    <p class='ocr_par' dir='ltr' id='par_1_62' title="bbox 60 4582 1655 4656">
     <span class='ocr_line' id='line_1_63' title="bbox 60 4582 1655 4656; baseline 0.011 -29"><span class='ocrx_word' id='word_1_465' title='bbox 60 4582 191 4634; x_wconf 80' lang='lat' dir='ltr'><strong>menta</strong></span> <span class='ocrx_word' id='word_1_466' title='bbox 213 4582 469 4644; x_wconf 64' lang='lat' dir='ltr'><strong>luxurias.</strong></span> <span class='ocrx_word' id='word_1_467' title='bbox 505 4590 780 4645; x_wconf 86' lang='lat' dir='ltr'><strong>Pascitur</strong></span> <span class='ocrx_word' id='word_1_468' title='bbox 816 4587 1000 4644; x_wconf 86' lang='lat' dir='ltr'><strong>libido</strong></span> <span class='ocrx_word' id='word_1_469' title='bbox 1049 4587 1362 4656; x_wconf 89' lang='lat' dir='ltr'><strong>conviviis,</strong></span> <span class='ocrx_word' id='word_1_470' title='bbox 1395 4584 1655 4645; x_wconf 80' lang='lat' dir='ltr'><strong>nutritur</strong></span> 
     </span>
    </p>
   </div>
   <div class='ocr_carea' id='block_1_63' title="bbox 60 4662 1648 4746">
    <p class='ocr_par' dir='ltr' id='par_1_63' title="bbox 60 4662 1648 4746">
     <span class='ocr_line' id='line_1_64' title="bbox 60 4662 1648 4746; baseline 0.008 -30"><span class='ocrx_word' id='word_1_471' title='bbox 60 4662 241 4739; x_wconf 72' lang='lat' dir='ltr'><strong>deliciis,</strong></span> <span class='ocrx_word' id='word_1_472' title='bbox 256 4676 383 4731; x_wconf 84' lang='lat' dir='ltr'><strong>vino</strong></span> <span class='ocrx_word' id='word_1_473' title='bbox 396 4678 667 4733; x_wconf 80' lang='lat' dir='ltr'><strong>accendit</strong></span> <span class='ocrx_word' id='word_1_474' title='bbox 680 4694 768 4746; x_wconf 86' lang='lat' dir='ltr'><strong>ur,</strong></span> <span class='ocrx_word' id='word_1_475' title='bbox 784 4678 1068 4732; x_wconf 86' lang='lat' dir='ltr'><strong>ebrietate</strong></span> <span class='ocrx_word' id='word_1_476' title='bbox 1079 4677 1490 4731; x_wconf 81' lang='lat' dir='ltr'><strong>inﬂammatur.</strong></span> <span class='ocrx_word' id='word_1_477' title='bbox 1504 4675 1648 4730; x_wconf 82' lang='lat' dir='ltr'><strong>Gra-</strong></span> 
     </span>
    </p>
   </div>
   <div class='ocr_carea' id='block_1_64' title="bbox 65 4752 1649 4837">
    <p class='ocr_par' dir='ltr' id='par_1_64' title="bbox 65 4752 1649 4837">
     <span class='ocr_line' id='line_1_65' title="bbox 65 4752 1649 4837; baseline 0.004 -26"><span class='ocrx_word' id='word_1_478' title='bbox 65 4752 172 4811; x_wconf 57' lang='lat' dir='ltr'><strong>ﬂora</strong></span> <span class='ocrx_word' id='word_1_479' title='bbox 188 4759 268 4815; x_wconf 86' lang='lat' dir='ltr'><strong>his</strong></span> <span class='ocrx_word' id='word_1_480' title='bbox 288 4769 417 4820; x_wconf 82' lang='lat' dir='ltr'><strong>sunt</strong></span> <span class='ocrx_word' id='word_1_481' title='bbox 439 4766 701 4820; x_wconf 87' lang='lat' dir='ltr'><strong>fomenta</strong></span> <span class='ocrx_word' id='word_1_482' title='bbox 721 4766 1057 4834; x_wconf 83' lang='lat' dir='ltr'><strong>verborum,</strong></span> <span class='ocrx_word' id='word_1_483' title='bbox 1084 4780 1219 4837; x_wconf 75' lang='lat' dir='ltr'><strong>quae</strong></span> <span class='ocrx_word' id='word_1_484' title='bbox 1237 4764 1377 4819; x_wconf 84' lang='lat' dir='ltr'><strong>vino</strong></span> <span class='ocrx_word' id='word_1_485' title='bbox 1394 4754 1649 4835; x_wconf 79' lang='lat' dir='ltr'><strong>quodam</strong></span> 
     </span>
    </p>
   </div>
   <div class='ocr_carea' id='block_1_65' title="bbox 65 4840 1648 4910">
    <p class='ocr_par' dir='ltr' id='par_1_65' title="bbox 65 4840 1648 4910">
     <span class='ocr_line' id='line_1_66' title="bbox 65 4840 1648 4910; baseline 0.006 -12"><span class='ocrx_word' id='word_1_486' title='bbox 65 4840 372 4908; x_wconf 67' lang='lat' dir='ltr'><strong>Sodomilanzs</strong></span> <span class='ocrx_word' id='word_1_487' title='bbox 408 4856 553 4909; x_wconf 87' lang='lat' dir='ltr'><strong>vitis</strong></span> <span class='ocrx_word' id='word_1_488' title='bbox 584 4859 837 4910; x_wconf 90' lang='lat' dir='ltr'><strong>mentem</strong></span> <span class='ocrx_word' id='word_1_489' title='bbox 867 4854 1179 4909; x_wconf 84' lang='lat' dir='ltr'><strong>incbriaut.</strong></span> <span class='ocrx_word' id='word_1_490' title='bbox 1204 4851 1532 4908; x_wconf 86' lang='lat' dir='ltr'><strong>Caveamus</strong></span> <span class='ocrx_word' id='word_1_491' title='bbox 1558 4852 1648 4906; x_wconf 85' lang='lat' dir='ltr'><strong>ta-</strong></span> 
     </span>
    </p>
   </div>
   <div class='ocr_carea' id='block_1_66' title="bbox 68 4941 1649 5015">
    <p class='ocr_par' dir='ltr' id='par_1_66' title="bbox 68 4941 1649 5015">
     <span class='ocr_line' id='line_1_67' title="bbox 68 4941 1649 5015; baseline 0.006 -27"><span class='ocrx_word' id='word_1_492' title='bbox 68 4943 153 4988; x_wconf 72' lang='lat' dir='ltr'><strong>men</strong></span> <span class='ocrx_word' id='word_1_493' title='bbox 181 4944 226 4991; x_wconf 88' lang='lat' dir='ltr'><strong>et</strong></span> <span class='ocrx_word' id='word_1_494' title='bbox 262 4941 436 5014; x_wconf 80' lang='lat' dir='ltr'><strong>hujus</strong></span> <span class='ocrx_word' id='word_1_495' title='bbox 479 4945 902 5015; x_wconf 76' lang='lat' dir='ltr'><strong>abundantiam</strong></span> <span class='ocrx_word' id='word_1_496' title='bbox 946 4944 1108 4999; x_wconf 81' lang='lat' dir='ltr'><strong>vini:</strong></span> <span class='ocrx_word' id='word_1_497' title='bbox 1160 4942 1262 4998; x_wconf 88' lang='lat' dir='ltr'><strong>ubi</strong></span> <span class='ocrx_word' id='word_1_498' title='bbox 1306 4941 1462 4997; x_wconf 89' lang='lat' dir='ltr'><strong>enim</strong></span> <span class='ocrx_word' id='word_1_499' title='bbox 1509 4956 1649 4997; x_wconf 88' lang='lat' dir='ltr'><strong>caro</strong></span> 
     </span>
    </p>
   </div>
   <div class='ocr_carea' id='block_1_67' title="bbox 70 5018 1650 5101">
    <p class='ocr_par' dir='ltr' id='par_1_67' title="bbox 70 5018 1650 5101">
     <span class='ocr_line' id='line_1_68' title="bbox 70 5018 1650 5101; baseline 0.004 -23"><span class='ocrx_word' id='word_1_500' title='bbox 70 5018 326 5097; x_wconf 66' lang='lat' dir='ltr'><strong>iIteliriatur,</strong></span> <span class='ocrx_word' id='word_1_501' title='bbox 357 5049 529 5087; x_wconf 86' lang='lat' dir='ltr'><strong>mens</strong></span> <span class='ocrx_word' id='word_1_502' title='bbox 559 5033 785 5101; x_wconf 82' lang='lat' dir='ltr'><strong>titubat,</strong></span> <span class='ocrx_word' id='word_1_503' title='bbox 815 5048 1051 5088; x_wconf 80' lang='lat' dir='ltr'><strong>animus</strong></span> <span class='ocrx_word' id='word_1_504' title='bbox 1096 5031 1349 5100; x_wconf 64' lang='lat' dir='ltr'><strong>vacillet,</strong></span> <span class='ocrx_word' id='word_1_505' title='bbox 1401 5039 1506 5085; x_wconf 63' lang='lat' dir='ltr'><strong>c’or</strong></span> <span class='ocrx_word' id='word_1_506' title='bbox 1533 5031 1650 5085; x_wconf 78' lang='lat' dir='ltr'><strong>ﬂu-</strong></span> 
     </span>
    </p>
   </div>
   <div class='ocr_carea' id='block_1_68' title="bbox 72 5114 1647 5195">
    <p class='ocr_par' dir='ltr' id='par_1_68' title="bbox 72 5114 1647 5195">
     <span class='ocr_line' id='line_1_69' title="bbox 72 5114 1647 5195; baseline 0.007 -31"><span class='ocrx_word' id='word_1_507' title='bbox 72 5114 185 5165; x_wconf 65' lang='lat' dir='ltr'><strong>ctuat.</strong></span> <span class='ocrx_word' id='word_1_508' title='bbox 204 5115 261 5170; x_wconf 83' lang='lat' dir='ltr'><strong>Et</strong></span> <span class='ocrx_word' id='word_1_509' title='bbox 281 5119 403 5174; x_wconf 76' lang='lat' dir='ltr'><strong>ideo</strong></span> <span class='ocrx_word' id='word_1_510' title='bbox 425 5121 499 5176; x_wconf 89' lang='lat' dir='ltr'><strong>ad</strong></span> <span class='ocrx_word' id='word_1_511' title='bbox 519 5126 831 5195; x_wconf 89' lang='lat' dir='ltr'><strong>utrumque</strong></span> <span class='ocrx_word' id='word_1_512' title='bbox 851 5121 991 5177; x_wconf 87' lang='lat' dir='ltr'><strong>utile</strong></span> <span class='ocrx_word' id='word_1_513' title='bbox 1012 5123 1371 5193; x_wconf 71' lang='lat' dir='ltr'><strong>prmceptnm</strong></span> <span class='ocrx_word' id='word_1_514' title='bbox 1392 5122 1505 5190; x_wconf 90' lang='lat' dir='ltr'><strong>est,</strong></span> <span class='ocrx_word' id='word_1_515' title='bbox 1529 5134 1647 5193; x_wconf 89' lang='lat' dir='ltr'><strong>quo</strong></span> 
     </span>
    </p>
   </div>
   <div class='ocr_carea' id='block_1_69' title="bbox 108 5253 1647 5336">
    <p class='ocr_par' dir='ltr' id='par_1_69' title="bbox 108 5253 1647 5336">
     <span class='ocr_line' id='line_1_70' title="bbox 108 5253 1647 5336; baseline -0.003 -13"><span class='ocrx_word' id='word_1_516' title='bbox 108 5253 350 5336; x_wconf 52' lang='lat' dir='ltr'><strong>muns.</strong></span> <span class='ocrx_word' id='word_1_517' title='bbox 381 5265 604 5336; x_wconf 85' lang='lat' dir='ltr'><strong>aliquot</strong></span> <span class='ocrx_word' id='word_1_518' title='bbox 641 5265 787 5320; x_wconf 85' lang='lat' dir='ltr'><strong>satis</strong></span> <span class='ocrx_word' id='word_1_519' title='bbox 830 5265 1092 5336; x_wconf 74' lang='lat' dir='ltr'><strong>probatm</strong></span> <span class='ocrx_word' id='word_1_520' title='bbox 1130 5278 1375 5336; x_wconf 73' lang='lat' dir='ltr'><strong>manus,</strong></span> <span class='ocrx_word' id='word_1_521' title='bbox 1426 5278 1539 5317; x_wconf 90' lang='lat' dir='ltr'><strong>non</strong></span> <span class='ocrx_word' id='word_1_522' title='bbox 1590 5267 1647 5319; x_wconf 85' lang='lat' dir='ltr'><strong>le</strong></span> 
     </span>
    </p>
   </div>
   <div class='ocr_carea' id='block_1_70' title="bbox 81 5330 1646 5408">
    <p class='ocr_par' dir='ltr' id='par_1_70' title="bbox 81 5330 1646 5408">
     <span class='ocr_line' id='line_1_71' title="bbox 81 5330 1646 5408; baseline 0.01 -35"><span class='ocrx_word' id='word_1_523' title='bbox 81 5334 211 5408; x_wconf 49' lang='lat' dir='ltr'><strong>parat</strong></span> <span class='ocrx_word' id='word_1_524' title='bbox 233 5330 402 5387; x_wconf 80' lang='lat' dir='ltr'><strong>forma</strong></span> <span class='ocrx_word' id='word_1_525' title='bbox 433 5330 946 5408; x_wconf 64' lang='lat' dir='ltr'><strong>concupiscentiae,</strong></span> <span class='ocrx_word' id='word_1_526' title='bbox 980 5339 1093 5391; x_wconf 87' lang='lat' dir='ltr'><strong>etc.</strong></span> <span class='ocrx_word' id='word_1_527' title='bbox 1128 5335 1342 5408; x_wconf 79' lang='lat' dir='ltr'><strong>Iterum</strong></span> <span class='ocrx_word' id='word_1_528' title='bbox 1364 5330 1517 5389; x_wconf 86' lang='lat' dir='ltr'><strong>vero</strong></span> <span class='ocrx_word' id='word_1_529' title='bbox 1538 5344 1646 5408; x_wconf 78' lang='lat' dir='ltr'><strong>pro</strong></span> 
     </span>
    </p>
   </div>
   <div class='ocr_carea' id='block_1_71' title="bbox 78 5387 1642 5491">
    <p class='ocr_par' dir='ltr' id='par_1_71' title="bbox 78 5387 1642 5491">
     <span class='ocr_line' id='line_1_72' title="bbox 78 5387 1642 5491; baseline 0.001 -34"><span class='ocrx_word' id='word_1_530' title='bbox 78 5387 561 5491; x_wconf 51' lang='lat' dir='ltr'><strong>bgg‘eps&#39;amatoris,</strong></span> <span class='ocrx_word' id='word_1_531' title='bbox 594 5387 710 5462; x_wconf 67' lang='lat' dir='ltr'><strong>rion</strong></span> <span class='ocrx_word' id='word_1_532' title='bbox 731 5387 1379 5491; x_wconf 49' lang='lat' dir='ltr'><strong>paucil&#39;egunt&#39;laqueus</strong></span> <span class='ocrx_word' id='word_1_533' title='bbox 1402 5387 1642 5491; x_wconf 61' lang='lat' dir='ltr'><strong>amoris.</strong></span> 
     </span>
    </p>
   </div>
   <div class='ocr_carea' id='block_1_72' title="bbox 118 5468 1646 5550">
    <p class='ocr_par' dir='ltr' id='par_1_72' title="bbox 118 5468 1646 5550">
     <span class='ocr_line' id='line_1_73' title="bbox 118 5468 1646 5550; baseline -0.003 -15"><span class='ocrx_word' id='word_1_534' title='bbox 118 5468 204 5550; x_wconf 47' lang='grc' dir='ltr'>Ψ)</span> <span class='ocrx_word' id='word_1_535' title='bbox 219 5470 474 5550; x_wconf 78' lang='lat' dir='ltr'><strong>Nonnulli</strong></span> <span class='ocrx_word' id='word_1_536' title='bbox 507 5468 677 5549; x_wconf 66' lang='lat' dir='ltr'><strong>mss,</strong></span> <span class='ocrx_word' id='word_1_537' title='bbox 710 5468 769 5533; x_wconf 79' lang='grc' dir='ltr'><em>ὁι</em></span> <span class='ocrx_word' id='word_1_538' title='bbox 808 5468 1035 5533; x_wconf 65' lang='lat' dir='ltr'><strong>omnem</strong></span> <span class='ocrx_word' id='word_1_539' title='bbox 1064 5468 1317 5550; x_wconf 78' lang='lat' dir='ltr'><strong>gloriam</strong></span> <span class='ocrx_word' id='word_1_540' title='bbox 1350 5476 1646 5531; x_wconf 84' lang='lat' dir='ltr'><strong>cecidisse</strong></span> 
     </span>
    </p>
   </div>
   <div class='ocr_carea' id='block_1_73' title="bbox 82 5542 597 5619">
    <p class='ocr_par' dir='ltr' id='par_1_73' title="bbox 82 5542 597 5619">
     <span class='ocr_line' id='line_1_74' title="bbox 82 5542 597 5619; baseline 0.012 -22"><span class='ocrx_word' id='word_1_541' title='bbox 82 5542 259 5619; x_wconf 50' lang='lat' dir='ltr'><strong>“ﬁtfit?</strong></span> <span class='ocrx_word' id='word_1_542' title='bbox 282 5546 597 5618; x_wconf 83' lang='lat' dir='ltr'><strong>impiorum.</strong></span> 
     </span>
    </p>
   </div>
   <div class='ocr_carea' id='block_1_74' title="bbox 120 5610 1641 5685">
    <p class='ocr_par' dir='ltr' id='par_1_74' title="bbox 120 5610 1641 5685">
     <span class='ocr_line' id='line_1_75' title="bbox 120 5610 1641 5685; baseline 0.007 -23"><span class='ocrx_word' id='word_1_543' title='bbox 120 5610 287 5685; x_wconf 49' lang='lat' dir='ltr'><strong>ﬁtilla</strong></span> <span class='ocrx_word' id='word_1_544' title='bbox 319 5610 479 5674; x_wconf 66' lang='lat' dir='ltr'><strong>ll&#39;om.</strong></span> <span class='ocrx_word' id='word_1_545' title='bbox 515 5621 650 5676; x_wconf 87' lang='lat' dir='ltr'><strong>edit.</strong></span> <span class='ocrx_word' id='word_1_546' title='bbox 682 5636 751 5675; x_wconf 83' lang='lat' dir='ltr'><strong>ac</strong></span> <span class='ocrx_word' id='word_1_547' title='bbox 781 5634 928 5676; x_wconf 88' lang='lat' dir='ltr'><strong>mss.</strong></span> <span class='ocrx_word' id='word_1_548' title='bbox 974 5635 1217 5685; x_wconf 80' lang='lat' dir='ltr'><strong>omnes;</strong></span> <span class='ocrx_word' id='word_1_549' title='bbox 1250 5622 1307 5674; x_wconf 88' lang='lat' dir='ltr'><strong>at</strong></span> <span class='ocrx_word' id='word_1_550' title='bbox 1354 5622 1469 5674; x_wconf 92' lang='lat' dir='ltr'><strong>vet.</strong></span> <span class='ocrx_word' id='word_1_551' title='bbox 1503 5617 1641 5674; x_wconf 82' lang='lat' dir='ltr'><strong>edit.</strong></span> 
     </span>
    </p>
   </div>
   <div class='ocr_carea' id='block_1_75' title="bbox 86 5678 1648 5759">
    <p class='ocr_par' dir='ltr' id='par_1_75' title="bbox 86 5678 1648 5759">
     <span class='ocr_line' id='line_1_76' title="bbox 86 5678 1648 5759; baseline -0.001 -15"><span class='ocrx_word' id='word_1_552' title='bbox 86 5678 181 5759; x_wconf 55' lang='grc' dir='ltr'><strong>Ϊτιξὲ</strong></span> <span class='ocrx_word' id='word_1_553' title='bbox 194 5690 564 5759; x_wconf 63' lang='lat' dir='ltr'><strong>mter-ebant,</strong></span> <span class='ocrx_word' id='word_1_554' title='bbox 590 5692 920 5747; x_wconf 79' lang='lat' dir='ltr'><strong>addendum</strong></span> <span class='ocrx_word' id='word_1_555' title='bbox 937 5678 1333 5747; x_wconf 74' lang='lat' dir='ltr'><strong>sacramentis</strong></span> <span class='ocrx_word' id='word_1_556' title='bbox 1344 5708 1361 5755; x_wconf 87' lang='grc'><em>;</em></span> <span class='ocrx_word' id='word_1_557' title='bbox 1392 5693 1450 5745; x_wconf 88' lang='lat' dir='ltr'><strong>et</strong></span> <span class='ocrx_word' id='word_1_558' title='bbox 1466 5689 1648 5744; x_wconf 80' lang='lat' dir='ltr'><strong>nihilo</strong></span> 
     </span>
    </p>
   </div>
   <div class='ocr_carea' id='block_1_76' title="bbox 88 5748 1649 5835">
    <p class='ocr_par' dir='ltr' id='par_1_76' title="bbox 88 5748 1649 5835">
     <span class='ocr_line' id='line_1_77' title="bbox 88 5748 1649 5835; baseline 0.003 -24"><span class='ocrx_word' id='word_1_559' title='bbox 88 5748 227 5807; x_wconf 63' lang='grc' dir='ltr'><strong>κειηιε</strong></span> <span class='ocrx_word' id='word_1_560' title='bbox 244 5758 329 5813; x_wconf 83' lang='lat' dir='ltr'><strong>ult.</strong></span> <span class='ocrx_word' id='word_1_561' title='bbox 344 5760 530 5835; x_wconf 85' lang='lat' dir='ltr'><strong>Paris,</strong></span> <span class='ocrx_word' id='word_1_562' title='bbox 553 5748 906 5821; x_wconf 69' lang='lat' dir='ltr'><strong>credendum</strong></span> <span class='ocrx_word' id='word_1_563' title='bbox 925 5748 1649 5821; x_wconf 41' lang='lat' dir='ltr'><strong>sacrarneutis.&#39;therum</strong></span> 
     </span>
    </p>
   </div>
   <div class='ocr_carea' id='block_1_77' title="bbox 1724 1975 3434 2053">
    <p class='ocr_par' dir='ltr' id='par_1_77' title="bbox 1724 1975 3434 2053">
     <span class='ocr_line' id='line_1_78' title="bbox 1724 1975 3434 2053; baseline 0.004 -23"><span class='ocrx_word' id='word_1_564' title='bbox 1724 1975 1731 2005; x_wconf 66' lang='grc' dir='ltr'>ί</span> <span class='ocrx_word' id='word_1_565' title='bbox 1760 1975 2017 2033; x_wconf 88' lang='lat' dir='ltr'><strong>tritionis</strong></span> <span class='ocrx_word' id='word_1_566' title='bbox 2048 1979 2106 2032; x_wconf 90' lang='lat' dir='ltr'><strong>et</strong></span> <span class='ocrx_word' id='word_1_567' title='bbox 2134 1977 2391 2033; x_wconf 84' lang='lat' dir='ltr'><strong>carnalis</strong></span> <span class='ocrx_word' id='word_1_568' title='bbox 2434 1980 2736 2053; x_wconf 87' lang='lat' dir='ltr'><strong>auctorem</strong></span> <span class='ocrx_word' id='word_1_569' title='bbox 2777 1978 3097 2037; x_wconf 87' lang='lat' dir='ltr'><strong>debilitatis</strong></span> <span class='ocrx_word' id='word_1_570' title='bbox 3128 1979 3434 2051; x_wconf 83' lang='lat' dir='ltr'><strong>Scriptura</strong></span> 
     </span>
    </p>
   </div>
   <div class='ocr_carea' id='block_1_78' title="bbox 1763 2064 3435 2146">
    <p class='ocr_par' dir='ltr' id='par_1_78' title="bbox 1763 2064 3435 2146">
     <span class='ocr_line' id='line_1_79' title="bbox 1763 2064 3435 2146; baseline 0.002 -25"><span class='ocrx_word' id='word_1_571' title='bbox 1763 2064 2040 2146; x_wconf 77' lang='lat' dir='ltr'><strong>ostendit,</strong></span> <span class='ocrx_word' id='word_1_572' title='bbox 2075 2065 2255 2122; x_wconf 92' lang='lat' dir='ltr'><strong>Paulo</strong></span> <span class='ocrx_word' id='word_1_573' title='bbox 2289 2066 2558 2124; x_wconf 89' lang='lat' dir='ltr'><strong>dicente:</strong></span> <span class='ocrx_word' id='word_1_574' title='bbox 2611 2067 2813 2139; x_wconf 21' lang='lat' dir='ltr'><strong>Datus,</strong></span> <span class='ocrx_word' id='word_1_575' title='bbox 2843 2073 2937 2124; x_wconf 89' lang='lat' dir='ltr'><strong>est</strong></span> <span class='ocrx_word' id='word_1_576' title='bbox 2981 2068 3435 2138; x_wconf 34' lang='lat' dir='ltr'><strong>mibi‘stimulus</strong></span> 
     </span>
    </p>
   </div>
   <div class='ocr_carea' id='block_1_79' title="bbox 1762 2154 3433 2229">
    <p class='ocr_par' dir='ltr' id='par_1_79' title="bbox 1762 2154 3433 2229">
     <span class='ocr_line' id='line_1_80' title="bbox 1762 2154 3433 2229; baseline 0.003 -19"><span class='ocrx_word' id='word_1_577' title='bbox 1762 2154 1969 2212; x_wconf 87' lang='lat' dir='ltr'><strong>carnis</strong></span> <span class='ocrx_word' id='word_1_578' title='bbox 1986 2154 2401 2228; x_wconf 73' lang='lat' dir='ltr'><strong>meaeangelus</strong></span> <span class='ocrx_word' id='word_1_579' title='bbox 2429 2155 2689 2224; x_wconf 66' lang='lat' dir='ltr'><strong>Satanm,</strong></span> <span class='ocrx_word' id='word_1_580' title='bbox 2725 2156 2824 2229; x_wconf 86' lang='lat' dir='ltr'><strong>qui</strong></span> <span class='ocrx_word' id='word_1_581' title='bbox 2848 2171 2946 2212; x_wconf 89' lang='lat' dir='ltr'><strong>me</strong></span> <span class='ocrx_word' id='word_1_582' title='bbox 2974 2156 3329 2229; x_wconf 80' lang='lat' dir='ltr'><strong>calapbizet,</strong></span> <span class='ocrx_word' id='word_1_583' title='bbox 3370 2164 3433 2215; x_wconf 84' lang='lat' dir='ltr'><strong>ut</strong></span> 
     </span>
    </p>
   </div>
   <div class='ocr_carea' id='block_1_80' title="bbox 1761 2241 3433 2319">
    <p class='ocr_par' dir='ltr' id='par_1_80' title="bbox 1761 2241 3433 2319">
     <span class='ocr_line' id='line_1_81' title="bbox 1761 2241 3433 2319; baseline 0.004 -20"><span class='ocrx_word' id='word_1_584' title='bbox 1761 2258 1877 2299; x_wconf 89' lang='lat' dir='ltr'><strong>non</strong></span> <span class='ocrx_word' id='word_1_585' title='bbox 1908 2241 2168 2311; x_wconf 78' lang='lat' dir='ltr'><strong>extollar</strong></span> <span class='ocrx_word' id='word_1_586' title='bbox 2197 2243 2285 2315; x_wconf 88' lang='lat' dir='ltr'><strong>(II</strong></span> <span class='ocrx_word' id='word_1_587' title='bbox 2310 2243 2446 2301; x_wconf 89' lang='lat' dir='ltr'><strong>Cor.</strong></span> <span class='ocrx_word' id='word_1_588' title='bbox 2477 2261 2582 2314; x_wconf 79' lang='lat' dir='ltr'><strong>xu,</strong></span> <span class='ocrx_word' id='word_1_589' title='bbox 2613 2244 2689 2315; x_wconf 83' lang='lat'><strong>7).</strong></span> <span class='ocrx_word' id='word_1_590' title='bbox 2721 2244 2821 2300; x_wconf 92' lang='lat' dir='ltr'><strong>Sic</strong></span> <span class='ocrx_word' id='word_1_591' title='bbox 2849 2260 2996 2319; x_wconf 87' lang='lat' dir='ltr'><strong>ergo</strong></span> <span class='ocrx_word' id='word_1_592' title='bbox 3028 2261 3239 2309; x_wconf 85' lang='lat' dir='ltr'><strong>curare</strong></span> <span class='ocrx_word' id='word_1_593' title='bbox 3276 2247 3433 2309; x_wconf 58' lang='lat' dir='ltr'><strong>Pau-z</strong></span> 
     </span>
    </p>
   </div>
   <div class='ocr_carea' id='block_1_81' title="bbox 1757 2330 3296 2409">
    <p class='ocr_par' dir='ltr' id='par_1_81' title="bbox 1757 2330 3296 2409">
     <span class='ocr_line' id='line_1_82' title="bbox 1757 2330 3296 2409; baseline -0.001 -22"><span class='ocrx_word' id='word_1_594' title='bbox 1757 2330 1854 2388; x_wconf 91' lang='lat' dir='ltr'><strong>lus</strong></span> <span class='ocrx_word' id='word_1_595' title='bbox 1887 2331 2110 2404; x_wconf 89' lang='lat' dir='ltr'><strong>didicit,</strong></span> <span class='ocrx_word' id='word_1_596' title='bbox 2142 2332 2798 2409; x_wconf 86' lang='lat' dir='ltr'><strong>quemadmodumipse</strong></span> <span class='ocrx_word' id='word_1_597' title='bbox 2826 2336 3073 2391; x_wconf 89' lang='lat' dir='ltr'><strong>sanatus</strong></span> <span class='ocrx_word' id='word_1_598' title='bbox 3101 2338 3215 2391; x_wconf 83' lang='lat' dir='ltr'><strong>est.</strong></span> <span class='ocrx_word' id='word_1_599' title='bbox 3293 2383 3296 2386; x_wconf 83' lang='lat'><strong>.</strong></span> 
     </span>
    </p>
   </div>
   <div class='ocr_carea' id='block_1_82' title="bbox 2356 2456 2827 2547">
    <p class='ocr_par' dir='ltr' id='par_1_82' title="bbox 2356 2456 2827 2547">
     <span class='ocr_line' id='line_1_83' title="bbox 2356 2456 2827 2547; baseline 0.006 -35"><span class='ocrx_word' id='word_1_600' title='bbox 2356 2496 2357 2499; x_wconf 32' lang='grc' dir='ltr'>γ</span> <span class='ocrx_word' id='word_1_601' title='bbox 2387 2456 2640 2547; x_wconf 75' lang='lat' dir='ltr'><strong>CAPUT</strong></span> <span class='ocrx_word' id='word_1_602' title='bbox 2668 2459 2796 2515; x_wconf 88' lang='lat' dir='ltr'><strong>xv.</strong></span> <span class='ocrx_word' id='word_1_603' title='bbox 2822 2543 2827 2546; x_wconf 6' lang='grc' dir='ltr'>ἢ</span> 
     </span>
    </p>
   </div>
   <div class='ocr_carea' id='block_1_83' title="bbox 1756 2560 3427 2667">
    <p class='ocr_par' dir='ltr' id='par_1_83' title="bbox 1756 2560 3427 2667">
     <span class='ocr_line' id='line_1_84' title="bbox 1756 2560 3427 2667; baseline 0.003 -30"><span class='ocrx_word' id='word_1_604' title='bbox 1756 2580 2029 2665; x_wconf 74' lang='lat' dir='ltr'><strong>Rediens</strong></span> <span class='ocrx_word' id='word_1_605' title='bbox 2053 2562 2683 2667; x_wconf 33' lang='lat' dir='ltr'><strong>{digressionenquid</strong></span> <span class='ocrx_word' id='word_1_606' title='bbox 2701 2589 2783 2667; x_wconf 79' lang='lat' dir='ltr'><strong>s_rt</strong></span> <span class='ocrx_word' id='word_1_607' title='bbox 2820 2560 3028 2667; x_wconf 63' lang='lat' dir='ltr'><strong>venire</strong></span> <span class='ocrx_word' id='word_1_608' title='bbox 3047 2584 3108 2641; x_wconf 90' lang='lat' dir='ltr'><strong>in</strong></span> <span class='ocrx_word' id='word_1_609' title='bbox 3139 2583 3427 2667; x_wconf 79' lang='lat' dir='ltr'><strong>virga_vel</strong></span> 
     </span>
    </p>
   </div>
   <div class='ocr_carea' id='block_1_84' title="bbox 1829 2654 3428 2730">
    <p class='ocr_par' dir='ltr' id='par_1_84' title="bbox 1829 2654 3428 2730">
     <span class='ocr_line' id='line_1_85' title="bbox 1829 2654 3428 2730; baseline 0.001 -22"><span class='ocrx_word' id='word_1_610' title='bbox 1829 2654 1890 2708; x_wconf 91' lang='lat' dir='ltr'><strong>in</strong></span> <span class='ocrx_word' id='word_1_611' title='bbox 1938 2654 2150 2730; x_wconf 78' lang='lat' dir='ltr'><strong>spiritu</strong></span> <span class='ocrx_word' id='word_1_612' title='bbox 2188 2654 2670 2730; x_wconf 82' lang='lat' dir='ltr'><strong>mansuetudinis</strong></span> <span class='ocrx_word' id='word_1_613' title='bbox 2693 2654 3428 2730; x_wconf 28' lang='lat' dir='ltr'><strong>_docet.‘Sequest_ra&#39;ndum</strong></span> 
     </span>
    </p>
   </div>
   <div class='ocr_carea' id='block_1_85' title="bbox 1828 2723 3434 2871">
    <p class='ocr_par' dir='ltr' id='par_1_85' title="bbox 1828 2723 3434 2871">
     <span class='ocr_line' id='line_1_86' title="bbox 1828 2723 3434 2811; baseline 0.002 -33"><span class='ocrx_word' id='word_1_614' title='bbox 1828 2723 2107 2797; x_wconf 77' lang='lat' dir='ltr'><strong>graviter</strong></span> <span class='ocrx_word' id='word_1_615' title='bbox 2121 2723 2367 2797; x_wconf 82' lang='lat' dir='ltr'><strong>lapsum,</strong></span> <span class='ocrx_word' id='word_1_616' title='bbox 2386 2727 2498 2809; x_wconf 74' lang='lat' dir='ltr'><strong>sed</strong></span> <span class='ocrx_word' id='word_1_617' title='bbox 2516 2726 2927 2811; x_wconf 75' lang='lat' dir='ltr'><strong>eumApostolr</strong></span> <span class='ocrx_word' id='word_1_618' title='bbox 2945 2723 3215 2811; x_wconf 63' lang='lat' dir='ltr'><strong>eiemplo</strong></span> <span class='ocrx_word' id='word_1_619' title='bbox 3233 2728 3434 2783; x_wconf 85' lang='lat' dir='ltr'><strong>sacris</strong></span> 
     </span>
     <span class='ocr_line' id='line_1_87' title="bbox 1831 2795 3432 2871; baseline 0 -18"><span class='ocrx_word' id='word_1_620' title='bbox 1831 2795 2222 2871; x_wconf 66' lang='lat' dir='ltr'><strong>reddendum,</strong></span> <span class='ocrx_word' id='word_1_621' title='bbox 2247 2797 2351 2852; x_wconf 67' lang='lat' dir='ltr'><strong>ubi</strong></span> <span class='ocrx_word' id='word_1_622' title='bbox 2372 2813 2489 2871; x_wconf 66' lang='lat' dir='ltr'><strong>pun</strong></span> <span class='ocrx_word' id='word_1_623' title='bbox 2511 2797 2684 2871; x_wconf 67' lang='lat' dir='ltr'><strong>urbis</strong></span> <span class='ocrx_word' id='word_1_624' title='bbox 2712 2797 2917 2870; x_wconf 77' lang='lat' dir='ltr'><strong>plebis</strong></span> <span class='ocrx_word' id='word_1_625' title='bbox 2949 2806 3221 2871; x_wconf 73' lang='lat' dir='ltr'><strong>oratione</strong></span> <span class='ocrx_word' id='word_1_626' title='bbox 3255 2803 3432 2871; x_wconf 80' lang='lat' dir='ltr'><strong>atque</strong></span> 
     </span>
    </p>
   </div>
   <div class='ocr_carea' id='block_1_86' title="bbox 1816 2814 3433 2943">
    <p class='ocr_par' dir='ltr' id='par_1_86' title="bbox 1816 2814 3433 2943">
     <span class='ocr_line' id='line_1_88' title="bbox 1831 2814 3432 2871; baseline 0 -18"><span class='ocrx_word' id='word_1_627' title='bbox 1831 2814 2222 2866; x_wconf 78' lang='lat' dir='ltr'><strong>reaaenaum,</strong></span> <span class='ocrx_word' id='word_1_628' title='bbox 2247 2814 2351 2852; x_wconf 80' lang='lat' dir='ltr'><strong>UDl</strong></span> <span class='ocrx_word' id='word_1_629' title='bbox 2372 2814 2489 2869; x_wconf 70' lang='lat' dir='ltr'><strong>pun</strong></span> <span class='ocrx_word' id='word_1_630' title='bbox 2511 2814 2684 2855; x_wconf 79' lang='lat' dir='ltr'><strong>lll&#39;DlS</strong></span> <span class='ocrx_word' id='word_1_631' title='bbox 2712 2814 2917 2870; x_wconf 74' lang='grc' dir='ltr'><strong>ριθοιε</strong></span> <span class='ocrx_word' id='word_1_632' title='bbox 2949 2814 3221 2855; x_wconf 74' lang='lat' dir='ltr'><strong>oratione</strong></span> <span class='ocrx_word' id='word_1_633' title='bbox 3255 2814 3432 2871; x_wconf 78' lang='lat' dir='ltr'><strong>atque</strong></span> 
     </span>
     <span class='ocr_line' id='line_1_89' title="bbox 1816 2865 3433 2943; baseline 0.002 -20"><span class='ocrx_word' id='word_1_634' title='bbox 1816 2865 2119 2941; x_wconf 76' lang='lat' dir='ltr'><strong>lacrymis</strong></span> <span class='ocrx_word' id='word_1_635' title='bbox 2130 2867 2166 2929; x_wconf 68' lang='grc' dir='ltr'><strong><em>ί</em></strong></span> <span class='ocrx_word' id='word_1_636' title='bbox 2159 2873 2315 2943; x_wconf 74' lang='lat' dir='ltr'><strong>nent</strong></span> <span class='ocrx_word' id='word_1_637' title='bbox 2328 2869 2502 2943; x_wconf 76' lang='lat' dir='ltr'><strong>expia</strong></span> <span class='ocrx_word' id='word_1_638' title='bbox 2509 2869 2978 2943; x_wconf 73' lang='lat' dir='ltr'><strong>tus.E.rpurgari</strong></span> <span class='ocrx_word' id='word_1_639' title='bbox 2996 2876 3089 2926; x_wconf 87' lang='lat' dir='ltr'><strong>vet</strong></span> <span class='ocrx_word' id='word_1_640' title='bbox 3097 2886 3164 2943; x_wconf 82' lang='lat' dir='ltr'><strong>us</strong></span> <span class='ocrx_word' id='word_1_641' title='bbox 3177 2869 3433 2943; x_wconf 80' lang='lat' dir='ltr'><strong>fermen-</strong></span> 
     </span>
    </p>
   </div>
   <div class='ocr_carea' id='block_1_87' title="bbox 1833 2938 3430 3014">
    <p class='ocr_par' dir='ltr' id='par_1_87' title="bbox 1833 2938 3430 3014">
     <span class='ocr_line' id='line_1_90' title="bbox 1833 2938 3430 3014; baseline 0.001 -21"><span class='ocrx_word' id='word_1_642' title='bbox 1833 2938 1976 3014; x_wconf 64' lang='lat' dir='ltr'><strong>tum,</strong></span> <span class='ocrx_word' id='word_1_643' title='bbox 2006 2955 2132 2994; x_wconf 87' lang='lat' dir='ltr'><strong>cum</strong></span> <span class='ocrx_word' id='word_1_644' title='bbox 2161 2938 2386 2994; x_wconf 71' lang='lat' dir='ltr'><strong>litterae</strong></span> <span class='ocrx_word' id='word_1_645' title='bbox 2402 2938 2677 3014; x_wconf 71' lang='lat' dir='ltr'><strong>durities</strong></span> <span class='ocrx_word' id='word_1_646' title='bbox 2696 2938 2990 3014; x_wconf 61' lang='lat' dir='ltr'><strong>mollioris</strong></span> <span class='ocrx_word' id='word_1_647' title='bbox 3004 2941 3430 3014; x_wconf 73' lang='lat' dir='ltr'><strong>explicationis</strong></span> 
     </span>
    </p>
   </div>
   <div class='ocr_carea' id='block_1_88' title="bbox 1790 3008 3503 3081">
    <p class='ocr_par' dir='ltr' id='par_1_88' title="bbox 1790 3008 3503 3081">
     <span class='ocr_line' id='line_1_91' title="bbox 1790 3008 3503 3081; baseline 0.002 -18"><span class='ocrx_word' id='word_1_648' title='bbox 1790 3026 1805 3035; x_wconf 56' lang='grc' dir='ltr'><em>ν</em></span> <span class='ocrx_word' id='word_1_649' title='bbox 1829 3008 2435 3081; x_wconf 71' lang='lat' dir='ltr'><strong>farina&#39;temperatur.</strong></span> <span class='ocrx_word' id='word_1_650' title='bbox 2461 3008 2753 3077; x_wconf 83' lang='lat' dir='ltr'><strong>Quomodo</strong></span> <span class='ocrx_word' id='word_1_651' title='bbox 2770 3011 3065 3067; x_wconf 60' lang='lat' dir='ltr'><strong>Ecclesia</strong></span> <span class='ocrx_word' id='word_1_652' title='bbox 3087 3008 3289 3067; x_wconf 57' lang='lat' dir='ltr'><strong>&#39;farina</strong></span> <span class='ocrx_word' id='word_1_653' title='bbox 3304 3028 3427 3066; x_wconf 90' lang='lat' dir='ltr'><strong>om-</strong></span> <span class='ocrx_word' id='word_1_654' title='bbox 3498 3061 3503 3067; x_wconf 89' lang='lat'><strong>.</strong></span> 
     </span>
    </p>
   </div>
   <div class='ocr_carea' id='block_1_89' title="bbox 1831 3082 3433 3155">
    <p class='ocr_par' dir='ltr' id='par_1_89' title="bbox 1831 3082 3433 3155">
     <span class='ocr_line' id='line_1_92' title="bbox 1831 3082 3433 3155; baseline 0.001 -20"><span class='ocrx_word' id='word_1_655' title='bbox 1831 3095 1942 3155; x_wconf 81' lang='lat' dir='ltr'><strong>nes</strong></span> <span class='ocrx_word' id='word_1_656' title='bbox 1953 3082 2349 3155; x_wconf 74' lang='lat' dir='ltr'><strong>cons&#39;pergiac</strong></span> <span class='ocrx_word' id='word_1_657' title='bbox 2366 3082 2501 3155; x_wconf 81' lang='lat' dir='ltr'><strong>cibo</strong></span> <span class='ocrx_word' id='word_1_658' title='bbox 2520 3083 2843 3155; x_wconf 72' lang='lat' dir='ltr'><strong>cheruntis</strong></span> <span class='ocrx_word' id='word_1_659' title='bbox 2853 3085 3027 3155; x_wconf 77' lang='lat' dir='ltr'><strong>pasci</strong></span> <span class='ocrx_word' id='word_1_660' title='bbox 3046 3083 3323 3148; x_wconf 79' lang='lat' dir='ltr'><strong>debeant,</strong></span> <span class='ocrx_word' id='word_1_661' title='bbox 3352 3097 3433 3137; x_wconf 83' lang='lat' dir='ltr'><strong>ne</strong></span> 
     </span>
    </p>
   </div>
   <div class='ocr_carea' id='block_1_90' title="bbox 1824 3151 3431 3226">
    <p class='ocr_par' dir='ltr' id='par_1_90' title="bbox 1824 3151 3431 3226">
     <span class='ocr_line' id='line_1_93' title="bbox 1824 3151 3431 3226; baseline 0 -17"><span class='ocrx_word' id='word_1_662' title='bbox 1824 3151 2351 3226; x_wconf 43' lang='lat' dir='ltr'><strong>similes—evadant</strong></span> <span class='ocrx_word' id='word_1_663' title='bbox 2369 3153 2569 3226; x_wconf 79' lang='lat' dir='ltr'><strong>invidi</strong></span> <span class='ocrx_word' id='word_1_664' title='bbox 2589 3153 2754 3211; x_wconf 79' lang='lat' dir='ltr'><strong>illius</strong></span> <span class='ocrx_word' id='word_1_665' title='bbox 2771 3151 3011 3226; x_wconf 75' lang='lat' dir='ltr'><strong>fratris,</strong></span> <span class='ocrx_word' id='word_1_666' title='bbox 3050 3170 3220 3226; x_wconf 84' lang='lat' dir='ltr'><strong>quem</strong></span> <span class='ocrx_word' id='word_1_667' title='bbox 3248 3164 3431 3210; x_wconf 46' lang='lat' dir='ltr'><strong>arma-2</strong></span> 
     </span>
    </p>
   </div>
   <div class='ocr_carea' id='block_1_91' title="bbox 1830 3221 3322 3299">
    <p class='ocr_par' dir='ltr' id='par_1_91' title="bbox 1830 3221 3322 3299">
     <span class='ocr_line' id='line_1_94' title="bbox 1830 3221 3322 3299; baseline 0.002 -22"><span class='ocrx_word' id='word_1_668' title='bbox 1830 3221 2032 3295; x_wconf 75' lang='lat' dir='ltr'><strong>lantur</strong></span> <span class='ocrx_word' id='word_1_669' title='bbox 2052 3223 2146 3282; x_wconf 87' lang='grc' dir='ltr'><strong>Νο</strong></span> <span class='ocrx_word' id='word_1_670' title='bbox 2156 3224 2395 3290; x_wconf 85' lang='lat' dir='ltr'><strong>vatiani,</strong></span> <span class='ocrx_word' id='word_1_671' title='bbox 2437 3241 2678 3299; x_wconf 83' lang='lat' dir='ltr'><strong>quorum</strong></span> <span class='ocrx_word' id='word_1_672' title='bbox 2701 3230 2893 3287; x_wconf 87' lang='lat' dir='ltr'><strong>tumor</strong></span> <span class='ocrx_word' id='word_1_673' title='bbox 2914 3223 3043 3281; x_wconf 90' lang='lat' dir='ltr'><strong>illic</strong></span> <span class='ocrx_word' id='word_1_674' title='bbox 3059 3221 3322 3291; x_wconf 71' lang='lat' dir='ltr'><strong>notatur.</strong></span> 
     </span>
    </p>
   </div>
   <div class='ocr_carea' id='block_1_92' title="bbox 1828 3327 3432 3403">
    <p class='ocr_par' dir='ltr' id='par_1_92' title="bbox 1828 3327 3432 3403">
     <span class='ocr_line' id='line_1_95' title="bbox 1828 3327 3432 3403; baseline 0.001 -19"><span class='ocrx_word' id='word_1_675' title='bbox 1828 3327 1921 3385; x_wconf 88' lang='lat'><strong>78.</strong></span> <span class='ocrx_word' id='word_1_676' title='bbox 1949 3330 2152 3389; x_wconf 84' lang='lat' dir='ltr'><strong>Bonus</strong></span> <span class='ocrx_word' id='word_1_677' title='bbox 2190 3331 2387 3403; x_wconf 86' lang='lat' dir='ltr'><strong>itaque</strong></span> <span class='ocrx_word' id='word_1_678' title='bbox 2426 3331 2635 3388; x_wconf 88' lang='lat' dir='ltr'><strong>doctor</strong></span> <span class='ocrx_word' id='word_1_679' title='bbox 2680 3331 2821 3391; x_wconf 85' lang='lat' dir='ltr'><strong>dum</strong></span> <span class='ocrx_word' id='word_1_680' title='bbox 2858 3331 3147 3403; x_wconf 80' lang='lat' dir='ltr'><strong>promittit</strong></span> <span class='ocrx_word' id='word_1_681' title='bbox 3180 3330 3432 3401; x_wconf 86' lang='lat' dir='ltr'><strong>alterum</strong></span> 
     </span>
    </p>
   </div>
   <div class='ocr_carea' id='block_1_93' title="bbox 1756 3417 3425 3492">
    <p class='ocr_par' dir='ltr' id='par_1_93' title="bbox 1756 3417 3425 3492">
     <span class='ocr_line' id='line_1_96' title="bbox 1756 3417 3425 3492; baseline 0.001 -19"><span class='ocrx_word' id='word_1_682' title='bbox 1756 3417 1830 3474; x_wconf 91' lang='lat' dir='ltr'><strong>de</strong></span> <span class='ocrx_word' id='word_1_683' title='bbox 1859 3418 2114 3491; x_wconf 88' lang='lat' dir='ltr'><strong>duobus,</strong></span> <span class='ocrx_word' id='word_1_684' title='bbox 2148 3422 2459 3492; x_wconf 85' lang='lat' dir='ltr'><strong>utrumque</strong></span> <span class='ocrx_word' id='word_1_685' title='bbox 2489 3419 2747 3477; x_wconf 90' lang='lat' dir='ltr'><strong>donavit.</strong></span> <span class='ocrx_word' id='word_1_686' title='bbox 2780 3420 2954 3483; x_wconf 87' lang='lat' dir='ltr'><strong>Venit</strong></span> <span class='ocrx_word' id='word_1_687' title='bbox 2983 3420 3043 3479; x_wconf 90' lang='lat' dir='ltr'><strong>in</strong></span> <span class='ocrx_word' id='word_1_688' title='bbox 3071 3419 3425 3491; x_wconf 62' lang='lat' dir='ltr'><strong>virga,~quia</strong></span> 
     </span>
    </p>
   </div>
   <div class='ocr_carea' id='block_1_94' title="bbox 1754 3508 3431 3568">
    <p class='ocr_par' dir='ltr' id='par_1_94' title="bbox 1754 3508 3431 3568">
     <span class='ocr_line' id='line_1_97' title="bbox 1754 3508 3431 3568; baseline 0.002 -5"><span class='ocrx_word' id='word_1_689' title='bbox 1754 3523 1790 3563; x_wconf 90' lang='lat' dir='ltr'><strong>a</strong></span> <span class='ocrx_word' id='word_1_690' title='bbox 1820 3508 2233 3568; x_wconf 87' lang='lat' dir='ltr'><strong>communione</strong></span> <span class='ocrx_word' id='word_1_691' title='bbox 2272 3525 2444 3565; x_wconf 90' lang='lat' dir='ltr'><strong>sacra</strong></span> <span class='ocrx_word' id='word_1_692' title='bbox 2486 3509 2820 3567; x_wconf 87' lang='lat' dir='ltr'><strong>convictum</strong></span> <span class='ocrx_word' id='word_1_693' title='bbox 2856 3511 3129 3566; x_wconf 85' lang='lat' dir='ltr'><strong>removit.</strong></span> <span class='ocrx_word' id='word_1_694' title='bbox 3172 3508 3247 3567; x_wconf 83' lang='lat' dir='ltr'><strong>Et</strong></span> <span class='ocrx_word' id='word_1_695' title='bbox 3273 3508 3431 3567; x_wconf 83' lang='lat' dir='ltr'><strong>bene</strong></span> 
     </span>
    </p>
   </div>
   <div class='ocr_carea' id='block_1_95' title="bbox 1755 3596 3429 3671">
    <p class='ocr_par' dir='ltr' id='par_1_95' title="bbox 1755 3596 3429 3671">
     <span class='ocr_line' id='line_1_98' title="bbox 1755 3596 3429 3671; baseline 0.001 -20"><span class='ocrx_word' id='word_1_696' title='bbox 1755 3596 1970 3653; x_wconf 91' lang='lat' dir='ltr'><strong>dicitur</strong></span> <span class='ocrx_word' id='word_1_697' title='bbox 2007 3597 2158 3653; x_wconf 90' lang='lat' dir='ltr'><strong>tradi</strong></span> <span class='ocrx_word' id='word_1_698' title='bbox 2201 3597 2454 3668; x_wconf 71' lang='lat' dir='ltr'><strong>Satanm,</strong></span> <span class='ocrx_word' id='word_1_699' title='bbox 2487 3599 2585 3671; x_wconf 91' lang='lat' dir='ltr'><strong>qui</strong></span> <span class='ocrx_word' id='word_1_700' title='bbox 2632 3601 2942 3670; x_wconf 85' lang='lat' dir='ltr'><strong>separatur</strong></span> <span class='ocrx_word' id='word_1_701' title='bbox 2968 3615 3000 3653; x_wconf 92' lang='lat' dir='ltr'><strong>a</strong></span> <span class='ocrx_word' id='word_1_702' title='bbox 3031 3598 3253 3653; x_wconf 90' lang='lat' dir='ltr'><strong>Christi</strong></span> <span class='ocrx_word' id='word_1_703' title='bbox 3291 3612 3429 3653; x_wconf 87' lang='lat' dir='ltr'><strong>cor-</strong></span> 
     </span>
    </p>
   </div>
   <div class='ocr_carea' id='block_1_96' title="bbox 1754 3674 3427 3763">
    <p class='ocr_par' dir='ltr' id='par_1_96' title="bbox 1754 3674 3427 3763">
     <span class='ocr_line' id='line_1_99' title="bbox 1754 3674 3427 3763; baseline 0.001 -22"><span class='ocrx_word' id='word_1_704' title='bbox 1754 3700 1919 3756; x_wconf 89' lang='lat' dir='ltr'><strong>pore.</strong></span> <span class='ocrx_word' id='word_1_705' title='bbox 1980 3686 2154 3742; x_wconf 87' lang='lat' dir='ltr'><strong>Venit</strong></span> <span class='ocrx_word' id='word_1_706' title='bbox 2196 3677 2337 3742; x_wconf 78' lang='grc'><strong>411</strong></span> <span class='ocrx_word' id='word_1_707' title='bbox 2404 3688 2576 3742; x_wconf 90' lang='lat' dir='ltr'><strong>etiam</strong></span> <span class='ocrx_word' id='word_1_708' title='bbox 2626 3686 2682 3741; x_wconf 92' lang='lat' dir='ltr'><strong>in</strong></span> <span class='ocrx_word' id='word_1_709' title='bbox 2742 3685 3044 3763; x_wconf 77' lang='lat' dir='ltr'><strong>cliaritate,</strong></span> <span class='ocrx_word' id='word_1_710' title='bbox 3094 3674 3427 3759; x_wconf 66' lang='lat' dir='ltr'><strong>spirituque</strong></span> 
     </span>
    </p>
   </div>
   <div class='ocr_carea' id='block_1_97' title="bbox 1755 3766 3434 3848">
    <p class='ocr_par' dir='ltr' id='par_1_97' title="bbox 1755 3766 3434 3848">
     <span class='ocr_line' id='line_1_100' title="bbox 1755 3766 3434 3848; baseline 0.002 -18"><span class='ocrx_word' id='word_1_711' title='bbox 1755 3775 2247 3840; x_wconf 84' lang='lat' dir='ltr'><strong>mansuetudinis.</strong></span> <span class='ocrx_word' id='word_1_712' title='bbox 2298 3776 2393 3831; x_wconf 86' lang='lat' dir='ltr'><strong>vel</strong></span> <span class='ocrx_word' id='word_1_713' title='bbox 2443 3776 2577 3847; x_wconf 91' lang='lat' dir='ltr'><strong>quia</strong></span> <span class='ocrx_word' id='word_1_714' title='bbox 2625 3777 2714 3831; x_wconf 89' lang='lat' dir='ltr'><strong>sic</strong></span> <span class='ocrx_word' id='word_1_715' title='bbox 2753 3774 3010 3848; x_wconf 83' lang='lat' dir='ltr'><strong>tradidit,</strong></span> <span class='ocrx_word' id='word_1_716' title='bbox 3055 3774 3114 3831; x_wconf 88' lang='lat' dir='ltr'><strong>ut</strong></span> <span class='ocrx_word' id='word_1_717' title='bbox 3154 3766 3434 3846; x_wconf 76' lang='lat' dir='ltr'><strong>spiritum</strong></span> 
     </span>
    </p>
   </div>
   <div class='ocr_carea' id='block_1_98' title="bbox 1755 3862 3433 3936">
    <p class='ocr_par' dir='ltr' id='par_1_98' title="bbox 1755 3862 3433 3936">
     <span class='ocr_line' id='line_1_101' title="bbox 1755 3862 3433 3936; baseline 0.001 -18"><span class='ocrx_word' id='word_1_718' title='bbox 1755 3862 1890 3935; x_wconf 90' lang='lat' dir='ltr'><strong>ejus</strong></span> <span class='ocrx_word' id='word_1_719' title='bbox 1921 3864 2153 3921; x_wconf 89' lang='lat' dir='ltr'><strong>salvum</strong></span> <span class='ocrx_word' id='word_1_720' title='bbox 2203 3863 2443 3935; x_wconf 86' lang='lat' dir='ltr'><strong>faceret,</strong></span> <span class='ocrx_word' id='word_1_721' title='bbox 2473 3864 2737 3936; x_wconf 69' lang='lat' dir='ltr'><strong>veLquia</strong></span> <span class='ocrx_word' id='word_1_722' title='bbox 2785 3879 2920 3921; x_wconf 84' lang='lat' dir='ltr'><strong>eum</strong></span> <span class='ocrx_word' id='word_1_723' title='bbox 2949 3880 3127 3935; x_wconf 89' lang='lat' dir='ltr'><strong>quem</strong></span> <span class='ocrx_word' id='word_1_724' title='bbox 3156 3866 3433 3922; x_wconf 73' lang='lat' dir='ltr'><strong>antesc—</strong></span> 
     </span>
    </p>
   </div>
   <div class='ocr_carea' id='block_1_99' title="bbox 1753 3952 3170 4024">
    <p class='ocr_par' dir='ltr' id='par_1_99' title="bbox 1753 3952 3170 4024">
     <span class='ocr_line' id='line_1_102' title="bbox 1753 3952 3170 4024; baseline 0 -17"><span class='ocrx_word' id='word_1_725' title='bbox 1753 3956 2161 4024; x_wconf 88' lang='lat' dir='ltr'><strong>questraverat</strong></span> <span class='ocrx_word' id='word_1_726' title='bbox 2191 3956 2393 4023; x_wconf 82' lang='lat' dir='ltr'><strong>postea</strong></span> <span class='ocrx_word' id='word_1_727' title='bbox 2416 3953 2815 4008; x_wconf 77' lang='lat' dir='ltr'><strong>sacramentis</strong></span> <span class='ocrx_word' id='word_1_728' title='bbox 2844 3952 3119 4009; x_wconf 84' lang='lat' dir='ltr'><strong>reddidit.</strong></span> <span class='ocrx_word' id='word_1_729' title='bbox 3166 3967 3170 3971; x_wconf 83' lang='lat'><strong><em>&#39;</em></strong></span> 
     </span>
    </p>
   </div>
   <div class='ocr_carea' id='block_1_100' title="bbox 1823 4034 3424 4115">
    <p class='ocr_par' dir='ltr' id='par_1_100' title="bbox 1823 4034 3424 4115">
     <span class='ocr_line' id='line_1_103' title="bbox 1823 4034 3424 4115; baseline 0.001 -19"><span class='ocrx_word' id='word_1_730' title='bbox 1823 4034 1914 4096; x_wconf 81' lang='lat'><strong>79.</strong></span> <span class='ocrx_word' id='word_1_731' title='bbox 1949 4041 2098 4099; x_wconf 80' lang='lat' dir='ltr'><strong>Nam</strong></span> <span class='ocrx_word' id='word_1_732' title='bbox 2128 4045 2184 4097; x_wconf 93' lang='lat' dir='ltr'><strong>et</strong></span> <span class='ocrx_word' id='word_1_733' title='bbox 2213 4041 2579 4114; x_wconf 81' lang='lat' dir='ltr'><strong>sequestrari</strong></span> <span class='ocrx_word' id='word_1_734' title='bbox 2609 4044 2857 4114; x_wconf 83' lang='lat' dir='ltr'><strong>oportet</strong></span> <span class='ocrx_word' id='word_1_735' title='bbox 2878 4042 3143 4115; x_wconf 72' lang='lat' dir='ltr'><strong>graviter</strong></span> <span class='ocrx_word' id='word_1_736' title='bbox 3167 4041 3424 4115; x_wconf 88' lang='lat' dir='ltr'><strong>lapsum,</strong></span> 
     </span>
    </p>
   </div>
   <div class='ocr_carea' id='block_1_101' title="bbox 1754 4118 3424 4205">
    <p class='ocr_par' dir='ltr' id='par_1_101' title="bbox 1754 4118 3424 4205">
     <span class='ocr_line' id='line_1_104' title="bbox 1754 4118 3424 4205; baseline 0 -19"><span class='ocrx_word' id='word_1_737' title='bbox 1754 4138 1829 4186; x_wconf 90' lang='lat' dir='ltr'><strong>ne</strong></span> <span class='ocrx_word' id='word_1_738' title='bbox 1860 4118 2154 4187; x_wconf 88' lang='lat' dir='ltr'><strong>modicum</strong></span> <span class='ocrx_word' id='word_1_739' title='bbox 2187 4131 2535 4187; x_wconf 87' lang='lat' dir='ltr'><strong>fermentum</strong></span> <span class='ocrx_word' id='word_1_740' title='bbox 2561 4130 2738 4186; x_wconf 84' lang='lat' dir='ltr'><strong>totam</strong></span> <span class='ocrx_word' id='word_1_741' title='bbox 2762 4128 3033 4189; x_wconf 81' lang='lat' dir='ltr'><strong>massam</strong></span> <span class='ocrx_word' id='word_1_742' title='bbox 3055 4124 3424 4205; x_wconf 82' lang='lat' dir='ltr'><strong>corrumpat:</strong></span> 
     </span>
    </p>
   </div>
   <div class='ocr_carea' id='block_1_102' title="bbox 1754 4212 3425 4293">
    <p class='ocr_par' dir='ltr' id='par_1_102' title="bbox 1754 4212 3425 4293">
     <span class='ocr_line' id='line_1_105' title="bbox 1754 4212 3425 4293; baseline -0.001 -18"><span class='ocrx_word' id='word_1_743' title='bbox 1754 4222 1812 4276; x_wconf 88' lang='lat' dir='ltr'><strong>et</strong></span> <span class='ocrx_word' id='word_1_744' title='bbox 1839 4212 2292 4293; x_wconf 81' lang='lat' dir='ltr'><strong>expurgandum</strong></span> <span class='ocrx_word' id='word_1_745' title='bbox 2339 4224 2439 4277; x_wconf 85' lang='lat' dir='ltr'><strong>est</strong></span> <span class='ocrx_word' id='word_1_746' title='bbox 2462 4223 2634 4276; x_wconf 85' lang='lat' dir='ltr'><strong>vetus</strong></span> <span class='ocrx_word' id='word_1_747' title='bbox 2674 4219 3046 4288; x_wconf 76' lang='lat' dir='ltr'><strong>fermentum,</strong></span> <span class='ocrx_word' id='word_1_748' title='bbox 3074 4218 3173 4285; x_wconf 81' lang='lat' dir='ltr'><strong>vel</strong></span> <span class='ocrx_word' id='word_1_749' title='bbox 3202 4219 3265 4277; x_wconf 88' lang='lat' dir='ltr'><strong>in</strong></span> <span class='ocrx_word' id='word_1_750' title='bbox 3293 4220 3425 4275; x_wconf 85' lang='lat' dir='ltr'><strong>sin-</strong></span> 
     </span>
    </p>
   </div>
   <div class='ocr_carea' id='block_1_103' title="bbox 1753 4307 3427 4381">
    <p class='ocr_par' dir='ltr' id='par_1_103' title="bbox 1753 4307 3427 4381">
     <span class='ocr_line' id='line_1_106' title="bbox 1753 4307 3427 4381; baseline 0 -19"><span class='ocrx_word' id='word_1_751' title='bbox 1753 4308 1914 4381; x_wconf 86' lang='lat' dir='ltr'><strong>gulis</strong></span> <span class='ocrx_word' id='word_1_752' title='bbox 1942 4313 2115 4366; x_wconf 81' lang='lat' dir='ltr'><strong>vetus</strong></span> <span class='ocrx_word' id='word_1_753' title='bbox 2144 4310 2344 4380; x_wconf 77' lang='lat' dir='ltr'><strong>homo,</strong></span> <span class='ocrx_word' id='word_1_754' title='bbox 2377 4309 2495 4365; x_wconf 73' lang='lat' dir='ltr'><strong>hoc</strong></span> <span class='ocrx_word' id='word_1_755' title='bbox 2521 4312 2634 4379; x_wconf 90' lang='lat' dir='ltr'><strong>est,</strong></span> <span class='ocrx_word' id='word_1_756' title='bbox 2666 4309 2931 4365; x_wconf 65' lang='lat' dir='ltr'><strong>exterior</strong></span> <span class='ocrx_word' id='word_1_757' title='bbox 2947 4307 3132 4363; x_wconf 82' lang='lat' dir='ltr'><strong>homo</strong></span> <span class='ocrx_word' id='word_1_758' title='bbox 3165 4322 3299 4364; x_wconf 89' lang='lat' dir='ltr'><strong>cum</strong></span> <span class='ocrx_word' id='word_1_759' title='bbox 3321 4322 3427 4362; x_wconf 88' lang='lat' dir='ltr'><strong>ac-</strong></span> 
     </span>
    </p>
   </div>
   <div class='ocr_carea' id='block_1_104' title="bbox 1752 4394 3429 4472">
    <p class='ocr_par' dir='ltr' id='par_1_104' title="bbox 1752 4394 3429 4472">
     <span class='ocr_line' id='line_1_107' title="bbox 1752 4394 3429 4472; baseline -0.002 -21"><span class='ocrx_word' id='word_1_760' title='bbox 1752 4397 1915 4453; x_wconf 87' lang='lat' dir='ltr'><strong>tibus</strong></span> <span class='ocrx_word' id='word_1_761' title='bbox 1948 4398 2097 4469; x_wconf 89' lang='lat' dir='ltr'><strong>suis,</strong></span> <span class='ocrx_word' id='word_1_762' title='bbox 2127 4398 2223 4454; x_wconf 89' lang='lat' dir='ltr'><strong>vel</strong></span> <span class='ocrx_word' id='word_1_763' title='bbox 2242 4396 2313 4454; x_wconf 86' lang='lat' dir='ltr'><strong>in</strong></span> <span class='ocrx_word' id='word_1_764' title='bbox 2359 4398 2587 4472; x_wconf 73' lang='lat' dir='ltr'><strong>populo</strong></span> <span class='ocrx_word' id='word_1_765' title='bbox 2625 4397 2988 4453; x_wconf 85' lang='lat' dir='ltr'><strong>inveteratus</strong></span> <span class='ocrx_word' id='word_1_766' title='bbox 3016 4396 3301 4468; x_wconf 80' lang='lat' dir='ltr'><strong>peccatis,</strong></span> <span class='ocrx_word' id='word_1_767' title='bbox 3333 4394 3429 4449; x_wconf 88' lang='lat' dir='ltr'><strong>vi-</strong></span> 
     </span>
    </p>
   </div>
   <div class='ocr_carea' id='block_1_105' title="bbox 1752 4480 3430 4558">
    <p class='ocr_par' dir='ltr' id='par_1_105' title="bbox 1752 4480 3430 4558">
     <span class='ocr_line' id='line_1_108' title="bbox 1752 4480 3430 4558; baseline 0.001 -17"><span class='ocrx_word' id='word_1_768' title='bbox 1752 4484 1971 4558; x_wconf 91' lang='lat' dir='ltr'><strong>tiisque</strong></span> <span class='ocrx_word' id='word_1_769' title='bbox 2003 4491 2338 4544; x_wconf 90' lang='lat' dir='ltr'><strong>concretus.</strong></span> <span class='ocrx_word' id='word_1_770' title='bbox 2370 4486 2442 4543; x_wconf 89' lang='lat' dir='ltr'><strong>Et</strong></span> <span class='ocrx_word' id='word_1_771' title='bbox 2470 4487 2625 4544; x_wconf 89' lang='lat' dir='ltr'><strong>bene</strong></span> <span class='ocrx_word' id='word_1_772' title='bbox 2650 4485 2800 4543; x_wconf 81' lang='lat' dir='ltr'><strong>dixit</strong></span> <span class='ocrx_word' id='word_1_773' title='bbox 2816 4480 3430 4558; x_wconf 77' lang='lat' dir='ltr'><strong>expurgandum,non</strong></span> 
     </span>
    </p>
   </div>
   <div class='ocr_carea' id='block_1_106' title="bbox 1752 4576 3431 4650">
    <p class='ocr_par' dir='ltr' id='par_1_106' title="bbox 1752 4576 3431 4650">
     <span class='ocr_line' id='line_1_109' title="bbox 1752 4576 3431 4650; baseline -0.003 -17"><span class='ocrx_word' id='word_1_774' title='bbox 1752 4577 2226 4648; x_wconf 88' lang='lat' dir='ltr'><strong>projiciendum:</strong></span> <span class='ocrx_word' id='word_1_775' title='bbox 2275 4578 2431 4650; x_wconf 86' lang='lat' dir='ltr'><strong>quod</strong></span> <span class='ocrx_word' id='word_1_776' title='bbox 2460 4577 2620 4634; x_wconf 88' lang='lat' dir='ltr'><strong>enim</strong></span> <span class='ocrx_word' id='word_1_777' title='bbox 2663 4578 3050 4648; x_wconf 77' lang='lat' dir='ltr'><strong>expurgatur,</strong></span> <span class='ocrx_word' id='word_1_778' title='bbox 3081 4589 3202 4629; x_wconf 91' lang='lat' dir='ltr'><strong>non</strong></span> <span class='ocrx_word' id='word_1_779' title='bbox 3240 4576 3431 4628; x_wconf 83' lang='lat' dir='ltr'><strong>totum</strong></span> 
     </span>
    </p>
   </div>
   <div class='ocr_carea' id='block_1_107' title="bbox 1675 4648 3427 4745">
    <p class='ocr_par' dir='ltr' id='par_1_107' title="bbox 1675 4648 3427 4745">
     <span class='ocr_line' id='line_1_110' title="bbox 1675 4648 3427 4745; baseline -0.002 -24"><span class='ocrx_word' id='word_1_780' title='bbox 1675 4648 2052 4745; x_wconf 53' lang='lat' dir='ltr'><strong>Qljudicatur</strong></span> <span class='ocrx_word' id='word_1_781' title='bbox 2079 4648 2322 4736; x_wconf 51' lang='lat' dir='ltr'><strong>inutile:</strong></span> <span class='ocrx_word' id='word_1_782' title='bbox 2370 4667 2507 4722; x_wconf 88' lang='lat' dir='ltr'><strong>ideo</strong></span> <span class='ocrx_word' id='word_1_783' title='bbox 2543 4665 2721 4721; x_wconf 79' lang='lat' dir='ltr'><strong>enim</strong></span> <span class='ocrx_word' id='word_1_784' title='bbox 2748 4666 3057 4737; x_wconf 85' lang='lat' dir='ltr'><strong>purgatur,</strong></span> <span class='ocrx_word' id='word_1_785' title='bbox 3088 4666 3150 4717; x_wconf 89' lang='lat' dir='ltr'><strong>ut</strong></span> <span class='ocrx_word' id='word_1_786' title='bbox 3180 4660 3321 4717; x_wconf 87' lang='lat' dir='ltr'><strong>utile</strong></span> <span class='ocrx_word' id='word_1_787' title='bbox 3351 4662 3427 4717; x_wconf 88' lang='lat' dir='ltr'><strong>ab</strong></span> 
     </span>
    </p>
   </div>
   <div class='ocr_carea' id='block_1_108' title="bbox 1753 4748 3429 4828">
    <p class='ocr_par' dir='ltr' id='par_1_108' title="bbox 1753 4748 3429 4828">
     <span class='ocr_line' id='line_1_111' title="bbox 1753 4748 3429 4828; baseline -0.002 -18"><span class='ocrx_word' id='word_1_788' title='bbox 1753 4754 1941 4810; x_wconf 90' lang='lat' dir='ltr'><strong>inutili</strong></span> <span class='ocrx_word' id='word_1_789' title='bbox 1975 4761 2312 4828; x_wconf 82' lang='lat' dir='ltr'><strong>separetur:</strong></span> <span class='ocrx_word' id='word_1_790' title='bbox 2340 4755 2502 4827; x_wconf 82' lang='lat' dir='ltr'><strong>quod</strong></span> <span class='ocrx_word' id='word_1_791' title='bbox 2533 4757 2729 4809; x_wconf 85' lang='lat' dir='ltr'><strong>autem</strong></span> <span class='ocrx_word' id='word_1_792' title='bbox 2745 4751 3077 4824; x_wconf 72' lang='lat' dir='ltr'><strong>projicitur,</strong></span> <span class='ocrx_word' id='word_1_793' title='bbox 3110 4748 3256 4806; x_wconf 88' lang='lat' dir='ltr'><strong>nihil</strong></span> <span class='ocrx_word' id='word_1_794' title='bbox 3277 4751 3336 4806; x_wconf 88' lang='lat' dir='ltr'><strong>in</strong></span> <span class='ocrx_word' id='word_1_795' title='bbox 3359 4765 3429 4806; x_wconf 87' lang='lat' dir='ltr'><strong>se</strong></span> 
     </span>
    </p>
   </div>
   <div class='ocr_carea' id='block_1_109' title="bbox 1752 4845 2881 4911">
    <p class='ocr_par' dir='ltr' id='par_1_109' title="bbox 1752 4845 2881 4911">
     <span class='ocr_line' id='line_1_112' title="bbox 1752 4845 2881 4911; baseline -0.003 -10"><span class='ocrx_word' id='word_1_796' title='bbox 1752 4845 1893 4901; x_wconf 88' lang='lat' dir='ltr'><strong>utile</strong></span> <span class='ocrx_word' id='word_1_797' title='bbox 1925 4845 2145 4902; x_wconf 86' lang='lat' dir='ltr'><strong>habere</strong></span> <span class='ocrx_word' id='word_1_798' title='bbox 2177 4845 2455 4902; x_wconf 88' lang='lat' dir='ltr'><strong>creditur.</strong></span> <span class='ocrx_word' id='word_1_799' title='bbox 2878 4910 2881 4911; x_wconf 18' lang='grc' dir='ltr'><em>ν</em></span> 
     </span>
    </p>
   </div>
   <div class='ocr_carea' id='block_1_110' title="bbox 1823 4929 3425 5008">
    <p class='ocr_par' dir='ltr' id='par_1_110' title="bbox 1823 4929 3425 5008">
     <span class='ocr_line' id='line_1_113' title="bbox 1823 4929 3425 5008; baseline -0.003 -18"><span class='ocrx_word' id='word_1_800' title='bbox 1823 4934 1912 4991; x_wconf 89' lang='grc'><strong>80.</strong></span> <span class='ocrx_word' id='word_1_801' title='bbox 1947 4933 2142 5008; x_wconf 85' lang='lat' dir='ltr'><strong>[Alias</strong></span> <span class='ocrx_word' id='word_1_802' title='bbox 2184 4950 2313 5006; x_wconf 81' lang='lat' dir='ltr'><strong>cap.</strong></span> <span class='ocrx_word' id='word_1_803' title='bbox 2347 4931 2658 5007; x_wconf 75' lang='lat' dir='ltr'><strong>XV].-Jam</strong></span> <span class='ocrx_word' id='word_1_804' title='bbox 2702 4933 2826 4988; x_wconf 92' lang='lat' dir='ltr'><strong>tum</strong></span> <span class='ocrx_word' id='word_1_805' title='bbox 2867 4930 3051 5004; x_wconf 88' lang='lat' dir='ltr'><strong>igitur</strong></span> <span class='ocrx_word' id='word_1_806' title='bbox 3098 4929 3425 5001; x_wconf 83' lang='lat' dir='ltr'><strong>Apostolus</strong></span> 
     </span>
    </p>
   </div>
   <div class='ocr_carea' id='block_1_111' title="bbox 1754 5018 3427 5093">
    <p class='ocr_par' dir='ltr' id='par_1_111' title="bbox 1754 5018 3427 5093">
     <span class='ocr_line' id='line_1_114' title="bbox 1754 5018 3427 5093; baseline -0.002 -14"><span class='ocrx_word' id='word_1_807' title='bbox 1754 5023 2102 5079; x_wconf 84' lang='lat' dir='ltr'><strong>reddentum</strong></span> <span class='ocrx_word' id='word_1_808' title='bbox 2133 5022 2522 5078; x_wconf 84' lang='lat' dir='ltr'><strong>sacramentis</strong></span> <span class='ocrx_word' id='word_1_809' title='bbox 2547 5020 2837 5093; x_wconf 83' lang='lat' dir='ltr'><strong>judicavit</strong></span> <span class='ocrx_word' id='word_1_810' title='bbox 2862 5018 3347 5089; x_wconf 78' lang='lat' dir='ltr'><strong>ccelestibus(12)</strong></span> <span class='ocrx_word' id='word_1_811' title='bbox 3369 5019 3427 5075; x_wconf 87' lang='lat' dir='ltr'><strong>si</strong></span> 
     </span>
    </p>
   </div>
   <div class='ocr_carea' id='block_1_112' title="bbox 1754 5108 3426 5195">
    <p class='ocr_par' dir='ltr' id='par_1_112' title="bbox 1754 5108 3426 5195">
     <span class='ocr_line' id='line_1_115' title="bbox 1754 5108 3426 5195; baseline -0.002 -26"><span class='ocrx_word' id='word_1_812' title='bbox 1754 5113 1993 5187; x_wconf 89' lang='lat' dir='ltr'><strong>purgari</strong></span> <span class='ocrx_word' id='word_1_813' title='bbox 2013 5128 2079 5168; x_wconf 89' lang='lat' dir='ltr'><strong>se</strong></span> <span class='ocrx_word' id='word_1_814' title='bbox 2102 5112 2231 5184; x_wconf 88' lang='lat' dir='ltr'><strong>ipse</strong></span> <span class='ocrx_word' id='word_1_815' title='bbox 2248 5112 2442 5168; x_wconf 86' lang='lat' dir='ltr'><strong>vellet.</strong></span> <span class='ocrx_word' id='word_1_816' title='bbox 2467 5110 2538 5167; x_wconf 88' lang='lat' dir='ltr'><strong>Et</strong></span> <span class='ocrx_word' id='word_1_817' title='bbox 2553 5110 2705 5166; x_wconf 88' lang='lat' dir='ltr'><strong>bene</strong></span> <span class='ocrx_word' id='word_1_818' title='bbox 2718 5109 2817 5181; x_wconf 87' lang='lat' dir='ltr'><strong>ait,</strong></span> <span class='ocrx_word' id='word_1_819' title='bbox 2840 5109 3190 5195; x_wconf 76' lang='lat' dir='ltr'><strong>Expurgate</strong></span> <span class='ocrx_word' id='word_1_820' title='bbox 3209 5108 3269 5179; x_wconf 66' lang='grc' dir='ltr'><strong>(Ἰ</strong></span> <span class='ocrx_word' id='word_1_821' title='bbox 3286 5108 3426 5165; x_wconf 83' lang='lat' dir='ltr'><strong>Cor.</strong></span> 
     </span>
    </p>
   </div>
   <div class='ocr_carea' id='block_1_113' title="bbox 1756 5251 3427 5322">
    <p class='ocr_par' dir='ltr' id='par_1_113' title="bbox 1756 5251 3427 5322">
     <span class='ocr_line' id='line_1_116' title="bbox 1756 5251 3427 5322; baseline -0.003 -10"><span class='ocrx_word' id='word_1_822' title='bbox 1756 5257 2111 5312; x_wconf 80' lang='lat' dir='ltr'><strong>Ambrosius</strong></span> <span class='ocrx_word' id='word_1_823' title='bbox 2144 5271 2276 5311; x_wconf 91' lang='lat' dir='ltr'><strong>cum</strong></span> <span class='ocrx_word' id='word_1_824' title='bbox 2305 5256 2367 5310; x_wconf 92' lang='lat' dir='ltr'><strong>in</strong></span> <span class='ocrx_word' id='word_1_825' title='bbox 2398 5254 2532 5311; x_wconf 85' lang='lat' dir='ltr'><strong>aliis</strong></span> <span class='ocrx_word' id='word_1_826' title='bbox 2563 5253 2693 5309; x_wconf 87' lang='lat' dir='ltr'><strong>suis</strong></span> <span class='ocrx_word' id='word_1_827' title='bbox 2724 5252 2916 5322; x_wconf 89' lang='lat' dir='ltr'><strong>libris,</strong></span> <span class='ocrx_word' id='word_1_828' title='bbox 2948 5256 3074 5308; x_wconf 90' lang='lat' dir='ltr'><strong>tum</strong></span> <span class='ocrx_word' id='word_1_829' title='bbox 3104 5251 3161 5306; x_wconf 86' lang='lat' dir='ltr'><strong>in</strong></span> <span class='ocrx_word' id='word_1_830' title='bbox 3199 5251 3294 5307; x_wconf 85' lang='lat' dir='ltr'><strong>his</strong></span> <span class='ocrx_word' id='word_1_831' title='bbox 3314 5266 3427 5322; x_wconf 88' lang='lat' dir='ltr'><strong>po-</strong></span> 
     </span>
    </p>
   </div>
   <div class='ocr_carea' id='block_1_114' title="bbox 1754 5324 3431 5400">
    <p class='ocr_par' dir='ltr' id='par_1_114' title="bbox 1754 5324 3431 5400">
     <span class='ocr_line' id='line_1_117' title="bbox 1754 5324 3431 5400; baseline -0.004 -16"><span class='ocrx_word' id='word_1_832' title='bbox 1754 5330 2060 5400; x_wconf 13' lang='lat' dir='ltr'><strong>tissimum,</strong></span> <span class='ocrx_word' id='word_1_833' title='bbox 2075 5328 2415 5400; x_wconf 87' lang='lat' dir='ltr'><strong>graviorum</strong></span> <span class='ocrx_word' id='word_1_834' title='bbox 2447 5326 2757 5382; x_wconf 81' lang='lat' dir='ltr'><strong>criminum</strong></span> <span class='ocrx_word' id='word_1_835' title='bbox 2780 5340 2933 5400; x_wconf 63' lang='lat' dir='ltr'><strong>reos</strong></span> <span class='ocrx_word' id='word_1_836' title='bbox 2948 5329 3064 5400; x_wconf 79' lang='lat' dir='ltr'><strong>tam</strong></span> <span class='ocrx_word' id='word_1_837' title='bbox 3082 5324 3431 5396; x_wconf 87' lang='lat' dir='ltr'><strong>frequenter</strong></span> 
     </span>
    </p>
   </div>
   <div class='ocr_carea' id='block_1_115' title="bbox 1753 5395 3430 5469">
    <p class='ocr_par' dir='ltr' id='par_1_115' title="bbox 1753 5395 3430 5469">
     <span class='ocr_line' id='line_1_118' title="bbox 1753 5395 3430 5469; baseline -0.005 -13"><span class='ocrx_word' id='word_1_838' title='bbox 1753 5405 1816 5456; x_wconf 93' lang='lat' dir='ltr'><strong>ut</strong></span> <span class='ocrx_word' id='word_1_839' title='bbox 1833 5400 1903 5455; x_wconf 88' lang='lat' dir='ltr'><strong>ad</strong></span> <span class='ocrx_word' id='word_1_840' title='bbox 1930 5395 2769 5469; x_wconf 77' lang='lat' dir='ltr'><strong>Ecclésiaeuniversorumque</strong></span> <span class='ocrx_word' id='word_1_841' title='bbox 2794 5395 3268 5469; x_wconf 76' lang='lat' dir='ltr'><strong>Christianorum</strong></span> <span class='ocrx_word' id='word_1_842' title='bbox 3299 5408 3430 5464; x_wconf 82' lang='lat' dir='ltr'><strong>pre-</strong></span> 
     </span>
    </p>
   </div>
   <div class='ocr_carea' id='block_1_116' title="bbox 1755 5465 3425 5555">
    <p class='ocr_par' dir='ltr' id='par_1_116' title="bbox 1755 5465 3425 5555">
     <span class='ocr_line' id='line_1_119' title="bbox 1755 5465 3425 5555; baseline -0.006 -28"><span class='ocrx_word' id='word_1_843' title='bbox 1755 5488 1857 5527; x_wconf 86' lang='lat' dir='ltr'><strong>ces</strong></span> <span class='ocrx_word' id='word_1_844' title='bbox 1888 5470 2570 5555; x_wconf 61' lang='lat' dir='ltr'><strong>confugiant,_hort_atur,</strong></span> <span class='ocrx_word' id='word_1_845' title='bbox 2603 5465 3425 5555; x_wconf 43' lang='lat' dir='ltr'><strong>ut_an‘1.biguum.hab£n;n_o-n</strong></span> 
     </span>
    </p>
   </div>
   <div class='ocr_carea' id='block_1_117' title="bbox 1796 5536 3425 5614">
    <p class='ocr_par' dir='ltr' id='par_1_117' title="bbox 1796 5536 3425 5614">
     <span class='ocr_line' id='line_1_120' title="bbox 1796 5536 3425 5614; baseline -0.007 -16"><span class='ocrx_word' id='word_1_846' title='bbox 1796 5544 1968 5610; x_wconf 90' lang='lat' dir='ltr'><strong>ossit,</strong></span> <span class='ocrx_word' id='word_1_847' title='bbox 2001 5536 2145 5614; x_wconf 65' lang='lat' dir='ltr'><strong>quin</strong></span> <span class='ocrx_word' id='word_1_848' title='bbox 2175 5536 2582 5614; x_wconf 59' lang='lat' dir='ltr'><strong>sudmgia&#39;illa</strong></span> <span class='ocrx_word' id='word_1_849' title='bbox 2616 5555 2732 5614; x_wconf 80' lang='lat' dir='ltr'><strong>non</strong></span> <span class='ocrx_word' id='word_1_850' title='bbox 2757 5536 3231 5614; x_wconf 58' lang='lat' dir='ltr'><strong>feceritminoris</strong></span> <span class='ocrx_word' id='word_1_851' title='bbox 3248 5546 3425 5614; x_wconf 66' lang='lat' dir='ltr'><strong>quam</strong></span> 
     </span>
    </p>
   </div>
   <div class='ocr_carea' id='block_1_118' title="bbox 1753 5560 3425 5683">
    <p class='ocr_par' dir='ltr' id='par_1_118' title="bbox 1753 5560 3425 5683">
     <span class='ocr_line' id='line_1_121' title="bbox 1796 5560 3425 5614; baseline -0.008 -16"><span class='ocrx_word' id='word_1_852' title='bbox 1796 5560 1968 5610; x_wconf 79' lang='lat' dir='ltr'><strong>essu,</strong></span> <span class='ocrx_word' id='word_1_853' title='bbox 2001 5560 2145 5614; x_wconf 70' lang='lat' dir='ltr'><strong>quin</strong></span> <span class='ocrx_word' id='word_1_854' title='bbox 2175 5560 2582 5613; x_wconf 63' lang='lat' dir='ltr'><strong>unragia&#39;ma</strong></span> <span class='ocrx_word' id='word_1_855' title='bbox 2616 5560 2732 5594; x_wconf 85' lang='lat' dir='ltr'><strong>non</strong></span> <span class='ocrx_word' id='word_1_856' title='bbox 2757 5560 2963 5594; x_wconf 68' lang='lat' dir='ltr'><strong>recent</strong></span> <span class='ocrx_word' id='word_1_857' title='bbox 2984 5560 3231 5591; x_wconf 72' lang='lat' dir='ltr'><strong>minoris</strong></span> <span class='ocrx_word' id='word_1_858' title='bbox 3248 5560 3425 5605; x_wconf 75' lang='lat' dir='ltr'><strong>quam</strong></span> 
     </span>
     <span class='ocr_line' id='line_1_122' title="bbox 1753 5560 3425 5683; baseline -0.009 -13"><span class='ocrx_word' id='word_1_859' title='bbox 1753 5560 2176 5682; x_wconf 60' lang='grc' dir='ltr'><strong>Ιἰϊθγῑιιηίεπιιιει,</strong></span> <span class='ocrx_word' id='word_1_860' title='bbox 2198 5612 2375 5683; x_wconf 87' lang='lat' dir='ltr'><strong>cujus</strong></span> <span class='ocrx_word' id='word_1_861' title='bbox 2392 5628 2465 5666; x_wconf 84' lang='lat' dir='ltr'><strong>ea</strong></span> <span class='ocrx_word' id='word_1_862' title='bbox 2484 5612 2559 5667; x_wconf 86' lang='lat' dir='ltr'><strong>de</strong></span> <span class='ocrx_word' id='word_1_863' title='bbox 2576 5625 2642 5683; x_wconf 83' lang='lat' dir='ltr'><strong>re</strong></span> <span class='ocrx_word' id='word_1_864' title='bbox 2676 5611 2778 5666; x_wconf 86' lang='lat' dir='ltr'><strong>lib.</strong></span> <span class='ocrx_word' id='word_1_865' title='bbox 2804 5610 2894 5665; x_wconf 88' lang='lat' dir='ltr'><strong>De</strong></span> <span class='ocrx_word' id='word_1_866' title='bbox 2922 5608 3149 5663; x_wconf 61' lang='lat' dir='ltr'><strong>Paruit.</strong></span> <span class='ocrx_word' id='word_1_867' title='bbox 3168 5620 3295 5683; x_wconf 76' lang='lat' dir='ltr'><strong>cap.</strong></span> <span class='ocrx_word' id='word_1_868' title='bbox 3319 5602 3425 5683; x_wconf 50' lang='grc' dir='ltr'><strong>ΑΟ,</strong></span> 
     </span>
    </p>
   </div>
   <div class='ocr_carea' id='block_1_119' title="bbox 1753 5673 3419 5758">
    <p class='ocr_par' dir='ltr' id='par_1_119' title="bbox 1753 5673 3419 5758">
     <span class='ocr_line' id='line_1_123' title="bbox 1753 5673 3419 5758; baseline -0.001 -18"><span class='ocrx_word' id='word_1_869' title='bbox 1753 5686 1936 5758; x_wconf 80' lang='lat' dir='ltr'><strong>verba</strong></span> <span class='ocrx_word' id='word_1_870' title='bbox 1968 5687 2104 5740; x_wconf 86' lang='lat' dir='ltr'><strong>sunt</strong></span> <span class='ocrx_word' id='word_1_871' title='bbox 2128 5700 2140 5739; x_wconf 92' lang='lat'><strong>:</strong></span> <span class='ocrx_word' id='word_1_872' title='bbox 2162 5673 2202 5733; x_wconf 76' lang='grc' dir='ltr'><strong><em>ἀ</em></strong></span> <span class='ocrx_word' id='word_1_873' title='bbox 2238 5673 2573 5758; x_wconf 50' lang='lat' dir='ltr'><strong>C‘umtgad</strong></span> <span class='ocrx_word' id='word_1_874' title='bbox 2602 5682 2846 5758; x_wconf 76' lang='lat' dir='ltr'><strong>fratrum</strong></span> <span class='ocrx_word' id='word_1_875' title='bbox 2876 5694 3070 5751; x_wconf 88' lang='lat' dir='ltr'><strong>genua</strong></span> <span class='ocrx_word' id='word_1_876' title='bbox 3091 5673 3419 5758; x_wconf 51' lang='lat' dir='ltr'><strong>protenti“.</strong></span> 
     </span>
    </p>
   </div>
   <div class='ocr_carea' id='block_1_120' title="bbox 1753 5743 3435 5825">
    <p class='ocr_par' dir='ltr' id='par_1_120' title="bbox 1753 5743 3435 5825">
     <span class='ocr_line' id='line_1_124' title="bbox 1753 5743 3435 5825; baseline -0.007 -12"><span class='ocrx_word' id='word_1_877' title='bbox 1753 5757 2055 5815; x_wconf 74' lang='lat' dir='ltr'><strong>Christum</strong></span> <span class='ocrx_word' id='word_1_878' title='bbox 2070 5753 2736 5824; x_wconf 78' lang='lat' dir='ltr'><strong>contrectas,0hristum</strong></span> <span class='ocrx_word' id='word_1_879' title='bbox 2750 5743 3174 5825; x_wconf 52' lang='lat' dir='ltr'><strong>exofasyeq&#39;ue</strong></span> <span class='ocrx_word' id='word_1_880' title='bbox 3189 5743 3275 5800; x_wconf 89' lang='lat' dir='ltr'><strong>illi</strong></span> <span class='ocrx_word' id='word_1_881' title='bbox 3288 5752 3435 5805; x_wconf 76' lang='lat' dir='ltr'><strong>oum’</strong></span> 
     </span>
    </p>
   </div>
  </div>
