4024 6176
165 303 260 363 513

1297 294 1410 358 DE
1451 293 1992 364 PCENITENTIA
2035 295 2190 360 LIB.
2231 296 2281 359 Ι.

3401 299 3524 361 514

169 498 376 554 demedio
402 501 669 565 vestrum,
709 496 807 568 qui
826 497 935 551 lioc
965 511 1107 568 opus
1141 494 1289 550 fecit
1313 495 1368 565 (I
1389 495 1523 550 Cor.
1550 513 1607 566 v,
1632 495 1736 560 2)?
1767 506 1820 572 Ᾱ
1856 510 2038 550 cens:
2079 517 2100 545 «
2136 494 2399 550 Nescitis
2435 493 2612 566 cujus
2643 495 2891 565 Spiritus
2923 496 3108 552 estis:
3144 496 3332 553 Filius
3361 497 3518 553 enim

171 588 334 657 Ubique
361 588 486 640 tunc
521 586 756 655 penitus
794 585 1038 654 tollitur,
1073 602 1205 639 cum
1235 585 1506 640 aboletur
1535 601 1744 655 pecca-

161 682 240 730 tum
254 675 392 746 ejus:
424 691 535 728 non
566 674 722 729 enim
753 674 1190 729 excludendum
1221 675 1294 727 ab
1314 674 1583 728 Ecclesia
1605 674 1746 728 dicit

152 763 425 834 Apostolus,
457 779 565 835 qua
596 763 806 818 suadet
839 779 976 818 esse
1021 764 1416 835 purgandum.

588 897 678 960 41
692 897 737 960 3
769 904 1022 959 CAPUT
1066 906 1219 959 XVI.

142 1030 558 1102 .-‘\"ovatianicum
599 1030 883 1102 Apostolo
905 1035 1361 1102 comparantur.
1408 1029 1586 1102 Quam
1609 1028 1744 1102 pul-

191 1102 308 1155 chre
336 1101 450 1154 illis
471 1100 862 1155 conveniebat
887 1100 1127 1154 Domini
1157 1101 1435 1154 verbum:
1482 1100 1744 1154 Nescitis

191 1172 335 1242 cujus
365 1172 601 1242 spiritus
656 1174 805 1226 estis
839 1172 1003 1242 (Luc.
1054 1189 1134 1239 ix,
1186 1173 1298 1242 55).
1362 1171 1747 1225 Ρωηίιοιιιὶίε

193 1245 415 1297 studium
445 1242 518 1314 ab
567 1243 1036 1314 eislexstingui,
1086 1244 1219 1297 dum
1253 1243 1378 1314 ejus
1425 1242 1682 1296 fructum
1709 1257 1747 1314 re

191 1314 358 1386 medio
383 1313 606 1368 tollunt.
641 1313 764 1368 Hoc
787 1322 962 1384 pacto
997 1314 1232 1368 Christi
1269 1313 1592 1386 promissis
1613 1313 1746 1386 pri:

195 1385 304 1457 rari
322 1391 699 1457 peccatores;
733 1386 830 1456 qui
861 1391 1057 1440 tamen
1090 1400 1203 1439 non
1235 1384 1352 1439 cito
1393 1384 1750 1457 admittendi

191 1456 252 1510 ad
276 1455 570 1528 mysteria.
604 1455 872 1528 Denique
918 1457 1324 1528 paenitentiam
1372 1455 1748 1528 quorumdam

189 1526 418 1597 exempla
445 1526 868 1598 proponuntur.

185 1651 255 1705 8'7.
300 1650 432 1706 Cum
490 1651 675 1724 igitur
731 1652 1055 1722 Apostolus
1104 1655 1410 1723 peccatum
1454 1650 1752 1705 remiserit

134 1739 223 1808 (Ill
247 1739 365 1795 Cor.
405 1758 463 1810 ιι,
508 1741 623 1811 10),
669 1757 784 1813 qua
813 1757 924 1796 vos
964 1741 1309 1795 auctoritate
1340 1740 1752 1794 dimittendum

134 1830 320 1901 negatis
339 1831 365 1884 ?
391 1829 540 1894 Quis
570 1829 940 1884 reverentior
969 1829 1210 1899 Christi,
1254 1830 1642 1899 Novatianus,
1677 1844 1751 1882 an

133 1917 339 1973 Paulus!
370 1917 482 1973 Sed
513 1921 767 1974 noverat
794 1918 1014 1974 Paulus
1047 1918 1360 1974 Dominum
1395 1918 1748 1973 misericor-
1781 1883 1832 1949 Β

133 2007 250 2077 dem,
295 2012 533 2063 noverat
583 2008 897 2063 Dominum
949 2007 1156 2063 Jesum
1201 2008 1516 2062 severitate
1559 2007 1752 2080 magis

134 2095 507 2168 discipulorum
547 2095 859 2167 offensum,
891 2113 1066 2168 quam
1107 2096 1535 2152 misericordia.

182 2184 255 2241 88.
285 2187 543 2259 Denique
575 2187 861 2242 Jacobum
894 2189 951 2241 et
981 2185 1269 2242 Joannem
1301 2185 1565 2242 dicentes
1597 2185 1756 2258 quod

132 2275 290 2346 ignem
317 2275 384 2329 de
415 2275 574 2330 coelo
604 2277 888 2346 peterent,
938 2275 1038 2346 qui
1068 2278 1446 2330 consumeret
1493 2290 1618 2339 eos,
1655 2273 1759 2346 qui

130 2363 392 2420 Dominum
420 2365 694 2437 recipere
744 2363 1043 2435 nolebant,
1089 2363 1412 2419 confutavit
1451 2364 1632 2419 Jesus
1665 2363 1757 2418 di-

185 2504 278 2574 (80)
301 2507 375 2561 Ita
404 2509 520 2562 vet.
559 2507 700 2561 edit.
732 2522 801 2560 ac
832 2505 1015 2560 multo
1044 2505 1246 2575 plures
1295 2521 1444 2559 mss.
1478 2505 1552 2560 At
1586 2506 1754 2560 Rom.

135 2576 240 2630 edit.
263 2594 386 2632 cum
421 2578 729 2633 nonnullis
768 2578 868 2631 alii
898 2577 1029 2632 cod.
1065 2577 1258 2645 habet,
1300 2577 1531 2631 centies
1552 2577 1759 2648 :quod

135 2648 327 2717 quidem
353 2650 425 2704 ad
457 2650 575 2704 loci
609 2649 942 2721 evangelici
963 2647 1146 2702 verba
1173 2648 1321 2702 scite
1345 2647 1637 2719 congruit.
1666 2648 1763 2702 Ni-

133 2717 407 2774 hilominus
448 2725 650 2775 tamen
691 2721 918 2790 septies
947 2734 980 2772 a
1019 2719 1311 2790 Cypriano
1343 2723 1569 2790 quater,
1601 2722 1658 2774 et
1686 2719 1759 2774 ab

1555 2761 1569 2788 ι

133 2738 407 2774 nuommus
448 2738 650 2775 tamen
691 2738 918 2801 septies
947 2738 980 2772 a
1019 2738 1311 2790 bypl‘lano
1343 2738 1569 2790 quater,
1601 2738 1658 2774 et
1686 2738 1759 2774 an

132 2795 328 2862 auctore
356 2792 583 2856 Quaest.
621 2791 772 2846 Nov:
805 2795 862 2845 et
891 2790 1018 2844 Vet.
1051 2790 1309 2862 Testem.
1338 2790 1495 2862 apud
1525 2794 1763 2862 Augus-

135 2861 282 2915 tinum
311 2867 394 2917 ter
422 2863 598 2917 citari
629 2863 1008 2917 observatum
1041 2864 1132 2914 est
1162 2878 1194 2914 a
1224 2861 1473 2916 Latinio.

185 2932 279 3000 (8t)
307 2933 446 2988 Cod.
478 2934 763 3002 Clarom.,
793 2933 1206 3005 praesentium,
1242 2948 1382 3003 spes
1403 2938 1498 2987 est
1526 2931 1761 2988 futuro-

134 3019 254 3056 rum.

186 3074 512 3148 (82)7Mirum
539 3079 824 3148 quantum
848 3075 945 3129 hic
976 3074 1146 3148 locus
1184 3073 1759 3148 pallaeumltorserit.

130 3143 357 3217 Namlib.
384 3165 444 3201 ιιι
484 3143 579 3202 ne
597 3147 868 3200 Confess.
914 3163 1041 3217 cap.
1077 3145 1164 3214 11,
1197 3145 1362 3217 illum
1394 3162 1426 3200 a
1473 3146 1761 3217 Perronio

133 3215 388 3286 objectum
419 3219 639 3272 leviter
667 3215 1390 3272 admodum'transiliens:
1431 3238 1452 3267 ι
1506 3215 1580 3271 Et
1609 3217 1759 3285 haec,

133 3287 300 3358 inquit,
331 3289 389 3343 in
435 3289 812 3345 Novationos
861 3290 1014 3342 dicta
1058 3290 1216 3354 sunt,
1264 3288 1604 3360 signiﬁcant
1650 3303 1764 3359 que

134 3360 468 3425 poenitentem
482 3360 865 3416 reconciliari
877 3359 1116 3426 debere,
1132 3359 1290 3430 quod
1303 3359 1420 3413 non
1441 3375 1760 3430 negamus:

137 3431 313 3503 nemini
341 3432 457 3486 nisi
490 3434 739 3503 peccata
770 3431 923 3500 apud
946 3431 1315 3503 sacerdotem
1360 3431 1588 3484 occulte
1621 3446 1768 3486 con-

136 3499 284 3570 fesso,
316 3499 510 3558 ullum
530 3499 843 3574 peccatum
875 3502 1111 3571 remitti,
1137 3501 1294 3571 quod
1318 3517 1429 3556 nos
1452 3517 1764 3574 negamus,

137 3586 226 3655 non
253 3568 610 3655 signiﬁcant.
650 3597 670 3622 »
700 3568 822 3655 Sed
855 3568 1137 3655 cum-non
1155 3568 1373 3655 posset
1417 3568 1769 3655 non'videre

136 3640 278 3718 homo
306 3640 666 3718 ingeniosus
695 3644 756 3699 in
785 3640 1230 3718 promptuesse
1260 3643 1552 3718 adversus
1575 3644 1771 3714 ipsum

138 3715 489 3773 concludere:
525 3717 592 3772 Si
627 3721 865 3786 peccata
916 3715 1146 3770 occulta
1195 3715 1508 3770 habentem
1540 3730 1772 3769 necnon

137 3799 305 3840 eorum
353 3805 535 3844 causa
571 3787 952 3859 paenitenlem
997 3786 1371 3859 reconciliari
1420 3786 1769 3859 oportuerit,

137 3872 252 3929 ergo
279 3865 515 3928 peccata
549 3857 782 3914 occulta
815 3857 1088 3929 subjecta
1131 3857 1367 3929 fuerunt
1414 3857 1773 3929 paenitentiae

137 3928 370 4003 publicae,
405 3947 556 4003 ergo
612 3928 884 4003 subjecta
914 3928 1088 4003 etiam
1131 3928 1369 4003 fuerunt
1397 3928 1774 4003 sacerdotum

139 4002 430 4056 auctoritati
455 3998 581 4057 :‘ad
617 4002 674 4055 id
724 3998 960 4072 quidem
992 4000 1089 4055 ille
1137 3999 1263 4072 hoc,
1293 3999 1426 4054 loco
1457 3999 1622 4072 nihil.
1658 3998 1774 4053 Ve-

139 4086 242 4145 rum
272 4073 368 4145 lib.
391 4091 450 4127 iv
478 4070 761 4145 ejusdem
791 4073 1012 4142 operis,
1045 4087 1172 4145 cap.
1205 4070 1317 4145 22,;
1347 4086 1465 4145 non
1495 4070 1780 4124 difﬁtetur

141 4140 396 4199 interdum
420 4140 554 4199 ﬁeri
586 4140 855 4214 potuisse
877 4147 940 4197 ut
977 4143 1077 4214 qui
1116 4140 1540 4214 conscientiam
1570 4157 1776 4214 secre-

142 4215 301 4268 torum
340 4213 659 4270 criminum
695 4215 937 4287 sarcina
982 4213 1224 4287 gravem
1270 4213 1575 4287 haberent,
1618 4213 1778 4266 illam

140 4290 316 4351 sponte
337 4290 558 4365 ac_sine
585 4286 740 4358 legis
763 4285 1121 4365 cujusquam
1140 4285 1470 4365 eoa-ctione.
1487 4299 1773 4365 exonera-

140 4361 247 4427 rent
271 4359 415 4427 apud
449 4355 855 4426 sacerdotem,
884 4355 1063 4427 cujus
1095 4355 1346 4410 consilio
1377 4355 1646 4427 volentes
1691 4355 1780 4427 lu:

143 4423 438 4500 nentesque
459 4429 718 4499 publicze
740 4423 1098 4500 pmnitentiae
1121 4427 1604 4500 subjicerentur.;
1613 4425 1781 4500 Quod

144 4495 206 4570 ibi
235 4495 416 4554 fusius
448 4495 811 4570 prosecutus
840 4499 1078 4568 adjicit:
1117 4523 1138 4544 ιι
1191 4495 1382 4568 Atque
1413 4497 1542 4551 hinc
1573 4498 1634 4550 in
1663 4496 1782 4570 pri-

145 4569 237 4620 mis
265 4569 495 4639 praal’ari
531 4572 647 4625 hoc
686 4571 818 4625 loco
850 4570 1044 4623 visum
1095 4572 1205 4636 est,
1239 4584 1313 4622 ne
1361 4585 1536 4639 quem
1565 4569 1779 4639 turbet,

145 4646 224 4712 aut
241 4637 278 4692 ιι
295 4658 431 4696 vero
453 4643 732 4711 abducat,
767 4643 820 4696 si
843 4642 1000 4712 quod
1039 4641 1133 4694 vel
1155 4640 1284 4712 ipse
1326 4637 1655 4712 offenderit,
1688 4637 1786 4712 vel

149 4710 205 4761 ab
233 4712 480 4767 Arnaldo
533 4709 773 4767 allatum
819 4709 1031 4766 viderit
1081 4709 1388 4782 singulare
1439 4709 1790 4782 hujusmodi

151 4783 476 4848 pmnitentiae
508 4785 666 4854 apud
716 4789 949 4838 veteres
1000 4783 1355 4854 exemplum.
1395 4805 1416 4829 »ι
1453 4782 1542 4836 Ex
1569 4783 1790 4854 quibus

152 4854 324 4908 verbis
347 4856 521 4910 facile
550 4853 661 4910 nec
690 4855 821 4909 sine
852 4870 1034 4908 causa
1067 4853 1365 4926 colligitur
1402 4869 1520 4926 non
1551 4853 1790 4926 omnino

155 4937 261 4998 ma
288 4927 376 4980 vel
411 4927 745 4998 singularia
763 4927 902 4998 lvisa
927 4941 1065 4980 esse
1087 4925 1198 4998 ista
1221 4925 1504 4998 exempla
1527 4939 1542 4993 ς
1575 4925 1792 4998 quippe

157 4996 233 5062 qui
261 5013 474 5069 negare
509 4995 654 5069 quin
701 4997 836 5051 talia
886 5001 941 5069 et
970 4996 1126 5067 apud
1153 4995 1499 5069 _Arnaldum
1549 4995 1608 5050 et
1653 4995 1790 5069 alibi

158 5065 513 5138 reperiantur,
527 5065 735 5124 ausus
764 5084 883 5123 non
912 5065 1108 5124 fuerit.
1151 5067 1324 5122 Nunc
1353 5070 1690 5137 peteremus
1721 5065 1794 5120 ab

159 5133 238 5209 illo
255 5133 541 5209 ministro,
569 5145 762 5194 utrum
785 5143 949 5195 esset
979 5139 1174 5193 minus
1211 5133 1556 5192 scandalum
1585 5153 1794 5209 quem-

160 5206 286 5273 piam
307 5206 598 5265 occultam
617 5227 828 5266 novam
851 5210 1180 5266 voluntarie
1193 5210 1539 5264 confessum
1562 5206 1798 5280 publice

161 5282 434 5351 pcenitere,
469 5299 648 5354 quam
679 5299 752 5338 ex
781 5283 947 5354 legis
969 5281 1216 5352 imperio
1248 5281 1650 5354 confessum?
1674 5281 1793 5334 lmo

160 5362 277 5405 vero
331 5352 676 5408 scandalum
721 5370 790 5408 eo
836 5352 1030 5425 majus
1066 5355 1348 5425 moveret,
1384 5367 1500 5425 quo
1537 5353 1798 5406 rariores

165 5427 357 5496 essent,
379 5427 480 5496 qui
505 5426 802 5496 publicam
823 5423 1182 5496 prolocculte
1196 5423 1799 5496 commissisagerent

165 5494 556 5568 ptenitentiam.
584 5496 738 5568 Ergo
761 5494 894 5551 cum
927 5495 1273 5566 hujusmodi
1303 5495 1650 5568 scandalum
1681 5509 1800 5568 non

166 5564 522 5639 prohibuerit,
579 5564 892 5639 quonimus
943 5564 1347 5639 pastoreslad
1396 5565 1802 5639 paenitentiam

166 5634 436 5711 publicam
465 5634 575 5694 e08
596 5634 695 5711 qui
718 5634 1048 5694 voluntarie
1089 5638 1318 5711 occulta
1359 5634 1799 5711 conﬁterentur,

172 5703 512 5784 gdmitterent
535 5703 687 5784 ;_nec
715 5711 852 5784 illos
884 5726 1119 5784 quoque
1138 5709 1340 5784 potuit
1379 5709 1701 5784 deterrere,
1732 5723 1806 5784 n_e

174 5772 340 5859 legem
370 5781 440 5838 de
469 5772 660 5859 palam
689 5772 1044 5847 conﬂtehdis'
1075 5772 1250 5840 etiam
1271 5780 1596 5841 reconditis
1620 5772 1810 5837 crimi-

1795 3250 1848 3316 C

1855 584 2112 639 hominis
2145 600 2262 639 non
2296 585 2452 638 venit
2481 585 2710 638 animas
2757 584 3062 640 hominum
3107 587 3376 656 perdere,
3412 587 3520 641 sed

1855 673 2056 728 salvas
2075 673 2272 728 facere
2295 673 2456 740 (Luc.
2483 691 2563 740 ix,
2583 674 2670 741 55,
2691 673 2802 742 56).
2821 696 2846 723 υ
2869 674 2938 727 Ει
2959 675 3078 729 illis
3096 676 3332 746 quidem
3351 677 3516 730 dixit:

1861 786 1883 808 ει
1917 761 2180 816 Nescitis
2213 761 2390 832 cujus
2420 762 2667 831 spiritus
2699 762 2868 830 estis,
2906 785 2927 810 »ι
2977 763 3076 833 qui
3127 764 3318 834 ipsius
3349 767 3518 818 erant

1857 851 2104 922 spiritus
2128 867 2142 920 ;
2177 850 2350 905 vobis
2369 856 2562 905 autem
2578 851 2753 907 dicit:
2789 850 2922 905 Non
2947 852 3095 905 estis
3127 852 3372 922 spiritus
3386 853 3522 906 mei.

1859 940 1960 1011 qui
1974 955 2162 994 meam
2178 939 2545 994 clementiam
2558 955 2677 994 non
2689 940 2924 1008 tenetis,
2941 941 3039 1010 qui
3057 955 3244 994 meam
3258 941 3526 994 refutatis

1859 1029 2786 1100 misericordiam,quiexcluditis
2799 1029 3400 1099 pmnitentiam,quam
3414 1042 3528 1098 ego

1861 1133 1968 1187 per
1985 1117 2290 1188 apostolos
2313 1133 2478 1172 meos
2509 1117 2818 1188 praidicari
2841 1117 3096 1172 volui-tin
3120 1117 3354 1172 nomine
3373 1130 3526 1185 meo,

1932 1206 2022 1260 89.
2049 1205 2294 1260 Frustra
2336 1205 2492 1260 enim
2530 1204 2725 1258 dicitis
2743 1221 2852 1258 vos
2893 1205 3218 1275 praedicare
3239 1206 3526 1276 paeniten-

1862 1295 2020 1364 tiam,
2039 1294 2355 1366 quitollitis
2385 1293 2638 1348 fructum
2665 1295 3025 1364 pmnitentiae
3044 1295 3206 1364 (Luc.
3229 1310 3390 1363 xxiv,
3412 1294 3524 1361 4'7).

1865 1383 2155 1438 Homines
2187 1384 2343 1439 enim
2375 1382 2445 1436 ad
2476 1382 2715 1453 aliquod
2740 1383 2999 1437 studium
3031 1386 3128 1437 aut
3149 1383 3410 1454 praemiis
3433 1385 3532 1437 aut

1864 1471 2158 1526 fructibus
2190 1472 2542 1526 incitantur:
2579 1485 2752 1526 omne
2779 1475 2990 1526 autem
3021 1472 3284 1526 studium
3330 1474 3531 1542 torpe-

1865 1561 1980 1624 scit
2008 1560 2306 1615 dilatione.
2341 1559 2413 1614 Et
2441 1559 2574 1614 ideo
2606 1559 2894 1614 Dominus
2929 1563 2987 1614 ut
3015 1561 3396 1631 praesentium
3419 1560 3539 1616 fru-

1865 1661 1959 1712 ctu
2004 1658 2404 1713 cumularetur
2448 1657 2684 1712 devotio
2727 1658 3174 1728 discipulorum,
3206 1649 3359 1714 414
3387 1659 3564 1713 dixit-

1867 1747 2143 1817 quoniam
2175 1747 2277 1818 qui
2307 1745 2636 1800 dimisisset
2665 1747 2858 1800 omnia
2891 1763 3025 1815 sua,
3054 1751 3109 1801 et
3142 1748 3322 1801 Deum
3357 1764 3535 1803 secu-

1867 1838 1964 1889 tus
1998 1839 2179 1905 esset,
2215 1836 2437 1905 septies
2470 1836 2582 1904 (80)
2614 1837 2836 1889 tantum
2868 1837 3155 1906 reciperet
3185 1841 3241 1891 et
3272 1837 3366 1891 hic
3397 1841 3453 1892 et
3476 1839 3535 1892 in

1868 1923 2131 1977 futurum
2162 1924 2402 1992 (Matth.
2452 1940 2576 1993 xix,
2611 1924 2720 1993 29).
2765 1924 2939 1978 Prius
2987 1923 3083 1978 hic
3132 1925 3424 1995 promisit,
3473 1930 3536 1980 ut

1872 2012 2109 2067 fastidia
2141 2012 2440 2066 dilationis
2470 2012 2762 2080 auferret;
2805 2013 3028 2067 addidit
3057 2018 3114 2067 et
3163 2014 3441 2084 futurum,
3475 2018 3539 2068 ut

1870 2101 1967 2156 hic
1998 2102 2268 2156 disceres
2301 2101 2542 2155 credere
2587 2101 2646 2154 in
2676 2101 2935 2156 futurum
2983 2117 3218 2173 quoque
3251 2103 3537 2157 solvenda
3577 2101 3584 2110 '

1869 2191 1976 2245 tibi
2006 2207 2267 2261 praemia.
2305 2191 2721 2246 Remuneratio
2753 2191 2936 2262 igitur
2983 2193 3387 2262 praesentium,
3419 2197 3539 2247 tes-

1870 2280 2176 2335 timonium
2208 2279 2539 2334 futurorum
2570 2277 2681 2348 (St)
2701 2283 2810 2333 est.

1941 2369 2030 2424 90.
2065 2369 2128 2424 Si
2177 2368 2313 2440 quis
2347 2368 2530 2441 igitur
2575 2367 2805 2422 occulta
2834 2367 3082 2422 crimina
3135 2367 3363 2423 habens
3397 2369 3531 2439 (82).

1873 2493 2052 2566 nibus
2083 2493 2403 2566 sancirent.
2435 2491 2725 2566 Eumdem
2770 2493 3538 2566 rursusuinterrogaremus

1873 2583 1948 2620 an
1965 2565 2241 2619 distantia
2257 2565 2449 2618 minor
2464 2565 2585 2617 sita
2620 2563 3110 2634 peccatopublico
3140 2565 3210 2617 ad
3244 2563 3540 2619 secretum

1873 2637 2204 2692 voluntarie
2227 2639 2283 2689 et
2305 2635 2457 2689 ultro
2479 2634 2860 2703 declaratum,
2881 2650 3057 2704 quam
3085 2635 3156 2688 ad
3181 2635 3540 2690 declaratum

1873 2725 1950 2764 ex
1973 2707 2150 2780 legali
2171 2707 2570 2780 necessitate?
2590 2705 2717 2760 Hoc
2737 2721 2884 2780 sane
2915 2705 3132 2780 dixerit
3179 2721 3372 2780 nemo,
3408 2723 3541 2780 eum

1875 2777 2389 2834 evidentissimum
2445 2778 2524 2831 sit
2579 2777 2962 2848 contrarium.
3021 2777 3166 2831 Cum
3213 2777 3394 2848 igitur
3423 2779 3536 2833 hoc

1874 2853 2096 2905 tantum
2111 2849 2432 2903 discrimen
2448 2864 2566 2902 non
2581 2846 3207 2920 fueritimpedimenlo,
3225 2846 3542 2920 quominus

1875 2921 2104 2976 occulta
2125 2920 2455 2975 voluntarie
2480 2919 2828 2974 conﬁtentes
2853 2919 3060 2972 iisdem
3076 2919 3329 2990 publicis
3345 2921 3539 2990 poenis

1876 2993 2310 3059 addicerentur,
2337 2991 2556 3062 quibus
2591 2990 3040 3044 manifestorum
3077 2991 3372 3044 scelerum
3402 3007 3538 3045 reos

1877 3063 2251 3131 efficiebant;
2285 3078 2394 3116 nec
2425 3064 2598 3116 etiam
2629 3062 2913 3131 impedire
2945 3062 3147 3116 debuit
3177 3077 3249 3116 ne
3278 3062 3448 3133 leges
3465 3063 3537 3117 de

1878 3135 2128 3190 secretis
2149 3134 2398 3204 piaculis
2420 3149 2527 3206 per
2547 3133 3121 3206 eamdempublicam
3143 3133 3544 3206 paenitentiam

1879 3223 1992 3279 qua
2021 3201 2383 3279 canebantur
2413 3201 2746 3279 manifesta,
2781 3201 3056 3279 eluendis
3067 3275 3079 3279 _
3103 3201 3539 3279 constitueren-

1879 3275 1994 3332 tur.
2020 3276 2091 3330 Et
2129 3276 2267 3330 hinc
2304 3277 2527 3329 clarum
2566 3278 2658 3329 est
2693 3275 2990 3345 praecipua
3023 3275 3119 3328 illa
3151 3275 3542 3344 incommoda,

1880 3365 2014 3421 quae
2029 3348 2268 3418 opponit
2290 3348 2650 3421 necessariae
2674 3346 3036 3421 occultarum
3056 3345 3360 3416 culparum
3396 3363 3542 3401 con—

1882 3416 2156 3489 fessioni,
2191 3434 2366 3489 quam
2411 3416 2640 3488 rejicit;
2690 3433 2808 3472 non
2836 3417 3052 3489 minus
3083 3433 3348 3489 pugnare
3398 3433 3544 3472 con-

1880 3496 1970 3547 tra
2016 3488 2426 3559 volUntariam,
2475 3505 2651 3560 quam
2694 3488 2959 3544 admittit.
3012 3489 3212 3559 Itaque
3256 3488 3408 3543 haud
3440 3490 3546 3543 im-

1883 3562 2092 3617 merito
2137 3561 2280 3615 illud
2329 3575 2688 3630 responsum
2735 3561 2959 3613 auctori
2993 3575 3103 3612 suo
3152 3576 3270 3630 non
3298 3560 3543 3630 satisfe-f

1885 3635 1989 3688 cit:
2056 3633 2162 3687 sed
2206 3629 2450 3686 tertium
2487 3631 2676 3685 attulit
2722 3630 3025 3701 prioribus
3065 3629 3245 3684 multo
3294 3630 3543 3700 iutilius,

1886 3721 2018 3760 cum
2048 3704 2241 3758 editos
2275 3718 2483 3756 omnes
2533 3702 2774 3756 codices
2825 3701 3223 3771 corruptionis
3271 3701 3328 3755 in
3358 3703 3544 3757 verbo

1887 3775 2109 3831 occulta
2142 3774 2481 3844 postulavit.
2515 3771 3026 3843 Exspectabamus
3055 3777 3117 3826 ut
3144 3772 3347 3844 editis
3379 3773 3546 3827 codi‘

1887 3848 2059 3902 cibus
2089 3842 2412 3916 opponeret
2428 3860 2603 3916 manu
2625 3842 2920 3916 exaratos,
2952 3844 3048 3898 sin
3079 3842 3273 3916 minus
3317 3860 3546 3910 omnes,

1887 3917 2095 3973 saltem
2129 3915 2404 3987 ialiquos,
2466 3915 2675 3987 saltem
2723 3915 3022 3987 unicum;
3058 3915 3215 3986 quod
3249 3932 3382 3969 cum
3441 3933 3551 3970 nec

1887 3990 2114 4058 fecerit,
2149 3986 2267 4042 nec
2305 3986 2578 4057 potuerit,
2630 3987 2725 4040 hic
2755 4001 2909 4040 unus
2959 3986 3248 4040 editorum
3299 3987 3552 4041 inedito«

1888 4075 2137 4131 rumque
2184 4059 2491 4131 librorum,
2540 4073 2657 4128 qua
2693 4061 2991 4131 veterum,
3015 4074 3168 4131 Aqua
3203 4059 3550 4126 recentium,

1891 4129 2228 4187 consensus
2261 4130 2575 4200 plusquam
2605 4129 2847 4199 sufficit,
2883 4134 2944 4183 ut
2973 4129 3126 4183 idem
3157 4129 3326 4183 locus
3353 4136 3555 4184 aucto.

1890 4204 2117 4258 ritatem
2148 4203 2319 4272 plene
2349 4201 2639 4272 planeque
2672 4204 2986 4272 conservet
3007 4216 3196 4255 suam.
3225 4200 3552 4272 Audiamus

1891 4279 2086 4328 tamen
2115 4271 2249 4344 ejus
2283 4271 2681 4344 conjecturas.
2715 4271 2977 4344 Primum
3016 4272 3114 4344 ille
3145 4271 3486 4325 sciscitatur
3511 4288 3556 4344 ra

1893 4342 2237 4414 Catholic’is,
2253 4342 2540 4415 quorsum
2563 4342 2926 4416 occultorum
2945 4343 3140 4416 potius
3162 4358 3336 4416 quam
3367 4343 3558 4416 manif

1895 4416 2184 4472 festorum
2205 4412 2341 4469 istic
2363 4416 2620 4470 mentio?
2639 4414 2820 4478 Quasi
2842 4412 3004 4483 vero,
3021 4414 3228 4484 inquit,
3246 4412 3558 4484 Novatiani

1897 4489 2046 4542 solis
2065 4487 2312 4542 occultis
2344 4486 2576 4540 veniam
2605 4486 2936 4557 negandam
2963 4483 3438 4557 asseverassent,
3463 4483 3556 4557 vel

1898 4559 2253 4614 Ambrosius
2315 4554 2711 4611 occultorum'
2738 4561 2960 4610 tantum
3009 4554 3440 4608 exsolutionem
3487 4555 3560 4608 ab

1900 4631 2170 4686 Ecclesia
2202 4629 2555 4699 sperandam
2579 4628 2946 4699 ostenderet._
2961 4625 3078 4680 Sed
3107 4625 3241 4695 quis
3265 4628 3381 4678 tam
3414 4640 3560 4699 ocu«

1899 4703 2078 4756 latum
2118 4697 2310 4755 virum
2352 4715 2472 4754 non
2512 4699 2757 4752 miretur
2792 4698 2904 4752 hoc
2935 4697 3066 4750 loco
3097 4701 3212 4749 tam
3261 4697 3559 4766 caacutire,

1898 4778 2109 4828 utnon
2138 4772 2333 4826 videat
2379 4770 2474 4824 hic
2529 4772 2840 4840 propterea
2886 4782 3002 4840 non
3033 4767 3149 4821 nisi
3199 4771 3564 4840 secretarum

1899 4845 2256 4922 mentionem
2278 4841 2426 4922 ﬁeri,
2458 4839 2582 4922 tum
2616 4841 2754 4922 quia
2791 4839 3032 4922 cuilibet
3064 4839 3400 4922 expeditum
3440 4843 3565 4922 erat

1901 4932 1934 4970 a
1967 4915 2224 4992 fortiori,
2277 4916 2340 4967 ut
2356 4910 2554 4992 _aiu_nt,
2603 4911 2896 4992 colligere
2927 4910 3028 4992 με.
3077 4911 3463 4992 ιιιιιρὶῗειεῐιε,⁸
3491 4911 3562 4966 de

1902 4987 2121 5058 quibus
2152 4981 2371 5058 alioqui
2399 4982 2659 5058 abnnde
2688 4981 2887 5058 agitur
2898 5053 2909 5058 _
2923 4981 2987 5058 in,
3014 4981 3126 5058 hoc
3140 5052 3154 5058 _
3170 4981 3396 5058 Opere;
3420 4981 3424 4982 ⁷
3447 4984 3569 5036 tum

1902 5052 2040 5130 quia
2053 5059 2141 5130 sic
2155 5052 2487 5130 evidentius
2501 5054 2676 5130 fiebat
2690 5052 3090 5130 crudelitatem
3104 5052 3567 5130 Novatianorum

1903 5125 2103 5200 patere
2119 5125 2784 5200 latissimelquippequa
2820 5126 2993 5178 etiam
3043 5125 3257 5200 occulti
3291 5131 3566 5200 peccatof

1905 5197 2004 5256 res
2063 5216 2096 5252 a
2129 5214 2236 5269 spe
2290 5197 2482 5253 venilia
2538 5197 3018 5269 excluderentur.
3077 5198 3348 5269 Attamen
3399 5197 3571 5269 urget

1905 5272 2098 5326 adhuc
2118 5267 2396 5340 Dallaeus,
2421 5273 2478 5324 et
2500 5284 2616 5322 non
2640 5267 2884 5336 occulta,
2902 5268 3027 5340 sed
3051 5267 3568 5340 multalegendum

1906 5359 2046 5398 esse
2077 5343 2264 5396 credit
2293 5337 2467 5396 ex'eo
2515 5340 2760 5411 egregie
2790 5339 3048 5410 probari,
3103 5337 3260 5411 quod
3298 5337 3570 5411 proclive

1909 5415 2096 5470 fuerit
2113 5413 2392 5468 librariis
2408 5413 2506 5467 hic
2519 5409 2736 5482 decipi,
2752 5419 2810 5467 et
2825 5426 2938 5482 pro
2951 5427 3010 5464 ιιι
3031 5409 3250 5482 duplex
3260 5409 3328 5464 cc
3341 5409 3566 5482 legere.

1908 5486 2078 5551 Quod
2098 5485 2336 5556 quidem
2357 5501 2391 5538 a
2414 5478 2797 5539 similitudine
2825 5478 3147 5554 'utriusqu—e
3165 5478 3462 5556 clementi,
3497 5478 3570 5531 ab

1911 5552 2191 5612 antithési
2239 5557 2392 5611 inter
2420 5556 2598 5610 multa
2644 5557 2884 5626 peccata
2935 5556 2990 5608 et
3019 5552 3417 5626 paenitentiam
3466 5563 3572 5626 pro

1911 5630 2147 5703 Christo
2179 5632 2522 5703 susceptam
2567 5621 2677 5703 hic
2711 5621 3312 5703 appositafdenique‘
3351 5637 3383 5674 a
3426 5621 3573 5703 rein:

1910 5701 2071 5757 tione
2119 5716 2251 5772 qua:
2300 5691 2715 5772 hiscelverbis
2747 5691 2901 5752 'c'um
2941 5691 3224 5772 sequenti
3249 5691 3577 5772 “Evangelii

1913 5774 2046 5834 loco
2076 5761 2406 5831 inlercedit.
2468 5770 2584 5830 Sed
2613 5770 2802 5846 primo
2860 5761 3202 5844 pergratum
3246 5763 3344 5830 ille
3399 5761 3574 5826 nabis
