4024 6176
508 309 630 392 515

1750 318 1787 374 .?
1869 325 1874 350 ε
1963 299 2564 380 ΒμᾹΜΒΒΟΞῙῘᾹ
2621 305 2660 354 ῗ’
3798 309 3887 381 516

513 524 754 596 propter
780 520 1085 578 Christum
1116 521 1310 576 tamen
1327 518 1596 584 studiose
1611 514 2014 590 pmnitentiam
2044 531 2183 592 ege-
2206 502 2383 586 ιῚο,
2419 513 2530 583 tt).
2567 515 2752 571 Recte
2797 516 2997 587 potest
3039 515 3375 586 serpentem
3421 527 3642 585 cavere,
3671 516 3761 587 qui
3788 515 3894 588 ejus

512 614 624 682 rit;
656 611 952 684 quomodo
980 611 1097 666 ista
1121 610 1354 681 recipit,
1389 609 1442 664 si
1482 609 1535 665 ei
1569 606 1902 664 communio
1934 623 2054 662 non
2083 622 2183 662 re-

514 701 825 759 funditur?
881 699 1030 755 Volo
1087 699 1319 754 veniam
1374 713 1515 754 reus
1573 700 1792 769 speret,
1843 699 2000 768 petat
2053 712 2183 752 eam

512 790 812 862 lacrymis,
844 791 1002 860 petat
1029 787 1377 861 gemitibus,
1405 786 1560 858 pelat
1587 786 1786 858 populi
1817 786 1999 842 totius
2029 785 2182 840 ﬂeti-

512 879 673 950 buo‘;
705 883 768 935 ut
797 879 1166 951 ignoscatur,
1209 876 1523 932 obsecret:
1555 878 1613 930 et
1653 890 1788 930 cum
1831 874 2098 930 secundo
2129 877 2187 930 et

511 969 684 1024 tertio
714 966 891 1022 fuerit
920 966 1096 1020 dilata
1125 965 1262 1038 ejus
1312 963 1671 1035 communio,
1723 963 1925 1019 credat
1967 963 2185 1019 remis—

514 1057 646 1112 sius
701 1071 768 1111 se
799 1054 1198 1126 supplicasse,
1229 1054 1431 1110 ﬂetus
1489 1055 1723 1126 augeat,
1786 1052 2188 1108 miserabilior

513 1147 721 1218 postea
751 1146 1098 1212 revertatur,
1129 1145 1324 1198 teneat
1351 1142 1534 1214 pedes
1562 1141 1848 1212 brachiis,
1882 1141 2188 1198 osculetur

517 1235 765 1302 osculis,
801 1233 957 1289 lavet
983 1233 1242 1304 ﬂetibus,
1274 1247 1386 1288 nec
1416 1230 1700 1301 dimittat;
1734 1233 1798 1286 ut
1824 1231 1898 1286 de
1929 1231 2064 1302 ipso
2093 1231 2185 1285 di-

514 1325 607 1380 cat
662 1323 950 1378 Dominus
1008 1322 1227 1378 Jesus:
1285 1321 1541 1378 remissa
1571 1325 1712 1376 sunt
1759 1325 2007 1393 peccata
2056 1320 2189 1393 ejus

513 1411 716 1484 multa,
751 1411 1020 1485 quoniam
1051 1411 1265 1466 dilexit
1293 1410 1534 1466 multum
1565 1410 1730 1481 (Luc.
1763 1427 1865 1478 vn,
1895 1409 2008 1480 47).

586 1501 676 1557 91.
701 1501 970 1573 Cognovi
1000 1500 1292 1573 quosdam
1321 1499 1380 1555 in
1396 1499 1737 1570 pmnitentia
1769 1497 2042 1554 sulcasse
2065 1497 2190 1554 vul-

514 1593 636 1647 tum
667 1590 974 1663 lacrymis,
1020 1604 1306 1646 exarasse
1357 1587 1658 1644 continuis
1707 1586 1947 1643 ﬂetibus
1977 1603 2187 1661 genas,

516 1680 812 1742 stravisse
845 1695 1065 1751 corpus
1096 1695 1272 1735 suum
1301 1677 1648 1733 calcandum
1680 1675 1956 1733 omnibus
1981 1691 1997 1747 ;
2025 1675 2191 1748 jeju-

515 1785 592 1824 no
625 1785 726 1825 ore
754 1784 992 1840 semper
1022 1771 1079 1822 et
1126 1766 1365 1838 pallido,
1399 1765 1606 1821 mortis
1648 1765 1914 1837 speciem
1943 1766 2190 1838 spiranti

515 1859 577 1916 in
608 1873 860 1930 corpore
906 1857 1265 1929 praetulisse.

1121 1944 1374 2000 CAPUT
1405 1943 1586 1999 XVII.

519 2034 868 2114 Severitate
891 2035 1175 2114 pietatem
1207 2033 1726 2114 addendamesse,
1757 2030 2192 2114 quodApostoo

592 2109 685 2180 Ius
729 2103 1098 2180 praestitisse
1127 2106 1488 2180 ostenditur
1532 2104 1594 2158 in
1646 2103 2194 2180 CorinthiaiHunc

590 2173 949 2251 baptismate
979 2173 1185 2251 contra
1216 2175 1694 2251 Novatianorum
1715 2173 1963 2251 cavi/los
1994 2175 2196 2251 initia-

569 2244 712 2305 tum
743 2247 935 2304 fuisse
971 2247 1310 2303 astruitur..
1363 2244 1588 2311 Quibus
1618 2244 1864 2299 additur
1912 2259 2025 2300 non
2054 2245 2196 2302 des-

593 2321 970 2390 tructionem,
1003 2317 1594 2391 sed_castigatio_nem
1620 2317 1844 2385 carnis,
1859 2332 1974 2391 per
1999 2332 2194 2391 vocem

597 2393 912 2462 interitum,
929 2387 1474 2462 signiﬁcari,'quod
1505 2387 1682 2443 etiam
1701 2387 1887 2443 terrm
1913 2387 2197 2445 similitu-

595 2463 738 2519 dine
767 2461 1171 2518 conﬁrmatur.

543 2561 546 2564 '
587 2551 680 2608 92.
705 2550 858 2618 Quid
907 2551 1325 2623 exspectamus
1371 2551 1436 2604 ut
1483 2545 1698 2603 mortui
1726 2550 2063 2627 mereantur
2091 2565 2196 2606 ve-

523 2642 700 2710 niam,
731 2641 834 2713 qui
864 2641 1112 2698 mortem
1143 2639 1262 2694 sibi
1302 2637 1642 2709 intulerunt,
1673 2633 1824 2701 415
1854 2657 1988 2701 cum
2035 2640 2199 2698 vive-

522 2732 703 2790 rent?
732 2730 888 2785 Satis
920 2731 1030 2800 est,
1064 2728 1276 2801 inquit,
1309 2729 1365 2785 ei
1397 2731 1500 2801 qui
1529 2733 1666 2788 talis
1713 2737 1828 2804 est,
1860 2729 2198 2804 objurgatio

525 2818 658 2875 haec
687 2833 823 2891 qua;
853 2818 917 2873 tit
945 2833 979 2873 a
1010 2817 1325 2891 pluribus;
1378 2817 1455 2874 ita
1489 2825 1550 2875 ut
1597 2837 1631 2878 e
1663 2821 1960 2878 contrario
2005 2819 2199 2891 magis

527 2907 760 2964 donatis
792 2910 848 2962 et
877 2906 1305 2978 consolemini;
1339 2923 1412 2963 ne
1445 2907 1595 2966 forte
1625 2908 2050 2984 abundantiore
2072 2909 2202 2964 tris-

525 2994 1077 3066 titiaa'bsorbeatur
1115 2995 1203 3066 (II
1231 2995 1368 3052 Cor.
1418 3015 1479 3068 ιι,
1529 2998 1606 3070 ’l).
1638 2999 1704 3056 Si
1747 3001 1897 3060 satis
1941 2999 2018 3054 ad
2061 3013 2201 3053 con-

531 3085 964 3142 demnationem
995 3087 1089 3140 est
1117 3083 1455 3158 objurgatio
1488 3103 1621 3160 qum
1653 3088 1716 3143 tit
1743 3105 1775 3144 a
1809 3089 2082 3162 pluribus
2101 3102 2202 3143 sa»-

526 3175 604 3231 tis
634 3178 727 3230 est
755 3189 991 3247 quoque
1019 3173 1542 3230 ad-remissionem
1573 3178 1800 3248 peccati
1845 3177 2200 3247 obsecratio,

527 3277 664 3337 qua
685 3264 746 3319 ﬁt
776 3279 810 3318 a
841 3259 1401 3338 pluribus._Moralis
1421 3266 1709 3338 magister
1745 3252 2054 3324 et'nostrm
2088 3264 2202 3338 fra-

527 3353 773 3427 gilitatis
797 3353 1102 3424 conscius,
1126 3355 1184 3408 et
1213 3353 1449 3423 pietatis
1483 3354 1702 3411 divinae
1731 3355 2048 3427 interpres,
2081 3355 2206 3411 vult

525 3442 734 3498 donari
763 3445 1091 3514 peccatum,
1123 3441 1249 3496 vult
1293 3442 1762 3499 consolationem
1807 3443 2096 3514 adhiberi,
2132 3458 2205 3498 ne

526 3530 766 3586 tristitia
791 3531 1177 3603 pmnitentem
1205 3530 1380 3587 taedio
1411 3531 1608 3606 longe
1657 3531 1960 3588 dilationis
1991 3531 2205 3587 absor-

529 3617 687 3675 beat.

599 3703 690 3766 93.
714 3703 854 3766 Ideo
876 3724 1024 3782 ergo
1045 3707 1283 3765 donavit
1303 3709 1634 3782 apostolus,
1657 3725 1768 3768 nec
1804 3711 1999 3767 solum
2027 3709 2207 3766 dona-

529 3798 634 3869 vit,
653 3799 763 3854 sed
785 3799 961 3854 etiam
992 3798 1330 3854 conﬁrmari
1369 3800 1430 3855 in
1450 3814 1586 3854 eum
1625 3800 1968 3856 cbaritatem
2001 3799 2204 3855 voluit.

529 3886 639 3952 Qui
654 3887 880 3942 charus
897 3890 1008 3956 est,
1034 3900 1151 3942 non
1185 3886 1363 3943 habet
1395 3887 1691 3960 duritiam,
1724 3887 1834 3944 sed
1862 3889 2208 3944 mansuetu-

531 3975 750 4031 dinem.
782 3973 907 4030 Nec
940 3975 1132 4032 solum
1182 3977 1421 4033 donavit
1465 3977 1616 4048 ipse,
1667 3977 1775 4032 sed
1803 3977 1991 4033 voluit
2035 3977 2209 4032 etiam

533 4078 743 4120 omnes
775 4065 1016 4134 donare,
1052 4066 1110 4119 et
1137 4080 1205 4120 se
1254 4067 1497 4136 propter
1523 4066 1677 4122 alios
1705 4065 1972 4122 donasse
2025 4065 2204 4122 dixit:

537 4167 612 4210 ne
647 4153 816 4210 multi
846 4157 1088 4225 prepter
1125 4168 1305 4210 unum
1343 4153 1566 4209 diutius
1603 4153 2107 4212 contristaren-tar.
2141 4154 2213 4209 Si

533 4243 646 4307 cui,
681 4241 891 4315 inquit,
925 4242 1215 4313 donastis,
1261 4248 1320 4297 et
1372 4258 1520 4316 ego;
1555 4259 1688 4298 nam
1718 4248 1779 4298 et
1813 4259 1922 4316 ego
1960 4249 2213 4316 prapter

539 4344 644 4388 vos
685 4333 749 4386 in
771 4343 1032 4405 persona
1067 4331 1322 4402 Christi,
1363 4336 1423 4386 ut
1469 4347 1585 4388 non
1615 4333 2153 4388 circumveniamur
2180 4349 2212 4388 a

537 4421 762 4480 Satana
785 4441 804 4488 ;
837 4436 944 4477 nec
977 4421 1134 4477 enim
1163 4420 1462 4478 versutias
1501 4422 1632 4495 ejus
1657 4421 2001 4495 ignoramus
2029 4421 2210 4494 (Ibid.

2292 608 2491 680 potest
2534 604 2833 660 versutias
2877 619 2997 660 non
3040 603 3474 677 ignorare'quae
3515 603 3696 659 multae
3724 603 3786 659 ad
3813 621 3901 660 no-

2296 695 2548 750 nendum
2577 696 2735 750 sunt.
2766 691 2903 749 Vult
2931 705 3169 764 semper
3198 699 3670 764 n0cere,semper
3688 693 3901 748 circum-

2293 784 2518 854 venire,
2545 787 2605 838 ut
2626 785 2875 838 mortem
2911 782 3160 838 inferat:
3207 781 3314 838 sed
3349 780 3624 837 debemus
3647 797 3828 838 cavere
3847 798 3904 839 ne

2294 873 2620 928 remedium
2641 875 2910 928 nostrum
2943 872 3043 929 ﬁat
3071 869 3207 944 ejus
3237 871 3594 948 triumphus:
3625 871 3906 926 circumve-

2295 963 2492 1018 nimur
2521 961 2678 1016 enim
2723 960 2798 1016 ab
2830 976 2922 1030 eo,
2979 961 3031 1015 si
3070 977 3178 1032 per
3233 959 3468 1015 nimiam
3499 959 3771 1015 tristitiam
3820 961 3908 1031 (83)

2294 1053 2516 1123 pereat,
2549 1049 2652 1122 qui
2679 1053 2874 1122 potest
2900 1049 3143 1105 liberari
3174 1065 3280 1121 per
3307 1048 3733 1122 indulgentiam.

2365 1139 2456 1196 94.
2478 1139 2548 1194 Et
2586 1143 2649 1194 ut
2683 1139 2976 1202 sciremus
3013 1139 3150 1212 quia
3187 1138 3259 1193 de
3294 1138 3581 1210 baptizata
3612 1137 3756 1192 dicit.
3783 1137 3913 1192 addi-

2299 1227 2413 1284 dit:
2447 1227 2688 1300 Scripsi
2721 1227 2891 1284 vobis
2927 1227 3306 1301 inepistola,
3354 1241 3428 1283 ne
3476 1226 3915 1282 commisceamini

2299 1316 2652 1373 fornicariis
2681 1316 2855 1390 huius
2883 1316 3088 1372 mundi
3115 1316 3168 1387 (Ι
3201 1315 3403 1386 Conv,
3434 1315 3511 1386 9).
3554 1312 3622 1369 Et
3648 1313 3787 1370 intra
3804 1314 3916 1368 sub-

2295 1405 2526 1478 junxit:
2577 1405 2751 1462 Nunc
2807 1411 3000 1460 autem
3043 1404 3267 1478 scripsi
3308 1403 3498 1474 vobis,
3544 1419 3653 1458 non
3696 1405 3921 1470 commis-

2301 1504 2450 1574 ceri,
2510 1504 2569 1558 si
2626 1504 2758 1577 quis
2799 1502 2998 1558 frater
3046 1503 3386 1559 nominatur
3439 1501 3772 1570 fornicator,
3798 1491 3915 1556 416

2303 1597 2401 1648 aut
2422 1609 2453 1647 a
2465 1608 2662 1664 varas,
2688 1597 2785 1647 aut
2809 1591 2989 1648 idolis
3004 1593 3288 1648 serviens
3303 1590 3482 1661 (Ibid.
3500 1581 3604 1660 li).
3620 1590 3766 1656 Quos
3783 1589 3921 1644 simul

2296 1680 2498 1754 junxit
2545 1681 2620 1737 ad
2665 1697 2920 1753 pinnam,
2973 1680 3150 1736 simul
3183 1681 3370 1736 voluit
3418 1681 3588 1734 etiam
3625 1677 3692 1732 ad
3737 1677 3922 1734 veniam

2301 1771 2619 1843 pertinere.
2653 1770 2724 1825 Si
2757 1771 2890 1844 quis
2912 1774 3103 1826 autem
3140 1767 3280 1824 talis
3310 1775 3422 1835 est,
3464 1767 3665 1840 inquit,
3699 1783 3811 1822 cum
3843 1767 3925 1820 hoc

2222 1882 2279 1950 Β
2306 1875 2416 1950 nec
2435 1859 2630 1914 cibum
2663 1873 2863 1950 sumas
2899 1855 3124 1929 (Ibid).
3158 1857 3346 1923 Quam
3374 1871 3624 1950 severus
3666 1853 3926 1950 pertinaci-

2303 1949 2440 2019 bus,
2475 1963 2650 2020 quam
2683 1947 3002 2022 indulgens
3035 1949 3390 2020 rogantibus
3418 1945 3432 2001 l
3481 1945 3797 2001 Adversum
3822 1943 3925 1998 illos

2304 2037 2526 2093 Christi
2581 2041 2842 2093 armatur
2897 2036 3136 2110 injuria,
3185 2036 3284 2092 his
3333 2033 3558 2092 Christi
3614 2033 3927 2090 invocatione

2307 2125 2668 2200 suffragatur
2697 2125 2834 2198 (84).
3857 2119 3862 2122 ’

2309 2219 2314 2226 ’
2377 2216 2467 2272 95.
2496 2218 2569 2272 At
2605 2232 2678 2272 ne
2713 2215 2850 2289 quis
2885 2213 3036 2271 ferte
3059 2229 3129 2270 eo
3165 2215 3497 2284 moveatur,
3521 2213 3666 2286 'quia
3696 2211 3931 2295 scriptum

2308 2308 2436 2362 est:
2478 2304 2730 2362 Tradidi
2760 2301 3097 2377 liujusmodi
3133 2304 3434 2359 hominem
3465 2302 3699 2358 Satanae
3737 2301 3791 2355 in
3811 2300 3933 2354 inlc-

2311 2393 2492 2451 ritum
2513 2392 2719 2449 carnis
2739 2392 2917 2463 (Ibid.
2939 2389 3016 2462 5),
3053 2395 3110 2448 et
3148 2392 3306 2447 dicat
3331 2409 3343 2448 :
3376 2391 3676 2457 Quomodo
3701 2388 3859 2461 potuit
3883 2385 3935 2439 ad

2307 2483 2540 2540 veniam
2557 2482 2874 2554 pertinere,
2901 2481 3079 2554 cujus
3102 2481 3296 2538 omnis
3316 2481 3645 2540 .interierat
3663 2494 3821 2548 caro,
3835 2492 3936 2532 cum

2309 2571 2688 2630 manifestum
2733 2572 2810 2627 sit
2861 2571 2920 2626 in
2951 2574 3202 2643 utroque
3249 2571 3626 2642 redemptum
3669 2567 3935 2630 hominem,

2311 2662 2372 2717 in
2431 2665 2683 2734 utroque
2737 2660 2993 2716 salvari:
3057 2674 3251 2732 neque
3311 2660 3573 2715 animam
3621 2657 3744 2712 sine
3783 2669 3937 2719 carne,

2310 2764 2504 2822 neque
2535 2763 2773 2804 carnem
2805 2749 2935 2804 sine
2967 2749 3180 2818 anima,
3217 2763 3357 2802 cum
3389 2747 3508 2804 sibi
3541 2747 3658 2802 sint
3687 2749 3940 2819 gestorum

2314 2842 2559 2910 operum
2606 2837 2926 2910 consortiis
2981 2825 3268 2908 copulatae
3314 2828 3458 2909 (85),
3511 2838 3640 2892 sine
3687 2832 3942 2891 consortio

2313 2929 2408 2984 vel
2437 2943 2628 2999 poenae
2657 2942 2798 2984 esse
2827 2927 2920 2981 vel
2951 2926 3225 2998 ρι’ωωίίῖ
3257 2927 3316 2981 Is
3353 2928 3474 2982 sibi
3495 2940 3839 2998 responsum
3859 2922 3943 2976 hoc

2315 3017 2547 3088 habeat,
2581 3016 2740 3089 quod
2771 3016 3043 3071 interitus
3077 3031 3195 3071 non
3226 3019 3693 3072 consummatam
3723 3012 3947 3079 absump-

2313 3107 2535 3162 tionem
2565 3105 2763 3162 carnis
2792 3105 3113 3178 signiticet,
3149 3105 3257 3160 sed
3308 3103 3777 3178 castigationem.
3820 3099 3946 3156 Sicut

2315 3185 2473 3252 enim
2520 3197 2790 3252 mortuus
2838 3193 3106 3265 peccato,
3159 3193 3281 3248 Deo
3339 3195 3528 3258 vivit:
3581 3195 3657 3248 ita
3700 3189 3946 3248 illecebras

2231 3248 2894 3353 ccarnisi—nter'eunut,
2933 3248 3012 3338 et
3067 3248 3527 3354 cupiditatibus"
3557 3286 3688 3339 suis
3751 3277 3950 3335 moritur

2318 3389 2454 3458 caro
2481 3389 2509 3499 :t
2524 3377 2588 3429 ut
2618 3372 2874 3428 castitati
2905 3372 3260 3444 caeteri'sque
3290 3372 3473 3428 bonis
3532 3369 3804 3444 eperibus
3831 3364 3948 3422 revi-

2318 3460 2484 3499 V1808
2514 3486 2528 3499 .
3101 3471 3103 3473 ι

2317 3462 2374 3500 γι
2381 3460 2528 3501 θοαί.
3101 3471 3103 3473 ‘

2386 3533 2476 3590 96.
2510 3533 2582 3589 Et
2629 3534 2787 3606 quod
2834 3533 3028 3605 aptius
3080 3532 3445 3606 exemplum,
3497 3549 3671 3606 quam
3700 3530 3767 3586 de
3807 3527 3948 3583 matre

2320 3639 2626 3680 sumamus
2647 3624 2675 3678 ?
2707 3622 2974 3694 Namque
3006 3622 3136 3694 ipsa
3169 3621 3242 3678 de
3274 3639 3395 3694 qua
3444 3621 3733 3693 assumpti
3757 3629 3947 3679 sumus,

2319 3715 2496 3782 terra,
2517 3712 2860 3768 intermisso
2875 3711 3160 3767 exercitio
3178 3711 3486 3784 cultuque,
3505 3705 3949 3767 videturdeserta:

2317 3805 2377 3857 et
2405 3804 2504 3856 aut
2530 3801 2747 3857 vinetis
2776 3801 2996 3873 quibus
3048 3800 3318 3855 consitus
3356 3805 3452 3856 est
3495 3815 3659 3874 ager,
3708 3799 3798 3852 aut
3838 3789 3953 3849 oleis

2319 3889 2608 3962 moritur;
2640 3903 2886 3945 succum
2918 3892 3114 3944 tamen
3165 3890 3476 3961 proprium
3509 3891 3668 3946 velut
3712 3882 3954 3960 quandam

2321 3980 2415 4036 sui
2444 3979 2697 4036 animam
2719 3995 2838 4036 non
2857 3980 3086 4035 amittit.
3131 3979 3402 4051 Denique
3440 3980 3688 4051 repetita
3724 3974 3953 4036 cultione,

2321 4072 2379 4125 et
2409 4069 2650 4128 creditis
2707 4068 3062 4138 seminibus,
3125 4068 3346 4139 quibus
3395 4069 3618 4124 habilis
3657 4063 3954 4124 aestimatur,

2322 4157 2579 4213 feracior
2607 4157 2874 4230 assurgit
2919 4156 3234 4211 fructibus.
3287 4156 3426 4212 Non
3471 4173 3620 4231 ergo
3667 4154 3892 4210 alienum
3917 4145 3958 4198 si

2322 4247 2497 4302 etiam
2525 4249 2727 4301 nostra
2759 4261 2897 4300 caro
2928 4245 3168 4302 interire
3217 4245 3306 4300 sic
3339 4245 3580 4320 dicitur,
3641 4250 3700 4302 ut
3727 4249 3957 4313 repressa

2322 4335 2540 4409 magis,
2573 4351 2750 4409 quam
2783 4335 3095 4406 absumpta
3127 4335 3425 4392 credatur.

538 4564 812 4637 fecisset,
846 4565 897 4620 si
928 4562 1356 4637 hujuscemodi
1375 4562 1581 4637 lapsus
1612 4563 1833 4637 aliquot
1854 4565 2123 4636 exempla
2153 4565 2214 4621 in
2241 4619 2297 4637 _
2327 4567 2642 4624 contrariis
2674 4569 3031 4622 coeterorum
3065 4567 3306 4622 Patrum
3347 4567 3731 4635 testimoniis,
3771 4569 3963 4637 (equum

535 4619 1203 4711 asans’piogmssa;
1221 4619 1881 4711 nobisenimnulladuni
1895 4619 2213 4711 amasse
2237 4619 2300 4685 ω
2321 4619 3102 4711 ἐέῖῌιὶὶίρὸᾱίῖξξὲὲξῐὶἱὲεξι
3117 4619 3305 4711 “ing;
3327 4619 3962 4711 egi,“;.".;;"eés_po;..io.

535 4725 860 4780 possumus
883 4708 1201 4763 affirmare.
1226 4708 1452 4780 Deinde
1471 4723 1605 4779 quae
1641 4724 1821 4763 causa
1855 4708 1984 4780 fuit,
2018 4724 2128 4764 cur
2153 4708 2213 4763 in

537 4779 713 4850 citato
738 4781 915 4835 Lucae
939 4779 1278 4836 testimonio
1301 4795 1420 4834 non
1442 4779 1595 4834 idem
1632 4779 1940 4850 peccarint
1962 4780 2210 4849 librarii,

536 4849 630 4903 vel
663 4850 870 4905 saltem
921 4851 1129 4905 eodem
1175 4850 1306 4906 loco
1355 4849 1888 4906 admonitifuerint
1931 4851 2214 4906 admissis

539 4921 986 4994 cormptionis?
1032 4921 1150 4979 Cur
1194 4922 1359 4994 illam
1403 4937 1479 4977 ex
1523 4923 1890 4994 argumentis
1938 4922 2108 4990 adeo,
2154 4923 2217 4977 ut

538 4985 1038 5063 pallaeovidetur,
1064 4992 1421 5063 pchpicuis,
1441 4996 1576 5048 ante
1595 4985 1790 5063 ipsum
1813 5008 1985 5048 nemo
2006 4985 2215 5063 depre-

535 5055 858 5132 henderit?
887 5061 999 5116 Sed
1025 5055 1299 5132 'p'rofecto
1331 5055 1449 5118 non
1483 5055 1682 5120 minus
1713 5063 2047 5120 referentur
2073 5055 2217 5118 Am-

537 5127 820 5205 brosiana
852 5127 1138 5205 verba—ad
1169 5139 1555 5205 memoratum
1583 5135 2008 5205 testimonium,
2042 5136 2094 5189 si
2126 5135 2214 5189 le-

539 5203 705 5275 geris
739 5203 985 5270 occulta,
1019 5219 1195 5274 quam
1228 5204 1279 5258 si
1311 5205 1527 5275 multa;
1573 5207 1690 5260 nisi
1722 5205 1873 5262 forte
1903 5207 1958 5261 si
1990 5203 2219 5261 Occulta

541 5274 788 5348 erimina
813 5291 930 5348 non
951 5291 1122 5346 aeque
1147 5275 1321 5348 multa
1346 5274 1628 5348 committi
1659 5278 1914 5348 possint,
1945 5293 2015 5334 ac
2035 5277 2217 5332 mani-

540 5345 717 5402 festa.
753 5347 920 5412 Quod
951 5345 1094 5402 vero
1154 5346 1228 5401 ad
1258 5347 1599 5416 antithesin,
1659 5345 1822 5404 certe
1851 5345 1912 5404 in
1967 5349 2219 5404 lectione

541 5422 745 5492 nostra
765 5417 946 5492 multo
975 5417 1282 5492 pulchrior
1318 5423 1427 5492 est,
1467 5434 1600 5474 cum
1622 5419 1713 5474 sic
1749 5419 2081 5492 clanculum
2111 5420 2217 5474 ad-

537 5490 726 5564 missa
756 5489 1012 5564 publicis
1050 5489 1410 5564 pmnitentim
1459 5491 2216 5564 opponanturrUtcunque

544 5561 643 5638 ait,
697 5559 906 5641 inquit,
957 5559 1288 5624 an'unicus
1318 5559 1415 5622 hic
1470 5559 1642 5628 locus
1671 5565 1730 5626 et
1776 5559 2139 5638 rationibus,
2161 5565 2221 5622 et

2325 4711 2476 4766 Nam
2507 4714 2563 4764 et
2593 4710 2744 4765 alios
2780 4710 2987 4765 Patres
3020 4710 3115 4764 hic
3147 4709 3472 4765 Ambrosio
3513 4709 3834 4766 contrarios
3853 4712 3961 4756 esse

2325 4797 2746 4853 pernegamus,
2769 4784 2828 4835 et
2846 4781 3062 4836 multos
3085 4797 3220 4853 cum
3257 4781 3562 4836 Ambrosii
3601 4786 3717 4835 tum
3756 4777 3962 4853 aliorum

2327 4845 2592 4924 veteru'm
2623 4845 2791 4907 locos
2823 4853 2961 4908 huic
2993 4851 3314 4924 suﬂ'ragari
3361 4853 3794 4924 contendimus.
3836 4845 3963 4920 Non-

2326 4923 2522 4996 nullos
2554 4924 2889 4996 notavimus
2918 4924 3118 4996 priore
3147 4922 3328 4993 tomo,
3376 4928 3438 4996 ut
3485 4930 3625 4996 puta
3657 4922 3754 4977 lib.
3799 4923 3964 4996 νιξειιρ

2328 4995 2468 5051 Luc.
2514 5011 2571 5066 p.
2625 4995 2784 5064 M65,
2827 4999 2894 5050 et
2920 4985 3049 5050 'lib.
3103 5011 3172 5064 at,
3215 4985 3352 5066 pag.
3404 4985 3570 5064 1595,
3599 4998 3791 5066 atque
3833 4985 3962 5066 alibi.

2331 5060 2540 5121 Plures
2571 5069 2746 5122 etiam
2771 5060 3235 5136 suppeditabunt
3263 5060 3325 5120 in
3369 5060 3652 5120 editis’de
3685 5060 3787 5118 hac
3810 5060 3963 5136 mate-

2328 5139 2415 5194 ria
2445 5137 2617 5192 libris
2651 5131 3008 5210 Alexander,
3036 5137 3400 5210 Bibaqueus,
3430 5152 3502 5192 ac
3523 5131 3964 5192 Sammarthanus

2327 5213 2556 5280 noster,
2589 5225 2742 5280 quos
2775 5209 3042 5264 consule.
3118 5279 3121 5280 ν
3210 5209 3217 5210 “
3707 5277 3720 5280 _
3804 5273 3814 5280 ,
3889 5268 3921 5280 ,.

2402 5273 2762 5350 (83)Ὀὶιήι.
2821 5280 2952 5336 cod.
3009 5279 3329 5352 antiquior,
3383 5280 3623 5335 nimiam
3663 5273 3965 5334 obstinatio-

2329 5367 2488 5407 nem.

2400 5423 2513 5492 (84)
2528 5421 2774 5488 Quidam
2788 5438 2962 5493 mss.,
2982 5422 3216 5480 Christi
3229 5424 3291 5478 in
3305 5424 3606 5480 vocatione
3619 5418 3967 5490 suffragatur.

2399 5494 2516 5564 (85)
2547 5493 2848 5571 Mss._non
2891 5495 3087 5568 pauci,
3134 5502 3437 5571 gestorum
3467 5505 3817 5568 operumque
3854 5497 3969 5542 con-

2329 5571 2530 5626 sortes
2549 5564 2847 5644 capulata.
