4024 6176
149 326 158 328 ’⁷
177 303 279 376 517

1330 312 1442 382 DE
1473 311 2023 398 PGNlTENﬂA
2051 312 2212 388 LIB.
2243 313 2303 386 ll

3443 319 3570 398 eis

182 497 3459 541 _._________._______.______________________________________
3475 527 3500 543 ο

1261 589 1674 724 ιιιιειι
1745 646 2436 730 SECUNDUS.

501 892 591 958 41
605 897 651 958 5
679 903 934 960 CAPUT
966 907 1292 966 PRIMUM.

147 987 480 1045 Ambrosius
489 991 601 1046 libi
611 994 958 1069 superioris
966 995 1291 1069 praeceptis
1314 1015 1386 1054 no
1397 1015 1462 1055 va
1476 999 1793 1056 subtextu-

204 1077 327 1142 ηιξ,
381 1063 802 1142 necessitatem
843 1063 1075 1121 mature
1111 1063 1341 1142 agendi
1381 1073 1795 1142 pwnitentiam

205 1131 528 1216 allegqriee.
556 1134 856 1216 insinuat,
891 1154 1058 1216 quam
1103 1131 1407 1216 etisuade't
1449 1143 1737 1216 agendam
1778 1163 1796 1198 :

204 1202 409 1286 deinde
432 1203 598 1286 illius
619 1205 811 1286 forma
833 1202 1215 1286 in'_Apostolo
1247 1202 1797 1286 imitatidnipropo-

202 1277 328 1343 sita,
370 1276 572 1329 varios
604 1276 876 1348 ejusdem
895 1276 1131 1335 fructus
1149 1283 1414 1337 strictim
1427 1276 1724 1356 proponit.

209 1378 254 1434 l.
293 1379 415 1436 Etsi
449 1397 572 1437 non
601 1399 790 1455 pauca
811 1401 944 1457 quae
986 1387 1057 1441 ad
1095 1371 1560 1446 cohortationem
1607 1392 1798 1463 poeni—

142 1467 315 1524 tentiae
344 1471 678 1543 proficiant,
725 1474 947 1546 scripta
994 1475 1114 1532 sint
1163 1479 1221 1532 in
1252 1476 1404 1535 libro
1439 1482 1748 1552 superiore
1781 1498 1794 1537 :

140 1562 308 1613 tamen
338 1573 471 1615 cum
502 1560 931 1633 adjicipossint
955 1565 1276 1638 complura,
1299 1585 1372 1624 ne
1405 1569 1564 1624 velut
1595 1586 1789 1626 seme-

142 1663 227 1702 sas
247 1649 564 1706 verborum
602 1655 943 1707 nostrorum
969 1655 1187 1725 epulas
1219 1657 1539 1730 reliquisse
1589 1660 1794 1715 videa-

140 1751 268 1808 mur,
300 1737 601 1810 inceptum
632 1755 1066 1813 persequamur
1095 1745 1453 1802 convivium.
1548 1751 1552 1756 ”

196 1827 244 1880 2.
277 1827 522 1898 Agenda
553 1832 647 1882 est
691 1829 848 1884 enim
877 1831 1218 1901 poenitentia
1250 1849 1370 1890 non
1401 1835 1596 1892 solum
1630 1837 1796 1892 solli-

140 1914 252 1986 cite,
283 1917 387 1970 sed
419 1918 601 1971 etiam
631 1921 856 1974 mature
892 1935 905 1975 :
949 1936 1025 1976 ne
1074 1921 1224 1978 forte
1262 1923 1661 1998 Evangelicus
1693 1927 1792 1982 ille

139 2004 548 2074 paterfamilias
563 2007 665 2079 qui
695 2008 968 2064 arborem
1015 2009 1194 2066 ficum
1222 2012 1505 2084 plantavit
1530 2015 1590 2070 in
1620 2015 1791 2071 vinea

1903 920 2142 988 peccata
2165 923 2366 976 nostra
2396 923 2426 976 ε)
2457 920 2652 978 Pudor
2673 926 2764 979 est
2783 923 2896 995 (88)
2917 927 2980 981 ut
3009 923 3422 1003 unusquisque
3452 925 3566 985 cri-

1904 1006 2058 1062 mina
2080 1025 2187 1064 sua
2219 1010 2426 1080 prodat
2459 1027 2472 1066 :
2505 1012 2612 1067 sed
2637 1012 2732 1068 ille
2765 1009 2965 1085 pudor
2987 1030 3193 1088 agrum
3227 1033 3400 1082 suum
3419 1022 3566 1089 arat,

1903 1097 2110 1167 spinas
2149 1097 2297 1153 tollit
2327 1098 2441 1169 (89)
2472 1104 2786 1172 perpetuas
2809 1145 2823 1171 ,
2858 1109 3061 1159 sentes
3094 1095 3370 1176 amputat,
3404 1105 3567 1161 fruc-

1899 1192 1997 1242 tus
2026 1186 2239 1255 adolet,
2265 1203 2417 1259 quos
2449 1188 2600 1244 inter
2621 1194 2886 1266 mortuos
2917 1192 3068 1258 417
3098 1209 3237 1249 esse
3269 1194 3568 1252 credebat.

1900 1273 2164 1346 Sequere
2195 1275 2357 1331 illum
2389 1278 2487 1349 qui
2511 1277 2660 1334 bene
2692 1281 2912 1336 arando
2943 1296 3152 1356 agrum
3177 1297 3373 1353 suum,
3403 1281 3569 1339 fruc-

1899 1366 1996 1417 tus
2027 1366 2304 1436 quaasivit
2342 1370 2620 1423 aeternos.
2653 1369 3104 1428 Maledicimur:
3136 1373 3348 1443 inquit,
3383 1377 3442 1428 et
3463 1371 3570 1430 be-

1901 1453 2232 1508 nedicimus
2251 1470 2264 1510 :
2283 1459 2761 1527 persecutionem
2774 1461 3054 1531 patimur,
3074 1467 3134 1516 et
3155 1459 3520 1517 sustinemus
3549 1469 3567 1520 t

1900 1540 2399 1614 blasphemamur,
2427 1551 2485 1600 et
2501 1545 2912 1617 obsecramus;
2936 1554 3206 1626 tanquam
3224 1566 3574 1623 purgamen-

1904 1636 1962 1684 ta
1984 1631 2161 1703 hujus
2179 1634 2382 1688 mundi
2396 1633 2545 1689 facti
2563 1651 2763 1690 sumus
2800 1637 2858 1707 (Ι
2873 1637 3009 1692 Cor.
3040 1655 3119 1709 iv,
3155 1638 3242 1709 12,
3277 1635 3382 1701 i3).
3413 1639 3476 1695 Si
3510 1643 3571 1696 et

1899 1723 1959 1774 tu
1993 1721 2080 1774 sic
2102 1721 2392 1790 araveris,
2425 1724 2750 1780 seminabis
2783 1726 3088 1797 spiritalia.
3116 1729 3251 1796 Ara,
3275 1731 3338 1784 ut
3367 1741 3572 1800 pecca-

1898 1811 2019 1863 tum
2055 1809 2314 1880 auferas,
2356 1811 2612 1868 fructum
2643 1815 2941 1886 acquiras.
2969 1816 3070 1870 Ille
3102 1819 3308 1887 aravit,
3341 1821 3402 1872 ut
3431 1833 3572 1889 per-

1877 1900 2198 1961 ,secutoris
2240 1900 2301 1955 in
2340 1917 2408 1956 se
2437 1902 2768 1959 eradicaret
2797 1903 3070 1961 affectum
3099 1907 3232 1977 (90).
3256 1907 3406 1972 Quid
3435 1899 3572 1979 plus

1901 1987 2090 2058 potuit
2119 1988 2294 2044 nobis
2325 1989 2570 2046 contere
2585 1990 2866 2048 Christus
2888 1994 2960 2048 ad
2979 1995 3238 2051 studium
3261 1996 3572 2053 correctio-

138 2107 248 2163 sua,
283 2094 515 2165 veniat;
550 2076 609 2150 et
638 2112 917 2168 quaerens
955 2076 1314 2156 fructum-in
1347 2118 1434 2172 ea,
1471 2103 1521 2158 si
1555 2120 1673 2159 non
1703 2105 1790 2160 in-
1823 2100 1873 2163 Β
1905 2076 2019 2172 ³ίῆ
2039 2091 2219 2172 (Ῑυδξπ
2251 2081 2310 2172 Ψ
2337 2083 2730 2172 οθηῗθνίθνθλ
2774 2085 2830 2136 ⁸⁸
2865 2083 3032 2139 daret
3060 2083 3235 2140 “oms
3266 2099 3340 2141 ex
3359 2099 3569 2157 μηθ’

137 2183 367 2252 venerit,
417 2185 583 2239 dicat
629 2185 839 2242 cultori
879 2188 1072 2244 vineae
1115 2204 1129 2245 :
1178 2188 1434 2248 Succide
1485 2193 1666 2249 illam.
1715 2193 1791 2250 Ut

140 2271 259 2343 quid
291 2272 468 2327 etiam
507 2278 737 2330 terram
774 2283 1014 2349 occupat
1046 2278 1209 2348 (Luc.
1260 2296 1386 2350 xm,
1428 2280 1530 2352 7)?
1574 2282 1644 2338 Et
1674 2283 1793 2340 nisi

139 2361 307 2416 cultor
331 2362 530 2418 vineae
568 2363 923 2420 interveniat
959 2366 1169 2423 dicens
1204 2384 1216 2423 :
1249 2369 1518 2442 Domine,
1550 2373 1796 2429 remitte

138 2448 276 2504 illam
297 2457 353 2506 et
389 2451 501 2507 hoc
536 2468 710 2522 anno,
747 2454 1033 2526 uquedum
1070 2456 1290 2512 fodiam
1314 2459 1476 2514 circa
1500 2459 1702 2528 illam;
1735 2466 1796 2517 et

140 2544 339 2594 mittam
373 2541 690 2614 cophinum
713 2544 1009 2599 stercoris
1033 2564 1050 2599 :
1074 2551 1133 2601 et
1164 2546 1220 2601 si
1248 2547 1396 2612 416
1431 2549 1664 2621 quidem
1698 2549 1792 2605 fe-

139 2629 269 2682 cerit
289 2629 550 2684 fructum
573 2649 593 2695 ;
631 2646 728 2686 ειη
749 2638 964 2704 autem,
999 2636 1318 2691 excidatur
1334 2635 1585 2692 ficulnea
1597 2637 1789 2710 :(Ibid.

140 2715 183 2785 8,
206 2715 275 2786 9).

195 2803 242 2860 3.
272 2805 692 2864 Stercoremus
737 2825 885 2883 ergo
915 2814 973 2866 et
1012 2827 1125 2868 nos
1167 2829 1379 2886 agrum
1428 2814 1586 2871 hunc
1616 2831 1792 2890 quem

143 2895 527 2966 possidemus,
553 2897 921 2954 etimitemur
943 2900 1280 2959 laboriosos
1296 2905 1615 2977 agricolas,
1639 2921 1792 2977 quos

140 2999 240 3039 non
263 2986 436 3056 pudet
489 2986 636 3042 timo
683 2989 888 3061 pingui
918 2992 1134 3046 satiare
1178 2995 1393 3048 terram
1425 2994 1560 3064 (86),
1591 2999 1652 3049 et
1680 2995 1792 3049 im-

140 3074 332 3130 mundo
361 3076 572 3132 cinere
589 3092 802 3150 agrum
829 3093 1180 3152 aspergere,
1215 3085 1280 3138 ut
1298 3083 1529 3140 fructus
1551 3084 1792 3140 uberio-

141 3177 223 3216 res
243 3163 544 3236 colligant.

199 3251 244 3306 4.
277 3252 344 3307 Et
369 3255 874 3326 quemadmodum
895 3260 1324 3332 stercoremus,
1345 3262 1516 3318 docet
1537 3265 1794 3334 Aposto-

143 3338 220 3396 lus
257 3343 460 3399 dicens
498 3359 514 3399 :
551 3344 634 3398 Et
661 3347 894 3402 aestimo
933 3349 1125 3404 omnia
1160 3356 1219 3405 ut
1244 3357 1516 3408 stercora
1555 3352 1688 3422 (87),
1736 3357 1795 3408 ut

147 3427 423 3486 Christum
472 3433 852 3490 lucrifaciam
897 3437 1183 3511 (Philipp.
1222 3456 1307 3510 ιιι,
1338 3440 1412 3510 8),
1446 3441 1548 3514 qui
1568 3456 1676 3513 per
1701 3441 1796 3496 in-

1905 2169 2108 2221 cutore
2136 2165 2440 2223 doctorem
2469 2169 2498 2223 ?

2552 2309 2806 2368 CAPUT
2846 2312 2914 2368 ll.

1905 2433 2304 2506 Apostolicum
2325 2433 2509 2489 locum
2527 2435 2602 2491 ab
2623 2437 2932 2492 haereticis
2941 2439 3568 2511 contraprenitentiam

1976 2505 2268 2568 obiectum
2290 2505 2492 2568 solvit,
2511 2523 2754 2568 eumque
2769 2509 2846 2564 de
2857 2509 3235 2568 baptismatis
3249 2512 3573 2568 iteratione

1976 2520 2268 2576 umectum
2290 2520 2492 2576 salvu,
2511 2523 2754 2589 eumque
2769 2520 2846 2564 de
2857 2520 3235 2592 baptismatis
3249 2520 3572 2593 iteratione

1975 2577 2429 2653 intelligendum
2452 2595 2578 2632 cum
2605 2579 2971 2653 Singularum
2994 2581 3157 2653 illius
3171 2589 3430 2653 partium
3462 2599 3572 2638 ex-

1971 2649 2286 2720 positione,
2317 2654 2434 2725 tum
2458 2649 2772 2725 praemissa
2795 2651 3019 2706 ibidem
3047 2649 3320 2725 legs-lium
3339 2653 3572 2725 baptis-

1977 2725 2196 2773 matum
2216 2721 2514 2803 mentione
2536 2722 2799 2803 ostendit
2819 2741 2837 2786 ,-
2855 2721 3140 2803 quamvis
3159 2721 3483 2803 suly'unqat
3505 2739 3574 2803 eo

1981 2806 2204 2873 quoque
2230 2791 2396 2873 illum
2417 2807 2594 2873 posse
2615 2791 2988 2873 .referrignut
3019 2795 3170 2866 quod
3205 2791 3574 2873 impossibile
3672 2827 3677 2841 ι

1977 2862 2060 2988 iit
2081 2862 2438 2934 hominibus,
2459 2862 2582 2921 Deo
2601 2864 2970 2937 impossibile
2993 2862 3348 2940 nequaquam
3363 2867 3579 2925 habea-

2009 2950 2098 2988 ur.

2009 2950 2098 2989 αι’.

1977 3058 2032 3116 6.
2076 3058 2224 3114 Cum
2253 3057 2435 3133 igitur
2479 3062 2597 3114 tam
2645 3060 2902 3116 evidenti
2946 3064 3001 3117 et
3045 3061 3234 3134 ipsius
3264 3063 3572 3136 Apostoli,

1908 3153 1965 3204 et
1992 3150 2350 3220 scriptorum
2397 3147 2534 3220 ejus
2579 3149 2853 3220 exemplo
2895 3151 3346 3223 redarguantur,
3378 3155 3575 3209 tamen

1877 3291 1882 3296 _
1908 3239 2102 3294 adhuc
2134 3238 2317 3294 obniti
2349 3238 2571 3307 volunt,
2605 3241 2661 3293 et
2703 3239 3108 3294 auctoritatem
3145 3240 3306 3295 aiunt
3333 3242 3578 3312 aposto-

1911 3328 2042 3385 licae
2065 3327 2183 3384 sibi
2212 3325 2532 3400 suffragari
2559 3328 2870 3384 sententiae
2889 3327 3024 3398 (91),
3039 3329 3366 3400 allegantes
3387 3329 3577 3402 serip-

1912 3421 2035 3472 tum
2055 3417 2126 3472 ad
2148 3416 2441 3474 Hebraeos
2467 3433 2481 3474 :
2507 3416 2884 3489 Impossibile
2907 3423 3000 3472 est
3030 3419 3187 3473 enim
3227 3418 3336 3474 hos
3355 3419 3455 3492 qui
3474 3435 3576 3476 se-

145 3515 350 3575 tamiam
381 3525 439 3576 et
491 3522 716 3577 bonam
761 3524 978 3580 famam
1019 3505 1231 3582 meruit
1258 3505 1496 3584 Christo
1538 3505 1794 3601 placere.
1829 3545 1881 3608 ο
1912 3506 2034 3608 mf?!
2049 3505 2369 3608 ίη¹ξξ²²ξ¹²⁸ίί
2385 3511 2525 3608 fw?!
2549 3512 2608 3561 ⁸⁸
2635 3512 3030 3608 θμὲθῗέτηηί
3060 3506 3270 3608 donem
3311 3507 3577 3608 ίῗθῗλθθίθν

146 3603 369 3680 Legerat
389 3611 558 3666 enim
587 3613 746 3683 quod
767 3614 1068 3670 Abraham
1096 3616 1236 3672 dum
1265 3633 1333 3673 se
1364 3621 1598 3674 stercus
1620 3622 1677 3674 et
1707 3619 1796 3673 ci-

146 3710 320 3753 nerem
348 3699 571 3756 fatetur
599 3700 774 3770 (Gen.
825 3717 993 3759 xviii.
1045 3705 1158 3775 2'1),
1209 3723 1442 3762 summa
1469 3707 1794 3763 humilitate

146 3783 340 3842 invenit
367 3789 472 3844 Dei
524 3791 774 3861 gratiam
805 3792 981 3862 (Gen.
1014 3811 1181 3865 xvm,
1215 3793 1294 3867 3).
1346 3797 1600 3869 Legerat
1635 3798 1796 3870 quod

147 3873 240 3929 Job
266 3877 324 3932 in
350 3881 622 3934 stercore
653 3881 874 3936 sedens
895 3879 1033 3952 (Job
1063 3901 1125 3953 ιι,
1155 3884 1231 3954 8),
1266 3886 1464 3940 omnia
1494 3902 1628 3958 quae
1657 3887 1798 3942 ami-

149 3969 300 4035 serat,
331 3969 709 4040 recuperavit
748 3969 889 4038 (Job
917 3988 1058 4044 xui,
1111 3973 1221 4043 12).
1251 3974 1504 4047 Legerat
1542 3977 1797 4047 prophe-

148 4053 280 4109 tante
318 4055 527 4128 David,
566 4059 724 4130 quod
758 4059 918 4115 Deus
949 4062 1023 4116 de
1065 4064 1224 4116 terra
1252 4063 1504 4119 suscitat
1537 4065 1794 4136 inopem,

149 4144 196 4194 et
233 4143 298 4199 de
335 4148 605 4202 stercore
654 4148 832 4220 erigit
891 4165 1214 4221 pauperem
1265 4152 1453 4222 (Psal.
1504 4168 1658 4224 cxn,
1718 4154 1796 4223 Ἴ).

207 4229 254 4286 5.
287 4232 356 4288 Et
384 4251 498 4291 nos
533 4250 680 4308 ergo
724 4253 843 4294 non
883 4239 1312 4296 erubescamus
1352 4241 1522 4297 fateri
1550 4242 1800 4300 Domino

211 4373 312 4445 (86)
343 4376 594 4434 Imitatio
619 4377 856 4435 illorum
884 4395 1168 4437 versuum
1198 4397 1230 4438 e
1259 4382 1360 4438 lib.
1384 4401 1402 4438 ι
1424 4383 1640 4458 Georg.
1675 4401 1688 4441 :

255 4463 337 4544 ἷξε
349 4471 588 4544 saturare
614 4468 735 4515 timo
750 4469 940 4544 pingui
971 4471 1166 4544 pudeat
1190 4473 1346 4544 sulat,
1367 4487 1517 4524 neve.

260 4526 448 4577 Etfetos
481 4531 716 4578 cinerem
749 4526 1078 4581 immundum
1112 4534 1314 4596 jactare
1335 4526 1437 4598 per
1464 4550 1642 4600 agros.

213 4601 314 4677 (8'7)
344 4607 470 4684 γει.
505 4610 643 4684 edit.
669 4614 726 4684 et
746 4611 918 4682 pauci
951 4629 1122 4682 mss.,
1148 4615 1228 4669 Et
1246 4618 1478 4670 testimo
1493 4623 1796 4684 stercora;

160 4670 304 4754 Rom.
328 4680 476 4754 edit.
505 4685 562 4736 et
591 4682 689 4735 alii
724 4670 1058 4754 pauciores,
1093 4670 1174 4739 Et
1203 4687 1472 4742 mstimor
1490 4670 1796 4753 stercora}
1891 4687 1898 4690 ’

158 4746 341 4870 τεξιὲςυί
363 4766 511 4833 mss.
545 4757 606 4806 ut
637 4753 697 4807 in
725 4746 907 4826 textu,
942 4746 1058 4810 nisi
1087 4758 1245 4829 quod
1285 4757 1552 4814 nonnulli
1580 4746 1800 4815 habent

158 4830 227 4870 ω
252 4835 435 4870 tmari-

157 4830 435 4876 animari.

216 4888 330 4972 (ϐξ).
363 4893 603 4972 Hie_agi
642 4895 715 4950 de
756 4895 1138 4972 confessione
1175 4916 1310 4972 quae
1341 4900 1463 4956 Deo
1512 4900 1665 4972 apud
1697 4917 1800 4956 sa-

164 4961 428 5042 cerdotem
460 4961 621 5042 illius
669 4983 736 5042 ea
773 4967 1027 5042 ingparte
1059 4961 1346 5027 vicarium
1387 4961 1598 5042 editur,
1633 4988 1798 5028 com-

164 5036 359 5113 pertum
387 5034 525 5113 facit
546 5038 702 5113 quod
725 5034 921 5113 statim
958 5041 1228 5113 sequitur
1260 5059 1272 5098 :
1309 5042 1514 5098 Pudor
1545 5034 1657 5110 est,
1683 5048 1795 5098 etc.

165 5101 316 5185 Quem
338 5107 488 5185 enim
523 5101 735 5185 pudeat
764 5111 919 5185 apud
954 5101 1088 5168 eum
1117 5113 1312 5185 solum
1351 5117 1588 5185 peccata
1629 5101 1800 5170 fateri

167 5183 287 5242 sua,
344 5178 436 5232 cui
480 5178 957 5258 eadem_cl_arius_
993 5200 1190 5258 ‘quam‘
1224 5178 1518 5258 sibi-ipsi;
1552 5187 1798 5258 cognita

169 5253 280 5328 esse
307 5253 679 5328 perspectum
701 5251 913 5308 habeat
935 5255 962 5308 ?
983 5251 1152 5328 Certe
1177 5255 1237 5310 in
1266 5271 1336 5311 eo
1367 5251 1525 5326 quod
1549 5251 1798 5328 illa'per-

169 5317 470 5396 νάρθηξι-ξι,
502 5323 693 5396 pudor
723 5339 862 5378 esse
895 5327 1127 5396 poterit,
1171 5343 1290 5381 non
1319 5317 1513 5382 autem
1563 5326 1622 5382 in
1659 5317 1799 5382 illo-

170 5397 282 5470 Eutr}.
304 5390 696 5470 confessione.
729 5390 977 5470 ‘Rurs'us
1011 5390 1152 5470 vero
1185 5399 1344 5470 quod
1376 5398 1800 5470 unusquisque

172 5450 352 5541 dicitur
375 5464 621 5541 prodere
657 5465 902 5541 crimina
932 5450 1072 5541 sua,
1093 5450 1800 5541 ligat;siiié’iﬁie‘iiiéiiﬁi

173 5537 268 5601 pou
293 5529 358 5603 de
377 5529 626 5603 publicis
656 5539 878 5592 tantum
907 5529 1258 5596 criminibus
1278 5544 1335 5596 et
1361 5529 1801 5596 scandalovcon-

171 5601 519 5685 timetis‘agi,
572 5606 677 5664 sed
723 5609 1016 5685 etiam_de
1067 5609 1318 5667 occultis
1348 5615 1403 5685 et
1450 5611 1796 5685 reconditis,

352 5620 362 5655 ι
406 5620 437 5658 a
485 5623 519 5670 ι,
572 5620 677 5664 seu
723 5620 898 5666 etiam
944 5620 1016 5666 de
1067 5620 1318 5667 occultis
1348 5620 1403 5668 et
1450 5620 1794 5685 reconditis,

352 5671 385 5754 _b
417 5620 611 5754 igiun
653 5684 874 5754 sponte
907 5681 1252 5741 deferantur
1297 5683 1372 5740 ad
1403 5682 1794 5754 sacerdotem.

175 5677 284 5802 an
317 5677 385 5730 ab
417 5677 608 5752 aliquo
653 5684 877 5766 sponte.
907 5681 1252 5768 deferantur
1297 5683 1380 5768 ad.
1403 5677 1794 5770 sacerdotem.

243 5743 396 5809 anule
424 5759 553 5833 quae
579 5750 652 5812 de
678 5767 782 5814 reo
801 5767 1055 5819 minoris
1097 5754 1290 5842 culpae
1326 5755 1604 5819 dicuntur
1649 5753 1806 5823 iam

1914 3602 1973 3652 et
2006 3595 2340 3670 participes
2371 3595 2519 3650 facti
2553 3601 2691 3651 sunt
2721 3595 2990 3667 Spiritus
3022 3602 3246 3667 sancti,
3277 3603 3338 3652 et
3366 3597 3578 3654 bonum

1911 3691 2084 3758 gusta
2094 3690 2306 3740 verunt
2326 3683 2442 3739 Dei
2467 3683 2731 3754 verbum,
2753 3685 3122 3758 virtutesque
3142 3684 3334 3740 futuri
3351 3687 3574 3755 saeculi,

1912 3774 2109 3846 lapsos
2139 3773 2356 3827 iterum
2387 3774 2674 3830 renovari
2693 3773 2755 3828 in
2766 3774 3198 3845 paenitentiam,
3214 3790 3430 3831 rursus
3447 3791 3583 3831 cru-

1913 3863 2228 3934 ciligentes
2250 3861 2466 3918 Filium
2484 3861 2619 3933 Dei,
2642 3868 2703 3920 et
2719 3864 3117 3920 ostentatione
3147 3865 3584 3937 triumphantes

1911 3951 2123 4022 (Hebr.
2149 3968 2229 4022 vr,
2262 3949 2397 4022 4-6.)

1982 4077 2036 4131 '7.
2072 4075 2370 4150 Numquid
2388 4075 2605 4131 Paulus
2629 4075 2920 4132 adversus
2943 4075 3159 4132 factum
3178 4075 3583 4150 suumprmdi-

1916 4181 2050 4220 care
2073 4164 2307 4236 potuit?
2336 4165 2586 4220 Donavit
2606 4165 2908 4222 Corinthio
2938 4169 3243 4238 peccatum
3264 4181 3371 4238 per
3397 4167 3585 4240 pmnio

1915 4254 2155 4311 tentiam
2195 4253 2283 4326 (II
2325 4253 2460 4311 Cor.
2495 4271 2556 4326 ιι,
2587 4255 2715 4326 40);
2755 4256 3051 4328 quomodo
3084 4253 3181 4312 hic
3226 4255 3413 4328 potuit
3439 4271 3584 4314 sen‘

1986 4398 2566 4550 ξῷῆἲὲἑῗὶξῖίυοι,
2596 4485 2802 4543 agrum
2835 4487 3000 4526 suum
3029 4475 3347 4540 stercorat,
3377 4469 3584 4542 spinas

1915 4541 2279 4680 οοέξόξὶξῗὲε.
2313 4611 2601 4682 nonnulli,
2634 4612 2696 4666 in
2727 4627 2794 4667 se
2816 4612 3156 4667 eradicaret
3180 4608 3472 4667 eﬂ‘ectum.

1987 4683 2100 4753 (9t)
2132 4683 2264 4738 Non
2294 4683 2472 4738 alium
2511 4683 2703 4738 locum
2735 4684 2835 4754 qui
2870 4683 3062 4754 magis
3083 4683 3301 4736 haeresi
3333 4698 3460 4738 sum
3491 4697 3586 4754 pa-

1913 4755 2196 4810 trocinari
2223 4755 2542 4822 videretur,
2565 4770 2741 4825 quam
2773 4755 2950 4810 istum
2979 4754 3360 4824 proferebant
3389 4754 3585 4810 Nova-

1911 4825 2076 4880 tiani.
2100 4826 2168 4879 Et
2188 4825 2301 4880 hoc
2339 4825 2576 4896 quidem
2606 4826 2666 4879 in
2694 4841 2878 4896 causa
2927 4825 3054 4896 fuit,
3091 4841 3196 4879 cur
3227 4825 3424 4880 serius
3453 4825 3586 4882 haec

1916 4412 2044 4470 cap.
2061 4397 2132 4470 44,

1828 4932 1880 4993 Β
1915 4897 2165 4967 epistola
2201 4893 2376 4967 apud'
2405 4893 2647 4950 Latinos
2692 4895 2887 4978 habita
2917 4895 3104 4977 fuerit
3138 4912 3243 4978 pro
3274 4898 3581 4968 canonica,

1917 4967 2404 4993 -..........l.~....l..m
2459 4981 2529 4993 η..
2582 4965 2840 4993 D..-AL..\
2892 4966 2969 4993 LL
3040 4984 3100 4993 ..-
3143 4967 3268 4993 u.-.
3356 4967 3561 4993 D--I-_

1915 4965 2408 5039 quemadmodum
2457 4981 2532 5020 ex
2582 4965 2842 5021 Eusebio
2892 4966 2993 5021 lib.
3024 4984 3100 5039 ιιι
3133 4965 3290 5022 Hist.
3343 4965 3581 5039 Eccles.

1914 5037 2042 5110 cap.
2075 5039 2129 5107 8,
2163 5042 2225 5110 et
2258 5038 2360 5093 lib.
2412 5054 2492 5110 vi,
2541 5053 2669 5108 cap.
2701 5039 2805 5106 20;
2854 5037 3312 5110 ex_Philastrio,
3353 5039 3456 5095 lib.
3492 5037 3584 5095 De

1912 5106 2233 5182 Haeres,“
2266 5123 2280 5177 ς
2315 5124 2389 5182 ex
2423 5106 2780 5179 Hieronymo
2815 5106 2996 5182 variis
3029 5109 3178 5182 locis
3211 5106 3582 5182 cognoscere

1914 5184 2024 5263 est:
2053 5178 2416 5263 Epiphanius
2447 5178 2682 5263 quoque
2702 5181 3077 5263 prtesipuum
3106 5178 3491 5263 Cathaiorum
3521 5181 3585 5263 in

1914 5267 1984 5307 eo
2007 5252 2138 5306 luco
2172 5251 2600 5306 ﬁrmamentum
2633 5251 2844 5320 fuisse,
2877 5251 3016 5305 dum
3047 5253 3117 5306 de
3141 5253 3346 5306 eadem
3362 5251 3583 5308 hmresi

1914 5323 2202 5405 loquitur,
2252 5322 2444 5405 tradit.
2488 5322 2788 5405 Caeterum
2818 5322 3220 5405 ﬁmbi-osiana
3269 5322 3584 5405 responsio

1913 5393 2230 5466 verissima
2250 5397 2372 5466 est,
2407 5408 2652 5466 eamque
2693 5393 3052 5450 nobilissimi
3093 5394 3308 5465 quique
3338 5393 3585 5466 scripto-

1913 5464 2261 5544 resdoctori
2294 5467 2499 5520 nostro
2528 5463 2818 5538 suppares
2836 5463 3342 5544 _a_ut_posteriore_s
3363 5463 3584 5544 ample-

1914 5535 2033 5616 ;ati
2064 5539 2203 5616 sunt
2227 5533 2918 5616 ;‘_quanq1_1am'r_ionnull_i_,
3029 5534 3365 5616 pauitantia
3386 5533 3584 5616 locum

1915 5603 2312 5682 interpretati;
2325 5603 2606 5665 moralem
2637 5603 3172 5682 impossibilitatem
3194 5606 3274 5682 ibi
3290 5603 3587 5682 significa.

1915 5681 2036 5736 tam
2065 5675 2397 5738 inaluer'unt
2434 5694 2448 5742 :
2487 5695 2620 5761 qum
2649 5675 2966 5765 reipoasio
2994 5679 3168 5746 etiam
3205 5675 3265 5742 in
3296 5675 3410 5741 tilio
3453 5683 3589 5770 cap,

1915 5750 1994 5814 tie
2015 5751 2328 5816 iudicetur.

1939 5767 1994 5813 ιε
2015 5766 2328 5823 ιιιαιοιῑιινο
