3936 6168
426 306 548 383 519

1818 314 1883 380 s.
1917 268 2359 381 AusRosu.

3726 293 3824 388 520

430 519 675 574 tentiam
707 533 877 574 suam
920 517 1050 590 ipse
1085 502 1520 590 reprehendere
1549 517 1579 572 ?
1609 517 1769 589 Ergo
1802 517 1939 589 quia
1984 532 2103 572 non
2126 496 2179 562 Α
2220 518 2294 573 ad
2325 518 2613 574 Hebraeos
2633 561 2647 589 ,
2696 515 3070 590 impossibile
3102 531 3243 574 esse
3274 516 3466 591 lapsos
3500 504 3829 579 renovariin

431 607 621 679 potuit
640 608 799 679 quod
830 607 1226 663 mdiﬁcaverat
1242 607 1568 673 destruere,
1595 623 1713 663 non
1743 606 2104 662 contrarium

432 696 664 752 dixisse
695 712 851 768 eum,
879 697 987 752 sed
1009 697 1312 752 diversum
1334 696 1717 751 advertimus.
1749 684 1915 761 Quod
1948 695 2105 751 enim

431 786 791 842 contrarium
821 789 934 857 est,
970 800 1039 842 se
1084 786 1280 857 ipsum
1318 786 1624 858 impugnat
1660 800 1672 840 :
1706 784 1864 856 quod
1904 784 2104 839 diver-

431 891 565 953 sum
587 879 700 947 est,
734 875 1072 931 distinctam
1101 875 1255 931 solet
1298 874 1520 930 habere
1554 874 1861 933 rationem.
1893 873 1976 927 Ita
2002 888 2105 928 au-

431 967 549 1020 tem
607 965 971 1020 contrarium
1019 980 1139 1020 non
1186 967 1299 1035 est,
1346 967 1409 1019 ut
1450 963 1698 1020 alterum
1744 960 2107 1035 suffragetur

431 1051 620 1109 alieri.
655 1053 886 1109 Etenim
907 1053 1044 1126 quia
1074 1053 1146 1108 de
1168 1053 1515 1109 remittenda
1543 1052 1889 1124 praedicavit
1918 1050 2106 1123 paeni-

429 1142 632 1213 tentia,
665 1141 869 1197 debuit
915 1146 973 1197 et
1015 1142 1089 1197 de
1124 1142 1200 1197 iis
1230 1143 1330 1215 qui
1370 1142 1699 1198 iterandum
1730 1143 1937 1212 putant
1962 1140 2106 1211 bap-

427 1226 695 1301 tismum,
730 1248 850 1289 non
891 1231 1070 1287 silere
1103 1247 1115 1287 :
1149 1235 1207 1287 et
1236 1233 1404 1304 prius
1436 1230 1896 1289 sollicitudinem
1926 1228 2103 1285 nobis

429 1320 654 1397 auferri
676 1319 953 1391 oportuit,
988 1323 1051 1376 ut
1063 1320 1358 1376 sciremus
1379 1319 1555 1376 etiam
1569 1322 1706 1390 post
1724 1318 2105 1391 baptismum,

430 1409 483 1474 si
514 1408 618 1482 qui
656 1413 973 1481 peccarent
992 1452 1007 1479 ,
1055 1410 1265 1465 donari
1321 1409 1411 1464 eis
1442 1425 1625 1481 posse
1653 1412 2001 1481 peccatum;
2033 1423 2109 1463 ne

429 1492 537 1572 spe
596 1514 767 1554 venae
830 1490 1146 1579 destitutos
1196 1498 1447 1554 iterandi
1494 1497 1866 1570 baptismatis
1910 1496 2108 1568 Opinio

433 1604 587 1644 vana
615 1589 982 1659 perverteret
1013 1605 1026 1642 :
1054 1587 1265 1643 deinde
1291 1587 1623 1643 iterandum
1642 1603 1762 1643 non
1791 1601 1931 1643 esse
1958 1586 2109 1656 bap-

432 1674 608 1734 tisma
638 1676 975 1749 rationabili
1004 1677 1400 1749 disputatione
1432 1676 1801 1739 suadendum
1835 1675 1963 1731 fuit.

468 1838 473 1841 _
497 1782 553 1841 8.
582 1785 667 1839 De
693 1784 1049 1855 baptismate
1070 1788 1265 1841 autem
1287 1783 1506 1839 dictum
1536 1783 1718 1839 verba
1758 1782 1890 1854 ipsa
1921 1781 2111 1837 decla-

2186 664 2195 675 τ
2211 607 2644 681 paenitentiam,
2666 623 2883 662 rursus
2894 606 3320 680 erueiiigentes
3335 606 3542 662 Filium
3562 608 3663 665 Dei
3682 616 3731 664 et
3747 628 3825 667 os-

2221 692 2560 751 tentatione
2582 696 3020 768 triumphantes
3047 695 3264 767 (Hebr.
3312 714 3389 761 v1,
3421 694 3497 766 6),
3528 712 3593 752 eo
3621 703 3825 770 spectat,

2215 787 2298 855 ut,
2323 784 2394 840 de
2423 785 2716 856 baptismo
2729 786 2949 841 dictum
2981 786 3318 856 credamus,
3350 786 3411 840 in
3439 801 3551 857 quo
3579 788 3830 861 cruciﬁgi-

2218 890 2353 929 mus
2382 874 2597 930 Filium
2624 874 2731 929 Dei
2760 874 2823 929 in
2851 874 3063 945 nobis;
3095 877 3158 930 ut
3186 889 3296 946 per
3321 874 3664 930 illumnobis
3690 893 3830 933 mun-

2219 963 2331 1019 dus
2353 964 2754 1036 crucifigatur,
2786 965 2891 1036 qui
2917 963 3170 1036 quadam
3200 962 3622 1034 triumphamus
3650 968 3832 1036 specie,

2219 1053 2358 1113 dum
2401 1053 2847 1108 similitudinem
2896 1053 3106 1108 mortis
3146 1051 3284 1125 ejus
3333 1052 3718 1121 assumimus,
3758 1056 3835 1127 qui

2218 1142 2603 1213 principatus,
2636 1145 2693 1197 et
2721 1144 3046 1213 potestates
3090 1140 3151 1195 in
3192 1156 3303 1196 sua
3362 1156 3537 1197 cruce
3564 1144 3837 1198 ostentavit

2218 1247 2287 1286 ac
2326 1229 2742 1301 triumphavit,-
2790 1231 2852 1285 ut
2880 1230 2941 1285 in
2997 1229 3206 1285 mortis
3257 1226 3394 1302 ejus
3445 1229 3839 1287 similitudinem

2220 1337 2333 1376 nos
2362 1335 2598 1393 quoque
2648 1319 2720 1375 de
2757 1319 3189 1391 principatibus
3230 1334 3486 1392 quorum
3516 1318 3837 1391 deponimus,

2219 1409 2671 1482 triumphemus.
2692 1408 2887 1464 Semel
2916 1410 3111 1464 autem
3130 1407 3459 1463 crucifixus
3476 1409 3567 1463 est
3590 1406 3840 1479 Christus,

2221 1497 2405 1553 semel
2446 1501 2686 1569 peccato
2720 1498 3030 1569 mortuus;
3070 1499 3127 1553 et
3165 1496 3300 1552 ideo
3335 1512 3538 1566 unum,
3577 1512 3687 1551 non
3710 1496 3843 1568 plura

2219 1588 2592 1660 baptismate.

2293 1694 2382 1751 11.
2414 1694 2584 1764 Quid,
2616 1693 2776 1767 quod
2805 1697 2864 1749 et
2889 1710 3074 1766 supra
3109 1693 3443 1749 doctrinam
3466 1691 3848 1764 baptismorum

2220 1784 2507 1857 prmmisit
2534 1785 2562 1840 ?
2592 1784 2663 1839 Et
2692 1784 2831 1856 quia
2859 1783 3041 1839 multa
3068 1785 3238 1838 erant
3264 1782 3618 1853 baptismata
3644 1781 3698 1836 in
3722 1781 3846 1853 lege,

431 1877 585 1945 rant,
619 1873 840 1945 quibus
891 1873 1257 1944 signiﬁcavit
1298 1872 1673 1944 impossibile
1716 1887 1857 1927 esse
1906 1871 2110 1941 lapsos
2143 1875 2196 1940 Β
2224 1874 2434 1930 merito
2458 1873 2843 1945 reprehendit
2880 1872 3021 1927 illos
3065 1872 3168 1943 qui
3205 1871 3475 1944 perfecta
3503 1870 3790 1941 dimittant,
3813 1874 3855 1925 et

435 1962 712 2029 renovari
742 1962 803 2018 in
825 1962 1269 2035 paenitentiam;
1301 1977 1410 2033 per
1423 1960 1725 2017 lavacrum
1752 1961 1913 2015 enim
1940 1975 2112 2015 reno-

435 2068 664 2124 vamur,
696 2068 805 2123 per
830 2051 990 2123 quod
1012 2050 1403 2120 renascimur,
1435 2049 1594 2105 sicut
1623 2050 1754 2120 ipse
1789 2047 2009 2104 Paulus
2027 2047 2113 2102 di-

431 2142 528 2197 cit.
552 2140 895 2212 Consepulti
925 2140 1081 2195 enim
1104 2155 1306 2194 sumus
1335 2155 1461 2194 cum
1494 2137 1598 2193 illo
1613 2154 1728 2210 per
1748 2136 2106 2209 baptismum

435 2231 498 2286 in
528 2236 800 2299 mortem,
827 2233 905 2295 ut,
942 2227 1421 2301 quemadmodum
1444 2227 1716 2282 surrexit
1743 2226 2024 2281 Christus
2038 2240 2118 2279 ex

440 2319 695 2376 mortuis
721 2334 834 2390 per
861 2316 1113 2390 gloriam
1140 2316 1371 2384 Patris,
1406 2317 1491 2371 ita
1527 2322 1585 2371 et
1603 2316 1754 2380 418
1786 2331 1891 2370 nos
1920 2315 1982 2369 in
2015 2330 2114 2369 no-

448 2408 634 2462 vitate
662 2407 800 2463 vitae
820 2403 1185 2461 ambulemus
1203 2404 1392 2475 (Rom.
1427 2420 1507 2474 vi,
1527 2404 1602 2475 4).
1636 2404 1706 2459 Et
1722 2403 1862 2459 alibi
1885 2418 1900 2459 :
1925 2403 2116 2459 Reno-

448 2497 669 2551 vamini
696 2496 916 2568 spiritu
944 2494 1167 2549 mentis
1188 2499 1425 2558 vestrae,
1458 2499 1518 2547 et
1535 2492 1765 2548 induite
1783 2508 1993 2548 novum
2014 2493 2116 2547 ho-

443 2586 663 2639 minem
680 2584 778 2657 qui
798 2581 1323 2639 secundumDeum
1362 2587 1602 2637 creatus
1633 2588 1725 2637 est
1754 2581 2001 2655 (Ephes.
2033 2594 2113 2650 1v,

437 2673 527 2743 28,
551 2672 664 2744 24).
690 2671 761 2727 Et
789 2671 927 2726 alibi
965 2685 978 2726 :
1013 2669 1425 2726 Renovebitur
1441 2670 1596 2726 sicut
1614 2668 2118 2742 aquilaejuventus

441 2766 539 2816 tua
571 2760 762 2830 (Psal.
787 2777 885 2829 cu,
918 2760 973 2829 5)
1012 2775 1025 2815 :
1058 2760 1217 2831 quod
1256 2760 1431 2815 etiam
1473 2758 1700 2831 aquila,
1753 2774 1889 2813 cum
1939 2757 2119 2815 fuerit

441 2851 694 2919 mortua,
726 2863 805 2904 ex
834 2849 965 2903 suis
995 2847 1266 2919 reliquiis
1288 2848 1573 2919 nascitur,
1595 2848 1752 2903 sicut
1766 2860 1874 2919 per
1891 2847 2116 2918 baptis-

442 2938 617 2994 matis
635 2938 749 3009 (9'2)
768 2940 1223 3003 sacramentum,
1249 2953 1383 2992 cum
1397 2936 1686 2993 fuerimus
1707 2939 1951 3009 peccato
1970 2949 2121 2992 mor-

442 3027 549 3099 tui,
582 3026 953 3083 renascimur
979 3026 1122 3097 Deo,
1174 3042 1244 3081 ac
1274 3025 1686 3085 reformamur.
1738 3025 1931 3083 Unum
1968 3040 2116 3098 ergo

439 3116 732 3188 baptisma
762 3116 953 3187 docet,
987 3116 1144 3173 sicut
1173 3114 1312 3170 alibi
1348 3130 1361 3171 :
1404 3112 1529 3171 Una
1559 3114 1750 3182 ﬁdes,-
1800 3132 1990 3182 unum,
2019 3114 2113 3170 in-

445 3206 592 3278 quit,
623 3205 919 3277 baptisma
950 3204 1196 3277 (Epiros.
1215 3221 1294 3274 1v,
1328 3204 1405 3274 5).

470 3350 477 3355 -
515 3313 577 3368 9.
605 3312 757 3368 Illud
786 3328 1023 3385 quoque
1054 3311 1322 3379 evidens,
1357 3308 1523 3384 quod
1545 3311 1604 3367 in
1630 3310 1837 3384 eo'qui
1864 3309 2139 3381 baptiza-'

447 3406 565 3473 tur,
611 3401 982 3474 cruciﬁgitur
1030 3401 1216 3457 Filius
1247 3401 1393 3471 Dei;
1443 3402 1580 3474 quia
1617 3417 1736 3456 non
1765 3399 1954 3472 potuit
1980 3413 2122 3454 caro
2168 3416 2171 3419 ·

443 3493 655 3548 nostra
685 3490 923 3546 abolere
971 3491 1298 3562 peccatum,
1347 3490 1464 3545 nisi
1515 3489 1799 3545 cruciﬂxa
1847 3490 2013 3545 esset
2059 3488 2121 3543 in

440 3579 678 3636 Christo
699 3580 862 3636 Jesu.
883 3580 1148 3652 Denique
1162 3582 1452 3653 scriptum
1480 3582 1593 3651 est,
1620 3579 1762 3651 quia
1795 3582 2122 3652 quicunque

440 3668 739 3742 baptisati
766 3685 970 3724 sumus
990 3670 1054 3723 in
1086 3669 1332 3726 Christo
1360 3675 1527 3739 Jesu,
1563 3668 1625 3723 in
1662 3679 1912 3724 mortem
1933 3668 2125 3740 ipsius

440 3758 732 3830 baptizati
770 3774 972 3813 sumus
1005 3758 1195 3829 (Rom.
1225 3775 1316 3829 vx,
1366 3758 1420 3813 3.
1485 3757 1557 3812 Et
1600 3757 1754 3812 infra
1795 3773 1808 3812 :
1854 3755 1925 3811 Si
1964 3756 2121 3811 enim

441 3847 822 3919 eomplantati
859 3862 1061 3902 sumus
1096 3846 1482 3902 similitudini
1523 3846 1737 3901 mortis
1765 3845 1909 3919 eius,
1942 3844 2128 3901 simul

445 3941 505 3991 et
527 3935 1037 3991 ressurrectionis
1057 3936 1302 4006 erimus,
1347 3935 1614 3990 scientes
1643 3935 1776 4006 quia
1822 3941 1996 3989 vetus
2014 3934 2124 3990 ho-

444 4040 538 4080 mo
567 4030 776 4080 noster
814 4023 995 4079 simul
1031 4023 1298 4079 conﬁxus
1337 4030 1429 4080 est
1457 4024 1621 4078 cruci
1653 4023 1815 4088 (Ibid
1843 4024 1896 4094 5,
1930 4021 2006 4093 6).
2050 4022 2124 4077 Et

452 4113 529 4169 ad
549 4112 953 4191 Colossenses
983 4112 1063 4166 ait
1095 4126 1109 4167 :
1161 4110 1504 4184 Consepulti
1538 4112 1597 4167 ei
1617 4127 1733 4183 per
1769 4111 2125 4183 baptismum

443 4203 507 4257 in
535 4217 644 4275 quo
665 4208 725 4257 et
767 4200 1244 4257 eonsurrexistis
1278 4200 1527 4271 (Coloss.
1561 4217 1624 4271 ιι,
1659 4200 1767 4269 12).
1792 4199 1959 4265 Quod
1988 4200 2124 4256 ideo

450 4291 741 4363 scriptum
765 4293 876 4360 est,
911 4292 975 4344 ut
1005 4289 1317 4353 credamus
1344 4289 1481 4361 quia
1497 4288 1627 4360 ipse
1659 4289 2026 4361 crucifigitur
2052 4288 2116 4343 in

441 4380 656 4451 nobis;
692 4383 754 4436 ut
781 4395 889 4450 per
917 4379 1081 4433 illum
1110 4381 1351 4449 peccata
1379 4381 1584 4434 nostra
1627 4377 2001 4448 mundentur,
2055 4380 2122 4432 ut

448 4470 583 4541 ipse
617 4468 1079 4542 chiragraphum
1100 4471 1370 4524 nostrum
1385 4466 1589 4540 affigat
1608 4467 1794 4536 cruci,
1830 4467 1930 4539 qui
1954 4465 2125 4521 solus

449 4560 648 4629 potest
678 4558 901 4615 donare
933 4557 1166 4613 delicta.
1211 4557 1345 4629 Ipse
1374 4556 1433 4611 in
1462 4556 1637 4612 nobis
1667 4555 2034 4627 principatus
2065 4557 2125 4611 et

444 4649 770 4717 potestates
802 4646 1123 4718 triumphat
1165 4662 1177 4703 :
1220 4645 1501 4719 quoniam
1551 4645 1623 4701 de
1671 4643 1804 4716 ipso
1837 4645 2124 4715 scriptum

442 4738 537 4790 est
568 4752 581 4791 :
618 4736 1012 4809 Principatus
1056 4742 1117 4791 et
1155 4741 1491 4809 potestates
1532 4734 1876 4801 ostentavit,
1911 4734 2125 4788 trium-

435 4822 635 4894 phans
654 4834 756 4880 eos
787 4822 848 4878 in
881 4826 1205 4897 semetipso
1234 4823 1411 4894 (Ibid.
1446 4823 1555 4895 15).
1630 4880 1635 4885 ,
1702 4834 1707 4839 ’

520 4911 607 4968 10.
641 4911 804 4985 Ergo
836 4913 993 4985 quod
1022 4913 1103 4969 ait
1143 4914 1203 4969 in
1232 4913 1345 4969 hac
1386 4912 1638 4985 epistola
1676 4927 1810 4984 qum
1842 4909 2128 4967 scribitur

472 5050 486 5130 '_
518 5051 633 5130 (92)
664 5054 836 5130 Rom.
888 5054 1027 5130 edit.
1083 5054 1211 5130 sola
1262 5055 1412 5130 quod
1449 5062 1541 5112 est
1582 5055 1739 5130 sicut
1767 5052 1961 5129 aquila
1995 5068 2125 5130 cum

446 5120 705 5198 fuerit...
738 5126 827 5182 sie
841 5138 955 5198 per
985 5120 1385 5198 baptismatis,
1422 5131 1534 5183 etc.
1568 5127 1772 5182 Obiter
1791 5120 1988 5182 autem
2010 5124 2125 5198 ob-

444 5196 807 5269 servandum
839 5169 949 5262 est,
984 5169 1206 5269 aq’uilae
1236 5169 1385 5252 miiii
1411 5169 2119 5269 a’t't‘rib‘ui'a'b.xumbrosio,

446 5265 605 5339 quod
627 5268 806 5342 vulgo
839 5266 910 5324 de
943 5265 1215 5339 phdenice
1246 5270 1480 5338 dicitur,
1514 5284 1689 5394 quem
1738 5284 1814 5323 ex
1861 5267 2126 5338 propriis

448 5338 753 5394 cineribus
784 5339 1039 5394 remasci
1074 5337 1410 5394 fabulantur
1438 5356 1536 5393 mu
1563 5341 1604 5394 ti
1635 5340 1985 5394 scriptores.

448 5337 760 5396 cineribus
784 5337 1039 5396 remasci
1074 5337 1410 5410 fabulantur
1438 5337 1604 5394 multi
1635 5337 1985 5410 scriptores.

469 5412 484 5487 '_
526 5413 640 5484 (93)
674 5414 820 5487 Mss.
870 5411 1111 5483 aliquot,
1153 5408 1484 5487 dimittunt,
1524 5416 1582 5465 et
1604 5408 1962 5487 principalia
1993 5425 2128 5487 ver-

440 5483 510 5548 bi
535 5478 899 5561 requirunt;
940 5478 1246 5561 nonnulli,
1290 5478 1636 5552 dimittant,
1660 5485 1719 5536 et
1748 5478 2127 5554 principalia

447 5556 975 5631 γθςιςῐιξςίμιίηψιο

467 5618 810 5727 ,Μέει
845 5627 1039 5703 aliqui.
1073 5627 1130 5688 et
1161 5623 1325 5700 edit.,
1372 5640 1544 5685 unum
1577 5622 1872 5699 baptisma
1904 5618 2129 5682 essein

2223 1963 2577 2035 principium
2616 1961 2786 2018 verbi
2844 1961 3153 2033 requirant
3207 1959 3343 2032 (93).
3380 1959 3567 2016 Docet
3600 1976 3705 2016 nos
3729 1959 3854 2014 seire

2224 2056 2495 2124 oportere
2518 2051 2819 2108 destructa
2846 2066 2986 2106 esse
3015 2049 3298 2106 universa
3329 2047 3490 2122 legis
3523 2048 3852 2120 baptismate,

2223 2157 2407 2198 unum
2434 2141 2726 2214 baptisma
2746 2155 2886 2196 esse
2917 2138 2979 2194 in
3001 2138 3294 2195 Ecclesia
3316 2138 3725 2194 sacramentis.
3742 2136 3859 2192 lior-

2222 2232 2379 2285 tatur
2397 2233 2593 2286 autem
2620 2245 2734 2285 nos
2765 2231 2845 2302 ut,
2889 2228 3299 2301 relinquentes
3330 2227 3564 2282 initium
3592 2225 3765 2296 verbi,
3805 2224 3860 2279 ad

2224 2318 2556 2390 perfectum
2583 2318 2894 2374 tendamus
2931 2333 2945 2374 :
2975 2317 3060 2372 Et
3099 2316 3211 2373 boe
3248 2316 3565 2387 faciemus,
3588 2317 3785 2388 inquit,
3817 2315 3859 2368 si

2226 2407 2459 2482 quidem
2490 2408 2847 2481 permiserit
2868 2407 3032 2463 Deus
3060 2405 3275 2477 (Herb.
3307 2424 3393 2477 γι,
3424 2406 3483 2477 8)
3516 2422 3530 2461 :
3561 2422 3676 2461 non
3700 2407 3861 2477 potest

2221 2497 2385 2553 .enim
2415 2496 2545 2555 sine
2575 2496 2779 2555 favore
2802 2495 2907 2552 Dei
2939 2495 3159 2569 aliquis
3191 2511 3333 2551 esse
3365 2494 3686 2567 perfectus.

2298 2606 2384 2660 12.
2420 2605 2670 2661 Possem
2690 2603 2931 2675 quidem
2961 2602 3136 2657 etiam
3165 2602 3312 2657 illud
3325 2602 3529 2658 dicere
3549 2602 3624 2672 ei,
3655 2601 3745 2674 qui
3773 2600 3863 2654 hoc

2228 2695 2302 2750 de
2323 2693 2660 2766 paenitentia
2689 2693 2911 2747 dictum
2941 2694 3105 2764 putat
3137 2707 3150 2746 :
3183 2691 3324 2763 quia
3356 2707 3495 2764 quae
3517 2687 3866 2763 impossibﬂia

2229 2787 2371 2839 sunt
2397 2782 2554 2854 apud
2573 2782 2868 2852 homines,
2890 2780 3207 2852 possibilia
3226 2784 3372 2835 sunt
3398 2781 3557 2852 apud
3588 2780 3759 2835 Deum
3786 2780 3867 2832 ret

2226 2876 2441 2946 potens
2471 2875 2566 2928 est
2595 2872 2758 2927 Deus
2787 2870 3029 2943 quando
3047 2869 3174 2925 vult
3194 2870 3425 2926 donare
3440 2869 3619 2926 nobis
3646 2871 3869 2940 peccata,

2229 2964 2406 3019 etiam
2443 2979 2580 3035 qum
2616 2964 2894 3033 putamus
2943 2974 3064 3016 non
3102 2970 3286 3031 passo
3342 2959 3636 3015 concedit.
3675 2956 3870 3012 Etideo

2229 3053 2387 3124 quod
2432 3051 2608 3108 nobis
2654 3049 3029 3121 impossibile
3069 3049 3227 3114 419
3277 3048 3600 3120 impetrata
3638 3046 3869 3111 videtur,

2227 3142 2351 3198 Deo
2383 3142 2602 3198 donare
2632 3140 2921 3212 possibile
2952 3141 3064 3195 est.
3090 3138 3239 3193 Nam
3269 3141 3329 3193 et
3351 3135 3721 3208 impossibile
3737 3133 3872 3187 vide-

2153 3234 2208 3307 ο
2229 3231 2422 3301 batur,
2444 3234 2508 3287 ut
2534 3233 2843 3302 pecctaum
2864 3228 3133 3283 ablueret
3160 3242 3315 3299 aqua
3351 3225 3612 3298 denique
3641 3225 3868 3281 Naaman

2229 3321 2417 3393 Syrus
2447 3320 2671 3391 lepram
2702 3335 2872 3375 suam
2893 3316 3165 3374 mundari
3194 3331 3302 3389 per
3331 3332 3553 3389 aquam
3583 3329 3756 3387 posse
3780 3324 3873 3367 non

2231 3409 2480 3465 credidit
2510 3408 2627 3479 (IV
2648 3409 2797 3481 Reg.
2816 3424 2875 3479 v,
2910 3407 3021 3473 11).
3051 3405 3169 3462 Sed
3186 3406 3350 3478 quod
3371 3403 3741 3478 impossibile
3756 3404 3872 3467 erat,

2231 3499 2372 3554 fecit
2401 3498 2562 3553 Deus
2593 3506 2734 3554 esse
2780 3496 3095 3569 possibile,
3127 3495 3228 3567 qui
3262 3497 3492 3550 tantam
3522 3494 3694 3549 nobis
3721 3492 3873 3547 dona-

2231 3588 2316 3643 vit
2364 3587 2636 3660 gratiam.
2674 3587 2961 3642 Similiter
3013 3583 3393 3656 impossibile
3440 3573 3749 3639 videbatur
3792 3593 3878 3651 per

2231 3676 2636 3752 paenitentiam
2663 3678 2906 3748 peccata
2934 3674 3180 3742 dimitti;
3220 3674 3537 3728 concessit
3563 3669 3872 3727 hocChris-

2232 3774 2329 3825 tus
2359 3765 2649 3838 apostolis
2680 3765 2812 3820 suis
2844 3764 3035 3835 (Joan.
3067 3780 3170 3832 xx,
3193 3763 3306 3832 22),
3343 3762 3511 3835 quod
3530 3762 3605 3817 ab
3624 3756 3877 3831 apostolis

2233 3858 2306 3913 ad
2336 3854 2714 3913 sacerdotum
2742 3853 2940 3910 ofﬁcia
2955 3852 3385 3907 transmissum
3417 3855 3534 3907 est.
3560 3850 3787 3905 Factum
3806 3846 3882 3900 est

2234 3947 2419 4020 igitur
2461 3944 2756 4017 possibile
2802 3941 2962 4015 quod
3011 3939 3390 4013 impossibile
3429 3940 3754 3995 videbatur.
3786 3931 3880 3989 Sed

2233 4040 2429 4092 tamen
2457 4036 2530 4090 de
2580 4033 2877 4105 baptismo
2906 4032 3149 4102 dictum,
3192 4045 3269 4086 ne
3298 4030 3443 4102 quis
3477 4029 3730 4097 iteraret,
3767 4036 3880 4079 vera

2235 4127 2461 4183 ratione
2488 4122 2811 4196 persuadet
2836 4120 2972 4193 (94).

2880 4198 3137 4283 CAPUT
3174 4226 3269 4282 ιιι.

2236 4338 2623 4415 Superiorem
2692 4335 3042 4415 solutionem
3070 4333 3417 4415 .cqnﬁrmat
3467 4328 3764 4415 preposita
3815 4338 3884 4415 es

2373 4430 2437 4467 va
2445 4411 2642 4484 ngelio
2653 4408 2898 4484 prodigi
2906 4405 3211 4484 parabole,
3234 4404 3405 4484 cujus
3416 4401 3691 4476 singulas
3703 4403 3884 4484 partes

2307 4477 2629 4557 exponens,
2653 4477 2897 4557 easdem
2907 4477 3120 4557 contra
3141 4477 3528 4557 Novatianas
3548 4477 3885 4557 assertiones

2303 4545 2399 4613 ita
2420 4545 2743 4622 convertit,
2782 4556 2842 4605 ut
2874 4550 3016 4605 inde
3047 4548 3434 4622 neeeessurio
3455 4545 3707 4622 deducat
3736 4545 3885 4617 etiam

2143 4604 2203 4671 D
2303 4604 2982 4700 gravissimi'e'riminis
3017 4636 3145 4690 reo,
3174 4618 3476 4700 siquidem
3521 4616 3700 4700 digne
3719 4612 3887 4685 pceni-

2309 4688 2513 4769 tuerit,
2540 4693 3086 4751 reconciliationem
3117 4688 3698 4761 non'denegandum.

2307 4787 2396 4844 13.
2414 4787 2624 4857 Neque
2643 4784 2801 4840 enim
2814 4780 3136 4853 Apostolus
3148 4782 3355 4835 contra
3366 4776 3701 4834 evidentem
3718 4769 3888 4828 Chris-

2233 4880 2279 4936 ti
2328 4876 2676 4934 doctrimam
2723 4871 2955 4928 veniret
3000 4870 3102 4941 qui
3142 4868 3216 4924 de
3255 4869 3576 4940 peccatore
3622 4861 3885 4935 poeniten-

2235 4969 2377 5024 tiam
2410 4967 2622 5040 agente
2654 4960 3151 5034 comparationem
3180 4958 3384 5030 posuit
3440 4970 3514 5012 eo
3554 4952 3709 5027 quod
3735 4962 3885 5023 pere-

2236 5110 2537 5168 Eeelesia.
2563 5107 2875 5176 Hortatur,
2900 5108 3013 5160 etc.

2307 5183 2422 5254 (95)
2459 5180 2611 5236 Edit.
2647 5170 2987 5254 Rom._e_um
3016 5173 3253 5254 duobus
3285 5170 3531 5254 omnino
3562 5174 3881 5254 ωεξηξξςίξ

2234 5237 3057 5327 τθὶὶίρθιοειιαᾴθιεμὶηίωθ
3098 5246 3270 5327 male:
3314 5244 3554 5325 Verum.
3580 5255 3707 5295 cum
3726 5237 3883 5327 :1:qu

2234 5302 2861 5381 iééiioxféxh'iéiféau;
2888 5335 3023 5374 cum
3049 5302 3482 5390 reliquis‘mss.
3516 5312 3706 5390 iisque
3725 5302 3882 5390 multo

2235 5394 2679 5469 probatioribus
2702 5393 2976 5469 habe_ant,
2992 5387 3370 5469 referendum
3393 5388 3488 5469 est
3509 5387 3882 5469 verbo-mpii:-

2472 5433 2559 5521 ‘ad
2590 5433 3083 5537 ipsumA_Paulum
3121 5476 3134 5515 :
3165 5460 3233 5537 _is_
3257 5458 3411 5537 enim
3454 5456 3649 5537 Ιᾳριιιη
3668 5433 3879 5537 θὶξίίξξη

2234 5518 2641 5622 ξζῖἑίρινξιῆξῇ
2666 5518 2737 5591 ut
2756 5533 2939 5622 ‘illum
2958 5529 3338 5622 AnonAn‘is‘i‘de
3370 5524 3649 5602 baptismi
3689 5518 3879 5593 repeti.

2236 5613 2398 5669 tione
2427 5603 2879 5689 intelligendum
2910 5603 3285 5680 persuadeat.
