4024 6176
283 291 368 353 su
880 245 882 247 ’
1451 286 1563 378 DE
1605 284 2145 352 PGENITEN’I‘IA
2187 288 2342 358 LIB.
2384 289 2464 352 ιι.

3565 290 3688 356 522

274 489 482 562 gre(96)
501 487 804 560 profectus
823 489 1120 560 acceptam
1144 504 1174 540 a
1198 490 1360 557 patre
1385 501 1614 542 omnem
1639 488 1910 541 substan-
1938 469 1995 532 Α
2026 487 2401 559 signaculum
2427 502 2439 542 :
2473 487 2865 542 calceamenta
2888 485 3107 544 deferri
3133 487 3437 562 praecipiat
3465 491 3681 562 (Exod.

271 580 385 632 tiam
405 577 1041 633 devoraveritvivendo
1057 578 1382 644 luxuriose,
1403 580 1454 630 ct
1477 581 1678 645 postea
1696 591 1907 646 panem

261 667 432 737 patris
491 665 871 734 desideravit,
935 682 1065 718 cum
1129 669 1477 720 vesceretur
1528 664 1794 736 siliquis:
1851 667 1909 718 et

259 756 458 810 meruit
497 755 730 823 stolam,
777 757 1078 822 annulum,
1127 755 1604 822 calceamentum,
1638 752 1906 808 immola-

257 845 464 898 tionem
495 859 732 915 quoque
753 843 939 911 vituli,
966 859 1099 914 quae
1118 843 1378 912 speciem
1409 843 1586 896 habet
1607 841 1907 912 passionis

257 933 591 1002 Dominicis,
635 948 743 1003 per
783 949 956 1003 quam
991 931 1231 986 cmleste
1272 934 1703 985 sacramentum
1734 929 1907 985 nobis

251 1022 497 1077 donatur
524 1022 688 1094 (Luc.
721 1039 818 1084 xv,
855 1022 962 1090 t3).

313 1110 398 1165 14.
459 1111 618 1166 Bene
665 1110 880 1166 dicitur
935 1111 1069 1181 quia
1121 1126 1383 1182 peregre
1435 1109 1744 1181 profectus
1793 1115 1906 1179 est,

249 1199 416 1266 (Ibid.
449 1199 561 1268 13),
587 1199 825 1271 quierat
857 1216 886 1252 a
907 1200 1100 1252 sacris
1116 1199 1402 1253 altaribus
1427 1203 1770 1269 separatus;
1794 1199 1908 1254 hoc

247 1293 332 1344 est
363 1289 521 1343 enim
553 1289 628 1343 ab
660 1288 995 1366 Jerusalem
1016 1287 1110 1341 illa
1131 1304 1263 1358 qua:
1291 1288 1350 1341 in
1387 1288 1536 1342 cmlo
1567 1292 1678 1356 est,
1717 1289 1906 1354 civica
1937 1345 1941 1350 ,

247 1377 492 1450 quodam
517 1382 575 1432 et
593 1377 917 1432 domestico
940 1381 1281 1431 sanctorum
1303 1377 1566 1448 separari
1585 1377 1904 1432 domicilio.

248 1466 407 1522 Unde
437 1469 496 1520 et
518 1451 842 1538 Apostolus
864 1465 941 1519 ait
969 1481 981 1520 :
1015 1466 1181 1538 Ergo
1198 1466 1326 1537 jam
1360 1481 1472 1521 non
1490 1467 1640 1520 estis
1661 1466 1737 1520 ad
1747 1483 1908 1521 vena)

245 1560 408 1628 atque
430 1554 772 1628 peregrini,
805 1555 914 1609 sed
945 1556 1112 1609 cives
1140 1561 1477 1609 sanctorum
1509 1561 1567 1610 et
1595 1555 1908 1611 domestici

243 1644 348 1699 Dei
374 1645 629 1715 (Ephes.
667 1661 726 1713 ιι,
762 1643 872 1713 19).

307 1734 392 1787 15.
441 1734 530 1788 1ιί
585 1736 966 1805 consumpsit,
1021 1733 1228 1804 inquit,
1282 1733 1677 1788 substantiam
1723 1751 1908 1790 suam.

241 1821 441 1877 Merito
482 1823 866 1915 consumpsit
912 1839 1061 1915 eam,
1103 1822 1282 1894 cujus
1331 1823 1480 1877 fides
1529 1824 1587 1878 in
1627 1823 1910 1894 operibus
1937 1850 1992 1915 Β

241 1911 641 1966 claudicabat:
697 1911 883 1966 Fides
937 1912 1092 1966 enim
1145 1928 1346 1966 eorum
1396 1929 1522 1984 quae
1568 1919 1906 1988 sperantur,

239 1999 580 2056 substantia
597 2006 711 2070 est,
734 2017 935 2055 rerum
947 2007 1356 2073 argumentum
1373 2018 1485 2055 non
1505 2002 1911 2073 apparentium

239 2089 444 2157 (Hebr.
480 2106 571 2158 ιι,
606 2089 680 2158 1).
716 2089 787 2144 Et
809 2089 964 2144 bona
999 2089 1333 2144 substantia
1358 2090 1528 2160 ﬁdes,
1562 2090 1620 2145 in
1639 2107 1752 2162 qua
1781 2092 1911 2161 spei

238 2183 324 2234 est
354 2182 587 2234 nostras
617 2178 1031 2249 patrimonium
1059 2179 1193 2250 (97).

305 2267 390 2323 16.
425 2267 564 2322 Nec
603 2267 817 2322 mirum
866 2268 917 2321 si
961 2267 1114 2322 fame
1147 2267 1396 2338 peribat,
1429 2269 1530 2340 qui
1573 2269 1772 2325 divino
1802 2269 1912 2324 ali-

241 2360 431 2412 mento
453 2356 716 2429 egebat;
741 2355 920 2428 cujus
933 2357 1230 2412 desiderio
1252 2358 1627 2429 compulsus:
1658 2359 1914 2432 Surgam

237 2446 438 2517 inquit,
461 2452 536 2500 et
552 2444 654 2500 ibo
673 2446 748 2500 ad
761 2452 995 2517 patrem
1025 2461 1234 2517 meum,
1261 2453 1320 2502 et
1341 2447 1532 2502 dicam
1543 2447 1665 2503 illi:
1701 2449 1912 2521 Pater,

232 2549 404 2606 pecea
417 2535 476 2590 vi
520 2535 583 2588 in
605 2533 811 2590 caelum
848 2541 906 2589 et
929 2552 1126 2590 coram
1160 2543 1220 2590 te
1249 2537 1412 2605 (Luc.
1443 2555 1542 2607 xv,
1566 2534 1678 2608 18).
1703 2539 1914 2595 Nonne

237 2624 548 2679 advertitis
578 2625 634 2678 id
659 2624 965 2679 evidenter
991 2625 1168 2680 nobis
1195 2626 1551 2697 expositum,
1571 2628 1727 2698 quod
1751 2644 1914 2683 eme-

240 2713 623 2786 rendigratia
647 2715 1000 2768 sacramenti
1023 2714 1096 2768 ad
1130 2715 1490 2784 precandum
1521 2711 1914 2787 impellimur;

239 2806 291 2856 et
303 2801 416 2857 hoc
432 2802 679 2858 auferre
695 2802 895 2871 vultis,
917 2806 1156 2874 prepter
1168 2805 1326 2874 quod
1338 2805 1535 2876 agitur
1545 2805 1916 2875 pmnitentia?

239 2891 397 2946 Tolle
431 2892 822 2963 gubernatori
871 2892 1252 2962 perveniendi
1302 2909 1490 2964 spem,
1524 2897 1580 2948 ct
1613 2895 1672 2948 in
1703 2895 1916 2949 mediis

241 2980 520 3036 ﬂuctibus
591 2980 856 3035 incertus
917 2982 1137 3035 errabit
1218 2981 1352 3051 (98).
1417 2981 1584 3037 Tolle
1646 2983 1917 3038 luctatori

244 3085 544 3140 coronam,
582 3069 779 3124 lentus
815 3069 1041 3142 jacebit
1083 3071 1140 3124 in
1183 3071 1396 3126 stadio.
1441 3071 1604 3126 Tolle
1634 3073 1915 3142 piscatori

240 3159 509 3231 capiendi
543 3159 895 3228 efﬁcaciam,
921 3159 1380 3231 desinitjactare
1413 3161 1578 3216 retia.
1612 3161 1917 3226 Quomodo

241 3262 380 3321 ergo
403 3251 613 3319 potest
633 3250 734 3319 qui
751 3248 963 3302 famem
984 3249 1422 3320 patituranimm
1441 3266 1590 3319 suae,
1608 3251 1916 3306 studiosus

239 3336 420 3392 Deum
449 3337 694 3408 precari
724 3337 775 3390 si
812 3353 1044 3392 sacram
1077 3337 1352 3409 desperet
1391 3339 1726 3394 alimoniam
1749 3341 1776 3393 ‘?

303 3444 389 3498 17.
423 3443 630 3500 Pecca
644 3445 716 3508 vi,
751 3443 958 3516 inquit,
994 3446 1055 3498 in
1094 3444 1300 3500 ccelum
1331 3451 1389 3500 et
1422 3461 1617 3501 coram
1652 3452 1729 3501 te.
1765 3437 1916 3502 420

239 3531 475 3588 Fatetur
514 3532 722 3604 utique
752 3537 1060 3603 peccatum
1092 3535 1164 3588 ad
1195 3538 1465 3604 mortem,
1496 3551 1569 3590 ne
1603 3551 1777 3607 quem
1806 3550 1918 3591 vos

237 3626 512 3694 agentem
546 3621 876 3693 cujuslibet
909 3623 1177 3678 criminis
1206 3627 1608 3694 pmnitcntiam
1635 3625 1771 3695 jure
1810 3641 1918 3680 ex-

240 3711 396 3766 cludi
428 3711 726 3782 putaretis
753 3727 767 3781 ;
799 3713 1033 3782 quando
1065 3713 1118 3767 is
1161 3713 1262 3784 qui
1292 3714 1352 3768 in
1385 3713 1594 3768 coelum
1628 3715 1916 3785 peccavit,

239 3799 328 3854 vel
359 3801 421 3855 in
456 3817 722 3872 regnum
752 3801 1016 3872 caeleste,
1050 3801 1142 3855 vel
1173 3804 1232 3855 in
1263 3801 1515 3856 animam
1547 3819 1736 3872 suam,
1761 3802 1919 3874 quod

239 3892 330 3943 est
360 3893 683 3960 peccatum
715 3889 788 3944 ad
820 3893 1109 3959 mortem;
1159 3895 1216 3946 et
1247 3892 1516 3962 peccavit
1545 3907 1742 3947 coram
1773 3893 1917 3963 Deo,

240 3979 334 4032 cui
362 3979 481 4034 soli
518 3978 777 4035 dicitur:
820 3979 956 4033 Tibi
983 3979 1098 4034 soli
1111 3995 1291 4052 pecca
1305 3981 1362 4034 vi
1392 3986 1449 4035 et
1482 3979 1692 4035 malum
1723 3997 1921 4036 coram

243 4073 299 4121 te
327 4067 451 4123 feci
480 4067 676 4139 (Psal.
711 4084 763 4138 ι,
799 4067 876 4138 6).

317 4157 407 4212 18.
441 4158 596 4212 Tam
628 4158 744 4212 cito
777 4157 1010 4211 veniam
1042 4161 1319 4229 meretur,
1355 4161 1417 4214 ut
1445 4159 1701 4215 venienti
1730 4163 1788 4216 et
1822 4158 1922 4215 ad-

243 4245 354 4301 huc
377 4246 573 4319 longe
603 4245 800 4316 posito
844 4250 1115 4301 occurrat
1163 4251 1349 4318 pater,
1381 4249 1652 4314 osculum
1682 4249 1918 4319 tribuat,

243 4335 394 4406 quod
409 4335 660 4406 insigne
677 4337 768 4389 est
787 4350 979 4390 sacrae
1003 4336 1188 4407 pacis:
1206 4337 1417 4392 stolam
1431 4337 1682 4408 proferri
1694 4338 1918 4410 jubeat,

243 4441 373 4495 quae
405 4423 606 4480 vestis
639 4426 730 4478 est
760 4424 1061 4494 nuptialis,
1096 4441 1269 4496 quam
1301 4425 1354 4480 si
1388 4427 1524 4498 quis
1555 4444 1673 4482 non
1704 4427 1923 4482 habue-

243 4514 387 4582 rit,a
417 4512 703 4569 convivio
731 4513 976 4584 nuptiali
1017 4515 1389 4570 excluditur:
1432 4516 1528 4571 det
1561 4516 1842 4570 annulum
1863 4516 1923 4571 in

2025 593 2126 645 xu,
2161 576 2250 645 11)
2277 592 2291 646 ;
2323 577 2731 630 celebraturus
2763 575 2918 631 enim
2953 577 3180 634 Pascha
3213 579 3465 649 Domini,
3489 579 3686 650 epula-

2025 668 2194 721 turus
2224 682 2463 737 agnum,
2488 669 2705 720 tectum
2737 665 2910 721 debet
2938 663 3230 723 adversus
3263 685 3469 725 omnes
3500 670 3688 724 incur-

2026 771 2134 809 sus
2182 754 2505 808 bestiarum
2563 755 2934 826 spiritalium,
2988 772 3342 828 morsusque
3391 759 3686 828 serpentis

2027 843 2248 898 habere
2301 842 2647 914 vestigium:
2695 843 2938 898 vitulum
2979 845 3282 916 praecipiat
3308 846 3518 915 occidi,
3551 847 3686 918 quia

2028 932 2263 986 Pascha
2312 939 2577 986 nostrum
2626 932 2959 988 immolatus
3007 921 3097 987 est
3141 935 3420 988 Christus
3457 934 3513 1004 (Ι
3549 935 3683 991 Cor.

2027 1039 2084 1091 v,
2130 1021 2212 1092 'i).
2272 1020 2500 1075 Etenim
2549 1023 3020 1094 quotiescunque
3068 1023 3419 1094 sanguinem
3458 1021 3688 1078 Domini

2027 1111 2341 1181 sumimus,
2373 1113 2620 1165 mortem
2653 1112 2881 1166 Domini
2912 1113 3328 1167 annuntiamus
3351 1111 3406 1180 (I
3432 1112 3567 1167 Cor.
3600 1129 3680 1180 χι,

2025 1199 2137 1268 ‘29).
2170 1200 2334 1254 Sicut
2361 1215 2508 1271 ergo
2538 1199 2722 1254 semel
2752 1216 2858 1270 pro
2893 1200 3168 1256 omnibus
3195 1201 3530 1256 immolatus
3571 1205 3683 1272 est,

2025 1289 2101 1343 ita
2132 1289 2602 1360 quotiescunque
2632 1292 2871 1360 peccata
2909 1289 3217 1360 donantur,
3253 1291 3522 1362 corporis
3553 1289 3688 1363 ejus

2025 1381 2461 1433 sacramentum
2492 1379 2786 1448 suminus,
2818 1381 2881 1432 ut
2909 1395 3017 1450 per
3041 1366 3394 1454 sanguinem
3423 1378 3559 1451 ejus
3591 1379 3689 1434 flat

2024 1469 2401 1538 peccatorum
2431 1467 2708 1522 remissio
2737 1467 2847 1537 (De
2876 1467 3097 1523 Paenit.
3133 1468 3269 1523 dist.
3305 1487 3342 1538 ι,
3389 1484 3442 1524 c.
3476 1469 3688 1525 Potest

2024 1556 2180 1624 fieri,
2214 1555 2244 1628 g
2273 1555 2442 1610 Sicut
2463 1553 2690 1625 semel).
3293 1617 3296 1621 ι

2095 1646 2182 1700 19.
2253 1645 2412 1716 Ergo
2474 1644 2918 1700 evidentissima
2978 1645 3205 1702 Domini
3265 1645 3684 1717 praedicatione

2021 1735 2359 1790 mandatum
2389 1737 2481 1788 est
2511 1735 2681 1788 etiam
2706 1735 3047 1807 gravissimi
3075 1735 3338 1814 criminis
3370 1736 3511 1805 reis,
3537 1736 3587 1791 si
3612 1752 3686 1792 ex

2022 1829 2144 1880 toto
2176 1823 2376 1891 corde,
2409 1826 2464 1876 et
2494 1823 2802 1877 manifesta
2837 1809 3472 1896 confessione-peccati
3493 1825 3686 1898 poeni-

2027 1913 2266 1975 tcltiam
2318 1915 2546 1983 gerant,
2585 1913 2936 1967 sacramenti
2970 1913 3230 1968 caelestis
3262 1913 3689 1970 refundendam

2025 2002 2275 2074 gratiam
2299 2001 2433 2070 (99).
2456 1999 2624 2055 Unde
2653 2001 2799 2056 nihil
2827 2002 3002 2057 vobis
3021 2002 3092 2056 ad
3123 2003 3569 2060 excusationem
3589 2021 3687 2060 re-

2023 2092 2260 2149 sedisse
2289 2090 2514 2145 certum
2542 2091 2636 2145 est
2661 2088 2762 2162 (1).

2657 2178 2912 2236 CAPUT
2951 2179 3046 2236 IV.

2023 2270 2220 2327 Aliam
2245 2270 2633 2342 objectionem
2658 2285 2734 2324 ex
2762 2269 3129 2342 blasphemia
3152 2269 3534 2342 inispiritum
3552 2289 3688 2328 san-

2099 2349 2252 2414 ctum
2277 2341 2528 2414 petitam
2557 2346 2862 2414 retorquet
2893 2341 2956 2414 i_n
2987 2341 3148 2414 ipsos
3176 2341 3563 2414 Novatianos,
3590 2361 3688 2399 os-

2101 2411 2409 2486 tenditque
2433 2430 2546 2486 per
2577 2428 2703 2468 eam
2733 2411 3157 2486 blasphemiam
3175 2412 3436 2486 intelligi
3465 2411 3692 2472 debere

2099 2485 2274 2540 [idem
2306 2482 2717 2540 bon'rertam:
2751 2482 3034 2556 quodiubi
3062 2482 3243 2538 Petri
3263 2482 3558 2556 adversus
3587 2486 3692 2542 Si-

2099 2572 2326 2611 manem
2383 2573 2609 2627 magum
2656 2555 3008 2627 sententia,
3049 2571 3273 2627 necnon
3330 2555 3694 2627 Evangelico

2099 2630 2438 2683 testimonio
2451 2626 2730 2682 conﬁrma
2743 2628 2843 2692 vit,
2869 2626 3104 2681 eosdem
3120 2626 3435 2696 haereticos
3450 2626 3525 2683 ad
3537 2630 3694 2684 redi-

2100 2707 2218 2754 tum
2251 2700 2315 2754 in
2350 2698 2686 2753 Ecclesium
2709 2697 3072 2760 cohortatur,
3109 2713 3176 2752 ac
3207 2703 3427 2752 tantum
3457 2699 3695 2754 Domini

2099 2771 2470 2827 clementiam
2486 2785 2620 2824 esse
2633 2769 2877 2838 asserit,
2901 2775 2959 2822 ut
2981 2769 3146 2823 Judae
3162 2768 3448 2824 traditori
3467 2773 3692 2826 veniam

2100 2844 2156 2896 si
2168 2841 2320 2912 apud
2335 2841 2638 2896 Christum
2646 2841 2810 2912 poeni
2816 2841 3048 2905 luisset,
3073 2856 3185 2894 non
3198 2839 3420 2896 fuisset
3439 2841 3695 2916 denega-

2103 2921 2290 2968 turus.

2099 3001 2188 3057 20.
2225 3000 2518 3056 Perlatum
2553 3003 2645 3056 est
2685 3005 2877 3056 tamen
2919 2999 2992 3055 ad
3037 3016 3170 3070 nos,
3203 3001 3378 3057 etiam
3407 3001 3549 3058 illud
3584 3019 3694 3060 vos

2030 3091 2293 3163 objicere
2325 3089 2539 3152 solere,
2561 3091 2716 3161 quod
2747 3091 2959 3144 dicatis
2983 3090 3268 3160 scriptum
3294 3107 3433 3146 esse
3456 3108 3467 3146 :
3508 3091 3692 3147 Omne

1945 3212 1999 3278 Ο
2027 3186 2327 3254 peccatum
2343 3185 2400 3234 et
2424 3178 2793 3250 blasphemia
2813 3179 3541 3234 remitteturhominibus:
3568 3181 3698 3252 Spi-

2029 3271 2187 3326 ritus
2210 3276 2399 3323 autem
2423 3267 2808 3340 blasphemiae
2835 3285 2945 3322 non
2966 3269 3313 3322 remittetur
3333 3269 3690 3340 hominibus,

2029 3360 2108 3414 Et
2123 3359 2446 3432 quicunque
2459 3357 2688 3412 dixerit
2709 3357 2950 3412 verbum
2966 3364 3170 3411 contra
3185 3356 3401 3412 Filium
3416 3357 3693 3428 hominis,

2031 3449 2377 3504 remittetur
2406 3448 2464 3501 ei
2482 3461 2494 3501 :
2542 3446 2641 3518 qui
2670 3451 2861 3500 autem
2895 3445 3123 3501 dixerit
3155 3452 3360 3500 contra
3402 3445 3694 3518 Spiritum

2031 3543 2316 3605 sanctum,
2355 3552 2465 3589 non
2506 3535 2852 3589 remittetur
2880 3535 2956 3603 ei,
3007 3549 3196 3608 neque
3226 3535 3288 3588 in
3319 3534 3428 3590 hoc
3459 3535 3694 3604 saeculo,

2032 3641 2219 3699 neque
2253 3628 2313 3679 in
2337 3624 2536 3678 futuro
2566 3624 2804 3693 (Matth.
2839 3640 2939 3692 xu,
2971 3624 3083 3691 31).
3115 3625 3242 3688 Quo
3272 3625 3542 3695 exemplo
3575 3641 3697 3680 om-

2031 3717 2125 3770 nis
2144 3714 2397 3769 assertio
2421 3717 2618 3768 vestra
2639 3713 2962 3767 destruitur
2983 3717 3037 3767 et
3059 3713 3390 3768 absolvitur
3409 3715 3516 3784 (2);
3550 3714 3698 3768 scri-

2030 3809 2192 3878 ptum
2223 3807 2316 3858 est
2344 3802 2527 3858 enim:
2559 3801 2740 3856 Omne
2762 3807 3066 3873 peceatum
3097 3809 3155 3856 et
3189 3801 3559 3874 blasphemia
3591 3819 3696 3857 re-

2034 3891 2674 3949 mitteturhominibus.
2700 3890 2820 3946 Cur
2840 3889 3021 3962 igitur
3055 3907 3171 3945 non
3197 3892 3492 3946 remittitis
3514 3894 3542 3947 ‘P
3581 3891 3701 3947 Cur

2033 3983 2290 4055 alligatis
2311 3979 2566 4047 vincula,
2591 3996 2724 4050 quae
2746 3996 2864 4034 non
2887 3980 3160 4034 solvitis?
3179 3979 3296 4035 Cur
3311 3981 3502 4036 nodos
3526 3978 3702 4036 necti-

2033 4074 2134 4143 tis,
2155 4087 2308 4144 quos
2332 4087 2448 4126 non
2469 4069 2749 4124 relaxatis
2769 4071 2798 4124 ?
2835 4069 3128 4124 Remittite
3147 4071 3380 4125 caeteris
3403 4086 3415 4127 :
3449 4071 3606 4143 agite
3628 4072 3700 4126 de

2036 4163 2132 4231 iis,
2167 4176 2319 4232 quos
2349 4162 2663 4231 peccantes
2705 4159 2763 4212 in
2793 4157 3073 4229 Spiritum
3106 4157 3463 4232 Evangelica
3495 4163 3700 4215 aucto-

2033 4252 2204 4305 ritate
2239 4251 2295 4304 in
2316 4252 2663 4320 perpetuum
2685 4247 2936 4319 astringi
2963 4248 3202 4318 putatis.

2110 4331 2252 4395 421
2300 4338 2389 4392 21.
2421 4337 2496 4392 Et
2541 4341 2736 4392 tamen
2788 4352 2940 4408 quos
2987 4338 3294 4408 astringat,
3352 4337 3700 4393 considere-

2035 4445 2168 4483 mus
2213 4427 2310 4497 (3),
2343 4430 2680 4499 repetentes
2726 4425 3035 4500 superiora
3077 4425 3350 4480 lectionis
3391 4427 3604 4496 ipsius,
3641 4428 3702 4479 ut

2035 4517 2368 4572 evidentius
2401 4515 2992 4586 comprehendamus.
3027 4514 3312 4568 Dicebant
3334 4514 3551 4568 Judaei:
3587 4514 3700 4568 Hie

245 4575 416 4658 manu
448 4601 614 4674 ejus,
634 4575 904 4673 quodest
925 4602 1062 4657 fidei
1099 4603 1344 4675 pignus,
1368 4608 1423 4659 et
1458 4605 1646 4660 sancti
1665 4605 1920 4675 Spiritus
1945 4575 1998 4644 θ
2034 4622 2147 4661 non
2163 4605 2325 4676 ejicit
2349 4575 2632 4660 daemonia
2647 4604 2768 4658 nisi
2779 4605 2838 4657 in
2854 4601 3194 4658 Beelzebub
3201 4603 3476 4674 principe
3489 4602 3699 4657 daemo-

314 4744 429 4820 (ἐξ)
462 4745 646 4820 130m.
663 4745 799 4799 edit.
825 4744 974 4814 sola,
994 4747 1191 4820 posuit
1209 4748 1270 4799 in
1285 4763 1369 4815 eo,
1388 4749 1486 4820 qui
1494 4763 1781 4820 peregre,
1807 4750 1917 4803 etc.

315 4815 430 4889 t9?)
463 4816 650 4889 I_’auci
681 4831 853 4889 mss.,
895 4815 1025 4887 spei
1062 4824 1156 4872 est
1185 4815 1413 4873 nostrae
1434 4815 1846 4889 patrocinium.

316 4887 431 4960 (98)
460 4886 751 4960 Exempla
782 4886 1032 4960 prorsus
1078 4889 1330 4943 istorum
1377 4886 1590 4943 similia
1625 4891 1917 4960 preponit.

243 4959 420 5026 epist.
453 4959 550 5022 55,
583 4957 656 5011 ad
684 4960 922 5030 Antam,
957 4959 1327 5030 Cyprianus:
1361 4961 1516 5015 unde
1547 4957 1756 5015 isthmé
1786 4963 1920 5015 imi-

247 5031 426 5103 tatum
498 5044 640 5103 esse
695 5029 1022 5084 doctorem'
1063 5036 1334 5085 nostrum
1397 5032 1569 5086 facile
1627 5032 1919 5103 quispiam

253 5099 625 5153 existimarit.

321 5170 435 5247 (99)
491 5169 740 5235 Quidam
805 5188 977 5242 mss.,
1027 5173 1471 5229 reformandam
1518 5175 1818 5247 gratiam.
1855 5215 1868 5228 .
1905 5215 1919 5230 .

254 5241 523 5295 rediisse
551 5251 776 5296 certum
812 5250 924 5297 est.

321 5313 401 5376 tt)
433 5311 622 5378 Quam
652 5314 909 5368 validum
934 5319 1136 5370 contra
1155 5316 1519 5371 Novatianos
1546 5316 1705 5371 hunc
1735 5316 1924 5370 Evan-

249 5382 391 5452 gelii
422 5384 620 5459 locum
649 5385 1050 5459 arbitraretur,
1083 5403 1200 5442 non
1234 5404 1395 5459 aegre
1427 5389 1648 5457 disces,
1670 5388 1724 5442 si
1747 5387 1919 5442 modo

259 5468 386 5507 cum
419 5454 702 5530 ejusdem
731 5458 1103 5530 expositione
1135 5461 1195 5513 in
1225 5454 1552 5514 Cdmment.
1587 5454 1770 5530 super
1800 5460 1922 5515 Lu-

258 5538 384 5604 cam
413 5529 597 5604 tqtum
627 5528 739 5582 hoc
761 5533 945 5604 caput
963 5529 1236 5604 conferre
1269 5547 1387 5586 non
1416 5531 1633 5604 pigeat.

319 5597 395 5667 (ξ)
419 5595 570 5679 biss,
594 5595 880 5679 nonnulli,
905 5600 1243 5659 destruitur
1274 5608 1334 5659 et
1373 5595 1706 5661 resolvitur
1726 5621 1746 5670 ί
1786 5601 1921 5679 qui-

255 5663 390 5728 dam
415 5673 480 5728 et
510 5663 887 5730 absorbetur.

547 5757 801 5827 PM‘ROL.
842 5761 994 5830 XVI.

2106 4749 2184 4817 (3)
2205 4747 2358 4803 Huic
2381 4746 2697 4817 objectioni
2723 4762 2866 4800 sane
2897 4761 3069 4817 quam
3085 4744 3465 4817 gravissimae
3489 4741 3700 4817 iisdem

2035 4815 2270 4875 duobus
2311 4815 2621 4887 responsis
2655 4833 2788 4887 quae
2820 4815 3293 4870 bic’adbibentur
3329 4815 3402 4870 ab
3445 4816 3700 4871 Ambro-

2036 4893 2150 4953 sio,
2178 4891 2464 4944 satist’amt
2480 4889 2650 4942 etiam
2669 4888 2978 4961 Paciauus,
3002 4889 3173 4961 epist.
3196 4889 3249 4961 3,
3267 4889 3342 4961 ad
3355 4887 3698 4961 Sympron.,

2037 4962 2150 5016 sub
2185 4961 2459 5014 medium.
2495 4961 2677 5013 Porro
2709 4959 2803 5012 his
2839 4959 2986 5029 ipsis
3010 4959 3459 5013 locisadductus
3483 4959 3696 5014 estlib.

2037 5050 2098 5087 1x
2122 5033 2209 5086 lle
2231 5032 2448 5085 admin.
2473 5031 2705 5101 pa'nit.,
2739 5046 2865 5100 cap.
2896 5031 3008 5092 28.,
3047 5030 3333 5099 Marinus,
3368 5037 3428 5085 ut
3463 5031 3696 5102 utrique

2035 5103 2119 5158 illi
2155 5103 2308 5174 Patri
2331 5118 2456 5155 eam
2481 5102 2802 5174 doctrinam
2844 5103 3208 5174 attribueret,
3247 5118 3359 5172 qua
3396 5107 3701 5174 peccatum

2036 5173 2273 5242 aliquod
2306 5188 2445 5227 vere
2493 5173 2906 5227 irremissibile
2941 5173 3477 5227 constituerent.ls
3508 5177 3702 5242 tanLen

2037 5246 2109 5299 de
2143 5244 2393 5299 Paciano
2427 5245 2660 5314 cogitur
2689 5244 2952 5298 confiteri
2984 5261 3115 5300 cum
3149 5249 3400 5299 mentem
3425 5261 3593 5298 suam
3625 5245 3703 5298 ita

2037 5315 2398 5384 declarasse,
2440 5320 2503 5369 ut
2540 5315 2684 5369 nihil
2725 5331 2830 5386 per
2875 5316 3057 5370 hosce
3087 5315 3252 5370 locos
3300 5319 3574 5386 tanquam
3626 5316 3704 5367 ir-

2036 5387 2397 5442 remissibite
2428 5386 2751 5458 signiﬁcari
2785 5392 3131 5456 autumaret,
3163 5387 3276 5441 nisi
3309 5401 3702 5458 perseverant

2035 5460 2178 5514 tiam
2209 5458 2267 5512 in
2301 5454 2542 5513 crimine
2586 5473 2693 5512 seu
2735 5458 2966 5513 tinalcm
3002 5454 3501 5529 imp'irnitentiam.
3533 5454 3703 5529 Quod

2038 5545 2183 5586 vero
2235 5529 2306 5584 ad
2351 5529 2804 5585 Ambrosianum
2854 5527 3224 5597 sententiam,
3277 5528 3376 5584 ubi
3422 5527 3698 5596 dixisset,

2041 5621 2066 5656 α
2111 5600 2366 5676 Fatetur,
2415 5623 2434 5652 -
2473 5600 2829 5662 Ambrosius
2861 5601 3157 5675 nimirum,
3181 5601 3257 5660 iis
3295 5621 3316 5651 ιι
3349 5598 3451 5678 qui
3479 5597 3703 5659 directa

3494 5756 3561 5833 Π
