4024 6176
261 283 357 353 527
1677 268 1765 342 S.,
1790 256 1956 335 AM!

2104 258 2235 330 Sll.
3536 253 3663 323 528

254 486 317 557 2).
337 483 651 555 Utrumque
673 480 826 536 enim
844 478 1081 534 beatum
1116 475 1282 545 dixit,
1307 477 1363 530 et
1404 471 1581 545 cujus
1613 470 1893 543 iniquitas
1926 452 2159 522 Atilius
2190 464 2489 537 Ephreem,
2516 479 2634 534 pur
2671 462 2734 518 in
2770 460 3047 526 deliciis;
3093 461 3357 534 quoniam
3408 478 3476 518 eo
3522 464 3669 537 quod

252 551 664 642 remittiturper
681 569 1002 633 lavacrum,
1044 570 1099 621 et
1132 564 1305 634 cujus
1336 566 1640 635 peccatum
1677 560 1898 633 tegitur
2002 569 2312 611 sermones
2353 553 2472 607 mei
2520 552 2581 606 in
2619 552 2746 623 ipso
2790 556 2945 620 sunt,
2982 551 3264 606 memoria
3306 567 3532 607 memor
3566 568 3671 607 ero

252 661 517 733 operibus
543 638 741 715 bonis.
793 656 899 721 Qui
952 655 1105 709 cnim
1136 655 1257 725 agit
1306 651 1724 723 paenitentiam,
1776 662 1894 701 non
2007 644 2163 717 ejus,-
2181 649 2503 715 propterea
2526 639 2816 694 festinavi
2835 655 3016 711 super
3039 638 3219 708 illum,
3253 640 3672 695 misericordia

252 752 431 806 solum
450 747 670 803 diluere
692 746 971 816 lacrymis
1012 743 1185 797 debet
1221 744 1525 812 peccatum
1564 754 1757 805 suum,
1791 736 1897 790 sed
2007 732 2348 789 miserebor
2369 730 2515 802 ejus,
2543 730 2688 784 dicit
2714 728 2995 782 Dominus
3017 728 3258 795 (Jerem.
3283 745 3448 799 xxxi,
3470 727 3582 799 ‘20).

251 840 413 896 etiam
441 835 939 893 emendatioribus
980 832 1151 886 factis
1185 830 1415 901 operire
1445 828 1578 899 (12),
1612 831 1668 882 et
1696 830 1899 899 tegere
2081 821 2169 876 39.
2193 819 2376 884 Quam
2400 822 2592 873 autem
2616 816 3084 871 misericordiam
3106 817 3279 872 nobis
3308 818 3675 888 polliceatur,

250 928 450 983 delicta
496 926 827 996 superiora,
879 925 940 976 ut
987 937 1106 976 non
1136 921 1187 974 ei
1236 921 1554 989 imputetur
1596 918 1901 987 peccatum
2011 909 2163 965 infra
2183 908 2441 965 ostendit
2462 905 3032 961 dicenszlnebriavi
3051 922 3276 961 omnem
3313 909 3562 962 animam
3592 908 3681 962 si-

249 1016 355 1088 (De
379 995 625 1084 Pwnit.,
672 1013 808 1066 dist.
844 1012 893 1079 l,
946 1026 999 1064 c.
1032 1010 1116 1064 lis
1140 1007 1476 1080 potestatis,
1529 1004 1559 1077 ἕ
1593 1005 1703 1070 Qui
1732 1003 1902 1074 agit.)
2016 1000 2286 1063 tientem;
2311 1003 2611 1052 etomnem
2634 995 2885 1050 animam
2908 995 3270 1050 esurientem
3291 996 3531 1052 satiavi.
3546 996 3687 1052 Ideo

314 1123 401 1178 36.
435 1120 596 1193 Ergo
624 1124 895 1191 tegamus
947 1117 1151 1187 lapsus
1183 1118 1423 1169 nostros
1471 1109 1907 1183 Ροειετίονίιωε
2017 1087 2361 1193 exsurrexi,
2389 1092 2447 1141 et
2478 1085 2621 1193 vidi‘,
2647 1089 2705 1139 et
2745 1100 2983 1139 somnus
3003 1099 3168 1193 mejus
3200 1083 3349 1138 milii
3373 1084 3564 1140 dulcis
3593 1093 3686 1140 est

2021 1176 2095 1193 η.
2126 1178 2136 1188 ε
2164 1176 2177 1193 .
2231 1176 2263 1193 Α
2363 1175 2450 1193 ειω
2540 1176 2557 1193 .
2622 1176 2903 1193 __--.-____-
2956 1188 3060 1193 ___-
3137 1172 3519 1193 unum---
3576 1175 3682 1193 ,ιω

318 1172 401 1178 νν-
437 1172 589 1193 -τυν
632 1172 720 1191 vva
1007 1172 1023 1187 .
1474 1172 1490 1183 .

252 1212 436 1281 factis,
460 1208 814 1265 mundemus
837 1205 1072 1261 fletibus
1098 1221 1109 1259 ε
1146 1206 1207 1258 ut
1235 1203 1432 1257 audiat
1470 1216 1581 1256 nos
1622 1199 1907 1255 Dominus

2103 1176 2195 1231 iid.
2231 1174 2320 1245 25,
2362 1175 2473 1245 ‘26).
2526 1174 2906 1229 Advertimus
2950 1172 3105 1245 quod
3137 1172 3522 1244 peccantibus
3572 1175 3686 1246 (13)

260 1261 436 1281 ._--_-,
462 1261 732 1265 --η-μη

260 1303 412 1357 Deus
432 1303 639 1356 noster
659 1297 1145 1370 ingemiscentes,
1170 1294 1325 1348 sicut
1346 1290 1565 1346 audivit
1586 1289 1911 1359 lacryman-

2110 1266 2304 1320 minus
2336 1265 2705 1319 sacramenta
2735 1262 3031 1334 promittat
3071 1278 3219 1334 sua;
3253 1265 3311 1317 et
3365 1261 3498 1317 ideo
3557 1279 3687 1318 om-

2206 1368 2214 1370 -
2301 1355 2511 1370 ,-,.,4_-
2558 1368 2568 1370 _
2607 1338 3007 1370 _sn__-,-,__;n_
3662 1352 3667 1357 ι

252 1394 362 1445 tem
382 1388 680 1460 prrtem,
705 1350 1198 1457 «Fuemadmodum
1221 1381 1507 1452 scriptum
1544 1382 1656 1448 est,
1681 1378 1911 1432 dicente
2019 1370 2128 1410 “es
2158 1355 2572 1409 convertamur
2600 1350 2676 1407 ad
2705 1351 3036 1407 nomium“-
3662 1352 3667 1357 ’

253 1480 367 1534 Deo
386 1493 400 1534 :
422 1456 698 1533 audiens
710 1456 847 1529 nudi
860 1475 913 1527 ri
927 1472 1205 1544 Io'plirzem
1223 1470 1651 1542 lacrymantem
1664 1471 1912 1538 (Jerem.
2455 1456 2461 1462 ”
2661 1475 2915 1531 CAPUT
2955 1475 3049 1531 γι.

256 1585 413 1637 xxxi,
447 1565 560 1637 18).
612 1564 684 1640 Et
714 1564 863 1634 ipsa“
893 1561 1073 1616 verba
1122 1559 1399 1630 prraem
1444 1556 1775 1612 lamentatis
1805 1570 1914 1610 ex-
1954 1621 1956 1628 η

2103 1586 2209 1671 ﬁde
2236 1584 2333 1671 vel
2351 1585 2412 1638 in
2421 1583 2689 1671 noeegtia
2708 1582 2907 1671 lapsos
2924 1583 3113 1638 denuo
3133 1582 3484 1671 li'ortaturus
3500 1584 3576 1640 ad
3582 1602 3697 1657 pae-

254 1656 467 1730 pressit
495 1655 741 1709 dicens:
777 1651 1105 1723 Castigasti
1145 1664 1258 1717 me,
1308 1651 1367 1702 et
1397 1651 1725 1717 castigatus
1766 1660 1912 1709 sum,
2097 1656 2423 1730 ηίιεράωη,
2456 1671 2534 1710 ex
2564 1654 2718 1709 Isaia
2761 1651 2901 1726 ξμιίά
2931 1669 3034 1709 eos
3081 1670 3112 1708 α
3144 1654 3269 1709 Deo
3316 1651 3696 1728 θχερθοιάι-ει

255 1749 400 1802 sicut
422 1744 645 1800 vitulus
666 1758 778 1798 non
796 1758 922 1796 sum
961 1740 1202 1795 edoctus
1241 1736 1467 1805 (llud):
1500 1735 1731 1789 Vitulus
1764 1734 1921 1790 enim

255 1836 416 1905 ludit,
447 1837 508 1889 et
534 1831 832 1906 prosapia
882 1830 1142 1898 deserit;
1191 1829 1248 1882 et
1277 1826 1409 1880 ideo
1441 1824 1717 1896 Ephrmm
1768 1823 1921 1877 sicut
1945 1833 2000 1899 Β

253 1924 468 1979 vitulus
496 1939 622 1979 non
651 1924 747 1978 est
774 1920 1043 1987 edoctus,
1076 1917 1254 1988 longe
1304 1914 1536 1987 positus
1566 1930 1599 1968 a
1639 1913 1919 1984 prmsepi,

256 2014 386 2086 quia
429 2026 710 2084 pmsepe
746 2007 975 2065 Domini
1009 2005 1292 2075 deseruit,
1321 1995 1472 2061 425
1504 2007 1560 2058 et
1607 2002 1923 2057 Jeroboam

2100 1727 2319 1802 quidve
2341 1728 2627 1802 ipsosmet
2653 1731 2951 1802 priestare
2983 1732 3271 1802 oporteat,
3318 1726 3509 1782 docet.
3545 1728 3700 1802 [dine

2102 1795 2422 1854 memorata
2464 1795 2699 1852 Christi
2739 1795 3033 1869 adversus
3064 1796 3299 1869 Judaeos
3322 1799 3702 1869 proverbiali

2101 1869 2601 1943 reprehensione.
2614 1884 2726 1939 per
2747 1868 3258 1943 eiusoceasionem
3279 1868 3630 1943 saltationes
3642 1877 3702 1927 et

2104 1939 2357 2021 elioreas
2366 1939 2814 2021 perstringens,
2829 1939 2986 2021 idem
2994 1939 3383 2021 praveroium
3413 1941 3489 2021 ad
3520 1944 3703 2014 spiri-

2108 2014 2281 2068 talem
2331 2010 2591 2066 traducit
2637 2010 3022 2065 intellectum.
3063 2010 3295 2066 Deinde
3330 2027 3409 2067 ex
3443 2010 3703 2068 Jeremia

2098 2082 2507 2158 paenitentiam
2530 2082 2900 2158 suscipiente
2910 2097 3022 2158 pro
3039 2081 3391 2158 Jerusalem,
3416 2100 3560 2158 quas
3572 2101 3707 2141 eon-

2108 2153 2370 2212 ditiones
2386 2169 2453 2227 ea
2482 2153 2700 2227 virtus
2725 2153 3017 2227 requirat,
3059 2154 3276 2227 aperit.
3318 2153 3589 2227 Denique
3646 2162 3708 2211 ut

2153 2231 2343 2280 nauta}
2365 2225 2447 2278 sit
2466 2222 2751 2278 efﬁcacia?
2770 2222 2896 2294 haec
2917 2223 3019 2278 illa
3040 2222 3357 2294 medicina,
3373 2222 3596 2280 clarius
3614 2243 3711 2281 ex-

2154 2297 2335 2365 ibeat,
2362 2295 2461 2368 qui
2476 2294 2681 2368 eadem
2710 2293 2805 2348 vel
2823 2309 2938 2366 pro
2956 2310 3025 2349 se
3062 2294 3158 2349 vel
3178 2310 3288 2365 pro
3317 2293 3458 2350 aliis
3487 2299 3573 2351 uti
3609 2315 3708 2354 vo-

257 2104 520 2172 secutus,
555 2099 777 2155 vitulos
808 2097 1075 2152 adoravit
1103 2093 1274 2165 (Tob.
1309 2110 1347 2162 ι,
1370 2095 1448 2163 5),
1483 2092 1638 2164 quod
1665 2091 1924 2162 prophe-

258 2192 332 2247 tia
362 2191 629 2246 futurum
674 2204 782 2260 per
821 2189 1018 2241 Aaron
1068 2184 1449 2253 indicaverat,
1500 2182 1590 2237 sic
1619 2180 1924 2252 lapsurum

587 2244 951 2334 Judaaorum.
994 2274 1248 2345 Ideoque
1297 2244 1485 2345 agens
1526 2244 1927 2342 pani-tentiam
2110 2244 2149 2352 Ζ

232 2370 424 2426 .dicit:
463 2371 771 2425 Converte
791 2380 902 2431 me,
939 2368 998 2418 et
1020 2368 1362 2431 convertar,
1397 2360 1528 2434 quia
1553 2366 1614 2414 tu
1644 2374 1711 2414 es
1727 2356 1928 2413 Domi-

263 2475 366 2513 nus
381 2458 552 2514 Deus
565 2472 751 2512 meus.
772 2453 918 2519 Quia
952 2453 1015 2507 in
1053 2450 1378 2506 novissimo
1397 2449 1555 2521 capti
1565 2448 1768 2502 vitatis
1788 2460 1933 2501 mea?

258 2547 670 2621 paenitentiam
689 2545 815 2617 egi:
843 2548 902 2598 et
918 2546 1225 2613 postquam
1250 2537 1519 2611 cognovi,
1548 2535 1811 2609 ingemui
1831 2550 1933 2590 su-

260 2654 367 2710 per
384 2637 524 2692 dies
542 2632 912 2690 confusionis
934 2636 991 2685 et
1013 2628 1315 2700 sulg'ectus
1353 2642 1479 2681 sum
1501 2626 1646 2691 tibi;
1684 2624 1817 2698 quia
1840 2640 1936 2679 ac-

265 2728 389 2799 cepi
399 2724 692 2799 Opprobri
697 2739 808 2792 um,
825 2726 882 2776 et
896 2720 1238 2775 demonstra
1249 2717 1307 2770 vi
1320 2722 1378 2771 te
1390 2715 1808 2788 (Jerem.xxxi,
1823 2713 1933 2783 l9).

329 2833 418 2889 37.
436 2831 642 2907 [Alias
662 2846 789 2901 cap.
815 2826 935 2900 VL]
967 2824 1345 2881 Advertimus
1375 2821 1671 2895 quomodo
1708 2820 1939 2895 agenda

265 2925 339 2979 sit
354 2920 721 2995 pwnitentia,
743 2917 965 2990 quibus
996 2912 1398 2982 sermonibus,
1419 2912 1640 2984 quibus
1658 2911 1896 2966 ﬂetibus
1922 2926 1937 2980 ;

268 3017 325 3068 ut
352 3010 587 3085 peccati
618 3008 769 3077 dies,
819 3005 948 3060 dies
998 3001 1371 3059 confusionis
1400 3001 1760 3072 appelletur;
1795 3016 1941 3054 con-

266 3101 416 3157 fusio
444 3102 545 3155 est
575 3096 754 3166 enim,
786 3092 1021 3166 quando
1051 3091 1329 3146 Christus
1361 3093 1632 3162 negatur.

2111 2368 2336 2424 luerint
2366 2365 2583 2421 inultos
2613 2365 2905 2420 numerat.

2110 2493 2199 2549 40.
2219 2492 2333 2549 Sed
2355 2492 2406 2547 si
2427 2492 2525 2546 isti
2556 2505 2674 2545 non
2704 2492 3146 2561 convertuntur,
3198 2489 3293 2546 vel
3343 2506 3454 2548 vos
3498 2507 3709 2548 rever-

2043 2581 2251 2649 timini,
2275 2581 2372 2652 qui
2399 2581 2567 2651 lapsu
2591 2578 2753 2633 vario
2777 2578 2849 2633 de
2870 2579 3265 2635 innoncentize
3296 2580 3550 2653 ﬁdeique
3570 2597 3717 2653 prae-

2044 2672 2207 2728 celso
2231 2669 2470 2741 fastigio
2492 2668 2822 2723 decidistis.
2845 2667 3074 2723 Bonum
3098 2668 3409 2725 Dominum
3427 2671 3716 2728 habemus

2047 2761 2149 2834 qui
2166 2760 2306 2815 velit
2327 2758 2548 2813 donare
2572 2756 2870 2828 omnibus,
2892 2746 2992 2829 qui
3014 2760 3069 2812 te
3091 2773 3198 2829 per
3229 2758 3577 2831 prophetam
3607 2775 3720 2817 vo-

2049 2850 2201 2906 cavit
2223 2849 2458 2904 dicens:
2483 2847 2612 2918 Ego
2634 2862 2783 2916 sum,
2807 2862 2916 2919 ego
2946 2862 3072 2901 sum
3105 2848 3204 2921 qui
3232 2847 3402 2904 deleo
3432 2849 3721 2923 iniquita-

2052 2947 2144 2996 tes
2164 2946 2313 3008 tuas,
2338 2944 2397 2994 et
2415 2952 2638 2992 memor
2668 2952 2781 2991 non
2821 2951 2957 2992 ero:
3004 2943 3066 2991 tu
3094 2943 3288 2993 autem
3317 2955 3543 2996 memor
3571 2945 3719 3010 esto,

2053 3037 2111 3085 ut
2127 3028 2475 3102 judicemur
2507 3024 2645 3095 (Isa.
2692 3039 2853 3094 xum,
2887 3026 2998 3095 25).
3052 3025 3203 3098 Ego,
3255 3026 3465 3100 inquit,
3499 3044 3726 3085 memor

2054 3134 2165 3173 non
2188 3133 2293 3173 ero
2316 3132 2330 3185 ;
2357 3122 2417 3169 tu
2448 3120 2639 3169 autem
2679 3129 2865 3169 memo
2887 3120 3037 3183 esto,
3068 3105 3217 3170 426
3250 3114 3366 3169 hoc
3411 3118 3540 3171 est:
3589 3116 3725 3172 Non

334 3208 423 3263 80.
461 3205 541 3261 Et
574 3203 712 3258 ideo
742 3199 1138 3272 subjiciamus
1168 3213 1281 3253 nos
1312 3196 1456 3268 Deo,
1491 3200 1547 3251 et
1576 3212 1693 3251 non
1722 3195 1942 3251 subditi

2103 3221 2274 3263 avoco
2303 3205 2432 3273 illa,
2480 3218 2851 3275 quiscunque
2892 3201 3103 3256 delicta
3148 3202 3363 3258 donavi
3392 3204 3519 3274 tibi,
3566 3204 3729 3261 velut

273 3297 457 3353 simus
480 3294 766 3367 peccato:
800 3293 857 3346 et
873 3288 1222 3343 delictorum
1246 3290 1584 3342 nostrorum
1604 3287 1946 3341 memoriam

268 3385 682 3453 recensentes,
726 3383 1004 3450 tanquam
1050 3375 1432 3448 opprobrium
1478 3376 1946 3447 erubescamus;

276 3492 389 3532 non
434 3475 606 3529 velut
661 3468 976 3542 quamdam
1030 3466 1283 3539 gloriam
1331 3465 1747 3537 prmdicemus,
1793 3467 1949 3521 sicut

277 3565 514 3638 quidam
565 3560 903 3632 expugnata
950 3554 1254 3628 pudicitia,
1300 3557 1358 3609 et
1388 3569 1678 3625 oppressa
1721 3554 1951 3627 justitia

279 3654 647 3726 gloriantur:
697 3651 755 3704 et
794 3649 951 3701 tanta
997 3645 1097 3700 fiat
1145 3643 1480 3713 conversio,
1527 3648 1588 3698 ut
1624 3645 1727 3716 qui
1768 3645 1952 3701 Deum

278 3760 393 3800 non
420 3737 929 3815 agnoscebamus,
963 3734 1078 3805 ipsi
1108 3749 1245 3789 eum
1266 3731 1394 3806 jam
1420 3732 1554 3788 aliis
1586 3733 1953 3789 demonstre-

282 3848 446 3888 mus:
479 3831 685 3885 motus
713 3827 909 3881 autem
942 3823 1228 3879 Dominus
1272 3821 1375 3877 tali
1418 3823 1813 3879 conversione
1844 3840 1953 3879 no-

284 3926 420 3992 stra,
443 3915 843 3988 respondeat:
875 3912 924 3968 Α
938 3912 1011 3985 ju
1022 3918 1261 3968 ventute
1276 3927 1404 3968 mea
1426 3911 1683 3993 dilectus
1702 3913 1850 3967 mihi
1863 3919 1955 3968 est

286 4062 746 4136 pmcesserunt,
798 4055 1166 4126 enumerari;
1212 4054 1367 4136 unda
1394 4056 1495 4111 illa
1542 4057 1955 4136 theologorum

288 4130 479 4206 opinio
540 4148 657 4204 qua
705 4131 861 4185 bona
919 4143 1103 4206 opera
1145 4130 1711 4206 peccato_qu0piam
1755 4130 1955 4187 lethali

289 4198 638 4262 mortificata
657 4218 764 4273 per
800 4198 1204 4275 paenitentiam
1244 4198 1603 4275 reviviscere
1633 4206 1954 4275 autumant,

291 4294 401 4333 non
428 4269 742 4332 minimum
770 4269 925 4342 capit
953 4269 1338 4325 auctoritatis.
1361 4270 1471 4325 Hic
1501 4287 1664 4342 vero,
1695 4274 1792 4329 ubi
1818 4269 1958 4330 con-'-

290 4353 374 4403 tra
408 4347 780 4404 Novatianos
812 4343 1071 4412 disputat
1102 4356 1225 4396 rem
1254 4343 1569 4412 examinat
1597 4347 1956 4402 accuratius.

292 4418 484 4498 ltaque
537 4417 656 4498 duo
676 4417 735 4470 in
756 4411 1457 4498 poeni’ten‘tiandistinguit,
1489 4430 1697 4498 nempe
1728 4419 1963 4498 diluere

295 4483 582 4564 lacrymis
604 4483 929 4560 peccatum,
979 4489 1050 4564 e_t_
1067 4483 1211 4538 illud
1246 4483 1754 4564 emendatioribus
1782 4491 1965 4547 factis

2055 3297 2305 3369 quadam
2325 3292 2623 3349 oblivione
2646 3295 2796 3348 tecta
2828 3291 2946 3346 sint
2974 3308 2989 3347 :
3021 3297 3081 3346 tu
3099 3297 3291 3347 autem
3328 3308 3554 3349 memor
3576 3299 3726 3350 esto.

2058 3386 2208 3458 Ego,
2240 3383 2447 3455 inquit,
2497 3396 2723 3437 memor
2771 3397 2889 3435 non
2939 3396 3042 3436 ero
3073 3384 3315 3453 propter
3359 3384 3633 3456 gratiam,
3664 3385 3730 3440 tu

2058 3490 2285 3529 memor
2316 3475 2444 3527 esto
2493 3473 2734 3542 propter
2784 3469 3253 3541 correctionem;
3304 3486 3531 3527 memor
3574 3474 3729 3545 esto,

2059 3566 2124 3619 ut
2182 3562 2342 3617 scias
2401 3560 2680 3615 donatum
2738 3573 2876 3613 esse
2934 3562 3279 3629 peccatum:
3331 3577 3405 3616 ne
3450 3561 3730 3633 glorieris

2061 3652 2233 3725 quasi
2266 3652 2575 3717 innocens,
2610 3662 2683 3703 ne
2714 3650 2768 3702 te
2792 3646 3198 3719 justiticando,
3239 3649 3373 3721 plus
3409 3650 3728 3723 ingraves:

2063 3741 2170 3798 sed
2201 3740 2255 3795 si
2284 3739 2378 3793 vis
2405 3737 2745 3810 justiﬁcari,
2778 3736 2961 3792 fatere
3002 3736 3279 3793 delictum
3326 3742 3510 3795 tuum.
3544 3732 3733 3796 Solvit

2060 3830 2219 3888 enim
2248 3828 2561 3884 criminum
2592 3842 2784 3882 nexus
2815 3828 3150 3882 verecunda
3180 3827 3486 3885 confessio
3528 3845 3735 3901 pecca-

2058 3924 2252 3979 torum
2281 3917 2464 3993 (14).“

2062 4064 2229 4131 Quod
2281 4078 2426 4119 vero
2481 4060 2555 4115 ad
2611 4060 2859 4132 primam
2890 4064 3113 4131 partem
3172 4063 3514 4118 eorumdem
3574 4062 3734 4132 citati

2064 4136 2276 4208 psalmi
2309 4131 2995 4208 xxx1_versuum,_quam
3017 4133 3109 4208 de
3154 4133 3467 4208 baptismo
3482 4131 3739 4208 exponit

2068 4203 2445 4274 Ambrosius,
2470 4204 2546 4258 ita
2577 4219 2706 4258 eam
2740 4203 2914 4275 etiam
2946 4203 3298 4274 interpretes
3333 4206 3515 4275 Pauli,
3548 4203 3591 4258 a
3619 4220 3736 4275 quo

2069 4278 2276 4404 eadetm
2306 4276 2489 4332 verba
2522 4276 2691 4330 Rom.
2726 4288 2806 4342 ιν,
2839 4273 2894 4344 7,
2927 4273 3354 4345 proponuntur,
3388 4273 3568 4348 vulgo
3585 4273 3737 4330 acci-

2069 4365 2209 4404 mun
2237 4388 2251 4403 .

2065 4365 2251 4423 smn!-

2139 4420 2253 4491 (1‘2)
2275 4417 2557 4474 Nonnulli
2587 4432 2757 4491 mss,
2783 4415 3464 4491 emendationilgusl‘acta
3478 4413 3740 4491 operire.

2141 4487 2267 4569 (13.
2314 4490 2449 4569 Gill.
2506 4505 2599 4569 ac‘
2612 4490 2781 4543 Rom.
2842 4487 3019 4569 edit,
3066 4488 3217 4569 quod
3268 4487 3741 4569 paenitentibus;

297 4554 560 4633 opefire,
604 4554 865 4631 'quorum
914 4554 1151 4633 quidem
1181 4554 1364 4633 prius
1410 4556 1481 4610 ad
1526 4561 1956 4633 contritionem,
1980 4563 2036 4628 D
2073 4554 2312 4619 Amerb.
2347 4565 2521 4632 atque
2553 4558 2888 4633 Eras._cum
2909 4556 3041 4633 Gill.
3076 4554 3355 4633 inmarg.
3381 4562 3437 4614 et
3454 4575 3601 4614 mss.
3626 4575 3745 4614 om-

296 4626 595 4704 posterius
632 4626 848 4685 'autem
903 4626 975 4683 ad
1023 4626 1490 4704 satisfactionem
1533 4631 1740 4686 referri
1790 4626 1962 4689 facile

300 4697 572 4776 catholici
616 4716 823 4776 omnes
872 4697 1414 4776 assentientur._Et
1455 4706 1619 4776 certe
1668 4703 1740 4757 de
1771 4707 1962 4776 primo

300 4790 404 4830 nec
435 4773 698 4830 Dallzeus
737 4773 865 4843 ipse
894 4771 997 4843 lib.
1048 4768 1248 4843 vu_De
1286 4769 1507 4843 Pwnit.
1557 4778 1616 4826 et
1665 4768 1961 4832 satisfact,

302 4862 424 4917 cap.
454 4846 511 4915 8,
543 4861 579 4898 a
606 4841 782 4917 nobis
809 4842 1083 4917 dissidet.
1111 4841 1201 4917 De
1231 4842 1495 4917 secundo
1525 4848 1716 4899 autem
1749 4848 1967 4903 ibidem

304 4912 505 4973 contra
523 4915 684 4971 card.
724 4913 1061 4969 Bellarmin.
1094 4912 1426 4983 disputans,
1471 4917 1768 4972 contendit
1797 4935 1969 4973 sanc-

306 4993 419 5043 tum
441 4986 766 5059 prmsulem
786 4985 907 5059 hoc
918 4999 1104 5039 sensu
1145 4982 1327 5059 loqui,
1350 4988 1410 5038 ut
1445 4987 1582 5040 velit
1600 4993 1969 5057 peccatorem

306 5054 597 5115 scelerum
611 5057 734 5129 jam
765 5057 1156 5129 remissorum
1184 5054 1545 5129 inhaerentes
1585 5054 1777 5114 adhuc
1812 5062 1971 5115 cica-

310 5131 484 5203 trices
508 5124 691 5203 bonis
726 5128 1008 5199 operibus
1040 5125 1211 5203 quasi
1244 5124 1436 5180 lituris
1460 5132 1522 5203 et
1549 5132 1794 5203 tectorio
1827 5149 1972 5203 quo-

312 5201 437 5256 dam
468 5198 823 5256 obumbrare
851 5203 1025 5270 atque
1067 5198 1572 5270 contegereaSed
1616 5198 1973 5257 contrarium

315 5274 591 5327 orationis
624 5272 817 5343 series
846 5269 1046 5340 aperte
1075 5271 1383 5343 monstrat.
1417 5269 1576 5343 lll_am
1608 5276 1875 5343 expende
1904 5291 1974 5329 ac

315 5345 603 5414 praecipue
634 5414 637 5415 ν
670 5338 1007 5415 subjectum
1028 5338 1405 5415 __exemplu_m
1465 5338 1973 5415 Ephrzemitarum,

318 5411 382 5495 ac
411 5411 512 5484 per
538 5419 594 5469 te
627 5411 876 5495 ipsemet
906 5411 1204 5493 intelliges
1237 5411 1617 5495 delacrymis
1646 5420 1819 5486 atque
1838 5411 1977 5488 ope;

319 5481 480 5540 ribus
505 5481 743 5540 omnino
789 5481 1125 5539 sermonem
1171 5481 1416 5554 institui,
1454 5481 1603 5554 quae
1636 5481 1753 5541 non
1803 5481 1975 5543 mddo

322 5558 571 5629 peccatis
588 5556 712 5629 jam
744 5554 1093 5629 condonetis
1116 5552 1424 5629 tectorium
1448 5552 1746 5629 inducant,
1775 5574 1983 5614 verum

325 5623 489 5709 etiam
509 5623 641 5702 quae
657 5627 917 5709 divinam
934 5623 1351 5709 peccatoribus
1365 5694 1376 5707 .
1388 5626 1706 5709 propitiant
1733 5623 1981 5687 miseri-

302 5694 595 5778 cordiam,
626 5702 691 5761 ut
736 5694 1196 5759 commissorum
1242 5694 1477 5757 veniam
1500 5694 1981 5785 'cousequantur.

2074 4635 2273 4715 nibus,
2307 4628 2908 4715 quodpeccantious;
2940 4628 3038 4715 ubi
3071 4628 3453 4715 subintellige
3485 4631 3746 4715 (lumini):

2074 4707 2150 4761 do
2179 4700 2584 4776 paenitentiam
2610 4702 2806 4776 agant.
2841 4700 2914 4752 At
2944 4701 3253 4769 sequentis
3283 4700 3411 4772 capi
3431 4701 3617 4772 initio,
3643 4702 3744 4757 ubi

2077 4772 2284 4833 omnes
2316 4776 2478 4841 edit.,
2514 4772 2584 4826 Si
2612 4772 2719 4825 isti
2747 4785 2859 4823 non
2890 4777 3339 4841 convertantur,
3365 4789 3572 4828 omnes
3594 4789 3743 4829 mss.

2078 4848 2380 4910 exhibent,
2414 4844 2538 4916 Sed
2568 4843 2624 4895 si
2636 4842 2756 4916 isti
2789 4857 2917 4916 non.
2950 4848 3418 4916 convertuntur:
3467 4845 3748 4916 quemad-

2077 4920 2315 4975 modum
2348 4915 2565 4986 legitur
2591 4912 2763 4967 etiam
2795 4911 2854 4964 in
2887 4910 3001 4986 tiae
3032 4928 3160 4983 cap.
3192 4914 3247 4982 4,
3281 4931 3440 4970 num.
3485 4910 3580 4971 '29.
3614 4916 3749 4971 Cte-

2076 4996 2270 5046 terum
2301 4982 2436 5041 licet?
2459 4984 2555 5038 illa
2588 4998 2869 5038 versuum
2900 4982 3123 5052 aliquot
3168 4987 3436 5055 repetitio
3485 4987 3631 5041 satis
3662 4987 3752 5041 in-

2080 5062 2235 5116 dicat
2266 5071 2637 5129 quaacunque
2664 5069 2795 5129 cap.
2831 5055 3124 5129 superiori
3165 5058 3750 5128 comprehendimus,

2080 5132 2251 5205 quasi
2271 5125 2387 5205 per
2417 5125 2853 5205 digressionem
2886 5125 3268 5205 posita_esse,
3301 5125 3475 5205 atque
3506 5130 3652 5183 adeo
3684 5125 3744 5183 in

2082 5196 2553 5275 prioribusedit.
2591 5198 2777 5275 capita
2825 5213 2942 5275 non
2975 5196 3236 5275 legitime
3283 5196 3580 5275 distribui.
3627 5200 3753 5275 Nec

2083 5267 2256 5330 etiam
2301 5269 2653 5341 ambiguum,
2687 5271 2777 5341 est
2825 5267 2967 5339 quin
3011 5269 3084 5322 ad
3135 5270 3291 5324 hunc
3338 5272 3533 5326 locum
3575 5274 3754 5325 Solus

2084 5344 2442 5415 rexpexerit,
2470 5339 2608 5415 cum
2636 5340 2699 5415 in
2735 5339 2845 5415 hoc
2876 5355 3069 5415 .opere
3112 5356 3518 5415 nonnunquam
3551 5341 3755 5415 eadem

2087 5410 2377 5471 inca/cari
2408 5410 2483 5467 ad
2515 5410 2758 5465 uerbum
2790 5410 3047 5482 objecit;
3098 5413 3268 5482 quasi
3316 5410 3458 5467 vero
3487 5410 3756 5465 insolen-

2087 5491 2315 5543 tessent
2346 5486 2551 5539 essent
2581 5481 2960 5552 repetitiones
2992 5482 3050 5535 in
3083 5481 3421 5538 Ambrosio.
3534 5494 3539 5501 '

2160 5556 2276 5631 (14)
2316 5558 2465 5611 Sunt
2500 5570 2531 5609 e
2553 5551 2848 5631 theologis
2887 5552 3234 5631 orthodoxis
3269 5569 3387 5631 non
3430 5552 3622 5624 pauci,
3655 5551 3758 5631 qui

2098 5623 2611 5699 de‘sacramentali
2643 5623 3021 5699 confessione
3072 5624 3166 5678 hic
3214 5625 3344 5699 agri
3383 5623 3757 5699 asseverant,

2098 5716 2351 5789 quorum
2401 5698 2578 5763 etiam
2622 5693 2889 5769 nonnulli
2931 5694 3045 5759 hoc
3093 5708 3232 5761 esse
3255 5693 3597 5761 meridiana
3626 5693 3760 5771 luci
