3936 6168
371 289 502 368 325

1589 289 1704 360 DE
1746 291 2293 366 PCENI'I‘ENTIA
2335 301 2497 368 LIB.
2543 298 2624 368 II.
3657 325 3760 388 526

373 495 564 548 bitror
604 491 758 547 enim
799 492 957 564 quod
998 492 1172 549 etiam
1213 493 1399 552 Judas
1429 496 1725 568 potuisset
1752 500 1910 554 tanta
1941 499 2041 555 Dei
2063 481 2120 546 Α
2153 518 2278 574 qum
2299 503 2584 558 constitui
2605 503 2716 560 tibi
2731 507 3100 578 respondere
3125 507 3248 565 illis
3278 510 3396 566 noli
3422 515 3634 574 auferre
3655 539 3762 578 ver-

373 582 749 638 miseratione
799 599 916 637 nou
947 583 1184 638 excludi
1225 601 1260 639 a
1314 587 1505 653 venia,
1543 587 1593 642 si
1641 589 2042 658 paenitentiam

369 688 487 727 non
509 671 663 743 apud
685 671 947 742 Judaeos,
971 673 1077 727 sed
1098 674 1253 744 apud
1273 673 1573 730 Christum
1595 676 1840 749 egisset.
1879 677 2037 734 Pec-

367 777 522 831 cavz,
570 761 778 833 inquit,
825 761 976 834 quod
1025 761 1381 818 tradiderim
1425 766 1776 837 sanguinem
1809 767 2038 837 justum

365 849 606 920 (Matth.
665 866 848 919 xxvii,
882 849 958 921 4).
1012 850 1500 923 Responderunt:
1561 853 1714 920 Quid
1757 854 1834 912 ad
1886 855 2041 910 nos?

375 938 456 994 Tu
483 938 730 994 videris.
752 937 894 1003 Qum
911 954 1030 993 vox
1049 939 1161 994 alia
1184 945 1382 996 vestra
1419 945 1529 1011 est,
1557 959 1690 998 cum
1729 945 1902 1000 etiam
1925 945 2039 999 mi-

365 1027 532 1082 noris
562 1029 790 1098 peccati
821 1043 962 1082 reus
993 1028 1166 1083 vobis
1199 1029 1414 1085 factum
1443 1032 1748 1102 proprium
1798 1033 2040 1089 confite-

361 1121 459 1172 tur
477 1119 504 1172 ‘?
535 1117 686 1182 Quid
702 1116 1078 1186 respondetis
1099 1117 1278 1190 aliud,
1301 1119 1419 1174 nisi
1437 1120 1550 1176 hoc
1572 1137 1586 1178 :
1623 1121 1777 1187 Quid
1795 1122 1872 1177 ad
1893 1123 2042 1178 nos?

371 1207 452 1262 Tu
481 1205 954 1277 rideris(1bid.).
991 1205 1163 1262 Hunc
1193 1222 1529 1265 sermonem
1559 1210 1809 1282 laqueus
1831 1211 2036 1284 sequi-

360 1300 495 1352 tur:
527 1310 598 1350 eo
629 1293 902 1352 feraliore
930 1309 1125 1365 poena,
1157 1311 1274 1368 quo
1307 1297 1478 1369 culpa
1509 1303 1601 1354 est
1632 1299 1841 1355 minor.

431 1384 521 1441 28.
545 1383 660 1439 Sed
677 1383 730 1438 si
753 1383 849 1438 isti
873 1399 991 1438 non
1009 1388 1452 1453 convertuntur,
1489 1387 1582 1443 vel
1631 1403 1745 1444 vos
1782 1390 2034 1444 reverti-

356 1474 521 1539 mini,
557 1473 658 1545 qui
688 1472 861 1543 lapsu
889 1473 1054 1528 vario
1088 1473 1159 1529 de
1199 1473 1556 1532 innocentia:
1587 1476 1844 1550 ﬁdeique
1877 1495 2035 1550 prae-

360 1565 524 1621 celso
543 1562 783 1635 fastigio
805 1561 1138 1618 dedidistis.
1162 1563 1389 1620 Bonum
1409 1565 1722 1622 Dominum
1743 1567 2032 1624 habemus

352 1654 457 1727 qui
483 1651 626 1708 velit
672 1651 892 1706 donare
939 1652 1256 1724 omnibus;
1306 1653 1408 1725 qui
1448 1657 1504 1710 te
1535 1670 1642 1726 per
1687 1656 2033 1728 prophetam

349 1741 587 1800 vocavit
614 1741 820 1796 dicens
844 1755 857 1796 :
889 1739 1023 1812 Ego
1050 1756 1198 1806 sum,
1225 1757 1334 1815 ego
1353 1757 1480 1800 sum
1500 1745 1600 1818 qui
1627 1744 1796 1801 deleo
1823 1745 2034 1818 iniqui.

352 1839 546 1898 tates;
580 1837 639 1886 et
667 1845 893 1886 memor
938 1845 1054 1886 non
1085 1845 1230 1889 ero:
1281 1837 1343 1887 tu
1371 1837 1565 1889 autem
1609 1849 1836 1890 memor
1882 1841 2028 1907 esto,
2056 1857 2111 1926 Β

353 1929 413 1980 et
427 1921 770 1996 judicemur
801 1919 941 1990 (Isa.
972 1935 1136 1992 me,
1169 1920 1260 1993 25,
1291 1919 1404 1992 26).

913 2023 1065 2092 423
1096 2033 1349 2092 CAPUT
1381 2036 1451 2093 V.

353 2144 518 2214 Quod
537 2143 768 2200 Simoni
805 2157 976 2214 mago
1025 2143 1256 2217 veniam
1279 2159 1310 2198 a
1334 2142 1523 2200 Petro
1557 2143 1856 2201 afﬁrmate
1885 2161 2026 2217 pro-

420 2218 664 2273 missam
710 2213 953 2288 negant,
1003 2213 1278 2288 refertur
1307 2217 1666 2288 primerum
1707 2213 2027 2288 apostolum

414 2293 666 2362 propter
682 2285 974 2362 cognitam
994 2287 1154 2357 magi
1185 2285 1350 2362 illius
1373 2285 1690 2358 perfidiam
1729 2285 1908 2362 dubia
1939 2288 2027 2344 lo-

424 2357 659 2415 cutione
685 2357 770 2430 uti
785 2357 1092 2430 potuisse:
1123 2357 1387 2430 secundo
1403 2364 1595 2413 autem
1625 2365 1760 2430 apte
1781 2360 1858 2414 ad
1888 2376 2027 2414 cau-

420 2447 546 2486 sam
567 2445 676 2486 per
692 2427 1043 2482 adverbium
1068 2427 1216 2482 forte
1239 2427 1696 2484 aflirmationein
1729 2431 1907 2486 etiam
1937 2432 2026 2486 si-

419 2497 700 2576 gnificari
721 2515 799 2554 ex
809 2498 1086 2576 pluribus
1119 2497 1358 2576 Veteris
1389 2500 1751 2576 Testamenti
1766 2501 1932 2576 locis,
1951 2519 2030 2556 ex

413 2570 798 2646 profanorum
820 2575 1120 2646 auctorum
1145 2586 1268 2646 u_su_,
1290 2570 1549 2646 denique
1571 2587 1650 2628 ex
1666 2574 1827 2646 ipsis
1841 2589 2020 2628 evan-

417 2640 677 2716 ile/istis,
711 2640 1112 2716 continuatur.
1147 2641 1380 2716 Deinde
1408 2640 1574 2698 addit
1597 2640 2028 2716 apostolospoa-

422 2711 736 2770 nitentium
766 2711 934 2782 cujus
971 2728 1004 2762 a
1049 2712 1281 2766 Davide
1327 2711 1562 2768 fructus
1607 2711 2021 2782 ostenduntur,

421 2786 498 2841 ad
513 2800 621 2839 nos
657 2783 1388 2856 transmisse._Postremo
1423 2785 1749 2856 exemplum
1784 2786 2023 2842 adducit

418 2855 944 2928 prrtemitarum,
977 2853 1053 2908 ad
1083 2871 1322 2928 quorum
1370 2855 1568 2928 instar
1589 2853 2024 2928 paenitentiam

423 2924 688 2983 nostram
719 2924 1006 2996 agendam
1037 2924 1242 2989 tradit,
1281 2931 1340 2980 ut
1370 2927 1428 2981 ei
1459 2924 1665 2983 divina
1687 2929 2026 2984 misericor-

421 2999 520 3055 dia
549 3004 608 3052 et
636 3001 1010 3052 sacramento
1031 2997 1449 3053 concedantur.

427 3105 516 3162 29.
553 3104 844 3160 Referunt
865 3105 1064 3158 tamen
1093 3103 1482 3174 quaestionem
1514 3105 1586 3162 de
1613 3105 1816 3162 verbis
1846 3123 2020 3179 apos-

344 3197 450 3253 toli
481 3192 660 3250 Petri.
693 3191 839 3258 Quia
890 3192 1071 3248 dixit:
1123 3192 1218 3250 Ne
1247 3193 1407 3250 forte
1438 3194 1516 3265 ('7)
1547 3195 1708 3266 (Act.
1747 3213 1870 3267 vm,
1902 3195 1994 3268 22)

339 3286 558 3358 putant.
586 3297 705 3337 non
753 3281 1142 3336 confirmasse
1192 3282 1450 3353 Petrum,
1484 3286 1547 3338 ut
1595 3286 1794 3358 agenti
1824 3285 2020 3356 pceni-

343 3374 584 3431 tentiam
603 3374 910 3442 peccatum
931 3370 1342 3427 remitteretur.
1377 3372 1494 3428 Sed
1537 3374 1917 3430 considerent
1947 3375 2019 3430 de

345 3477 464 3536 quo
499 3462 790 3533 loquatur,
831 3459 944 3514 hoc
974 3462 1084 3530 est,
1127 3459 1200 3516 de
1222 3460 1481 3531 Simone,
1515 3463 1616 3534 qui
1647 3479 1765 3518 non
1797 3479 1872 3518 ex
1903 3463 2017 3518 tida

344 3552 632 3621 crederet,
653 3549 759 3605 sed
777 3548 973 3604 dolum
995 3549 1300 3621 cogitaret.
1345 3551 1610 3623 Denique
1634 3555 1691 3606 et
1731 3552 2014 3608 Dominus

283 3700 291 3708 ,
343 3640 654 3708 dicentiei,
696 3638 872 3710 cujus
907 3654 1024 3692 non
1057 3638 1289 3708 plenam
1320 3640 1720 3696 sinceritatem
1750 3641 2014 3697 videret:

343 3730 576 3803 Sequar
607 3735 664 3783 te
691 3727 930 3799 (Matth.
956 3744 1076 3795 VIII,
1099 3727 1210 3798 t9),
1244 3728 1360 3784 ait:
1409 3728 1622 3801 Vulpes
1676 3729 1885 3786 foveas
1913 3730 2017 3784 lia-

341 3818 508 3876 bent.
541 3817 724 3882 Quem
746 3831 892 3888 ergo
924 3815 1210 3872 Dominus
1241 3820 1373 3872 ante
1405 3817 1765 3888 baptismum
1810 3818 2016 3890 prohi-

340 3908 472 3967 buit
499 3906 692 3977 sequi,
725 3905 1002 3977 quoniam
1034 3904 1467 3961 fraudulentum
1507 3907 1784 3976 videbat;
1833 3908 2016 3962 mira-

339 3998 430 4054 ris
461 3995 513 4051 si
543 3999 676 4066 post
702 3993 1059 4064 baptismum
1087 3995 1577 4064 praevaricantem
1609 4011 1727 4051 non
1756 3995 2014 4052 absolvit

340 4085 668 4158 apostolus,
703 4097 877 4155 quem
907 4084 966 4137 in
996 4081 1354 4155 obligatione
1409 4083 1733 4156 iniquitatis
1777 4100 2015 4141 manere

337 4172 785 4250 pronuntiavit?

409 4265 500 4320 30.
541 4262 657 4320 Sed
700 4262 814 4316 hoc
852 4261 971 4316 illis
1015 4260 1320 4332 responsit
1360 4261 1456 4316 sit.
1501 4259 1629 4333 Ego
1661 4264 1855 4330 autem
1905 4279 2015 4319 nec

335 4354 577 4412 Petrum
599 4351 908 4408 dubitasse
930 4350 1082 4419 dico,
1105 4365 1214 4404 nec
1244 4350 1414 4405 verbi
1448 4351 1626 4406 unius
1663 4349 2014 4423 praeiudicio

327 4448 554 4501 tantam
606 4456 848 4498 causam
899 4438 1391 4511 strangulandum
1437 4438 1715 4495 arbitror.
1767 4439 1917 4494 Nam
1961 4442 2016 4496 si

330 4535 537 4606 putant
566 4531 874 4587 dubitasse
909 4529 1166 4597 Petrum,
1223 4527 1508 4600 numquid
1537 4530 1594 4583 et
1643 4529 1802 4584 Deus
1833 4529 2010 4584 dubi-

332 4624 522 4678 tavit?
551 4621 748 4692 quiait
767 4619 840 4673 ad
865 4617 1182 4673 Jeremiam
1205 4617 1552 4688 prophetam
1577 4633 1589 4672 :
1624 4617 1730 4671 Sta
1754 4617 1815 4672 in
1853 4619 2012 4674 atrio

337 4711 541 4766 domus
560 4709 816 4779 Domini,
843 4713 901 4762 et
932 4721 1279 4778 responsum
1313 4705 1489 4761 dabis
1519 4722 1672 4762 omni
1699 4705 1884 4774 Judae,
1931 4702 2013 4760 iis

337 4798 436 4872 qui
461 4797 704 4852 veniunt
725 4797 979 4852 adorare
997 4797 1058 4850 in
1095 4795 1264 4850 domo
1296 4795 1552 4865 Domini,
1591 4795 1783 4850 omnia
1830 4794 2012 4850 verba

405 4941 490 5011 ('7)
519 4939 645 4994 Vet.
681 4939 844 5011 edit.,
880 4939 950 4992 Si
970 4938 1146 5004 forte,
1170 4943 1227 4993 et
1249 4939 1499 5008 putant?
1533 4938 1728 5006 Rom.,
1755 4937 1828 4992 Si
1851 4935 2014 5011 forte

337 5009 683 5068 remittatur
713 5009 846 5079 tibi,
878 5014 1016 5078 etc.,
1051 5016 1109 5064 et
1136 5011 1394 5079 putant?
1426 5025 1575 5064 mss.
1610 5025 1752 5063 vero
1795 5009 2010 5079 cuncti,

335 5083 432 5140 Ne
453 5083 647 5146 forte;
679 5081 807 5148 sed,
832 5077 948 5150 pro
973 5077 1199 5152 putant,
1221 5079 1399 5150 aliqui
1419 5079 1624 5152 legunt
1647 5085 1878 5152 putent,
1901 5077 2012 5133 ali-

335 5153 662 5228 quietiam,
701 5158 759 5205 ut
788 5157 1024 5228 putant.
1053 5151 1193 5228 Non
1218 5151 1754 5228 talnincommode.

407 5224 484 5296 (8)
524 5220 742 5279 Omnes
788 5220 927 5290 edit,
975 5221 1197 5296 QtUCOd
1230 5220 1391 5296 Tell_._
1424 5228 1492 5296 _ct
1525 5221 1708 5276 occisi
1764 5226 1968 5296 essent
1989 5240 2008 5286 ;

334 5291 548 5368 reliqui
578 5310 749 5362 mss.,
786 5299 845 5368 et
876 5291 1236 5368 occidissent
1254 5291 1523 5368 ;_Albin.,
1550 5299 1608 5346 et
1641 5309 1744 5368 eos
1760 5293 2012 5348 occidis-

335 5361 492 5424 seut'.
525 5368 659 5422 Non
691 5361 839 5419 male
883 5363 1140 5434 quidem,
1195 5361 1298 5434 scd
1331 5367 1570 5431 propter
1610 5362 1862 5418 aliorum
1894 5381 2007 5419 nu-

333 5456 562 5496 merum
595 5443 652 5492 et
701 5432 1103 5506 antiquitatem
1146 5432 1838 5506 _videtur_accipiendum
1870 5451 2011 5490 ver-

332 5512 474 5568 bum
497 5504 877 5566 occidisscnt.
905 5522 1009 5577 pro
1033 5504 1374 5578 periissent.
1392 5504 1628 5578 Rursus
1641 5509 1777 5575 post
1798 5522 2005 5576 pauca,

335 5583 559 5639 eaedem
581 5582 746 5648 edit.,
779 5576 916 5634 sine
945 5576 1298 5649 przcjutlicio
1318 5576 1635 5633 sententias
1665 5591 1811 5649 suae,
1856 5592 2003 5634 mss.

332 5669 496 5722 vero,
609 5645 863 5710 scientia
881 5645 1022 5706 suae.
1047 5645 1282 5722 Melius,
1305 5651 1365 5704 ut
1395 5661 1501 5718 per
1530 5661 1598 5704 se
1628 5645 1853 5705 clarum
1889 5652 2000 5707 est.

334 5718 506 5813 Unus
534 5729 748 5803 tamen,
883 5718 1274 5784 conscientiae
1291 5733 1434 5784 sua.

2151 590 2319 646 bum:
2344 591 2602 648 forsitan
2623 594 2882 662 audient,
2921 602 2980 652 et
3011 602 3366 655 at'ertentur
3390 603 3756 682 (Jerem.xxvi,

2153 679 2207 822 ἓ,
2242 681 2322 746 3).
2367 681 2573 736 Dicant
2602 698 2748 755 ergo
2797 689 2854 738 et
2893 685 3074 741 Deum
3123 687 3433 758 ignorasse
3476 694 3602 764 quid
3625 679 3760 755 esset

2180 773 2434 824 uturum.

2180 787 2434 826 uturum.

2222 876 2312 932 31.
2337 875 2451 932 Sed
2473 895 2586 933 non
2613 879 2944 951 ignorantia
2978 897 3048 939 eo
3091 883 3272 939 verbo
3314 887 3651 963 exprimitur,
3677 895 3766 950 sed

2150 966 2210 1019 in
2241 965 2564 1038 Scripturis
2596 968 2814 1024 divinis
2845 971 3128 1043 frequens
3175 973 3512 1045 hujusmodi
3555 995 3767 1038 consue-

2153 1054 2292 1110 tudo
2315 1055 2640 1112 advertitur
2666 1073 2680 1127 ;
2713 1073 2784 1114 eo
2807 1061 2962 1132 quod
2987 1062 3241 1132 simplex
3279 1063 3357 1118 sit
3378 1065 3611 1124 elocutio
3645 1075 3694 1126 et
3709 1073 3769 1128 ad

2153 1143 2525 1200 Ezechielem
2543 1145 2687 1201 dicit
2703 1148 2990 1205 Dominus
3008 1165 3021 1205 :
3047 1149 3171 1205 Fili
3181 1151 3456 1224 hominis,
3473 1156 3679 1212 mittam
3691 1175 3778 1232 ego

2155 1240 2214 1287 te
2233 1234 2308 1288 ad
2324 1233 2568 1290 Domum
2591 1235 2806 1307 Israel,
2830 1239 2906 1293 ad
2927 1253 3026 1294 eos
3061 1241 3160 1312 qui
3175 1255 3272 1296 me
3308 1244 3588 1300 exacerba
3598 1256 3772 1305 verunt

2145 1323 2284 1395 ipsi,
2306 1334 2364 1378 et
2379 1331 2592 1395 patres
2613 1341 2812 1380 eorum
2837 1343 3018 1400 usque
3034 1330 3096 1384 in
3109 1329 3475 1399 hodiernum,
3492 1339 3548 1389 et
3558 1334 3774 1394 dicesad

2148 1426 2280 1466 eos:
2315 1410 2456 1467 Hzec
2484 1412 2634 1468 dicit
2662 1413 2964 1482 Dominus,
2994 1417 3051 1474 si
3079 1417 3240 1474 forte
3270 1419 3507 1476 audient
3535 1429 3590 1478 et
3617 1429 3774 1483 terre-

2145 1499 2367 1555 buntur
2397 1501 2648 1571 (Ezecli.
2682 1521 2743 1573 ιι,
2775 1503 2924 1574 3-5).
2957 1505 3278 1563 Nesciebat
3309 1525 3452 1582 ergo
3496 1527 3596 1567 eos
3621 1529 3775 1584 posse

2144 1593 2242 1644 aut
2269 1605 2388 1646 non
2417 1607 2600 1662 posse
2651 1595 2965 1649 converti?
2996 1595 3129 1650 Non
3175 1612 3325 1670 ergo
3357 1614 3584 1671 semper
3627 1603 3777 1658 dubi-

2145 1679 2322 1734 tantis
2354 1679 2465 1734 ista
2497 1684 2588 1736 est
2619 1681 2892 1739 elocutio.

2213 1786 2303 1842 3:2.
2329 1787 2594 1871 Denique
2613 1788 2728 1859 ipsi
2749 1791 3050 1860 sapientes
3064 1793 3642 1867 saeculi,quiomnem
3673 1798 3780 1871 glo.

2142 1876 2292 1931 riam
2309 1867 2464 1933 424
2485 1893 2653 1933 suam
2667 1882 2934 1948 statuunt
2955 1881 3013 1936 in
3037 1885 3431 1953 expressione
3471 1867 3782 1944 verborum.

2121 1966 2300 2047 .quod
2330 1966 2533 2022 Latine
2553 1966 2712 2024 forte
2737 1968 3006 2040 dicimus,
3039 1972 3246 2027 Graece
3269 1972 3417 2044 τάχα
3440 1989 3555 2029 non
3583 1975 3780 2048 ubique

2141 2072 2249 2128 pro
2306 2056 2669 2113 dubitatione
2723 2063 3096 2148 posuerunt.
3119 2061 3300 2118 Aiunt
3344 2063 3536 2143 itaque
3580 2062 3782 2119 dixisse

2142 2146 2398 2218 primum
2463 2161 2709 2202 suorum
2774 2151 3006 2218 poetam
3078 2145 3134 2220 ῌ
3194 2149 3342 2222 τάχα
3403 2152 3543 2224 χὴρα
3602 2145 3780 2225 inopi,

2140 2235 2299 2308 quod
2363 2240 2456 2292 est
2503 2252 2516 2293 :
2591 2236 2723 2292 Cito
2756 2237 2927 2292 viduc
2959 2254 3080 2293 ero.
3118 2238 3186 2293 Et
3215 2240 3394 2295 alibi:
3440 2241 3591 2312 Τάχα
3627 2242 3783 2314 γὰρσι

2137 2321 2565 2378 κατακτανέουσιν
2627 2324 2844 2396 ’Λχαιοί
2898 2325 3085 2387 Πάντες
3144 2326 3489 2402 ἑφρμηοέντες
3549 2329 3786 2398 (Homer.

2137 2413 2240 2468 lib.
2275 2431 2335 2468 iu
2367 2413 2582 2484 lliad.).
2616 2414 2750 2470 Non
2778 2416 2936 2470 enim
2987 2405 3281 2473 dubitaret
3327 2419 3386 2474 in
3429 2419 3692 2474 omnibus
3718 2419 3790 2494 si;

2138 2503 2256 2558 mul
2289 2503 2760 2577 insurgentibus,
2794 2520 2976 2562 unum
2999 2505 3171 2562 facile
3199 2507 3274 2562 ab
3309 2508 3608 2564 universis
3626 2523 3788 2580 posse

2136 2592 2454 2663 prosterni.

2205 2698 2294 2754 33.
2319 2698 2434 2754 Sed
2478 2714 2590 2754 nos
2611 2701 2836 2756 nostris
2880 2701 3070 2774 magis
3101 2717 3275 2773 quam
3308 2703 3524 2758 alienis
3561 2707 3788 2760 utamur.

2136 2788 2402 2860 Denique
2423 2787 2610 2844 habes
2628 2789 2687 2844 in
2711 2789 3034 2864 Evangelia
3052 2792 3188 2862 quia
3205 2791 3339 2862 ipse
3382 2792 3569 2848 Filius
3597 2793 3665 2848 de
3693 2793 3788 2847 Pa-

2135 2881 2223 2932 tre
2253 2877 2334 2932 ait
2377 2878 2535 2944 (cum
2583 2877 2854 2933 misisset
2898 2894 3111 2934 servos
3144 2881 3218 2934 ad
3262 2883 3498 2937 vineam
3535 2897 3713 2950 suam,
3741 2883 3789 2934 et

2133 2965 2541 3037 occidissent),
2555 2966 2632 3036 (8)
2646 2966 2874 3022 dixisse
2895 2968 3124 3024 Patrem
3137 2969 3378 3024 Mittam
3393 2967 3612 3024 Filium
3621 2983 3788 3026 meum

2135 3054 2839 3121 dilectisimumesitan
2853 3057 3041 3128 ipsum
3063 3058 3437 3114 verebuntur
3454 3057 3790 3128 (Matthxxi

2170 3145 2246 3215 'i).
2281 3144 2351 3199 Et
2377 3143 2517 3198 alibi
2547 3159 2622 3199 ex
2651 3160 2760 3200 sua
2803 3161 3060 3216 persona
3090 3146 3278 3204 Filius
3328 3149 3442 3204 ait:
3479 3147 3682 3220 Neque
3704 3161 3784 3201 me

2002 3240 2014 3265 ’
2049 3227 2104 3292 Ο
2134 3235 2328 3304 scitis,
2362 3249 2550 3306 neque
2577 3233 2823 3290 Patrem
2854 3251 3062 3290 meum.
3113 3235 3184 3291 Si
3215 3237 3378 3291 enim
3409 3253 3503 3293 me
3546 3236 3788 3301 sciretis,

2131 3323 2378 3378 Patrem
2409 3339 2598 3378 meum
2629 3322 2886 3378 forsitan
2919 3325 3168 3380 sciretis
3193 3325 3394 3395 (Joan.
3441 3343 3562 3396 vm,
3594 3323 3698 3394 19).

2201 3429 2290 3484 34.
2322 3429 2383 3485 Si
2413 3445 2559 3502 ergo
2589 3429 2684 3484 his
2733 3429 2936 3485 verbis
2967 3446 3116 3485 usus
3169 3436 3264 3486 est
3297 3433 3538 3501 Petrus,
3592 3429 3790 3503 quibus

2131 3519 2291 3576 Deus
2324 3535 2472 3574 usus
2521 3518 2772 3574 estsine
2825 3517 3173 3590 praejudicio
3217 3521 3498 3576 scientia
3547 3536 3672 3576 sum
3701 3519 3787 3589 (9),

2131 3625 2239 3664 cur
2267 3624 2385 3664 non
2412 3608 2776 3678 accipiamus
2809 3611 2866 3662 et
2907 3607 3141 3662 Petrum
3175 3609 3273 3664 his
3307 3625 3490 3666 usum
3517 3607 3791 3666 sermoni-

2127 3698 2243 3753 bus
2265 3699 2394 3753 sine
2412 3713 2538 3752 suae
2562 3696 2698 3752 fidei
2721 3695 3070 3768 praejudicio
3091 3700 3120 3751 ἴ)
3148 3697 3362 3770 Neque
3386 3699 3546 3755 enim
3585 3699 3792 3770 poterat

2129 3787 2397 3842 dubitare
2428 3786 2500 3840 de
2530 3785 2753 3841 Christi
2783 3801 3045 3854 munere,
3079 3787 3178 3857 qui
3210 3789 3332 3842 sibi
3383 3788 3790 3844 solvendorum

2127 3879 2504 3948 peceatorum
2548 3874 2789 3930 dederat
2832 3878 3181 3945 potestatem
3225 3865 3476 3945 (Metili.
3527 3893 3649 3946 xw,
3677 3873 3790 3942 l9);

2127 3948 2457 4036 praesertim
2492 3979 2624 4018 eum
2672 3963 2954 4018 versutiis
3009 3965 3436 4020 haereticorum
3467 3965 3659 4020 locum
3689 3974 3791 4016 non

2126 4054 2368 4110 deberet
2401 4052 2757 4124 relinquere,
2781 4053 2881 4124 qui
2902 4054 3035 4108 ideo
3067 4053 3275 4108 nolunt
3305 4069 3481 4125 spem
3515 4053 3792 4109 hominum

2125 4144 2446 4199 destituere
2475 4142 2610 4211 (10),
2644 4145 2706 4196 ut
2737 4141 2982 4196 iterandi
3013 4139 3394 4213 baptismatis
3415 4143 3572 4214 apud
3601 4141 3793 4211 despe-

2124 4237 2326 4288 rantes
2359 4231 2595 4286 facilius
2627 4231 2907 4286 inducant
2938 4231 3422 4302 persuasionem.

2194 4339 2282 4394 35.
2303 4339 2417 4396 Sed
2441 4337 2712 4410 apostoli,
2739 4338 2850 4392 hoc
2873 4334 3180 4408 habentes,
3207 4339 3550 4396 secundum
3587 4333 3788 4392 Christi

2125 4428 2532 4501 magisterium
2549 4427 2945 4498 paenitentiam
2961 4427 3288 4482 docurrunt
3312 4445 3326 4497 ;
3361 4419 3793 4500 spoponderunt

2124 4519 2378 4588 veniam,
2409 4517 2644 4588 culpam
2674 4515 3108 4585 relaxaverunt,
3165 4518 3326 4572 sicut
3359 4521 3418 4573 et
3463 4515 3659 4572 docuit
3685 4513 3788 4567 Da-

2123 4609 2222 4664 vid
2244 4608 2484 4662 dicens:
2521 4605 2697 4660 Beati
2719 4621 2960 4677 quorum
2979 4606 3252 4660 remissze
3266 4611 3412 4661 sunt
3441 4603 3788 4678 iniquitates,

2125 4705 2183 4754 ct
2215 4713 2455 4771 quorum
2488 4701 2642 4749 tecta
2672 4697 2810 4748 sunt
2857 4701 3122 4765 peccata.
3159 4694 3392 4750 Beatus
3449 4695 3546 4748 vir
3574 4692 3665 4747 cui
3689 4705 3788 4744 non

2121 4785 2434 4859 imputavit
2482 4783 2765 4839 Dominus
2799 4790 3103 4856 peccatum
3149 4784 3266 4852 (tt)
3317 4781 3517 4854 (Psal.
3550 4796 3707 4850 xxxi,
3739 4773 3782 4848 1,

2098 4926 2102 4930 ’
2193 4929 2270 5000 (9)
2329 4929 2530 5010 Edit,
2559 4925 2909 5010 pray'udicio
2963 4928 3284 4983 sententiw
3350 4943 3518 4991 suae;
3567 4919 3785 4997 quidam

2123 5017 2294 5068 mss.,
2329 5006 2713 5056 conscientia:
2741 5015 2882 5053 suae.

2191 5065 2302 5141 (10)
2337 5071 2482 5126 Mss.
2518 5071 2740 5142 aliquot
2768 5071 3022 5142 antiquae
3056 5085 3288 5138 manus,
3319 5085 3487 5141 spem
3506 5065 3781 5123 hominum

2121 5144 2460 5200 destruere.

2191 5216 2304 5286 (tt)
2335 5213 2613 5268 Davidica
2652 5212 2780 5286 haec
2812 5208 3020 5286 verba,
3043 5211 3226 5267 semel
3261 5227 3335 5266 ac
3372 5211 3787 5286 iteruursupfr

2119 5276 2464 5341 riore'tomo
2516 5285 2784 5354 exposita
2832 5283 3092 5352 reperire
3125 5287 3235 5347 cst,
3291 5276 3782 5354 scilicet_lib.D_e

2118 5357 2247 5412 Noe
2281 5365 2334 5412 et
2385 5359 2566 5427 Area,
2593 5344 2742 5426 'cap.
2791 5344 3089 5420 3l,'num.
3123 5356 3159 5427 _t
3182 5344 3264 5418 Π,
3317 5360 3374 5427 et
3405 5351 3578 5427 Apol.
3605 5344 3784 5406 David

2119 5445 2246 5500 cap.
2303 5429 2356 5495 9,
2389 5423 2560 5482 num.
2597 5423 2705 5494 49;
2745 5427 2964 5500 quibus
3006 5427 3074 5500 in
3114 5423 3294 5500 locis
3329 5423 3782 5500 baptismumac

2117 5494 2524 5572 painitentiam
2557 5514 2589 5552 a
2637 5494 2920 5572 propheta
2953 5497 3297 5572 signiﬁcari
3353 5494 3528 5572 docet
3555 5494 3779 5572 sanctus

2117 5559 2342 5627 doctor.
2376 5574 2450 5625 At
2481 5569 2539 5624 in
2573 5559 2838 5640 secundo
2871 5559 3178 5640 indig'nurn
3206 5583 3332 5622 non
3367 5571 3462 5640 est
3508 5563 3660 5640 quod
3688 5559 3780 5621 οδε

2116 5646 2392 5700 servetur
2421 5640 2494 5696 ab
2527 5639 2844 5713 Ambrosio
2891 5636 3044 5696 inte'r
3089 5653 3266 5713 opera
3301 5636 3544 5712 quibus
3566 5636 3778 5713 crimen

2115 5730 2291 5773 suum
2326 5713 2512 5772 David
2541 5712 2772 5782 texerit,
2807 5713 2979 5770 etiam
3012 5727 3078 5768 ea
3099 5703 3231 5787 q'uie
3254 5703 3494 5786 lapsum
3523 5703 3777 5786 ejusdem
