4024 6176
136 4068 149 4127 3

154 3768 165 3821 Ι

283 360 370 457 529

1478 369 1591 436 DE
1619 369 2169 437 PCENITENTIA
2195 369 2355 435 LIB.
2389 367 2449 434 II

3588 364 3711 435 530

325 578 403 637 ll.
436 578 610 643 Vides
642 578 783 651 quid
814 594 845 632 a
875 580 930 633 te
962 577 1163 649 exigat
1197 576 1357 631 Deus
1396 577 1561 643 tuus,
1609 575 1674 628 ut
1705 583 1913 637 nemor
1934 555 1992 623 Ᾱ
2024 571 2076 644 1,
2107 574 2184 643 2).
2219 573 2290 628 Et
2317 572 2574 645 adjecit:
2628 572 2696 628 In
2726 573 2825 629 liis
2865 588 3010 646 ergo
3046 572 3178 639 ﬂeo,
3219 571 3379 629 oculi
3406 587 3524 628 me:
3560 571 3709 627 cali-

262 672 338 726 sis
364 669 491 742 ejus
534 683 705 740 quam
755 666 1035 737 accepisti
1088 665 1315 738 gratiae,
1365 667 1588 741 etnon
1628 661 1910 734 glorieris

261 759 415 831 quasi
445 774 559 812 non
589 757 915 827 acceperis.
949 755 1130 809 Vides
1164 770 1279 825 qua
1324 752 1703 807 remissionis
1734 750 1913 821 polli-

260 849 515 903 citatione
546 850 599 901 te
623 849 903 917 provocet
933 843 1004 898 ad
1029 842 1426 898 confitendum
1453 857 1465 895 :
1498 841 1633 895 vide
1658 855 1730 894 ne
1763 839 1913 894 relu-

258 937 451 991 ctando
482 934 770 989 mandatis
818 932 1185 994 coelestibus.
1231 931 1289 985 in
1333 930 1771 984 indevotionem
1803 928 1910 982 Ju-

255 1026 504 1081 datorum
532 1024 781 1092 incidas,
808 1023 1027 1094 quibus
1052 1021 1193 1075 dicit
1218 1019 1504 1074 Dominus
1523 1018 1704 1073 Jesus
1727 1033 1737 1071 :
1769 1016 1913 1071 Can-

255 1121 305 1169 ta
316 1115 497 1168 vimus
517 1112 703 1181 vobis,
726 1118 783 1167 et
797 1108 1194 1166 nonsaltastis
1209 1128 1225 1162 .·
1240 1106 1494 1163 lamenta
1509 1106 1712 1176 vimus,
1731 1112 1915 1160 etnon

247 1202 524 1278 plorastis
552 1202 717 1272 (Luc.
753 1218 853 1269 vn,
885 1200 1002 1269 32).

314 1292 396 1347 4‘2.
436 1290 609 1345 Villis
659 1305 879 1360 sermo,
930 1289 1035 1341 sed
1086 1304 1204 1343 non
1252 1286 1367 1340 vile
1417 1284 1784 1357 mysterium.
1841 1282 1913 1336 Et

250 1381 372 1436 ideo
404 1379 729 1435 cavendum
764 1394 834 1432 ne
868 1378 1022 1449 quis,
1059 1376 1297 1451 vulgari
1328 1375 1579 1446 quadam
1612 1372 1911 1427 sermonis

252 1470 421 1541 hujus
453 1469 740 1539 deceptus
772 1467 1273 1536 interpretatione,
1310 1467 1472 1535 putet
1523 1462 1698 1517 nobis
1730 1461 1914 1515 salta-

249 1558 415 1613 tionis
455 1557 704 1612 lubricae
748 1557 860 1625 (15)
902 1554 1289 1609 histrionicos
1343 1555 1561 1621 motus,
1610 1554 1666 1605 et
1714 1566 1915 1604 scena)

176 1636 179 1683 Ῑ
251 1647 624 1703 deliramenta
657 1645 964 1713 mandari;
1013 1644 1141 1698 haec
1172 1643 1345 1697 etiam
1380 1642 1436 1695 in
1471 1638 1917 1694 adolescentula

251 1739 411 1791 aetate
442 1735 664 1789 vitiosa
692 1736 868 1788 sunt:
900 1733 1006 1787 sed
1030 1731 1398 1785 saltationem
1424 1728 1716 1798 mandavi,
1737 1743 1914 1798 quam

250 1824 474 1879 saltavit
526 1824 712 1878 David
765 1827 897 1876 ante
944 1838 1139 1875 arcam
1193 1820 1443 1874 Domini.
1499 1818 1709 1873 Totum
1760 1816 1916 1871 enim

2021 669 2320 735 gaverunt
2342 679 2374 718 a
2411 662 2577 733 lletu,
2605 679 2737 735 quia
2776 661 3080 734 elongavit
3119 679 3151 717 a
3185 678 3298 731 me,
3326 679 3425 735 qu:
3444 676 3538 716 me
3560 678 3711 717 con-

2023 751 2332 808 solabatur
2360 751 2537 822 (Ibid.
2572 752 2683 822 17).
2720 751 3103 806 Advertimus
3153 752 3310 823 quod
3364 751 3523 805 hunc
3572 766 3710 804 ma-

2025 842 2216 897 lorum
2277 857 2522 896 suorum
2570 842 3041 897 acerbissimum.
3086 840 3501 909 arbitrabatur,
3564 840 3708 911 quia

2022 931 2224 985 deerat
2252 930 2352 1002 qui
2384 930 2796 987 consolaretur
2826 933 3192 985 mmrentem.
3217 928 3523 994 Quomodo
3553 944 3701 1000 ergo

2021 1036 2131 1074 vos
2162 1020 2351 1090 ipsam
2393 1019 2859 1075 consolationem
2902 1018 3172 1088 aufertis,
3206 1017 3307 1089 qui
3339 1032 3509 1089 spem
3552 1017 3704 1072 rela-

2024 1110 2237 1164 xandae
2270 1109 2504 1181 negatis
2543 1108 2950 1179 pcenitentiaa?

2094 1198 2182 1253 46.
2216 1198 2333 1253 Sed
2362 1198 2601 1253 audiant
2629 1197 2731 1269 qui
2750 1200 2935 1269 agunt
2954 1196 3379 1269 pwnitentiam,
3405 1195 3701 1267 quomodo

2023 1303 2201 1360 agere
2233 1287 2502 1354 debeant,
2538 1301 2655 1358 quo
2688 1287 2907 1355 studio,
2941 1303 3058 1358 quo
3079 1285 3313 1356 affectu,
3336 1300 3450 1357 qua
3483 1285 3699 1339 mentis

2024 1377 2367 1447 intentione,
2401 1393 2514 1448 qua
2549 1376 2888 1431 intimorum
2932 1375 3329 1430 concussione
3374 1374 3697 1442 viscerum,

2022 1483 2136 1539 qua
2177 1467 2376 1521 cordis
2436 1466 2867 1521 conversione:
2946 1464 3111 1535 Vide,
3160 1464 3370 1536 inquit,
3430 1463 3705 1530 Domine,

2024 1556 2157 1627 quia
2193 1555 2468 1618 tribulor,
2497 1561 2711 1611 venter
2729 1570 2899 1611 meus
2922 1553 3200 1610 turbatus
3222 1560 3315 1609 est
3336 1570 3368 1607 θ
3384 1552 3531 1608 ﬂetu
3553 1567 3704 1610 meo:

2024 1660 2378 1701 conversum
2411 1650 2503 1699 est
2536 1660 2642 1700 cor
2669 1659 2859 1699 meum
2889 1644 2951 1696 in
2980 1658 3072 1697 me
3105 1642 3282 1711 (Ibid.
3317 1643 3428 1709 20).

2096 1734 2185 1789 47.
2219 1733 2571 1806 Cognovisti
2621 1732 3005 1788 intentionem
3037 1731 3237 1801 animi,
3280 1732 3455 1785 fidem
3484 1731 3707 1785 mentis

2026 1839 2349 1895 cognosce,
2383 1827 2439 1878 et
2480 1823 2744 1877 habitum
2786 1821 3079 1892 corporis.
3127 1820 3451 1884 Sederunt,
3486 1819 3699 1891 inquit,

248 1914 426 1982 decet,
462 1912 754 1985 quidquid
803 1911 1065 1966 defertur
1094 1907 1369 1979 religioni
1395 1923 1410 1975 ;
1460 1909 1522 1962 ut
1551 1906 1777 1961 nullum
1823 1904 1921 1959 01)-
1948 1936 2003 2021 Β
2026 1914 2089 1968 in
2123 1919 2311 1981 terra,
2349 1917 2661 1967 tacuerunt
2691 1912 2970 1966 seniores
2987 1909 3125 1965 tiliae
3143 1910 3307 1974 Sion,
3336 1914 3395 1963 et
3424 1910 3709 1981 imposue-

258 2003 449 2021 --_a,,,'__
473 2019 506 2021 __
557 2017 661 2021 __--
690 2001 705 2021 1
741 2000 1004 2021 ..ΑΑΠΔ2ηι
1040 1999 1104 2021 -.ι
1145 1998 1357 2021 -.-ΙΙ--..ιι
1395 1998 1444 2021 At
1483 1994 1914 2021 ΑιιηΑ-.-.ιι-ιιῖηηι
1952 2014 1959 2021 ι
2054 2020 2059 2021 ,
2126 2009 2167 2021 ,Α
2207 2008 2254 2021 ΔΑ
2286 2018 2424 2021 μ.--ῇ-
2487 2016 2659 2021 xu..-“
2709 2005 2869 2021 --_._-l
2916 2016 3071 2021 ___-__--
3099 2018 3109 2021 _
3164 1999 3606 2021 _.--._.-.’_.._------..4
3646 2013 3705 2021 ρ-

250 2003 517 2074 sequium
548 2001 708 2073 quod
741 2000 1008 2071 proliciat
1037 1999 1108 2052 ad
1142 1998 1362 2052 cultum
1392 1998 1448 2051 et
1479 1994 1919 2050 observantiam
1948 1994 1996 2023 Π
2026 2009 2167 2057 runt
2203 2008 2427 2057 terram
2477 2016 2661 2075 super
2699 2005 2869 2072 caput
2908 2016 3110 2065 suum;
3154 1999 3607 2071 ρῃωοίῃχθιοιιηε
3639 2013 3706 2051 se

188 2168 193 2173 Ι
249 2090 481 2159 Christi,
518 2090 973 2145 erubescamus.

294 2180 399 2235 ΑΒ.
431 2180 572 2234 Non
614 2194 758 2250 ergo
809 2178 906 2231 illa
959 2176 1302 2230 deliciarum
1347 2187 1570 2245 comes,
1616 2175 1790 2244 atque
1834 2172 1921 2226 lu-

250 2269 429 2322 xuriae
475 2267 843 2340 praedicatur
891 2266 1142 2331 saltatio,
1189 2264 1295 2319 sed
1343 2280 1456 2335 qua
1500 2261 1918 2334 unusquisque

250 2373 459 2428 corpus
492 2356 723 2412 attollat
769 2356 1106 2427 impigrum,
1142 2370 1250 2408 nec
1295 2352 1459 2407 humi
1503 2352 1672 2424 pigra
1718 2350 1921 2421 jacere

249 2445 507 2501 membra
542 2445 641 2503 vel
674 2444 857 2499 tardis
889 2444 1044 2497 sinat
1072 2447 1308 2513 torpere
1338 2441 1638 2514 vestigiis.
1663 2438 1925 2494 Saltabat

250 2535 597 2606 spiritaliter
625 2534 865 2599 Paulus,
912 2549 1043 2587 cum
1087 2547 1153 2586 se
1183 2547 1291 2602 pro
1338 2530 1512 2585 nobis
1555 2529 1920 2597 extenderet,

249 2628 302 2678 et
329 2624 669 2695 posteriora
702 2622 1088 2689 obliviscens,
1122 2620 1319 2690 priora
1351 2621 1657 2690 appetens,
1693 2620 1928 2672 conten-

249 2712 407 2769 deret
435 2714 510 2768 ad
544 2712 819 2767 bravium
869 2710 1110 2765 Christi.
1144 2710 1231 2765 Tu
1277 2725 1514 2781 quoque
1547 2723 1681 2763 cum
1721 2707 1793 2761 ad
1825 2706 1926 2760 ba-

251 2804 527 2872 ptismum
563 2801 755 2870 venis,
791 2816 1002 2855 manus
1052 2800 1306 2862 elevare,
1359 2798 1543 2868 pedes
1584 2795 1802 2869 quibus
1852 2795 1925 2849 ad

252 2895 465 2947 eterna
534 2889 935 2956 conscendas,
997 2887 1327 2941 velociores
1387 2886 1607 2941 habere
1658 2884 1925 2939 moneris

249 2980 532 3053 (Philipp.
575 2997 662 3049 ιιι,
694 2978 781 3048 13,
812 2978 920 3049 14).
960 2977 1104 3031 Haec
1134 2975 1364 3031 saltatio
1397 2974 1531 3029 ﬁdei
1565 2973 1749 3043 socia,
1784 2988 1927 3045 gra-

255 3070 345 3125 tias
376 3085 612 3125 comes.

318 3159 405 3214 14.
439 3159 578 3213 Hoc
608 3160 700 3211 est
721 3173 867 3229 ergo
899 3155 1244 3227 mysterium
1271 3170 1282 3208 :
1321 3152 1706 3209 Cantavimus
1734 3150 1923 3217 vobis,

253 3247 399 3303 Novi
432 3248 644 3318 utique
677 3245 965 3301 canticum
985 3242 1345 3298 Testamenti
1373 3258 1384 3297 :
1422 3247 1481 3298 et
1502 3257 1611 3297 non
1633 3239 1925 3305 saltastis,

250 3338 358 3393 hoc
390 3340 504 3407 est,
542 3351 665 3390 non
696 3335 979 3389 elevastis
1010 3333 1263 3387 animam
1307 3331 1379 3385 ad
1429 3329 1757 3402 Spiritalem
1788 3329 1981 3402 ενδ-ξ

250 3427 403 3481 tiam.
442 3424 951 3491 Lamentavimus,
975 3427 1033 3477 et
1064 3438 1176 3476 non
1200 3420 1511 3493 plorastis,
1532 3419 1645 3474 hoc
1676 3422 1785 3488 est,
1813 3434 1931 3473 non

253 3516 461 3588 egistis
492 3513 922 3586 paenitentiam.
960 3512 1030 3567 Et
1060 3511 1193 3566 ideo
1225 3509 1545 3565 derelictus
1577 3512 1670 3564 est
1702 3508 1933 3563 Judan-

256 3621 379 3660 rum
411 3604 699 3676 populus,
734 3602 867 3674 quia
884 3618 992 3656 nec
1023 3602 1144 3673 egit
1166 3598 1583 3671 paenitentiam,
1609 3600 1667 3653 et
1683 3597 1931 3670 gratiam

257 3694 531 3750 relutavit
563 3692 697 3763 (16).
731 3691 846 3746 Per
875 3692 1162 3746 Joannem
1204 3687 1563 3759 pmnit‘entia,
1606 3702 1715 3758 per
1756 3685 1931 3740 Chri-

256 3786 403 3838 stum
456 3782 678 3856 gratia.
726 3781 904 3835 Istam
958 3778 1130 3849 quasi
1180 3777 1464 3831 Dominus
1524 3776 1720 3843 donat,
1774 3773 1933 3829 illam

256 3872 421 3943 quasi
453 3885 681 3926 servus
710 3870 1033 3923 annuntiat.
1070 3867 1394 3938 Utrumque
1442 3865 1625 3937 igitur
1663 3862 1934 3918 Ecclesia

261 3961 540 4029 custodit,
576 3961 639 4013 ut
669 3961 726 4013 et
772 3960 1176 4028 consequatur
1202 3956 1471 4027 gratiam,
1508 3957 1565 4008 et
1613 3964 1732 4009 non
1776 3950 1934 4023 abji-

259 4049 371 4104 ciat
416 4047 863 4121 paenitentiam;
917 4047 1104 4117 gratia
1152 4045 1308 4100 enim
1367 4059 1581 4099 munus
1624 4040 1934 4115 largientis

261 4142 368 4208 est,
402 4136 815 4210 paenitentiam
844 4135 1242 4206 delinquentis
1276 4133 1621 4188 remedium.

330 4229 418 4282 45.
453 4226 649 4283 Scivit
678 4225 968 4280 'Jeremias
999 4240 1279 4296 maguum
1309 4223 1634 4278 remedium
1656 4236 1795 4276 esse
1816 4237 1938 4292 pm-

265 4316 549 4385 nitentiae,
583 4330 762 4387 quam
792 4314 851 4368 in
883 4313 1138 4368 Thrcnis
1161 4313 1292 4367 suis
1316 4311 1584 4381 suscepit
1619 4325 1727 4381 pro
1761 4310 1939 4365 Jeru-

271 4407 475 4477 salem,
512 4409 575 4463 et
604 4404 795 4475 ipsam
832 4404 1056 4457 inducit
1098 4404 1372 4476 agentem
1420 4399 1750 4455 Jerusalem
1788 4389 1938 4454 427

265 4495 469 4552 dicens
494 4511 509 4550 :
548 4494 808 4549 Plorans
830 4492 1001 4565 plora
1014 4492 1095 4545 vit
1125 4492 1186 4545 in
1216 4495 1403 4555 nocte,
1432 4496 1490 4543 et
1509 4489 1788 4562 lacrymae
1812 4487 1941 4560 ejus

265 4585 324 4639 in
360 4583 635 4640 maxillis
667 4582 815 4654 ejus,
840 4597 946 4635 nec
979 4586 1070 4635 est
1101 4580 1199 4652 qui
1215 4578 1552 4634 consoletur
1574 4594 1699 4633 eam
1720 4576 1795 4632 ab
1818 4592 1940 4631 om-

2025 2092 2242 2156 eilicio,
2279 2091 2658 2147 deduxerunt
2698 2090 2760 2144 in
2800 2096 3025 2144 terram
3059 2088 3390 2161 principes,
3432 2087 3705 2158 virgines

2026 2181 2360 2237 Jerusalem
2384 2176 2738 2234 defecerunt
2758 2179 2820 2233 in
2844 2176 3149 2250 laerymis,
3174 2175 3328 2231 oeuli
3344 2176 3463 2230 mei
3484 2175 3707 2247 caliga-

2037 2275 2271 2338 verunt,
2308 2266 2584 2323 turbatus
2628 2273 2721 2323 est
2776 2272 2989 2322 venter
3033 2282 3217 2332 meus,
3275 2263 3464 2320 eﬂ'usa
3502 2269 3595 2320 est
3641 2264 3703 2318 in

2013 2365 2197 2414 terra
2226 2357 2419 2430 gloria
2447 2373 2578 2412 mea
2608 2356 2858 2426 (Tbren.
2894 2372 2955 2424 ιι,
2991 2354 3078 2424 10,
3114 2354 3225 2425 11).

2099 2448 2188 2503 48.
2223 2446 2322 2501 Sic
2353 2446 2514 2500 flevit
2546 2448 2602 2501 et
2632 2444 2847 2499 Ninive
2894 2443 3171 2514 populus,
3206 2445 3265 2498 et
3294 2443 3699 2498 denuntiatum

2031 2536 2326 2592 excidium
2348 2535 2603 2590 civitatis
2621 2534 2811 2589 evasit
2831 2533 3039 2605 (Jonas.
3074 2549 3155 2601 ιιι,
3189 2532 3387 2601 5-10);
3418 2534 3577 2585 tanta
3610 2533 3705 2586 est

2033 2627 2188 2680 enim
2206 2624 2566 2697 paenitentiae
2588 2623 2899 2692 medicina,
2914 2625 2978 2677 ut
3000 2623 3222 2677 mutare
3240 2622 3511 2676 videatur
3532 2637 3702 2676 suam

2034 2716 2195 2771 Deus
2228 2714 2598 2770 sententiam.
2633 2713 2699 2768 In
2747 2715 2803 2767 te
2847 2715 2942 2768 est
2992 2711 3175 2783 igitur
3204 2714 3265 2766 ut
3292 2710 3546 2765 evadas:
3578 2710 3707 2765 vult

2036 2805 2236 2877 rogari
2266 2802 2572 2873 Dominus,
2608 2802 2731 2857 vult
2762 2802 2833 2857 de
2863 2817 2930 2856 se
2971 2802 3219 2871 sperari,
3252 2800 3378 2854 vult
3409 2798 3527 2854 sibi
3558 2814 3704 2869 sup-

2037 2893 2264 2965 plicari.
2289 2893 2480 2948 Homo
2509 2908 2597 2963 es,
2623 2895 2679 2946 et
2700 2890 2793 2946 vis
2811 2890 3034 2963 rogari,
3055 2892 3116 2944 ut
3140 2889 3448 2961 ignoscas,
3463 2890 3519 2943 et
3530 2890 3704 2958 putas

2040 2983 2227 3039 Deum
2255 2981 2360 3036 tibi
2390 2996 2509 3036 non
2539 2980 2773 3052 roganti
2802 2979 3120 3052 ignoscere
3142 2980 3170 3032 ‘?

2109 3072 2197 3127 49.
2247 3072 2381 3142 Ipse
2434 3070 2719 3125 Dominus
2773 3068 3106 3124 Jerusalem
3164 3067 3325 3121 ﬂevit
3369 3067 3532 3135 (Luc.
3583 3083 3708 3134 xix,

2038 3162 2152 3232 4t),
2197 3164 2260 3215 ut
2298 3159 2437 3232 quia
2484 3159 2614 3229 ipsa
2655 3158 2799 3212 fiere
2847 3157 3101 3225 nolebat,
3147 3155 3381 3210 Domini
3428 3154 3708 3224 laerymis

2041 3251 2112 3305 ad
2143 3250 2374 3305 veniam
2406 3247 2726 3319 pertineret
2764 3246 2896 3315 (18).
2948 3246 3083 3315 Ipse
3130 3259 3242 3299 nos
3291 3244 3430 3297 ﬂere
3474 3242 3619 3306 vult,
3649 3245 3715 3296 ut

2043 3340 2294 3395 evadere
2317 3336 2642 3408 possimus,
2669 3336 2823 3390 sicut
2844 3334 3031 3389 habes
3051 3334 3338 3403 scriptum
3355 3332 3412 3386 in
3433 3330 3715 3404 Evange-

2041 3429 2151 3484 lio:
2177 3427 2351 3483 ῙσίΙίω
2373 3424 2727 3497 Jerusalem,
2752 3424 2935 3480 nolite
2964 3439 3055 3478 me
3089 3422 3259 3493 ﬂere,
3294 3422 3403 3478 sed
3431 3437 3531 3476 vos
3550 3422 3716 3494 ipsas

2042 3518 2183 3573 [lete
2212 3517 2376 3589 (Luc.
2401 3532 2569 3585 χχιιι,
2603 3515 2717 3585 28).

2113 3607 2201 3662 50.
2226 3605 2415 3661 Flevit
2433 3604 2635 3673 David,
2662 3607 2719 3658 et
2740 3602 2951 3658 meruit
2981 3605 3043 3656 ut
3065 3603 3312 3657 mortem
3340 3600 3540 3672 populi
3573 3613 3715 3670 per-

2045 3696 2240 3751 euntis
2262 3695 2458 3749 divina
2476 3694 2810 3748 removeret
2836 3690 3247 3746 misericordia
3273 3690 3361 3749 (II
3378 3690 3525 3760 Reg.
3549 3704 3715 3757 xxiv,

2048 3786 2169 3856 l'l);
2217 3783 2451 3856 quando
2491 3782 2683 3837 tribus
2716 3782 2834 3837 sibi
2861 3781 3153 3852 popositis
3196 3779 3554 3850 optionibus,
3588 3793 3716 3833 eam

2045 3878 2241 3929 tamen
2272 3874 2332 3927 in
2362 3888 2477 3944 qua
2505 3871 2793 3943 majorem
2823 3870 3056 3925 Domini
3075 3869 3518 3924 miserationem
3539 3881 3721 3937 expe-

2047 3964 2264 4018 riretur
2297 3962 2477 4034 elegit
2520 3960 2701 4028 (Ibid.
2752 3960 2860 4029 t4).
2911 3958 3063 4024 Quid
3110 3957 3422 4013 erubescis
3469 3958 3533 4011 tu
3575 3970 3718 4027 pec-

2049 4058 2176 4109 cata
2206 4055 2305 4107 tua
2336 4052 2516 4121 flere;
2548 4066 2681 4104 cum
2711 4049 2871 4104 Deus
2902 4047 3075 4102 etiam
3110 4044 3431 4118 prophetas
3464 4044 3723 4118 jusserit

2050 4143 2191 4198 ﬂere
2223 4156 2331 4214 pro
2369 4139 2653 4212 pepulis?

2121 4232 2209 4286 51.
2245 4230 2511 4302 Denique
2541 4233 2597 4284 et
2637 4227 2911 4283 Ezechiel
2937 4226 3154 4299 jussus
3184 4228 3276 4282 est
3305 4226 3444 4280 ﬂere
3477 4224 3717 4280 Jerusa-

2051 4322 2186 4392 lem,
2218 4323 2275 4376 et
2303 4319 2780 4390 accepitlibrum,
2816 4318 2874 4372 in
2893 4316 3069 4389 cujus
3092 4317 3281 4387 capite
3306 4313 3524 4384 scripta
3553 4313 3679 4367 erat
3703 4326 3715 4365 :

2053 4411 2439 4474 Lamentatio,
2463 4415 2520 4464 et
2544 4408 2725 4463 melos
2748 4413 2805 4462 et
2831 4423 2916 4461 vae
2939 4398 3195 4474 ’(ΕεεοΙι.
3223 4404 3370 4473 ιι,9),
3394 4404 3509 4456 duo
3528 4400 3721 4455 tristia

2053 4506 2111 4557 et
2151 4516 2333 4555 unum
2363 4497 2746 4567 delectabile;
2795 4486 3072 4568 quoniam
3118 4494 3215 4548 ille
3265 4492 3470 4545 salvus
3520 4489 3629 4543 erit
3661 4488 3721 4541 in

2055 4591 2333 4655 futurum,
2369 4588 2465 4659 qui
2500 4587 2559 4641 in
2593 4587 2707 4641 hoc
2737 4585 2962 4640 saeculo
2980 4584 3115 4654 plus
3136 4580 3397 4637 ﬂeverit:
3424 4579 3542 4635 Cor
3563 4578 3719 4634 enim
3822 4608 3847 4622 κ

269 4672 439 4730 "ibus
456 4670 829 4746 quidihaunt
845 4687 970 4725 eum
993 4668 1126 4741 (“l-
1162 4669 1279 4724 νίεο
1297 4667 1442 4723 Sion
1461 4666 1665 4738 Ῐυέῖθηε
1686 4660 2027 4753 (“HTE-tn
2054 4680 2408 4753 sapientium
2427 4677 2489 4730 in
2505 4676 2714 4730 domno
2732 4674 2945 4755 luctus,
2969 4678 3029 4728 et
3063 4684 3166 4727 cor
3195 4669 3509 4725 stultorum
3535 4668 3593 4722 in
3613 4667 3720 4721 do-

268 4815 509 4880 clarius,
546 4814 945 4885 pronuntiant.
984 4811 1306 4885 Fatendum
1334 4812 1529 4885 tamen
1560 4811 1653 4885 est
1682 4824 1714 4862 ιι
1763 4806 1940 4863 nobis

268 4885 360 4941 hic
419 4881 754 4942 desiderari
810 4900 1098 4939 summazn
1154 4883 1313 4936 illam
1369 4881 1742 4948 evidentiam,
1806 4895 1939 4933 cum

269 4959 463 5038 potius
521 4962 734 5029 agatur
790 4957 861 5009 de
921 4955 1324 5017 confessione,
1374 4968 1507 5077 (διεδ
1566 4954 1944 5021 peccatorum

276 5045 385 5077 iam
416 5030 811 5077 remissurum
841 5027 992 5077 apud
1042 5027 1223 5077 Deum
1270 5025 1350 5077 ιιι.
1414 5026 1676 5077 ‘aeterum
1723 5023 1942 5077 proba-

269 5023 385 5153 iam
416 5023 811 5084 remissorum
841 5027 992 5096 apud
1042 5027 1223 5080 Deum
1270 5025 1350 5078 lit.
1385 5023 1676 5078 Caeterum
1723 5023 1942 5092 proba-

316 5101 410 5153 ilis
439 5103 536 5153 est
565 5099 800 5153 illorum
830 5098 1029 5153 ooinio
1076 5114 1208 5151 cum
1254 5099 1496 5153 nronter
1536 5092 1940 5147 antecedentia

316 5101 410 5153 ilis
439 5103 536 5155 est
565 5099 800 5153 illorum
830 5092 1029 5168 opinio
1076 5114 1208 5151 cum
1254 5099 1496 5168 propter
1536 5092 1940 5168 antecedentia

278 5172 475 5238 verba,
513 5172 568 5225 si
621 5165 1077 5242 visjustilicari,
1105 5165 1307 5242 facere
1337 5167 1618 5242 delictum
1662 5171 1856 5227 tuum;
1888 5165 1943 5242 et

277 5234 581 5311 superiora
612 5234 745 5306 illa,
778 5239 874 5295 vel
909 5257 1009 5295 vos
1029 5237 1429 5295 revertimini.
1459 5238 1555 5308 qui
1568 5235 1740 5311 lapsu
1780 5234 1943 5311 vario

282 5309 365 5367 de
400 5313 779 5380 innectenlize,
840 5315 952 5366 etc.
1014 5311 1159 5365 lllud
1221 5323 1363 5364 vero
1420 5309 1659 5380 omnino
1719 5309 1945 5380 certum

281 5383 372 5437 hic
404 5388 460 5439 et
490 5386 551 5438 in
582 5384 737 5438 omni
768 5378 947 5453 epcre
980 5383 1137 5436 illam
1186 5380 1437 5450 supponi
1468 5378 1935 5453 confessionem,

286 5455 502 5526 ubique
550 5456 705 5510 enim
755 5450 877 5508 tres
925 5453 1195 5526 ejusdem
1239 5456 1459 5522 partes,
1508 5450 1938 5526 contritionem,

288 5519 737 5581 dect—arationem
767 5542 835 5579 ac
865 5519 1351 5585 satisfactionem,
1377 5536 1514 5576 esse
1537 5521 1608 5574 ad
1641 5519 1944 5574 remissio-

290 5598 1102 5671 nemdpeccatinecessarias,
1134 5596 1348 5671 docent
1384 5594 1456 5671 hi_
1479 5593 1633 5671 libri.

360 5660 473 5739 (15)
524 5669 630 5724 Ms.
681 5668 859 5737 Clar.,
922 5660 1301 5722 salutationis
1351 5664 1626 5739 publica).
1686 5660 1953 5739 Latinius

294 5733 532 5812 conjieit
571 5733 909 5816 legendum,
961 5738 1300 5793 saltationis
1346 5733 1614 5804 ludit-rte,
1675 5733 1954 5789 nimirum

2055 4821 2383 4895 propteﬁrgid
2415 4816 2913 4895 quod_se_quitur,
2948 4820 3007 4871 et
3056 4830 3251 4870 secum
3294 4813 3686 4895 deliramenta
3703 4830 3719 4865 .-

2058 4885 2379 4950 sed'nihilo
2425 4885 2933 4945 deteriori—sensu
2979 4900 3109 4940 cum
3155 4885 3431 4940 omnibus
3482 4888 3540 4939 et
3570 4898 3717 4937 mss.

2057 4971 2115 5022 et
2134 4966 2271 5020 edit.
2296 4963 2574 5033 legimus,
2598 4959 2937 5013 saltationis
2960 4957 3230 5033 lubricas,
3262 4958 3319 5010 id
3338 4960 3449 5033 est,
3475 4956 3721 5033 impurae

2057 5043 2231 5107 atque
2278 5036 2338 5087 in
2359 5027 2687 5107 vluxmiam
2742 5045 2968 5107 prona},
3021 5028 3292 5107 ut:_in_t'ra
3341 5027 3719 5107 describitur.

2060 5099 2229 5163 Illinc
2263 5120 2439 5175 porro
2470 5104 2646 5157 Lucae
2666 5099 3038 5175 versiculum
3069 5100 3246 5154 simili
3279 5099 3518 5175 ratione
3549 5100 3720 5175 inter.

2099 5168 2321 5233 retatur
2360 5178 2606 5230 sanctus
2650 5174 2857 5228 doctor
2899 5171 3315 5227 Commentarii
3358 5171 3417 5224 in
3451 5168 3723 5241 ejusdem

2112 5265 2288 5320 vang.
2324 5248 2423 5320 lib.
2457 5263 2535 5314 vr,
2570 5261 2729 5320 num.
2761 5246 2813 5300 5.

2131 5311 2261 5386 (16ῖ
2294 5319 2465 5387 Mss.,
2515 5311 2871 5387 complures,
2921 5314 3234 5381 refutavit,
3280 5311 3723 5387 per_Joannem

2053 5383 2485 5465 paenitentiam,
2512 5405 2626 5465 per
2652 5383 3239 5465 'Cliristumgratiam
3265 5383 3295 5449 ;”
3313 5383 3506 5454 aptius
3526 5384 3724 5435 tamen

2061 5459 2160 5517 alii
2190 5466 2246 5518 et
2277 5476 2482 5516 omnes
2513 5459 2652 5515 edit.
2685 5462 2748 5513 ut
2776 5459 2836 5512 in
2868 5462 3048 5512 textu.

2132 5534 2242 5604 (l'i)
2264 5532 2406 5587 Cod.
2431 5532 2607 5596 Clar.,
2633 5532 2713 5585 ab
2728 5530 3000 5604 omnibus
3018 5530 3116 5600 qui
3133 5524 3720 5604 derelinquunt'eam‘.

2135 5589 2250 5675 ΗΒ)
2292 5606 2463 5659 Rom.
2504 5589 2666 5671 edit,
2709 5601 2783 5657 ad
2837 5589 3064 5657 veniam
3111 5589 3512 5671 pertingéret.
3556 5589 3726 5645 Haud

2062 5678 2234 5747 male,
2268 5675 2386 5731 nisi
2417 5676 2546 5731 sola
2585 5676 2768 5730 esset.
