4024 6176
256 347 345 415 533
1456 340 1567 407 DE
1597 340 2144 408 PCENITENTIA
2174 343 2333 407 LIB.
2368 344 2452 407 II.

3551 338 3672 431 534

238 567 339 608 non
368 549 539 605 habet
566 548 722 605 enim
753 548 908 621 quod
941 549 1276 616 erubescat,
1310 547 1405 602 cui
1450 548 1758 618 peccatum
1784 561 1883 602 re-
1904 525 1959 591 Α
1990 543 2182 600 bonus
2212 544 2357 600 odor
2386 560 2586 599 sumus
2615 543 2739 600 Deo
2767 544 2831 600 in
2860 544 2960 600 his
2988 543 3086 618 qui
3116 542 3273 600 salvi
3301 540 3450 599 ﬁunt
3480 539 3659 611 (Ibid.

236 643 464 698 missum
497 643 606 695 est.

295 750 378 804 59.
402 750 465 803 In
496 753 649 804 tanta
686 766 827 804 vero
865 749 1098 804 Domini
1136 748 1344 821 gratia,
1389 750 1665 817 tantoque
1696 746 1881 800 divini

231 840 480 894 numeris
505 840 808 906 miraculo,
831 856 963 893 cum
1001 843 1297 909 oporteret
1330 839 1647 892 universos
1671 836 1879 903 laetari,

230 929 935 998 eommovebanturimpii,
962 932 1016 984 ct
1046 929 1339 982 adversus
1371 927 1670 982 Christum
1694 924 1886 979 conci-

227 1019 355 1072 lium
377 1019 821 1090 congregabant
842 1019 1032 1085 (Joan.
1060 1035 1136 1071 xl.
1175 1017 1265 1087 Η)
1292 1033 1303 1072 :
1343 1017 1625 1071 Lazarum
1647 1031 1882 1087 quoque

226 1107 545 1161 interﬁcere
585 1108 861 1163 volebant
909 1108 1098 1177 (.Ioan.
1143 1124 1245 1173 xu,
1287 1106 1394 1175 10).
1430 1106 1641 1160 Nonne
1672 1106 1880 1159 merito

224 1213 414 1251 eorum
443 1213 838 1252 successores
873 1213 981 1251 vos
1015 1196 1140 1251 fore
1183 1195 1572 1267 cognoscitis,
1624 1210 1876 1267 quorum

218 1285 448 1365 duritiae
471 1287 746 1342 haeredes
764 1287 911 1341 estis
932 1288 961 1341 ‘?
991 1286 1140 1341 Nam
1163 1289 1219 1340 et
1240 1302 1348 1340 vos
1384 1284 1790 1357 indignemini,
1827 1288 1884 1339 et

226 1378 413 1430 contra
446 1374 777 1429 Ecclesiam
811 1377 1191 1447 congregatis
1211 1374 1547 1441 concilium,
1571 1374 1880 1445 quiavide-

223 1463 292 1517 tis
333 1467 597 1518 mortuos
642 1464 702 1518 in
754 1464 1019 1518 Ecclesia
1071 1464 1453 1532 reviviscere,
1505 1467 1562 1517 et
1604 1465 1880 1533 peccato-

225 1568 342 1607 rum
363 1553 588 1607 indulta
612 1555 782 1608 venia
806 1554 1174 1608 resuscitari.
1201 1554 1398 1625 Itaque
1428 1552 1587 1624 quod
1616 1553 1677 1607 in
1708 1552 1881 1607 vobis

224 1646 324 1709 est,
356 1658 462 1713 per
490 1642 774 1697 invidiam
807 1659 1019 1698 rursus
1048 1642 1228 1697 vultis
1260 1642 1590 1697 interficere
1620 1641 1879 1696 suscita-

221 1734 325 1786 tos.

284 1838 367 1894 60.
391 1838 507 1894 Sed
533 1839 717 1894 Jesus
736 1856 852 1895 non
872 1845 1112 1895 revocat
1141 1841 1449 1905 beneficia,
1494 1840 1609 1893 imo
1643 1838 1877 1893 cumulo

221 1927 582 1983 liberalitatis
630 1929 982 2000 amplilicat:
1034 1931 1241 1984 revisit
1271 1930 1522 2005 sollicite
1551 1928 1879 1983 resuscita-

223 2022 351 2088 tum,
403 2023 460 2074 et
492 2019 811 2075 celebratae
862 2021 1320 2076 resurrectionis
1368 2021 1555 2092 gratia
1601 2021 1776 2075 lwtus
1805 2020 1877 2073 ad

222 2124 435 2164 ccenam
466 2109 653 2178 venit,
688 2125 861 2180 quam
893 2110 945 2165 ei
977 2127 1083 2164 sua
1115 2111 1467 2181 praeparavit
1497 2109 1784 2178 Ecclesia,
1820 2109 1879 2163 in

187 2255 194 2261 _
222 2213 324 2268 qua
354 2197 447 2252 ille
478 2199 584 2269 qui
618 2197 807 2252 fuerat
838 2202 1125 2269 mortuus,
1158 2216 1313 2255 unus
1336 2200 1489 2255 inter
1509 2199 1881 2255 discumben-

223 2289 304 2340 tes
335 2302 465 2341 cum
494 2286 737 2342 Christo
770 2287 1085 2342 invenitur.

282 2394 366 2448 tit.
397 2393 568 2449 Tune
601 2395 886 2449 mirantur
915 2411 1123 2469 omnes
1155 2397 1253 2467 qui
1284 2396 1484 2452 vident
1505 2414 1650 2470 puro
1680 2399 1882 2470 utique

227 2481 418 2538 obtutu
438 2485 684 2554 mentis,
709 2485 809 2556 qui
832 2484 1093 2543 invidere
1113 2502 1228 2540 non
1252 2490 1467 2541 norunt
1494 2504 1507 2554 ς
1542 2488 1691 2543 tales
1726 2491 1884 2543 enim

222 2570 475 2627 Ecclesia
510 2573 670 2628 filios
702 2572 895 2627 habet.
949 2573 1253 2643 Mirantur,
1307 2578 1367 2630 ut
1411 2576 1552 2647 dixi,
1588 2578 1882 2649 quomodo

222 2660 309 2715 ille
363 2663 462 2733 qui
519 2661 760 2733 jacebat
817 2664 874 2716 in
905 2662 1126 2716 tumulo
1187 2663 1315 2717 heri
1349 2668 1404 2719 et
1452 2666 1883 2723 nudiustertius

222 2750 384 2817 (Ibid.
403 2750 481 2821 2),
507 2768 667 2807 unus
700 2752 776 2807 sit
805 2752 875 2806 de
910 2751 1425 2809 discumbentibus
1460 2771 1593 2810 cum
1632 2756 1881 2812 Domino

222 2838 373 2894 Jesu.

282 2948 364 3003 62.
388 2949 727 3020 lpsaMaria
752 2950 922 3006 mittit
942 2954 1307 3022 unguentum
1339 2952 1397 3007 in
1428 2954 1610 3025 pedes
1652 2956 1885 3011 Domini

224 3036 374 3094 Jesu.
408 3040 554 3095 Ideo
612 3038 761 3095 forte
794 3040 852 3094 in
911 3040 1115 3111 pedes,
1149 3041 1286 3111 quia
1334 3058 1489 3098 unus
1535 3043 1606 3097 de
1663 3044 1883 3100 intimis

222 3131 445 3198 ereptus
477 3131 575 3184 est
605 3129 813 3184 morti:
852 3115 1059 3183 omnes
1089 3130 1243 3183 enim
1277 3146 1494 3202 corpus
1526 3132 1745 3187 Christi
1778 3151 1885 3189 su-

222 3233 342 3273 mus
373 3218 432 3287 (l
458 3219 600 3274 Cor.
634 3236 737 3287 xu,
770 3218 881 3286 2'1),
917 3217 1025 3272 sed
1056 3217 1151 3272 alii
1185 3218 1333 3273 forte
1364 3222 1673 3291 superiora
1705 3240 1884 3278 mem-

223 3306 317 3360 bra
347 3310 506 3363 sunt.
543 3307 624 3367 Os
656 3311 780 3362 erat
817 3307 1038 3361 Christi
1086 3308 1431 3378 Apostolus,
1482 3310 1581 3382 qui
1613 3312 1881 3368 diccbat:

219 3394 702 3469 Experimentum
752 3398 1023 3469 quaeritis
1070 3396 1216 3467 ejus.
1270 3398 1457 3468 quiin
1488 3417 1580 3455 me
1625 3401 1886 3474 loquitur

227 3475 491 3535 Christus
536 3479 623 3551 (ll
655 3482 789 3536 Cor.
830 3497 952 3552 xui,
986 3480 1065 3549 3).
1098 3476 1246 3541 430
1278 3478 1357 3533 Os
1389 3479 1522 3551 ejus
1553 3483 1877 3554 propheta},

223 3581 317 3635 per
358 3585 511 3640 quos
572 3570 924 3644 loquebatur
978 3575 1205 3632 futura:
1259 3576 1479 3629 utinam
1513 3578 1570 3629 et
1625 3589 1738 3645 ego
1772 3588 1879 3643 pes

223 3655 344 3726 ejus
372 3675 514 3715 esse
548 3677 796 3732 merear,
844 3667 901 3718 ct
933 3665 1115 3720 mittat
1162 3666 1222 3721 in
1254 3681 1344 3720 me
1378 3664 1559 3718 Maria
1608 3678 1883 3735 unguen-

221 3744 331 3800 tum
356 3764 536 3804 suum
565 3751 910 3822 pretiosum,
946 3757 1001 3809 et
1036 3758 1233 3828 ungat,
1270 3757 1325 3808 et
1356 3755 1661 3825 peccatum
1693 3754 1882 3807 exter-

228 3835 348 3905 gat!

290 3943 367 3999 63.
388 3946 592 4016 (Alias
613 3964 740 4020 cap.
768 3950 1123 4016 \'lll.)Quod
1164 3951 1344 4024 igitur
1382 3950 1454 4006 de
1478 3951 1697 4009 Lazaro
1729 3949 1883 4020 legi-

226 4050 365 4104 mus,
398 4037 456 4092 in
488 4053 852 4110 unoquoque
897 4039 1183 4095 debemus
1232 4056 1524 4095 converso
1572 4041 1882 4111 peccatore

232 4125 489 4184 credere:
526 4128 631 4200 qui
661 4127 797 4182 licet
828 4128 1071 4183 fetorem
1106 4130 1562 4205 habeatktamen
1594 4128 1732 4191 ﬁdei
1754 4143 1883 4199 pre-

231 4213 369 4270 tioso
399 4217 753 4272 emundatur
780 4222 1084 4290 unguento
1116 4218 1232 4287 (‘25)
1260 4234 1271 4273 :
1304 4223 1526 4273 tantum
1556 4218 1711 4274 enim
1742 4233 1882 4290 gra-

232 4301 315 4356 tiae
345 4305 489 4361 ﬁdes
522 4306 721 4372 habet,
757 4311 817 4361 ut
849 4308 945 4363 ubi
980 4312 1112 4363 ante
1144 4309 1298 4363 diem
1343 4308 1561 4362 fetebat
1593 4310 1880 4377 mortuus,

234 4390 339 4445 illic
363 4394 518 4451 bono
550 4396 733 4450 odore
756 4400 870 4450 tota
903 4398 1200 4467 repleatur
1228 4398 1461 4452 domus.

295 4499 376 4553 64.
406 4500 650 4557 Fetebat
693 4500 994 4558 Corinthia
1042 4506 1274 4580 domus,
1322 4505 1557 4576 quando
1598 4504 1885 4575 scriptum

234 4590 315 4640 est
341 4590 409 4645 de
430 4606 497 4646 ea
522 4607 535 4646 :
567 4591 832 4670 Auditur
845 4593 1009 4647 inter
1034 4610 1136 4648 vos
1157 4594 1493 4661 foruieatio,
1521 4599 1579 4647 et
1604 4593 1744 4647 talis
1766 4592 1885 4647 for-

236 4676 450 4742 nicetio,
477 4680 670 4753 qualis
690 4698 798 4735 nec
822 4683 985 4737 inter
1017 4688 1233 4753 gentes
1271 4683 1327 4752 (Ι
1350 4684 1485 4738 Cor.
1511 4700 1567 4750 v,
1603 4683 1675 4752 1).
1711 4682 1889 4738 Fetor

238 4770 365 4836 erat,
432 4770 568 4841 quia
632 4771 927 4824 modicum
987 4772 1339 4826 fermentum
1396 4776 1575 4827 totam
1626 4787 1887 4826 massam

240 4861 580 4927 corruperat.
611 4857 800 4929 Coepit
832 4860 981 4914 bene
1015 4861 1195 4930 olere,
1231 4877 1364 4915 cum
1398 4861 1650 4925 dicitur:
1695 4860 1766 4915 Si
1794 4862 1890 4916 cui

242 4943 364 5012 quid
383 4946 667 5017 donastis,
693 4954 749 5002 et
770 4965 894 5020 ego.
921 4949 1071 5003 Nam
1092 4956 1150 5003 et
1172 4965 1281 5021 ego
1304 4951 1453 5021 quod
1470 4950 1620 5005 dona
1635 4951 1709 5019 vi,
1751 4966 1890 5021 pro-

238 5038 363 5098 pter
383 5051 478 5089 vos
498 5037 561 5091 in
591 5053 848 5107 persnua
885 5037 1119 5091 Christi
1153 5038 1240 5107 (ΙΙ
1276 5038 1410 5093 Cor.
1438 5038 1626 5109 11,10).
1666 5040 1887 5111 Itaque,

242 5116 464 5178 liberato
492 5129 823 5195 peccatore,
877 5126 1093 5180 factum
1123 5131 1214 5181 est
1247 5127 1303 5180 in
1351 5143 1417 5182 ea
1449 5128 1730 5200 gaudium
1764 5144 1890 5182 ma-

246 5221 426 5279 gnum,
455 5217 511 5285 et
540 5214 789 5271 redoluit
822 5215 1031 5270 domus
1063 5218 1178 5270 tota
1197 5218 1482 5271 suavitate
1515 5217 1741 5289 gratiae.
1769 5217 1891 5272 Un-

247 5293 307 5350 de
332 5298 475 5356 bene
503 5305 782 5359 conscius
815 5306 1137 5375 Apostolus
1168 5306 1324 5377 quod
1357 5322 1564 5362 omnes
1603 5306 1890 5377 apostoli-

248 5399 321 5439 cae
346 5392 710 5449 remissionis
740 5394 1105 5464 perfudisset
1134 5399 1457 5466 unguento,
1494 5395 1609 5449 ait:
1660 5395 1896 5450 Christi

305 5531 406 5597 (9.5)
427 5535 647 5608 Omnes
679 5537 816 5591 edit.
850 5554 919 5590 ac
953 5554 1103 5591 mss.
1128 5539 1424 5604 nonnulli,
1453 5539 1595 5593 fidei
1613 5539 1899 5608 pretiosa)

252 5606 571 5681 emendatur
605 5616 899 5680 unguento
921 5628 939 5673 ,-
970 5610 1306 5681 elegantius
1339 5611 1538 5665 caeteri
1566 5606 1713 5664 mss.
1748 5612 1811 5664 ut
1840 5610 1900 5663 in

251 5671 420 5729 textu.

314 5743 414 5813 (26)
443 5748 670 5807 Ultimm
701 5751 840 5806 edit.
874 5752 1086 5821 Paris,
1113 5750 1247 5805 dum
1301 5752 1360 5807 iu
1392 5758 1560 5807 terra
1592 5751 1901 5817 ambulas;

1993 632 2103 700 15).

2062 741 2151 796 65.
2187 740 2385 813 Hujus
2417 741 2597 812 igitur
2628 739 2918 797 effusione
2948 740 3236 813 unguenti
3255 741 3527 795 laatantur
3547 754 3667 794 om-

1993 845 2124 901 nes,
2146 831 2314 885 solus
2337 831 2523 886 Judas
2548 831 2897 886 contradicit
2939 832 3133 899 (Joan.
3159 848 3262 899 xu,
3299 830 3372 900 4).
3416 828 3577 900 Ergo
3607 830 3666 882 et

1989 936 2147 974 nunc
2167 919 2270 991 qui
2286 920 2705 990 praevaricator
2725 924 2835 997 est,
2858 920 3238 988 contradicit;
3261 917 3657 988 reprehendit,

1991 1009 2405 1080 quiproditor:
2440 1010 2547 1064 sed
2567 1025 2599 1063 a
2620 1009 2859 1065 Christo
2890 1011 3017 1080 ipse
3057 1007 3527 1078 reprehenditur,
3561 1005 3664 1077 qui

1991 1097 2315 1154 Dominicis
2340 1098 2663 1154 remedium
2684 1099 2889 1154 mortis
2911 1100 3162 1170 ignorat,
3179 1100 3235 1152 et
3255 1098 3430 1151 tantm
3454 1097 3665 1164 myste-

1988 1187 2143 1241 rium
2163 1188 2488 1257 sepulturae
2521 1176 2639 1244 non
2671 1188 2966 1259 intelligit.
2993 1187 3130 1242 Ideo
3171 1185 3327 1241 enim
3351 1186 3408 1239 et
3441 1198 3662 1254 passus

1988 1278 2047 1331 et
2068 1278 2334 1331 mortuus
2356 1280 2449 1332 est
2467 1276 2774 1346 Dominus,
2818 1280 2879 1331 ut
2900 1292 3010 1335 nos
3050 1276 3363 1330 redimeret
3383 1289 3415 1326 a
3452 1261 3658 1326 morte;

1993 1365 2120 1420 Hoc
2152 1365 2721 1421 excellentissimum
2753 1366 2971 1421 indicat
3004 1365 3255 1435 pretium
3279 1379 3407 1418 sua}
3432 1359 3659 1428 mortis,

1993 1470 2109 1525 quo
2142 1458 2417 1525 peccator
2460 1455 2809 1524 absolvitur,
2866 1459 2922 1510 et
2968 1456 3027 1508 in
3078 1470 3290 1509 novam
3339 1450 3663 1508 assumitur

1990 1544 2282 1615 gratiam;
2316 1548 2378 1599 ut
2408 1544 2645 1600 veniant
2692 1547 2750 1598 et
2777 1545 3063 1599 mirentur
3100 1559 3309 1599 omnes
3365 1539 3660 1613 quomodo

1990 1647 2124 1686 cum
2139 1630 2377 1689 Christo
2400 1633 2725 1702 recumbat,
2746 1636 2803 1688 et
2832 1634 3141 1689 laudentes
3178 1633 3384 1700 Deum,
3424 1630 3619 1684 dicant
3645 1643 3656 1682 :

1988 1721 2414 1777 Manducemus
2446 1727 2503 1777 et
2534 1722 2867 1794 epulemur;
2900 1724 3034 1796 quia
3065 1722 3163 1776 hic
3207 1727 3473 1775 mortuus
3505 1724 3657 1787 erat,

1991 1816 2049 1864 et
2071 1811 2300 1866 revixit
2323 1832 2339 1864 .-
2365 1812 2657 1882 perierat,
2695 1818 2753 1866 et
2785 1813 3068 1867 inventus
3117 1816 3209 1865 est
3240 1811 3401 1880 (Luc.
3436 1825 3534 1877 xv,
3569 1808 3656 1872 ‘23,

1912 1907 1959 1968 Β
1988 1897 2100 1965 ‘24).
2134 1898 2197 1959 Si
2226 1899 2363 1970 quis
2412 1904 2605 1955 autem
2654 1900 2911 1957 infidelis
2956 1899 3263 1971 objecerit,
3312 1913 3494 1970 quare
3527 1912 3661 1951 cum

1988 1987 2321 2058 publicanis
2352 1991 2407 2043 et
2436 1990 2852 2059 peccatoribus
2891 1989 3232 2057 manducet,
3267 1987 3662 2058 respondetur

1986 2076 2077 2131 ei:
2113 2077 2247 2132 Non
2279 2093 2418 2149 opus
2447 2084 2539 2134 est
2569 2080 2738 2137 sanis
2765 2080 3050 2148 medicus,
3101 2078 3211 2134 sed
3241 2077 3337 2132 his
3383 2076 3481 2150 qui
3509 2075 3661 2130 male

1986 2164 2208 2221 habent
2240 2166 2477 2235 (Matth.
2510 2185 2591 2237 ιχ,
2625 2165 2733 2237 12).

2587 2291 2840 2348 CAPUT
2884 2293 3033 2348 VIII.

1986 2415 2086 2471 Ad
2107 2416 2539 2494 confessionem
2564 2424 2623 2473 et
2643 2418 2942 2494 lacrlvmas
2965 2438 3183 2494 urgere
3197 2434 3460 2494 pergens
3498 2417 3660 2494 ad_se

2063 2490 2360 2564 convertit
2380 2490 2725 2564 orationem.
2750 2486 2832 2564 [ξι
2874 2491 2974 2546 ubi
3012 2486 3379 2564 signi/ienuit
3416 2486 3660 2545 deside-

2061 2560 2216 2635 rium
2248 2559 2749 2635 emundandorum
2765 2561 3004 2635 Domini
3018 2559 3232 2635 pedum
3253 2564 3448 2635 instar
3474 2577 3661 2635 evan-

2059 2631 2268 2705 gelicae
2290 2630 2582 2705 mulieris,
2600 2633 2665 2705 in
2687 2633 2853 2705 cuius
2890 2630 3122 2690 actione
3164 2634 3447 2689 traditam
3464 2631 3660 2703 paeni-

2063 2702 2266 2778 tentia:
2287 2701 2540 2778 formam
2570 2704 2718 2757 dicit
2731 2701 2761 2768 ;’
2773 2705 2829 2759 si
2864 2707 2995 2777 quis
3017 2712 3212 2761 tamen
3249 2705 3432 2778 hqjus
3456 2701 3661 2778 exem-

2054 2772 2250 2849 plai'is
2273 2773 2717 2849 permotionem
2732 2791 2844 2830 uou
2865 2772 3236 2849 assequatur,
3275 2772 3662 2849 nihilominus

2067 2845 2370 2899 Christum
2393 2846 2468 2899 ad
2488 2846 2863 2916 sepulchrum
2895 2845 3061 2902 illius
3080 2862 3477 2903 accessurum.
3510 2845 3661 2899 Eum

2064 2922 2125 2970 ut
2146 2932 2213 2970 se
2249 2917 2309 2969 in
2348 2931 2454 2971 suo
2487 2916 2723 2971 invisas
2755 2934 2824 2971 ac
2862 2920 3188 2975 resuscitet
3228 2917 3663 2974 demississime

2060 2987 2254 3060 animo
2272 2993 2481 3059 rogat;
2507 2989 2763 3043 maxime
2785 3005 2924 3044 vero
2943 2996 3003 3043 ut
3017 2991 3116 3047 det
3132 2990 3446 3047 eondolere
3463 3003 3665 3060 pecea-

2062 3058 2313 3123 torihus,
2350 3058 2596 3133 quorum
2637 3060 2855 3133 delicta
2890 3062 3018 3117 suis
3043 3063 3233 3133 ipsius
3264 3062 3320 3133 Ie
3334 3058 3494 3133 viora
3529 3074 3663 3113 esse

2054 3146 2404 3202 persuasum
2428 3129 2630 3185 habet.
2656 3131 2790 3186 Non
2823 3147 2968 3202 ergo
3003 3129 3402 3188 insultandum
3442 3130 3522 3185 iis
3550 3146 3664 3202 pro

2061 3200 2273 3274 quibus
2299 3206 2565 3276 mortuus
2583 3207 2675 3276 est
2701 3200 3001 3271 Christus,
3024 3220 3055 3256 a
3081 3205 3376 3276 quointer
3412 3200 3665 3276 sti/mlas

1915 3265 1968 3336 Ο
2062 3265 2206 3345 quas
2235 3287 2348 3326 non
2380 3271 2652 3343 negligit,
2700 3288 2767 3327 se
2812 3265 3033 3346 quoque
3080 3265 3281 3347 colligi
3330 3265 3659 3328 desiderat.

2060 3397 2149 3452 66.
2182 3396 2440 3452 Ostende
2470 3395 2654 3469 igitur
2684 3398 2913 3461 medico
2938 3399 3152 3455 vulnus
3175 3404 3357 3470 tuum,
3382 3401 3444 3454 ut
3464 3398 3664 3454 sanari

1990 3486 2213 3557 possis.
2247 3483 2374 3540 Etsi
2406 3502 2524 3540 non
2559 3489 3012 3559 monstraveris,
3034 3490 3234 3545 novit:
3270 3487 3378 3545 sed
3406 3504 3444 3543 a
3473 3491 3530 3555 te
3562 3503 3662 3543 ex-

1989 3577 2133 3646 petit
2162 3574 2367 3628 audire
2400 3590 2605 3630 vocem
2636 3580 2814 3631 tuam.
2851 3578 3145 3651 Absterge
3180 3578 3461 3650 lacrymis
3509 3577 3663 3632 cica-

1990 3665 2171 3719 trices
2200 3664 2355 3718 tuas.
2389 3663 2488 3718 Sic
2519 3671 2827 3736 peccatum
2856 3667 3068 3722 mulier
3097 3668 3196 3723 illa
3226 3669 3286 3722 in
3338 3665 3663 3739 Evangelio

1992 3753 2358 3825 fetoremque
2391 3753 2485 3808 sui
2517 3755 2741 3810 erroris
2772 3756 3074 3825 abstersit,
3115 3757 3204 3813 sic
3233 3758 3466 3828 culpam
3497 3756 3667 3811 diluit

1988 3859 2123 3898 cum
2156 3842 2304 3897 Jesu
2333 3842 2517 3913 pedes
2550 3843 2829 3916 lacrymis
2859 3846 3016 3901 lavat
3051 3848 3215 3919 (Luc.
3248 3864 3347 3916 vu,
3381 3846 3492 3919 38),

2059 3949 2149 4005 6Ἲ.
2187 3948 2422 4005 Utinam
2454 3949 2597 4004 mihi
2649 3967 2883 4023 quoque
2913 3954 3129 4024 pedum
3175 3956 3408 4009 tuorum
3457 3954 3663 4023 lutum,

1990 4030 2133 4095 431
2174 4039 2320 4093 Jesu
2367 4054 2668 4109 reserves,
2728 4056 2879 4111 quos
2933 4042 3071 4097 dum
3126 4043 3186 4097 in
3244 4060 3337 4099 me
3379 4044 3667 4100 deambu-

1989 4128 2079 4183 las
2109 4127 2244 4199 (‘26),
2294 4128 2667 4199 inquiuasti?
2716 4129 2951 4185 Utinam
3000 4133 3214 4188 sordes
3266 4134 3663 4204 vestigiorum

1991 4221 2225 4271 tuorum
2256 4216 2652 4289 detergendas
2700 4219 2842 4274 mihi
2893 4219 3131 4291 oti‘eras,
3184 4238 3335 4293 quas
3384 4238 3497 4294 ego
3528 4225 3663 4276 actu

1991 4322 2123 4361 meo
2144 4306 2262 4360 tuis
2284 4305 2447 4360 afﬁxi
2467 4307 2805 4377 gressibus.
2830 4308 2946 4364 Sed
2980 4311 3135 4366 unde
3158 4311 3298 4365 mihi
3331 4328 3483 4382 aqua
3504 4312 3660 4379 viva,

1994 4411 2108 4467 qua
2140 4396 2324 4467 pedes
2356 4399 2491 4450 tuos
2521 4398 2750 4467 possim
2783 4398 2978 4454 lavare
2999 4402 3028 4454 ἱ)
3058 4400 3118 4455 Si
3148 4417 3361 4471 aquam
3411 4417 3529 4454 non
3562 4401 3667 4454 ha-

1994 4485 2128 4553 beo,
2155 4485 2343 4539 habeo
2365 4484 2680 4555 laerymas,
2705 4487 2925 4557 quibus
2959 4489 3095 4542 dum
3131 4489 3315 4559 pedes
3348 4492 3483 4543 tuos
3513 4490 3667 4557 lavo,

1996 4574 2216 4628 utinam
2266 4589 2357 4629 me
2401 4574 2598 4645 ipsum
2648 4575 2903 4631 diluaml
2956 4576 3124 4633 Unde
3168 4577 3330 4647 mihi,
3367 4580 3427 4632 ut
3475 4578 3545 4633 de
3577 4593 3672 4632 me

1918 4638 1977 4703 Π
1999 4662 2200 4717 dicas:
2235 4663 2495 4717 Dimissa
2526 4668 2663 4716 sunt
2705 4663 2832 4733 eius
2857 4671 3100 4736 peccata
3149 4666 3350 4737 multa,
3405 4667 3674 4739 quoniam

2000 4751 2217 4807 dilexit
2266 4751 2507 4806 multum
2548 4751 2710 4817 (Luc.
2758 4768 2858 4823 vn,
2891 4752 3028 4823 4’7)?
3060 4754 3200 4809 Plus
3249 4755 3531 4811 debuisse
3582 4772 3675 4811 me

1998 4841 2202 4907 fateor,
2238 4843 2294 4894 et
2324 4840 2457 4909 plus
2518 4839 2832 4895 dimissum
2879 4841 3021 4896 mihi
3083 4844 3183 4916 qui
3216 4845 3287 4900 de
3334 4845 3677 4900 Torensium

1999 4927 2614 5000 strepitujurgiorum,
2636 4931 2693 4984 et
2729 4946 2761 4983 a
2781 4931 3034 5001 publicae
3057 4936 3281 4989 terrore
3303 4935 3680 5007 administra-

2000 5019 2181 5074 tionis
2213 5017 2285 5071 ad
2317 5016 2717 5073 sacerdotium
2748 5023 2995 5076 vocatus
3025 5038 3194 5092 sum;
3226 5027 3283 5078 et
3304 5024 3437 5079 ideo
3466 5040 3683 5079 vereor

2003 5124 2078 5162 ne
2106 5108 2379 5179 ingratus
2410 5106 2699 5177 inveniar,
2750 5109 2806 5162 si
2852 5109 3049 5166 minus
3099 5112 3363 5184 diligam,
3420 5115 3517 5169 eui
3546 5114 3681 5185 plus

2005 5196 2318 5251 dimissum
2352 5199 2444 5250 est
2473 5195 2701 5267 (Ibid.).

2074 5304 2164 5359 68.
2190 5302 2305 5358 Sed
2323 5319 2441 5359 non
2465 5320 2673 5360 omnes
2706 5307 3012 5363 mulierem
3053 5308 3227 5364 istam
3266 5326 3503 5382 aequare
3534 5326 3681 5380 pos-

2003 5398 2142 5449 sunt
2160 5394 2293 5463 (27),
2318 5409 2451 5465 qua:
2472 5394 2647 5450 etiam
2675 5394 2918 5467 Simoni,
2952 5399 3054 5468 qui
3085 5400 3397 5469 prandium
3430 5400 3681 5454 Domino

2007 5537 2287 5608 pessime.
2322 5540 2384 5593 ut
2415 5538 2630 5592 docent
2661 5541 2988 5610 sequentia.
3029 5541 3265 5596 Utinam
3297 5541 3371 5595 de
3401 5540 3685 5597 sordes...

2010 5626 2295 5682 quuﬁsrego
2325 5616 2458 5663 actu
2486 5626 2614 5664 meo
2649 5611 2785 5679 tuis,
2821 5615 2935 5666 etc.

2081 5681 2193 5751 (3'7)
2225 5680 2323 5735 Sic
2378 5696 2585 5755 omnes
2616 5682 2754 5736 edit.
2815 5698 2884 5737 ac
2942 5699 3091 5738 mss.
3153 5683 3409 5753 aliquot:
3471 5684 3691 5755 reliqui

2012 5750 2181 5823 vero,
2202 5769 2313 5807 non
2332 5750 2603 5811 omnibus
2616 5772 2635 5819 ί
2660 5769 2833 5824 unus,
2861 5770 2973 5810 non
2994 5755 3057 5807 in
3072 5750 3361 5826 omnibus,
3379 5750 3693 5827 mulierem
3788 5796 3791 5797 ν
