3936 6168
392 334 521 428 58$

400 562 598 633 dabat,
655 560 864 618 merito
919 560 1164 634 praelata
1196 563 1288 619 est
1309 560 1471 653 (quae
1524 559 1937 653 omnibus'qui
1965 571 2081 614 vo-
2193 558 2351 614 enim
2375 559 2578 653 :‘Ecce
2612 560 2708 620 ille
2739 577 2858 622 noa
2885 558 2949 621 in
2981 558 3270 622 Ecclesiae
3288 566 3518 627 nutritus
3535 568 3650 632 sinu
3666 573 3769 653 (Si),

400 652 527 708 lunt
548 652 781 708 veniam
797 654 1144 724 promereri,
1170 651 1579 740 magisterium
1601 650 1875 722 praestitit
1899 664 2086 740 oscu-
2194 665 2314 708 non
2343 650 2636 709 edomitus
2666 670 2699 708 a
2729 671 2936 726 puero,
2987 655 3093 711 sed
3126 660 3342 740 raptus»
3374 672 3405 713 a
3430 650 3770 740 tribunalibus,

401 741 577 797 lando
598 741 784 813 pedes
801 741 1044 812 Christi,
1068 742 1347 813 lacrymis
1367 738 1641 812 lavando,
1666 739 1954 812 tergendo
1975 738 2084 794 cri-
2194 740 2487 797 abductus
2519 743 2590 797 de
2622 744 2979 800 vanitatibus
3010 744 3216 800 sazculi
3248 738 3441 818 hujus,
3469 765 3500 804 a
3540 738 3776 822 praeconis

1816 342 1823 345 V
1863 342 1875 349 Ἀ
1915 342 1983 421 S.
2031 341 2452 422 AMBROSII
2555 352 2559 359 ’
3673 357 3770 434 586

404 832 604 901 nibus,
637 831 923 904 ungendo
953 836 1282 904 unguento.

473 919 564 978 69.
597 921 661 976 In
693 912 938 976 osculOs
957 920 1195 993 insigne
1217 920 1521 978 charitatis
1539 925 1629 978 est
1654 937 1669 992 ;
1701 924 1758 978 et
1784 921 1917 977 ideo
1940 922 2082 978 dicit

404 1011 694 1068 Dominus
726 1011 909 1066 Jesus
935 1026 949 1066 :
1004 1009 1319 1066 Osculetur
1347 1026 1441 1066 me
1489 1010 1564 1067 ab
1593 1010 1790 1067 osculo
1834 1012 1962 1067 oris
1988 1013 2084 1066 sui

404 1101 603 1171 (Cant.
628 1118 668 1170 ι,
694 1100 768 1169 1).
786 1098 997 1171 Capilli
1015 1100 1155 1171 quid
1177 1100 1536 1173 significant,
1571 1100 1689 1155 nisi
1720 1104 1783 1155 ut
1812 1101 2076 1171 noveris,

407 1190 685 1247 inclinata
701 1189 859 1245 omni
876 1188 1195 1247 infularum
1212 1189 1494 1262 dignitate
1536 1191 1935 1259 saecularium,
1970 1187 2081 1246 ob-

407 1278 760 1337 secrandam
780 1277 1206 1351 indulgentiam
1244 1278 1358 1349 (28)
1390 1282 1452 1335 ut
1478 1280 1551 1334 ad
1582 1283 1797 1335 terram
1842 1278 1993 1335 tiens
2025 1283 2080 1335 te

408 1369 539 1440 ipse
560 1369 927 1440 prosternas,
952 1370 1016 1422 ut
1032 1366 1193 1422 humi
1209 1366 1422 1439 jacens
1461 1384 1705 1425 moveas
1740 1369 2083 1425 misericor-

409 1459 603 1514 diam?
623 1458 690 1513 In
709 1458 1013 1529 unguento
1035 1472 1271 1530 quoque
1309 1457 1483 1515 bona:
1520 1459 1934 1514 conversionis
1966 1460 2080 1529 (29)

411 1546 759 1619 exprimitur
773 1546 939 1602 odor.
962 1545 1094 1601 Rex
1113 1561 1324 1617 nempe
1346 1550 1473 1602 erat
1497 1548 1700 1617 David,
1732 1551 1788 1603 et
1822 1548 2079 1618 dicebat,

411 1638 494 1693 La
507 1635 653 1691 rabo
664 1651 781 1708 per
796 1633 1066 1707 singulas
1086 1642 1292 1691 noctes
1311 1636 1526 1691 lectum
1546 1651 1752 1701 meum,
1797 1637 2085 1710 lacrymis

410 1726 564 1782 meis
591 1730 845 1781 stratum
876 1741 1066 1780 meum
1115 1725 1329 1798 rigabo
1374 1725 1565 1795 (Psal.
1618 1744 1694 1796 vr,
1728 1727 1804 1796 Ἴ).
1853 1728 1922 1782 Et
1951 1729 2083 1783 ideo

409 1817 631 1871 tantam
678 1814 929 1889 gratiam
978 1816 1210 1886 meruit,
1260 1818 1325 1871 ut
1353 1831 1430 1871 ex
1476 1815 1612 1888 ejus
1644 1816 1862 1871 familia
1911 1817 2084 1891 virgo

2193 847 2340 887 voce
2370 832 2444 886 ad
2475 831 2800 904 psalmista:
2829 827 3206 891 assuefactus
3238 837 3529 911 canticum,
3554 841 3607 896 in
3625 859 3778 900 sarcr-

2192 920 2351 977 dotio
2384 926 2576 977 manet
2607 936 2725 978 non
2755 924 2965 979 virtute
2994 942 3121 995 sua,
3157 927 3263 981 sed
3295 926 3502 984 Christi
3543 933 3715 1005 gratia,
3740 938 3784 991 et

2191 1008 2346 1065 inter
2374 1012 2658 1067 convivas
2686 1029 2909 1070 mensae
2940 1015 3203 1070 ccelestis
3237 1016 3528 1074 recumbit.

2261 1095 2350 1155 '73.
2376 1099 2580 1183 Serva,
2605 1101 2872 1174 Domine,
2897 1120 3112 1159 munus
3152 1109 3333 1169 tuum,
3377 1108 3589 1164 custodi
3612 1110 3785 1169 donum

2192 1189 2352 1261 quod
2406 1191 2705 1246 contulisti
2749 1193 2861 1261 (3'2)
2911 1195 3086 1250 etiam
3132 1195 3463 1265 refugienti.
3512 1197 3624 1272 Ego
3664 1201 3784 1256 enim

2191 1279 2456 1334 sciebam
2485 1281 2641 1352 quod
2674 1297 2790 1336 non
2822 1298 2980 1338 eram
3011 1284 3229 1356 dignus
3269 1287 3463 1341 vocari
3491 1288 3789 1361 episcopus;

2190 1369 2468 1440 quoniam
2490 1369 2768 1425 dederam
2806 1388 2899 1427 me
2921 1374 3147 1428 saeculo
3185 1374 3357 1429 huic:
3407 1375 3506 1431 sed
3532 1377 3697 1449 gratia
3718 1382 3789 1434 tua

2192 1459 2510 1529 sum'quod
2543 1475 2696 1514 sum.
2732 1459 2801 1514 Et
2831 1477 2964 1516 sum
3003 1463 3240 1534 quidem
3292 1465 3556 1521 minimus
3584 1466 3793 1521 omnium

2191 1538 2609 1618 epise0poru‘m
2631 1551 2688 1603 et
2708 1548 2947 1604 intimus
2989 1551 3198 1606 merito
3225 1567 3240 1619 ;
3274 1555 3462 1608 tamen
3491 1553 3614 1625 quia
3640 1557 3690 1609 et
3708 1570 3797 1627 ego

2191 1634 2457 1691 laborem
2483 1636 2738 1708 aliquem
2767 1654 2873 1708 pro
2904 1644 3110 1694 sancta
3145 1640 3416 1695 Ecclesia
3461 1645 3552 1698 tua
3580 1644 3796 1714 suscepi,

2193 1723 2351 1779 hunc
2371 1725 2623 1781 fructum
2657 1729 2841 1798 tuere,
2880 1744 2953 1784 ne
2986 1744 3160 1800 quem
3195 1731 3480 1801 perditum
3527 1733 3726 1787 vocasti
3749 1733 3802 1787 ad

2193 1815 2611 1884 sacerdotium,
2644 1832 2777 1871 eum
2823 1818 3196 1873 sacerdotem
3240 1820 3434 1890 perire
3477 1820 3712 1892 patiaris.
3739 1823 3803 1876 Ac

412 1905 758 1978 eligeretur,
782 1920 917 1976 quae
934 1904 1110 1960 nobis
1144 1907 1314 1978 partu
1334 1906 1574 1977 proprio
1610 1906 1914 1962 Christum
1946 1907 2084 1962 ede-
2115 1926 2170 1992 Β
2192 1904 2445 1992 primum
2476 1905 2550 1959 da
2580 1908 2641 1960 ut
2669 1906 2986 1961 condolcre
3011 1907 3203 1962 norim
3234 1908 3344 1977 (33)
3378 1910 3730 1982 peccantibus
3743 1908 3807 1963 al-

412 1997 521 2052 ret.
555 1992 693 2050 Ideo
724 1996 783 2050 et
809 1995 922 2050 ista
954 1994 1015 2049 in
1046 1994 1371 2067 Evangelio
1400 1994 1758 2066 praedicatur
1779 1996 2009 2052 mulier.
2125 1991 2132 1992 “
2194 1991 2569 2049 fectuintimo
2595 2009 2610 2064 ;
2643 1994 2772 2050 haec
2806 1995 2961 2051 enim
2993 2013 3223 2052 summa
3260 1997 3472 2067 virtus,
3505 1997 3631 2070 quia
3659 1996 3807 2067 scrip.

482 2083 571 2140 70.
604 2083 825 2139 Tamen
852 2083 907 2139 si
937 2084 1090 2139 hanc
1139 2100 1377 2156 aequare
1425 2100 1544 2140 non
1573 2100 1921 2156 possumus,
1972 2085 2087 2141 scit
2192 2084 2315 2137 tum
2342 2085 2469 2138 est:
2503 2083 2584 2139 Et
2622 2100 2732 2140 non
2771 2084 3064 2156 gaudebis
3098 2100 3280 2158 super
3317 2085 3470 2142 filios
3488 2085 3628 2142 δυάδι
3658 2086 3711 2141 in
3737 2085 3811 2140 die

414 2173 701 2230 Dominus
732 2173 915 2230 Jesus
947 2176 1003 2229 et
1033 2173 1284 2229 infirmis
1316 2172 1660 2243 subvenire,
1692 2173 1796 2229 ubi
1839 2189 1961 2230 non
1992 2178 2086 2231 est
2186 2171 2553 2244 perditionis
2582 2189 2800 2238 eorum,
2838 2180 2897 2229 et
2934 2190 3005 2230 ne
3034 2192 3244 2247 magna
3268 2176 3527 2249 loquaris
3552 2177 3610 2230 in
3629 2174 3716 2231 die
3731 2176 3816 2228 tri-

413 2263 759 2336 quaepossit
778 2278 986 2335 parare
1008 2262 1366 2331 convivium,
1394 2279 1528 2335 quae
1569 2262 1803 2321 deferre
1825 2273 2090 2336 unguen-
2194 2259 2519 2316 bulationis
2574 2277 2774 2317 eorum
2827 2262 3012 2331 (ΑΜ.
3069 2264 3195 2331 l2):
3242 2265 3352 2320 sed
3399 2264 3815 2337 quotiescunque

414 2355 536 2411 tum
566 2350 759 2424 (Joan.
794 2369 897 2421 xu,
930 2352 1007 2422 Ἴ),
1040 2368 1174 2424 quae
1222 2352 1446 2408 fontem
1474 2368 1645 2425 aqua;
1693 2351 1847 2410 vivae
1877 2370 2086 2410 secum
2193 2352 2497 2421 peccatum
2528 2350 2785 2423 alicujus
2816 2352 2969 2424 lapsi
3000 2355 3336 2424 exponitur,
3372 2353 3705 2424 compatiar:
3732 2368 3815 2407 nec

413 2444 671 2514 portare.
704 2440 878 2497 Venit
903 2441 1034 2513 ipse
1063 2440 1137 2496 ad
1164 2441 1568 2512 sepulchrum.
2195 2439 2452 2509 superbe
2480 2439 2801 2511 increpem,
2835 2442 2942 2498 sed
2972 2442 3207 2513 lugeam
3239 2448 3297 2497 et
3332 2443 3594 2511 deﬂeam,
3625 2444 3683 2497 ut
3708 2440 3818 2496 dum

483 2528 573 2585 “lt.
598 2528 837 2585 Utinam
863 2545 1009 2603 ergo
1030 2529 1104 2585 ad
1139 2530 1253 2586 hoc
1289 2535 1732 2589 monumentum
1768 2548 1964 2589 meum
1994 2533 2086 2589 di-
2195 2527 2373 2582 alium
2404 2529 2535 2598 fleo,
2593 2545 2684 2585 me
2714 2531 2911 2600 ipsum
2967 2531 3213 2587 deﬂeam
3258 2532 3505 2587 dicens:
3564 2529 3819 2587 Justiﬁca—

415 2619 624 2692 gnaris
654 2618 941 2675 accedere
991 2619 1181 2689 (Joan.
1214 2637 1295 2690 vi,
1328 2620 1441 2691 34),
1495 2621 1743 2678 Domine
1771 2622 1937 2691 Jesu,
1968 2622 2088 2678 tuis
2197 2624 2254 2672 ta
2311 2623 2403 2673 est
2446 2619 2638 2691 magis
2693 2617 2962 2689 Thamar,
3015 2636 3181 2693 quam
3233 2636 3346 2693 ego
3394 2620 3563 2689 (Gen.
3612 2634 3819 2686 xxxviii,

412 2724 509 2767 me
529 2706 807 2780 lac'rymis
836 2707 1024 2776 laves,
1058 2709 1336 2780 quoniam
1355 2710 1699 2767 durioribus
1739 2711 1935 2767 oculis
1967 2727 2086 2767 non
2195 2706 2312 2775 26).
3808 2712 3811 2713 ⁷

413 2797 606 2855 habeo
636 2800 830 2854 tantas
858 2794 1174 2875 lacrymas,
1216 2802 1281 2854 ut
1327 2800 1560 2873 possim
1591 2816 1718 2857 mea
1762 2800 1961 2857 lavare
1993 2802 2088 2857 de-

413 2887 551 2945 licta
569 2888 598 2943 ?
627 2886 689 2943 Si
712 2887 1179 2958 illacrymaveris
1201 2905 1309 2960 pro
1346 2905 1459 2958 me,
1502 2890 1708 2947 salvus
1732 2906 1873 2961 ero;
1909 2892 1963 2946 si
1995 2891 2087 2946 di-

412 2991 571 3049 gnus
618 2975 788 3031 fuero
834 2975 1114 3048 lacrymis
1152 2978 1293 3043 tuis,
1339 2978 1586 3035 fetorem
1635 2980 1922 3053 abstergo
1967 2980 2085 3050 (30)
2195 2974 2554 3046 praecipitata
2585 2975 2696 3044 sit;
2750 2991 3068 3048 peccamus
3115 2981 3170 3031 et
3203 2978 3503 3034 seniores.
3555 2974 3822 3047 Repugnat

412 3064 763 3121 delictorum
791 3065 1074 3137 omnium)
1104 3066 1155 3121 si
1208 3066 1375 3123 fuero
1424 3067 1645 3142 dignus
1672 3071 1733 3124 ut
1782 3069 2090 3140 paulisper
2197 3063 2255 3118 in
2288 3063 2462 3119 nobis
2492 3063 2589 3119 lex
2619 3065 2802 3138 hujus
2854 3066 3075 3134 carnis,
3110 3067 3230 3138 legi
3282 3067 3499 3123 mentis
3542 3067 3761 3132 nostrae,
3788 3065 3833 3116 el

411 3154 771 3226 illacrymes,
794 3154 1043 3210 vocabis
1066 3171 1160 3211 me
1181 3156 1254 3212 de
1276 3161 1655 3214 monumento
1678 3158 1860 3230 hujus
1880 3174 2090 3230 corpo-
2198 3154 2461 3225 captivos
2494 3168 2605 3209 nos
2639 3156 2813 3211 trahit
2844 3156 2901 3210 in
2932 3159 3259 3227 peccatum,
3298 3160 3363 3211 ut
3394 3156 3672 3211 faciamus
3699 3150 3828 3224 quod

410 3244 520 3315 ris,
571 3247 631 3301 et
672 3243 879 3300 dices:
929 3243 1044 3301 Exi
1073 3243 1236 3301 foras
1284 3245 1464 3315 (Ibid.
1511 3247 1625 3317 43),
1660 3250 1722 3303 ut
1769 3264 1887 3304 non
1937 3249 2087 3303 intra
2116 3289 2179 3317 ,η
2199 3242 2678 3313 nolumus(Rom.
2705 3261 2803 3314 vu,
2830 3245 2916 3312 19,
2939 3246 3048 3310 ‘23).
3082 3245 3169 3299 llli
3201 3246 3274 3300 de
3301 3250 3473 3300 actate
3502 3242 3834 3315 suppetitex-

414 3334 684 3407 corporis
704 3332 888 3406 hujus
905 3334 1216 3408 angustias
1243 3334 1492 3392 inclusae
1515 3339 1827 3392 teneantur
1861 3338 2090 3410 cogita-
2129 3331 2449 3401 νουδαῑίο,
2491 3333 2633 3388 mihi
2661 3333 2784 3403 jam
2828 3334 3021 3390 ιὶιιιιθε
3057 3335 3157 3389 illa
3208 3335 3373 3389 enim
3417 3333 3591 3390 debet
3617 3331 3832 3395 discere,

411 3424 608 3479 tiones
639 3439 807 3490 meae,
862 3423 970 3488 sed
999 3423 1385 3496 egrediantur
1411 3426 1484 3479 ad
1535 3424 1858 3495 Christum,
1910 3427 1968 3481 in
2002 3428 2087 3483 lu-
2200 3438 2311 3478 nos
2342 3423 2575 3477 docere.
2630 3423 2791 3496 Ergo
2825 3422 3161 3497 justiﬁcata
3214 3430 3309 3479 est
3364 3424 3553 3496 magis
3599 3419 3832 3487 Thamar,

413 3512 571 3571 mine
591 3514 908 3568 versentur
934 3527 948 3580 ;
980 3514 1042 3566 ut
1060 3528 1178 3568 non
1200 3514 1454 3586 cogitem
1473 3528 1653 3586 opera
1689 3514 2088 3585 tenebrarum,
2203 3528 2369 3585 quam
2392 3528 2521 3583 ego.

412 3591 564 3658 432
595 3600 704 3658 sed
742 3616 922 3672 opera
959 3600 1133 3667 lucis.
1178 3601 1286 3667 Qui
1337 3602 1496 3658 enim
1534 3607 1841 3674 peccatum
1872 3606 2094 3678 cogitat
2269 3601 2359 3657 '75.
2392 3601 2741 3658 Incusamus
2796 3601 3053 3675 alicujus
3111 3603 3448 3671 avaritiam,
3499 3598 3835 3657 recordemur

415 3689 567 3754 intra
583 3704 755 3745 suam
792 3689 1241 3760 conscientiam,
1279 3691 1477 3747 studet
1506 3708 1576 3748 se
1607 3694 1736 3765 ipse
1766 3694 2090 3751 includere.
2202 3691 2257 3745 si
2279 3690 2421 3745 nihil
2444 3691 2561 3761 ipsi
2581 3706 2754 3746 avare
2791 3691 3074 3748 fecimus:
3112 3694 3170 3747 et
3200 3692 3251 3746 si
3293 3692 3567 3760 fecimus,
3600 3687 3838 3761 quoniam

485 3779 575 3835 72.
609 3778 771 3836 Voca
811 3772 958 3852 ergo
990 3777 1173 3843 foras,
1205 3794 1451 3836 servum
1482 3784 1666 3837 tuum.
1709 3781 1991 3848 Quamvis
2021 3784 2096 3838 li-
2203 3779 2373 3834 radix
2408 3782 2499 3835 est
2546 3780 2833 3857 malorum
2871 3780 3113 3836 avaritia
3150 3780 3203 3849 (l
3230 3781 3395 3858 Tim.
3419 3797 3500 3851 vr,
3526 3778 3631 3851 l0),
3659 3779 3710 3833 et
3735 3778 3835 3829 tanc

414 3866 867 3941 gatusvinculis
888 3871 1269 3938 peccatorum
1284 3860 1823 3941 meorum,vinctos
1847 3873 2097 3929 habeam
2206 3884 2384 3941 quam
2413 3869 2525 3925 sub
2557 3872 2713 3925 terra
2761 3870 2991 3926 occulte
3036 3870 3096 3926 in
3135 3873 3347 3926 nostro
3378 3869 3564 3940 serpit
3610 3876 3840 3936 corpore,

417 3954 624 4029 pedes,
647 3956 900 4012 innexus
918 3972 1150 4028 manus,
1174 3961 1232 4013 et
1250 3959 1783 4032 cogitationibusct
1808 3962 2096 4033 operibus
2209 3958 2474 4013 dicamus
2524 3958 2777 4032 singuli:
2827 3958 3157 4014 .lustilieata
3214 3966 3310 4016 est
3367 3959 3558 4031 magis
3606 3955 3837 4015 Thalnar,

411 4046 669 4103 mortuis
702 4043 830 4117 jam
867 4045 1138 4117 sepultus
1164 4063 1179 4117 ;
1220 4050 1279 4102 te
1306 4052 1578 4119 vocante,
1610 4050 1763 4106 liber
1792 4050 2085 4125 egrediar,
2213 4063 2379 4121 quam
2410 4064 2537 4121 ego.

419 4139 479 4192 et
504 4135 776 4192 inveniar
804 4150 960 4190 unus
1017 4135 1089 4191 de
1147 4135 1664 4194 discumbentibus
1713 4140 1772 4195 in
1818 4141 2091 4197 convivio
2291 4127 2442 4193 433
2470 4136 2557 4192 ⁵76.
2616 4136 2677 4192 Si
2733 4138 3005 4193 commoti
3065 4138 3358 4194 fuerimus
3417 4138 3477 4193 in
3533 4143 3841 4208 quemquam

418 4228 539 4291 tuo,
572 4226 631 4281 et
658 4224 873 4280 domus
917 4226 1017 4279 tua
1066 4225 1330 4296 pretioso
1377 4226 1704 4299 replebitur
1748 4234 2097 4301 unguento;
2214 4227 2496 4299 graviter,
2524 4226 2807 4282 leviorem
2836 4243 3076 4283 causam
3108 4228 3299 4283 laicus
3333 4228 3514 4284 habet
3551 4238 3714 4298 quam
3739 4218 3843 4293 epi-

410 4303 1046 4411 ‘siquidem'redimere
1062 4314 1340 4389 dignatus
1356 4332 1446 4389 es,
1471 4317 2108 4385 custodieris.Dieetur
2214 4331 2457 4387 scopus,
2517 4332 2588 4371 eo
2632 4316 2791 4388 quod
2834 4322 3166 4372 commotua
3213 4318 3412 4392 egerit
3454 4316 3570 4388 (34)
3621 4306 3844 4382 aliquid;

2264 2795 2352 2851 7t.
2387 2795 2668 2853 Fortasse
2727 2797 3170 2855 adulescentula
3215 2800 3387 2870 lapsa
3442 2799 3537 2869 sit,
3594 2796 3823 2853 occasio-

2196 2885 2373 2940 nibus
2428 2901 2561 2957 quae
2610 2886 2958 2942 delictorum
3024 2887 3259 2944 fomites
3293 2892 3456 2959 sunt,
3516 2888 3738 2958 decepta
3772 2900 3828 2938 ac

2284 4461 2312 4531 (
2310 4460 2400 4530 31)
2421 4458 2586 4526 Quod
2606 4459 2687 4514 ait
2704 4459 3058 4515 Ambrosius
3084 4478 3095 4514 :
3132 4459 3264 4514 Non
3296 4459 3590 4515 Ecclesiae
3604 4451 3845 4531 nutritus

416 4470 607 4545 astam
633 4476 873 4545 aequare
889 4452 1153 4545 possum.
1188 4460 1356 4545 liand
1370 4461 1613 4544 quidem
1629 4462 1801 4545 male,
1835 4463 1925 4545 sic
1947 4464 2106 4520 enim
2261 4460 2400 4542 _(31)
2421 4458 2586 4526 Quod
2600 4459 2687 4543 ait
2704 4459 3058 4545 Ambrosius
3084 4478 3095 4514 :
3132 4459 3219 4544 No
3231 4478 3264 4514 η
3296 4452 3809 4545 [Icelesiae‘nutfilf

2213 4525 2536 4603 sinu,vcave
2561 4532 2649 4585 sic
2671 4530 2989 4603 intelligas,
3029 4532 3201 4603 quasi
3232 4548 3302 4585 se
3346 4527 3659 4603 aliquando
3687 4525 3774 4603 aut
3796 4525 3844 4572 in

418 4566 457 4621 ρ
484 4536 615 4592 viro
647 4532 854 4590 sancto
885 4532 1151 4589 instituta
1182 4532 1254 4587 de
1278 4549 1345 4587 se
1368 4532 1498 4603 ipso
1521 4534 1705 4591 oratio
1727 4550 1845 4590 non
1868 4534 2104 4590 abrum-
2213 4533 2367 4614 sinu,
2394 4548 2536 4587 cave
2561 4532 2649 4585 sic
2671 4532 2989 4614 intelligas,
3029 4532 3201 4614 quasi
3232 4548 3302 4585 se
3346 4532 3659 4610 aliquando
3687 4532 3774 4605 au}
3796 4534 3844 4572 ιιι

459 4605 943 4679 ἱιιιιιλειυωᾉῆηΐιιδ
974 4620 1210 4679 quoque
1242 4605 1516 4679 pluribus
1548 4606 1750 4661 verbis
1779 4621 1884 4677 per
1935 4623 2105 4662 sum-
2136 4649 2193 4679 ἢ
2213 4602 2674 4670 idololatrarum,
2716 4607 2835 4679 aut
2890 4603 3410 4679 in‘hmreticorum
3472 4597 3844 4679 schismattcoj

421 4649 1419 4750 main,h‘uumilitatemi‘coatinugatur.
1590 4649 1750 4661 vum
1781 4649 1814 4677 τ
1975 4649 2073 4662 an
2134 4649 2417 4750 l’rumve
2475 4678 2628 4750 coetu
2660 4649 2900 4728 'vixisse
2948 4674 3212 4750 fateatur.
3263 4674 3423 4750 illud
3465 4668 3843 4750 enimdanlugn

493 4749 607 4818 (28;-
636 4749 857 4804 Omnes
905 4748 1066 4817 edit.,
1115 4748 1238 4803 nisi
1276 4753 1336 4803 ut
1364 4749 1696 4804 movearis.
1725 4790 1738 4803 .
1767 4790 1780 4806 .
1817 4750 1892 4805 ad
1923 4749 2101 4805 obse-
2210 4746 2416 4817 innuit,
2449 4762 2516 4802 se
2546 4747 2704 4818 inter,
2740 4761 2847 4818 eos
2875 4746 2977 4818 qui
3026 4745 3301 4818 destinati
3353 4744 3428 4818 ad
3476 4743 3670 4818 altaris
3697 4743 3842 4792 mint-

426 4814 706 4891 erandem
738 4814 1197 4891 indulgentiam:
1231 4836 1263 4874 e
1295 4820 1590 4876 contrario
1621 4834 1829 4877 omnes
1861 4836 2008 4877 mss.
2039 4825 2103 4877 ut
2210 4814 2456 4891 sterium
2487 4834 2518 4870 a
2543 4817 2788 4891 pueritia
2821 4814 2912 4891 in“
2927 4816 3195 4871 Ecclesia
3245 4814 3715 4891 instituebantur,
3743 4819 3838 4886 non

428 4904 539 4944 nos
569 4890 629 4944 in
668 4893 850 4946 textu.
902 4880 930 4891 “’
2207 4888 2398 4943 fuisse
2429 4880 2729 4943 nutritum.
2764 4888 2846 4942 De
2878 4888 2987 4942 hac
3020 4904 3194 4958 porro
3226 4900 3551 4958 puerorum
3587 4880 3839 4958 ecclesfa;

497 4961 611 5035 (29)
642 4959 776 5016 Edit
804 4945 1111 5035 omnesne
1140 4979 1288 5018 mss.
1321 4962 1561 5035 aliquot,
1584 4963 1751 5018 bonae
1781 4978 2098 5019 eonversa-
2207 4959 2356 5035 stica
2403 4959 2768 5035 institutione
2813 4959 2906 5013 adi
2958 4945 3131 5035 epist:
3185 4945 3463 5035 {Siricii
3514 4969 3638 5035 cap.
3668 4950 3700 5005 2
3727 4945 3841 5035 et?!

428 5032 646 5103 tionis:
682 5031 903 5103 caeteri,
934 5034 1034 5103 qui
1064 5037 1122 5088 et
1151 5031 1436 5103 potiores,
1459 5031 1628 5089 boum
1657 5035 2094 5092 conversionis.

428 5101 620 5174 Magis
642 5101 970 5177 apposite;
1002 5107 1065 5158 ut
1093 5101 1432 5175 subjectum
1480 5106 1819 5177 paenitentis
1854 5106 2097 5163 Davidis

427 5173 758 5245 exemplum
793 5173 983 5228 docet.

497 5246 709 5322 (30)_Ila
758 5247 985 5322 cunctas
1007 5245 1144 5322 edit.
1191 5262 1259 5300 ac
1291 5246 1492 5322 plures
1535 5264 1687 5322 mss.
1726 5249 1816 5304 Ex
1846 5249 2095 5322 reliquis

425 5332 570 5372 vero
601 5316 717 5372 duo
744 5316 997 5393 _legunt,_
1041 5315 1388 5393 absterges;
1423 5319 1578 5393 (duo,
1626 5319 1947 5393 absterge;
1976 5315 2094 5375 'alii

426 5404 680 5462 quoque
728 5387 867 5462 duo,
934 5387 1358 5462 abstergebis;
1414 5388 1676 5462 totidem,
1727 5387 2092 5462 obsiet-gem,

426 5457 724 5543 quomodo
756 5458 930 5514 etiam
960 5457 1820 5543 legendum‘conji.cit.l.atinus.
1850 5457 2093 5543 Atiorte

425 5530 619 5603 neque
649 5531 746 5586 hic
769 5545 961 5601 neque
991 5530 1086 5584 alii
1118 5545 1150 5584 a
1182 5530 1399 5601 quibus
1450 5530 1791 5600 hujusmodi
1825 5535 2093 5589 mutatio-

425 5619 534 5675 nes
562 5603 819 5658 inductze
848 5606 1005 5671 sunt,
1038 5602 1186 5656 satis
1217 5600 1597 5675 adverterunt
1638 5602 1780 5657 nihil
1816 5604 2091 5675 frequen-

424 5674 543 5729 tius
575 5675 979 5746 occurrerein
1006 5673 1371 5746 auctoribus,
1404 5688 1579 5746 quam
1611 5673 2091 5745 praecentia‘tem-

424 5760 569 5818 pora
596 5759 704 5820 pro
733 5744 967 5804 futuris.
1021 5796 1027 5801 .
1358 5744 1364 5746 ⁷
1424 5744 1440 5746 “
1614 5744 1621 5795 ζ

2206 5031 2342 5085 item
2367 5047 2533 5086 conc.
2558 5030 2755 5084 Carth.
2792 5047 2853 5084 ιιι
2887 5025 3017 5083 (ιυηῖ
3072 5029 3151 5093 l9,
3190 5029 3502 5083 Paulinum
3537 5025 3843 5097 episcopum

2204 5102 2277 5158 de
2307 5108 2512 5157 sancto
2551 5102 2743 5156 Felice
2794 5118 2973 5155 carm.
3009 5102 3059 5165 -t,
3117 5101 3427 5173 Paulinum
3472 5098 3760 5173 diaconum
3795 5102 3841 5138 In

2206 5174 2507 5246 Ambrosii
2529 5174 2654 5246 Vita
2677 5174 2839 5246 dese
2870 5173 3244 5246 loquentem:
3281 5168 3840 5246 AinbrosiumiipS-uln

2203 5245 2263 5299 in
2286 5245 2542 5308 Exlwrt.
2593 5244 2817 5318 Virqin.
2854 5244 2925 5298 de
2950 5235 3296 5312 'l.aurcnlio,
3331 5246 3510 5312 atque
3540 5235 3669 5292 alibi
3694 5249 3706 5301 ;
3736 5235 3839 5285 Αυο

2203 5318 2531 5389 gustinum.
2604 5387 2625 5389 A
3002 5386 3013 5389 _
3112 5386 3123 5389 _
3659 5383 3667 5389 Α
3719 5374 3747 5389 Ι,
3784 5369 3817 5389 η

2272 5388 2385 5455 (3:2)
2417 5388 2559 5443 Cod.
2603 5387 2770 5452 Ben.,
2807 5386 3036 5441 custodi
3084 5386 3334 5449 domum,
3389 5400 3516 5456 quae
3542 5374 3834 5457 contulisti.

2272 5452 2384 5528 (33)
2415 5459 2633 5513 Omnes
2669 5459 2807 5512 edit.
2860 5473 2928 5510 ac
2980 5474 3126 5510 mss.
3176 5452 3415 5528 duobus
3463 5452 3733 5528 esceptiS,
3787 5456 3841 5518 c7}!

2195 5523 2452 5601 primum
2486 5537 2545 5583 ut
2578 5528 2893 5601 condolere
2930 5529 3137 5601 norim.
3172 5527 3315 5601 Col.
3352 5523 3838 5601 Laudun.‘,ac_pt’l:

2201 5597 2350 5655 nium
2383 5608 2441 5655 ut
2484 5600 2950 5655 condoleremus.
3000 5600 3227 5669 Optime
3273 5600 3473 5652 Germ.
3514 5597 3742 5662 antiqui.
3785 5597 3841 5634 ⁸ο

2193 5672 2451 5744 primum
2480 5671 2575 5740 da.
2610 5677 2722 5744 etc.
3153 5741 3164 5744 ,
3440 5737 3478 5744 ,,

2268 5741 2381 5813 (3t)
2406 5731 2688 5800 Nonnulli
2716 5758 2885 5811 mss.,
2917 5757 2984 5806 eo
3014 5741 3165 5815 quod
3191 5737 3550 5799 commodius
3574 5731 3777 5811 egerit.
