4024 6176
209 324 308 426 5.37

1393 307 1504 391 DE
1546 303 2092 398 PQENITENTIA
2135 304 2287 386 μβ.
2334 307 2412 387 Ii:

3491 306 3659 411 538.

203 542 562 616 retractemus
583 551 914 629 nobiscum,
939 559 995 613 et
1014 551 1315 613 dicamus:
1349 553 1715 612 Justiticatus
1747 559 1840 612 est
2004 553 2292 629 junctam,
2325 553 2468 629 vitia
2499 551 2764 629 ejusdem
2795 549 3187 629 liberalitatis
3207 546 3483 629 nonnulla
3516 561 3610 629 re-

195 649 366 720 magis
395 647 530 717 iste,
565 648 661 719 qui
715 647 1126 705 commotionis
1171 647 1460 719 arguitur,
1494 663 1668 719 quam
1700 661 1833 719 ego.

191 739 318 792 Haec
349 737 508 792 enim
538 737 591 792 si
621 737 908 806 dicamus,
932 737 1043 808 ipsi
1067 736 1242 791 nobis
1267 751 1566 806 cavemus,
1593 752 1666 792 ne
1685 736 1839 790 dicat

188 828 348 883 nobis
377 827 662 881 Dominus
697 827 897 894 Jesus,
948 829 1047 882 aut
1076 826 1390 898 quisquam
1420 826 1492 881 de
1525 825 1836 896 discipulis

186 917 347 989 ejus:
379 917 694 971 Festueam
725 917 788 970 in
821 916 983 971 oculo
1013 915 1230 970 fratris
1259 917 1346 970 tui
1382 915 1570 985 vides,
1607 915 1838 971 trabem

184 1012 364 1061 autem
398 1022 525 1079 quae
545 1007 606 1060 iu
639 1005 801 1060 oculo
825 1011 919 1060 tuo
951 1011 1061 1071 est,
1105 1022 1217 1060 non
1259 1005 1443 1061 vides.
1485 1004 1834 1078 Hypoerita,

184 1096 325 1170 ejice
350 1095 608 1168 primum
641 1095 872 1150 trabem
894 1093 969 1150 de
997 1092 1160 1150 oculo
1192 1099 1306 1164 tuo,
1340 1101 1399 1150 et
1429 1100 1566 1149 tunc
1604 1093 1840 1150 videbis

183 1185 398 1256 ejicere
429 1184 721 1240 festucam
770 1184 844 1240 de
894 1183 1056 1240 oculo
1101 1184 1320 1240 fratris
1351 1184 1436 1240 tui
1462 1181 1700 1255 (Matth.
1733 1199 1834 1254 vn,

177 1272 305 1334 3-5).

243 1358 328 1419 Ἠ.
364 1358 502 1419 Non
524 1372 669 1438 ergo
700 1356 1125 1422 erubescamus
1149 1359 1344 1421 dicere
1377 1359 1712 1439 graviorem
1742 1377 1840 1419 no-

181 1455 352 1507 stram
393 1452 630 1525 culpam
670 1467 829 1523 esse,
864 1468 1039 1526 quam
1078 1452 1211 1528 ejus
1254 1468 1428 1527 quem
1467 1450 1836 1528 urguendum

179 1545 464 1614 putamus,
501 1545 640 1616 quia
680 1542 825 1599 dixit
864 1545 976 1600 hoc
1017 1542 1200 1600 Judas
1233 1547 1333 1617 qui
1369 1545 1657 1618 arguebat
1693 1542 1840 1598 Tha-

178 1648 310 1701 mar,
351 1636 408 1687 et
449 1633 798 1689 recordatus
839 1649 1006 1688 suam
1047 1635 1175 1705 ipse
1216 1635 1466 1706 culpam,
1509 1635 1616 1688 ait:
1661 1627 1840 1688 Justi-

176 1720 294 1776 cata
335 1728 429 1776 est
475 1724 670 1796 magis
708 1719 978 1791 Thamar,
1023 1737 1188 1796 quam
1223 1741 1330 1796 ego
1368 1720 1540 1794 (Gen.
1584 1732 1833 1792 xxan,

179 1805 279 1878 ‘26).
334 1811 397 1865 In
449 1823 570 1884 quo
629 1816 684 1867 et
737 1807 976 1870 altitudo
1036 1813 1303 1884 mysterii
1355 1815 1465 1883 est,
1519 1816 1576 1867 et
1614 1809 1833 1867 morale

179 1905 576 1973 praeceptum:
634 1905 690 1957 et
740 1901 872 1957 ideo
934 1900 1122 1974 culpae
1171 1901 1305 1975 ejus
1355 1900 1691 1974 deputatum
1721 1916 1838 1955 non
1871 1919 1918 1982 Β

177 1996 281 2062 est,
321 1992 461 2065 quia
502 1993 637 2064 ipse
677 2008 744 2048 se
793 1993 1094 2048 accusavit
1149 1992 1336 2064 prius,
1379 2007 1553 2064 quam
1591 1991 1664 2047 ab
1704 1987 1836 2044 aliis

178 2087 578 2138 accusaretur.
1081 2080 1102 2102 ‘

240 2171 325 2226 '78.
357 2172 495 2228 Non
537 2189 683 2245 ergo
707 2173 1070 2245 gaudeamus
1092 2188 1276 2246 super
1295 2168 1548 2246 alicujus
1571 2175 1832 2244 peccato,

179 2263 276 2316 sed
316 2263 514 2334 magis
557 2257 888 2335 lugeamus,
930 2259 1067 2335 quia
1097 2257 1381 2334 scriptum
1412 2261 1702 2319 θείεΝοΙί
1737 2278 1838 2316 su-

174 2353 546 2423 pergaudere
582 2348 748 2421 milii,
769 2353 1010 2407 inimica
1029 2369 1176 2420 mea,
1204 2368 1335 2425 qma
1358 2349 1549 2406 cecidi
1573 2370 1588 2405 :
1621 2349 1732 2407 sed
1751 2367 1844 2406 re-

179 2457 427 2512 surgam,
466 2443 741 2514 quoniam
783 2443 840 2496 si
883 2442 1099 2497 sedero
1128 2442 1190 2496 in
1231 2440 1523 2511 tenebris,
1559 2441 1843 2496 Dominus

180 2529 535 2586 illuminabit
548 2547 662 2586 me.
685 2530 840 2585 Iram
859 2530 1094 2586 Domini
1104 2532 1432 2602 sustinebo,
1451 2531 1582 2605 quia
1594 2547 1774 2603 pecea
1785 2530 1844 2585 vi

181 2619 248 2687 ei,
271 2619 766 2692 donecjustificet
785 2637 1016 2676 causam
1039 2637 1241 2688 meam,
1267 2629 1325 2676 et
1356 2621 1535 2676 faciat
1548 2620 1840 2693 judicium

181 2725 376 2778 meum,
413 2715 473 2764 et
506 2709 719 2764 educat
751 2726 842 2766 me
863 2709 938 2765 ad
964 2708 1178 2776 lumen,
1215 2714 1273 2766 et
1310 2707 1522 2765 videbo
1539 2710 1842 2783 justitiam

181 2799 336 2869 ejus:
370 2804 428 2854 et
479 2795 711 2855 videbit
735 2799 971 2856 inimica
1004 2817 1152 2870 mea,
1179 2804 1236 2855 et
1258 2799 1631 2874 coeperietur
1651 2799 1844 2856 confu-

183 2888 354 2956 sione,
382 2907 514 2962 quze
535 2889 684 2944 dicit
707 2890 783 2944 ad
802 2905 894 2945 me
909 2911 924 2943 :
951 2889 1067 2945 Ubi
1088 2898 1177 2946 est
1199 2891 1482 2947 Dominus
1499 2891 1846 2946 Deustuus?

186 2978 339 3046 Oculi
369 2980 492 3035 mei
531 2978 817 3033 videbunt
846 2996 992 3048 eam,
1030 2986 1088 3034 et
1119 2982 1237 3036 erit
1256 2980 1316 3036 in
1349 2981 1843 3036 conculcationem

183 3068 322 3123 sicut
351 3069 541 3124 lutum
577 3070 636 3123 in
685 3069 777 3123 via
826 3069 1032 3141 (.«llieh.
1084 3087 1182 3138 vn,
1229 3068 1306 3141 8).
1355 3071 1479 3126 Nec
1527 3071 1840 3141 immerito,

182 3160 445 3229 quoniam
496 3159 602 3230 qui
655 3159 825 3229 lapsu
875 3159 1067 3214 alieno
1113 3161 1328 3232 gaudet
1375 3161 1596 3216 diaboli
1627 3162 1844 3234 gaudet

185 3248 436 3304 victoria.
495 3249 570 3302 Et
618 3248 750 3303 ideo
799 3248 1105 3304 doleamus
1154 3251 1347 3319 magis
1398 3267 1531 3305 cum
1571 3251 1842 3306 audimus

183 3339 400 3407 perisse
443 3338 768 3406 hominem,
804 3355 909 3408 pro
949 3355 1066 3410 quo
1105 3339 1379 3394 Christus
1421 3344 1688 3396 mortuus
1731 3345 1840 3411 est,

183 3427 268 3498 qui
299 3443 406 3482 nec
447 3429 510 3483 in
556 3443 753 3482 messe
794 3428 1068 3499 stipulam
1108 3429 1375 3502 negligit.

246 3518 328 3572 '79.
372 3521 573 3590 Atque
611 3517 833 3572 utinam
872 3518 1023 3573 hanc
1064 3518 1339 3590 stipulam
1377 3519 1438 3574 in
1479 3535 1698 3591 messe,
1731 3520 1845 3576 hoc

186 3610 266 3661 est
302 3609 544 3663 inanem
582 3623 830 3662 avenam
870 3607 1097 3663 fructus
1139 3609 1252 3663 mei
1284 3624 1402 3664 non
1440 3608 1701 3682 abjiciat,
1736 3609 1845 3665 sed

187 3696 432 3770 colligat,
477 3696 642 3752 sicut
679 3697 759 3752 ait
794 3697 1068 3769 quidam:
1122 3697 1250 3753 Heu
1303 3714 1414 3766 me,
1469 3699 1602 3771 quia
1652 3699 1846 3754 factus

189 3800 300 3839 sum
331 3787 488 3841 sicut
524 3786 626 3858 qui
655 3786 880 3859 colligit
913 3785 1187 3858 stipulam
1218 3788 1280 3841 in
1322 3803 1537 3851 messe,
1571 3794 1629 3842 et
1673 3805 1847 3844 race-

190 3890 325 3929 mum
368 3877 431 3930 in
488 3875 786 3930 vindemia
814 3875 1021 3946 (Mieb.
1056 3893 1157 3946 vn,
1195 3875 1286 3946 l)l
1338 3879 1399 3932 ut
1430 3876 1521 3932 vel
1552 3877 1848 3948 primitiva

191 3964 487 4019 manducet
530 3965 590 4018 in
631 3979 722 4019 me
762 3966 968 4037 gratiae
1003 3980 1150 4034 suae,
1184 3969 1239 4020 et
1279 3965 1330 4019 si
1370 3967 1698 4038 posteriora
1731 3982 1847 4022 non

191 4054 458 4122 approbet
500 4053 638 4124 (35).

821 4161 1074 4218 CAPUT
1103 4161 1207 4218 1X.

198 4264 304 4330 Quo
343 4276 519 4340 pacto
546 4268 824 4340 Alidesiad
847 4269 1256 4339 paenitentiam
1296 4271 1656 4326 necessaria.
1700 4271 1847 4337 Quot

254 4338 421 4414 etiam
455 4338 740 4414 solvendi
765 4338 1042 4414 subsidia
1080 4343 1284 4413 cuique
1325 4349 1657 4414 suppetant.
1695 4344 1846 4397 Ora-

257 4412 486 4485 tionem,
515 4411 710 4485 ﬂetus
740 4428 807 4466 ae
840 4411 1097 4485 jejunia
1123 4411 1404 4483 pecuniis
1421 4411 1652 4485 potiora
1686 4431 1842 4469 esse.

259 4482 412 4556 Quod
462 4481 575 4556 ubi
617 4481 917 4556 exemplis
950 4481 1342 4556 cenlii‘iiiarit,
1403 4481 1716 4556 additaque
1777 4485 1854 4540 ad

264 4555 484 4609 veniam
502 4554 930 4609 liberalitatem
950 4555 1188 4609 multum
1215 4557 1432 4620 valere,
1443 4557 1552 4611 sed
1566 4554 1706 4612 fidei
1722 4573 1851 4612 eon-

198 4697 483 4771 gustinum
513 4697 666 4771 litui
701 4698 774 4750 (le
808 4697 1082 4771 Moribus
1114 4698 1345 4753 Eecles.
1390 4699 1560 4754 Catb.
1596 4716 1722 4771 cap.
1755 4699 1844 4769 33,

200 4768 246 4816 et
281 4769 444 4840 alios.
491 4769 666 4822 Addit
706 4771 875 4822 etiam
921 4769 1030 4822 hoc
1071 4769 1184 4822 loci
1226 4771 1581 4826 Ambrosius
1620 4768 1845 4840 noster,

203 4838 297 4911 sed
315 4847 516 4911 raptus
538 4858 568 4892 τι
595 4839 1000 4894 tribunalibus
1021 4861 1037 4894 :
1070 4841 1287 4911 quibus
1319 4841 1520 4896 verbis
1543 4843 1715 4896 etiam
1744 4838 1844 4897 lib.

204 4921 215 4955 ι
253 4907 408 4964 orna.
453 4927 582 4980 cap.
641 4912 686 4973 l,
731 4928 888 4965 num.
937 4912 982 4972 i.
1043 4907 1190 4965 usus
1245 4914 1555 4982 reperitur.
1598 4912 1850 4983 Opponit

203 4992 415 5054 quoque
456 4998 572 5036 non
616 4983 850 5051 illepide
890 4983 1208 5052 prmconis,
1251 4984 1351 5054 qui
1400 4983 1710 5038 tumultum
1749 5001 1848 5038 re-

206 5050 441 5130 primere
484 5058 656 5124 atque
710 5050 1062 5130 audientiam
1123 5050 1334 5130 parare
1388 5055 1464 5130 in,
1495 5056 1621 5110 t'oro
1673 5057 1844 5123 solet,

207 5119 577 5195 rlamoribus;
612 5126 934 5195 psalmistsc
981 5119 1232 5194 cantum,
1282 5126 1339 5180 id
1382 5129 1492 5194 est,
1539 5119 1844 5181 cantorum

207 5193 727 5269 g‘ci-lesiasticorum
788 5197 1016 5251 modos.
1077 5193 1230 5251 Infra
1279 5213 1421 5252 vero
1474 5193 1570 5252 ubi
1623 5214 1688 5252 se
1739 5213 1844 5269 pro

212 5259 450 5339 Ecclesia
485 5269 832 5337 suscepisse
863 5269 1151 5339 quosdam
1195 5269 1431 5323 labores
1469 5259 1839 5337 testificatur,

211 5335 488 5399 probabile
546 5335 838 5393 estnihil
882 5335 1049 5395 aliud
1099 5340 1216 5396 nisi
1265 5342 1583 5395 certamina
1643 5335 1845 5396 contra

210 5403 595 5484 {Symmachum
625 5411 1046 5484 aut‘Justinam
1080 5411 1507 5483 imperatricem
1538 5411 1610 5466 ab
1635 5414 1842 5467 eodem

211 5479 330 5558 inita
361 5479 684 5558 designari.
708 5481 850 5558 Quae
888 5481 1124 5558 quidem
1162 5479 1372 5558 :omnia
1415 5484 1569 5558 sicut
1608 5487 1663 5558 et
1693 5485 1841 5538 sub-

215 5546 330 5620 inde
367 5546 628 5620 inspersa
671 5546 1316 5608 intimae'demissionis
1359 5555 1699 5609 testimonia
1728 5557 1840 5608 tam

215 5615 668 5696 Clareauctorem
703 5625 1022 5696 loquuntur
1065 5625 1468 5694 Ambrosium,
1519 5627 1582 5681 ut
1629 5627 1840 5680 mirum

216 5687 455 5766 videatur
480 5695 616 5766 quid
649 5687 1054 5751 sibi-voluerit
1101 5697 1300 5760 Solus,
1345 5687 1482 5751 dum
1531 5697 1606 5752 ob
1639 5698 1841 5753 eadem

219 5763 431 5828 ιιι-ωειλιὶ
461 5763 661 5820 nostro
691 5766 807 5824 hoc
838 5768 1030 5845 ipsum
1061 5783 1212 5840 opus
1241 5767 1626 5841 abjudicavit.

1863 4653 1921 4718 D

2022 622 2284 682 fertilis
2297 625 2444 682 alios
2462 622 2735 699 quosdam
2745 623 3323 699 pufnitentimjungit
3338 622 3609 699 defectus

2023 715 2221 754 eorum
2241 714 2448 770 nempe
2470 695 2571 752 vel
2590 697 2687 821 qui
2697 695 2899 750 statim
2919 695 3302 750 reconciliari
3325 697 3608 775 expetunt

2023 771 2094 821 de
2115 769 2290 821 solito
2311 769 2450 821 luxu
2464 769 2592 821 nibi
2626 769 3022 821 remittentes.
3038 766 3136 821 vel
3147 767 3245 821 arui
3261 771 3604 821 ammtentta

2021 771 2094 825 de
2115 769 2290 824 solito
2311 764 2450 824 luIvu
2464 764 2617 822 nihil
2626 769 3022 831 remittentes,
3038 766 3136 821 vel
3147 767 3245 838 qui
3256 764 3412 838 paeni
3419 764 3604 838 tentia

2019 842 2081 895 in
2099 840 2220 896 sola
2242 838 3123 896 sacramentorumabstinentia
3149 835 3362 902 locant,
3395 835 3606 890 valde-

2017 929 2169 967 mum
2188 912 2286 985 qui
2301 928 2404 984 spe
2419 910 2782 984 paenitentiae
2799 909 3180 966 elfunduntur
3205 908 3266 962 in
3295 906 3602 962 libidines.

2019 1053 2105 1110 80.
2132 1055 2290 1128 Ergo
2309 1052 2670 1128 etagendam
2698 1053 3116 1128 paenitentiam,
3151 1053 3206 1108 et
3237 1048 3605 1106 tribuendam

1945 1145 2179 1200 veniam
2209 1127 2450 1200 credere
2481 1160 2592 1200 nos
2637 1145 2913 1200 convenit
2938 1127 3123 1212 3434
3145 1143 3206 1196 ut
3247 1141 3476 1194 veniam
3521 1142 3608 1193 ta-

1946 1246 2081 1290 men
2109 1231 2384 1306 tanquam
2416 1246 2490 1290 ex
2534 1230 2648 1290 fide
2696 1246 3028 1305 speremus,
3064 1245 3181 1287 non
3227 1232 3502 1302 tanquam
3535 1241 3610 1283 ex

1946 1323 2162 1394 debito,
2195 1322 2352 1379 aliud
2393 1326 2484 1379 est
2525 1324 2680 1379 enim
2719 1325 2954 1391 mereri,
3006 1321 3165 1376 aliud
3215 1333 3601 1392 praesumere.

1945 1409 2246 1486 Tanquam
2276 1429 2350 1470 ex
2381 1413 2722 1487 syngrapho
2746 1413 2860 1483 (36)
2890 1413 3038 1467 {Ides
3089 1411 3358 1481 impetrat
3385 1424 3396 1462 :
3448 1423 3604 1478 prai-

1948 1505 2201 1575 sumptio
2218 1504 2410 1558 autem
2433 1503 2730 1575 arroganti
2753 1506 2844 1558 est
2867 1502 3122 1573 propior,
3152 1515 3324 1570 quam
3351 1494 3605 1569 roganti.

1952 1593 2120 1648 Prius
2153 1593 2319 1648 solve
2349 1593 2504 1664 quod
2527 1592 2786 1646 debitum
2815 1595 2924 1661 est,
2960 1591 3021 1646 ut
3055 1589 3208 1661 quod
3243 1586 3603 1658 speraveris,

1948 1676 2259 1754 impetrare
2281 1677 2583 1738 merearis.
2622 1676 2796 1736 Solve
2826 1677 2962 1735 boni
2999 1678 3266 1733 attactum
3301 1673 3606 1740 debitoris,

1947 1775 2010 1827 ut
2039 1783 2347 1828 versuram
2376 1788 2494 1828 non
2538 1769 2724 1827 facias
2759 1771 2893 1843 (3'7),
2931 1770 3037 1825 sed
3084 1767 3219 1823 ﬁdei
3263 1770 3379 1821 tuae
3425 1781 3607 1820 censu

1949 1862 2232 1917 contracti
2264 1862 2519 1918 nominis
2551 1861 2724 1917 fenus
2757 1876 3032 1916 evacues.

2019 1952 2106 2006 8t.
2150 1950 2323 2006 Plura
2355 1948 2624 2007 solvendi
2650 1951 2824 2005 habet
2845 1948 3134 2018 subsidia,
3162 1946 3260 2018 qui
3285 1947 3408 2000 Deo
3432 1959 3607 2016 quam

1952 2041 2004 2096 is
2027 2039 2127 2114 qui
2148 2041 2368 2096 homini
2392 2041 2583 2096 debet.
2607 2035 2795 2095 Homo
2809 2038 3116 2110 pecuniam
3136 2047 3240 2106 pro
3258 2030 3502 2106 pecunia
3520 2048 3608 2087 re-

1950 2131 2161 2203 poscit,
2195 2144 2327 2203 quae
2358 2141 2473 2186 non
2506 2144 2744 2200 semper
2771 2127 3023 2183 debitori
3049 2129 3268 2196 praesto
3303 2128 3412 2178 est.
3449 2124 3610 2178 Deus

1952 2219 2222 2276 allectum
2245 2221 2447 2292 exigit,
2481 2221 2580 2291 qui
2612 2219 2670 2273 in
2700 2222 2795 2273 tua
2817 2219 3103 2288 potestate
3127 2217 3236 2268 est.
3263 2213 3448 2267 Nemo
3474 2228 3613 2282 pau-

1947 2327 2054 2382 per
2083 2311 2174 2366 est
2205 2310 2306 2381 qui
2327 2310 2448 2365 Deo
2482 2309 2674 2378 debet,
2710 2307 2826 2362 nisi
2858 2306 2958 2378 qui
2991 2305 3271 2374 seipsum
3287 2316 3606 2372 pauperem

1950 2399 2174 2454 fecerit.
2211 2399 2281 2454 Et
2321 2401 2378 2458 si
2424 2416 2540 2454 non
2572 2395 2746 2452 habet
2790 2411 2923 2468 qua:
2968 2395 3199 2460 vendat,
3251 2391 3424 2445 habet
3474 2407 3607 2460 qua:

1949 2490 2160 2545 solvat.
2181 2489 2398 2561 Oratio,
2423 2490 2717 2560 lacrymac,
2735 2485 2982 2560 jejunia,
3001 2481 3285 2539 debitoris
3309 2479 3448 2535 boni
3471 2495 3608 2533 cen-

1951 2595 2059 2634 sus
2090 2583 2200 2648 est,
2233 2579 2532 2652 multoque
2565 2577 2824 2646 uberior,
2859 2591 3033 2648 quam
3063 2573 3116 2627 si
3145 2571 3280 2645 quis
3299 2587 3374 2626 ex
3400 2567 3607 2644 pretiis

1948 2665 2264 2724 fundorum
2294 2669 2602 2740 pecuniam
2632 2668 2760 2723 sine
2792 2665 2905 2721 ﬁde
2937 2662 3179 2720 deferat.
3583 2683 3585 2686 ί

2019 2756 2106 2813 82.
2143 2760 2405 2832 Denique
2434 2774 2657 2830 pauper
2686 2759 2811 2812 erat
2859 2755 3143 2823 Ananias,
3190 2759 3324 2807 cum
3366 2750 3605 2805 vendito

1950 2865 2115 2922 agro,
2149 2850 2460 2921 pecuniam
2507 2845 2764 2903 deferret
2810 2846 2878 2900 ad
2931 2844 3270 2914 apostolos;
3313 2841 3467 2896 unde
3500 2855 3610 2926 nec

1952 2941 2186 2996 solvere
2218 2957 2284 2995 se
2315 2940 2518 3012 potuit,
2552 2939 2659 2993 sed
2699 2937 3019 3008 implicavit
3049 2933 3204 3002 (Aet.
3238 2945 3294 3000 ν,
3331 2931 3473 2998 1-5).
3509 2929 3611 2983 Di—

1951 3047 2059 3086 ves
2091 3031 2187 3086 illa
2216 3030 2393 3086 vidua
2406 3028 2666 3106 quaeduo
2691 3044 2807 3082 aera
2823 3023 3112 3081 minutain
3128 3019 3613 3095 gazophylacium

1953 3122 2132 3192 misit,
2167 3122 2237 3176 de
2287 3137 2401 3193 qua
2440 3121 2660 3176 dictum
2695 3120 2818 3173 est:
2871 3115 3013 3171 Have
3055 3114 3225 3168 vidua
3257 3107 3612 3184 paupercula

1951 3211 2084 3284 plus
2105 3211 2374 3266 omnibus
2389 3209 2553 3266 misit
2573 3209 2734 3281 (Luc.
2751 3223 2872 3276 xxx,
2895 3205 2971 3277 2).
2994 3204 3125 3259 Non
3139 3202 3292 3257 enim
3307 3197 3616 3271 pecuniam

1872 3287 1928 3353 ο
1956 3302 2134 3371 Deus,
2169 3301 2275 3355 sed
2309 3299 2482 3358 fidem
2514 3299 2742 3371 quaerit.

2027 3392 2114 3446 83.
2150 3390 2344 3463 [Alias
2375 3406 2501 3460 cap.
2537 3387 2655 3461 1X].
2691 3388 2896 3459 Neque
2931 3401 3042 3458 ego
3072 3383 3266 3438 abnuo
3299 3378 3621 3435 liberalita-

1953 3481 2112 3536 tibus
2146 3481 2203 3534 in
2235 3495 2527 3552 pauperes
2553 3477 2722 3532 factis
2741 3492 2922 3547 posse
2945 3473 3125 3529 minui
3145 3474 3448 3544 peccatum
3475 3484 3488 3537 ς
3514 3467 3622 3522 sed

1955 3571 2005 3625 si
2041 3569 2189 3625 fides
2225 3567 2594 3625 commendet
2639 3581 2957 3637 expensas.
2999 3563 3148 3628 Quid
3193 3561 3347 3615 enim
3380 3556 3624 3630 prodest

1954 3660 2186 3715 collatio
2220 3658 2546 3730 patrimonii
2583 3657 2711 3711 sine
2741 3655 2925 3727 gratia
2959 3651 3308 3707 charitatis‘?

2025 3750 2113 3804 84.
2148 3749 2294 3804 Sunt
2325 3748 2424 3820 qui
2455 3748 2523 3800 ad
2555 3746 2893 3818 jactautium
2928 3743 3113 3798 solum
3146 3742 3420 3795 decorem
3445 3737 3624 3808 largi-

1953 3841 2091 3894 tatis
2127 3838 2431 3908 affectant;
2474 3840 2534 3891 ut
2565 3852 2634 3892 eo
2666 3850 2731 3890 se
2763 3835 3043 3905 probatos
3077 3831 3258 3901 vulgo
3289 3827 3476 3882 videri
3519 3841 3626 3882 ve-

1953 3930 2078 3997 lint,
2114 3929 2270 4001 quod
2312 3929 2428 3983 sibi
2460 3927 2603 3983 nihil
2637 3925 3014 3996 reliquerint:
3052 3921 3158 3975 sed
3191 3920 3329 3974 dum
3352 3931 3623 3988 praesen-

1955 4020 2031 4074 tis
2065 4019 2272 4073 saeculi
2302 4018 2633 4073 mercedem
2668 4017 2993 4087 requirunt,
3023 4028 3136 4066 non
3173 4007 3499 4064 recondunt
3529 4005 3622 4060 fu-

1955 4110 2106 4178 turi;
2157 4113 2212 4164 et
2264 4108 2399 4180 quia
2450 4107 2545 4162 hic
2589 4107 2979 4176 perceperunt
3041 4099 3372 4157 mercedem
3427 4111 3618 4162 suam,

1958 4199 2075 4253 illic
2106 4214 2344 4269 sperare
2380 4213 2494 4252 non
2528 4199 2800 4266 possunt.

2027 4289 2116 4343 85.
2149 4287 2296 4342 Sunt
2325 4287 2425 4359 qui
2459 4301 2603 4356 opes
2637 4300 2780 4340 suas
2812 4283 3150 4340 tumultario
3182 4279 3396 4336 mentis
3422 4276 3624 4347 impul-

1957 4395 2049 4446 su,
2085 4393 2202 4432 non
2220 4375 2446 4448 judicio
2464 4377 2770 4446 perpetuo,
2791 4373 2892 4428 ubi
2915 4372 3204 4426 Ecclesiae
3227 4368 3628 4430 contulerunt,

1956 4470 2162 4539 postea
2211 4465 2577 4521 revocandas
2624 4465 2939 4536 putarunt:
2997 4461 3216 4532 quibus
3275 4473 3384 4512 nec
3437 4455 3625 4526 prima

1957 4572 2188 4612 merces
2213 4559 2335 4610 rata
2360 4557 2450 4609 est
2490 4554 2623 4625 (38),
2659 4569 2768 4609 nec
2808 4550 3070 4608 seCunda
3097 4565 3110 4618 ;
3154 4547 3288 4620 quia
3313 4561 3423 4602 nec
3441 4544 3627 4615 prima

2026 4701 2141 4768 (35,)
2173 4700 2269 4754 Sic
2305 4713 2510 4754 omnes
2544 4712 2690 4752 mss.
2723 4711 2737 4764 ;
2767 4709 2982 4750 omnes
3017 4709 3158 4749 vero
3192 4693 3350 4764 edit.,
3390 4709 3500 4747 non
3531 4706 3633 4765 ape

1993 4771 2214 4826 robem.

1993 4789 2099 4825 ron
2144 4789 2214 4825 ιη.

1946 4789 1988 4843 Ρ
2024 4789 2137 4910 (πῖ
2170 4842 2314 4896 Mss.
2353 4839 2708 4911 complures,
2747 4854 2824 4911 ex
2851 4839 3089 4909 ingrato
3111 4857 3129 4902 ,ο
3160 4853 3334 4911 unus,
3369 4853 3445 4891 ex
3473 4837 3621 4890 inte-

1950 4931 2061 4986 gro
2085 4908 2352 4986 ;:ca3t_ei‘i,
2387 4929 2464 4966 ex
2488 4908 2870 4986 syngrapha;
2904 4908 3009 4980 pro
3040 4908 3337 4986 quo.edit_.,_
3373 4925 3450 4965 ex
3480 4925 3622 4986 sxu-

1949 4980 2196 5055 fjrapba.
2229 4984 2445 5038 Iterum
2476 4980 2682 5055 paucis
2712 4986 2846 5051 post
2896 4980 3340 5055 versibus,_uhi
3387 4980 3619 5036 cunelae

1951 5051 2088 5110 edit.
2122 5059 2178 5109 et
2209 5071 2353 5108 mss.
2389 5051 2675 5116 nonnulli,
2704 5058 2761 5106 ut
2784 5069 3017 5106 usuram
3052 5069 3160 5104 non
3195 5051 3400 5115 facias,
3436 5067 3612 5119 unus,

1955 5133 2013 5181 ut
2053 5126 2371 5182 versutiam
2405 5141 2516 5180 non
2539 5124 2755 5198 facias,
2787 5124 3018 5198 reliqui,
3057 5130 3115 5177 ut
3145 5139 3470 5198 versuram,
3506 5128 3617 5181 etc.

1954 5199 2057 5252 Est
2090 5201 2284 5252 autem
2317 5212 2623 5250 versuram
2658 5195 2852 5249 facere
2903 5196 2977 5249 ita
3011 5199 3234 5250 mutare
3268 5195 3616 5262 creditores,

1950 5275 2014 5324 ut
2053 5269 2126 5323 ab
2172 5268 2481 5339 pecuniam
2527 5284 2660 5338 quin
2705 5266 2818 5324 sub
2869 5267 3147 5339 mediocri
3195 5265 3398 5320 fenore
3441 5266 3619 5322 alicui

1951 5337 2219 5409 debetur,
2258 5337 2722 5404 dissolvendam,
2767 5339 2840 5409 ab
2873 5337 2988 5392 alio
3013 5354 3302 5394 summam
3335 5351 3618 5393 accessa!

1949 5414 2097 5467 riam
2127 5408 2258 5466 cum
2291 5427 2469 5466 onere
2500 5409 2746 5480 majoris
2791 5408 3016 5464 fenoris
3048 5409 3328 5478 accipias.

2020 5484 2133 5551 (3'7)
2167 5483 2315 5538 Edit.
2350 5487 2406 5537 et
2436 5477 2670 5554 quidam
2704 5497 2877 5548 mss,
2915 5487 2971 5534 ut
3013 5477 3247 5554 usuram
3277 5477 3618 5554 non/arias.

2019 5555 2130 5623 (38)
2162 5555 2309 5609 Mss.
2344 5551 2630 5625 plerique,
2679 5576 2699 5600 α
2739 5567 2970 5625 merces
3013 5551 3186 5625 grata
3209 5553 3404 5625 estcf»
3444 5562 3612 5610 unus,

1951 5647 1972 5674 ε
2012 5619 2200 5694 gratia
2228 5619 2400 5680 estf»
2448 5619 2572 5680 Hdc
2603 5619 2797 5679 autem
2830 5624 2960 5694 loco
2994 5619 3198 5694 mirari
3223 5619 3402 5680 subit,
3439 5633 3618 5694 quam

1947 5688 2322 5752 abbori-uerit
2339 5696 2412 5750 ab
2431 5697 2674 5750 avaritia
2697 5697 2901 5749 noster
2923 5690 3278 5748 Ambrosius
3305 5705 3318 5756 ;
3353 5688 3622 5760 quandoa

1944 5769 2181 5847 quidam
2213 5783 2457 5823 munera
2505 5765 2688 5821 semel
2739 5765 3029 5820 Ecclesiae
3082 5762 3271 5818 oblata
3316 5759 3620 5830 ettradita
