3982 6174
491 324 615 415 ω

1875 288 2414 435 summost.
3766 373 3857 460 5,,

562 534 2033 637 fgnnjisg,'ngumn“forﬁcupidit-ates,
2094 546 2154 596 at
2184 541 2244 604 Α
2274 545 2336 598 ut
2364 544 2777 618 unusquisque
2806 547 3040 618 positus
3061 548 3175 619 sub
3197 549 3519 622 captivitate
3539 559 3749 629 peccati,
3781 578 3856 617 rc-

562 602 751 676 quoad
779 602 1000 663 eaedem
1034 607 1398 674 resederint,
1435 602 1914 684 exspectandum.

560 708 650 767 98.
694 710 853 767 Bona
881 728 1026 787 ergo
1058 715 1417 787 pmnitentia,
1451 732 1585 788 quae
1615 718 1667 770 si
1690 733 1805 773 non
1828 720 2010 786 esset,
2041 733 2161 774 om-

490 811 599 854 nes
648 799 720 858 ad
777 804 1142 861 senectutem
1187 801 1459 872 ditferent
1509 804 1832 862 ablutionis
1886 806 2154 878 gratiam.

491 883 718 952 Quibus
735 891 884 945 satis
914 893 1190 962 responsi
1220 893 1466 971 estquia
1491 892 1700 951 melius
1718 898 1812 950 est
1829 898 1888 953 ut
1913 894 2160 951 habeam

442 1016 449 1019 -
489 976 647 1048 quod
679 980 951 1050 sarciam,
980 996 1156 1052 quam
1185 997 1304 1037 non
1336 981 1582 1040 habeam
1612 999 1728 1055 quo
1752 983 2003 1039 vestiar:
2029 984 2158 1055 sed,

492 1065 649 1121 sicut
705 1068 888 1123 semel
943 1072 1146 1125 assuta
1186 1070 1663 1147 redintegratum
1706 1072 1784 1126 ita
1823 1071 2165 1145 frequenter

491 1157 622 1209 suta
653 1155 990 1213 solvuntur.

559 1259 648 1316 99.
693 1260 811 1317 Eos
856 1265 1049 1318 autem
1092 1265 1190 1337 qui
1239 1266 1643 1336 pmnitentiam
1673 1265 1969 1337 ditl‘erunt,
2005 1268 2155 1323 satis

485 1347 615 1420 ipse
638 1350 921 1406 Dominus
953 1352 1254 1410 admonuit
1268 1356 1474 1419 dicens
1496 1371 1510 1411 :
1533 1355 1960 1412 Paenitentiam
1979 1358 2163 1429 agite,-

492 1439 983 1512 appropinquavit
1030 1443 1187 1497 enim
1218 1459 1467 1515 regnum
1491 1443 1780 1502 ‘omlorum
1812 1445 2051 1514 (Matth.
2082 1462 2161 1516 IV,

494 1524 601 1595 1'7).
639 1527 954 1584 Nescimus
987 1544 1132 1603 ergo
1164 1545 1276 1602 qua
1311 1531 1457 1587 hora
1479 1531 2163 1603 fur‘venerit,nescimus

492 1628 567 1668 an
587 1616 853 1684 proxima
880 1621 1058 1674 nocte
1080 1634 1112 1672 a
1135 1620 1309 1675 nobis
1348 1624 1552 1677 nostra
1574 1624 1924 1692 reposcatur
1942 1621 2160 1678 anima.

493 1702 677 1757 Adam
696 1704 807 1773 (De
820 1708 1029 1778 pmnit.
1045 1707 1182 1764 dist.
1203 1726 1241 1779 ι,
1266 1725 1319 1764 c.
1338 1709 1553 1779 Adam)
1564 1714 1699 1781 post
1720 1710 1950 1781 culpam
1969 1711 2166 1769 statim

489 1791 562 1848 de
592 1794 867 1863 paradiso
902 1795 1062 1851 Deus
1106 1796 1303 1869 eiecit,
1355 1813 1474 1854 non
1505 1799 1732 1854 distulit
1766 1815 1777 1853 :
1823 1799 1933 1857 sed
1965 1801 2164 1855 statim

492 1883 788 1952 separavit
817 1899 849 1937 a
880 1866 1218 1954 deliciis,vut
1246 1866 1452 1960 ageret
1482 1889 1884 1961 pmnitentiam
1916 1903 1929 1944 :
1964 1888 2163 1949 statim
2195 1866 2246 1928 Β

490 1971 749 2026 tunicam
766 1973 1000 2027 vestivit
1017 1975 1344 2045 pelliceam,
1358 1992 1476 2031 non
1490 1976 1742 2031 sericam
1755 1977 1929 2047 (Gen.
1948 1995 2030 2048 ιιι,
2044 1977 2160 2049 21).

565 2078 687 2132 100.
718 2078 867 2144 Quid
914 2081 1069 2135 enim
1110 2084 1204 2137 est
1247 2082 1402 2154 quod
1449 2080 1732 2139 dilferas?
1772 2088 1861 2137 An
1897 2086 1959 2138 ut
1995 2083 2164 2154 plura

494 2172 733 2237 peccata
779 2170 1160 2225 committas?
1201 2170 1360 2243 Ergo
1408 2172 1546 2243 quia
1597 2171 1754 2226 Deus
1784 2171 1937 2236 438
1967 2172 2164 2227 bonus

497 2258 590 2311 est
618 2256 751 2311 ideo
794 2259 858 2313 tu
903 2256 1113 2329 malus,
1147 2262 1203 2314 et
1232 2259 1469 2315 divitias
1497 2260 1776 2317 bonitatis
1807 2259 1941 2331 ejus
1972 2263 2029 2315 et
2058 2277 2163 2331 pa-

494 2343 714 2400 tientim
760 2347 1089 2402 contemnis
1126 2342 1313 2417 (Rom.
1368 2364 1428 2418 ιι,
1471 2349 1570 2410 4)?
1616 2349 1732 2404 Sed
1777 2348 2013 2405 bonitas
2043 2350 2163 2405 Do-

495 2434 638 2489 mini
682 2437 875 2508 magis
920 2437 991 2490 ad
1039 2437 1441 2508 pmnitentiam
1500 2442 1554 2491 te
1612 2437 1789 2493 debet
1843 2438 2159 2493 adducere.

496 2521 636 2578 Ideo
666 2524 736 2577 ad
769 2520 976 2580 omnes
1008 2529 1253 2581 sanctus
1276 2526 1457 2597 David
1491 2527 1631 2581 dicit
1666 2544 1676 2581 :
1727 2527 1933 2582 Venite
1954 2527 2165 2582 adore-

493 2628 642 2682 mus,
678 2618 737 2668 et
761 2614 1140 2686 procidamus
1167 2621 1305 2670 ante
1325 2631 1472 2678 eum,
1494 2622 1551 2669 et
1579 2616 1881 2687 plorcmns
1902 2621 2039 2671 ante
2062 2617 2168 2672 Do-

491 2701 709 2755 minum
743 2709 1006 2757 nostrum
1039 2705 1138 2776 qui
1182 2704 1326 2761 fecit
1376 2721 1483 2759 nos
1527 2704 1719 2775 (Psal.
1772 2722 1930 2773 χειν,
1966 2706 2043 2772 6).
2082 2705 2164 2759 De

494 2792 807 2860 peccatore
835 2794 1029 2847 autem
1049 2792 1179 2847 sine
1210 2792 1547 2864 pmnitentia
1583 2797 1833 2859 mortuo,
1859 2795 1992 2864 quia
2020 2793 2164 2848 nihil

492 2878 649 2934 aliud
684 2883 922 2951 suprest
954 2880 1069 2937 nisi
1099 2882 1364 2953 graviter
1389 2897 1637 2938 moerere
1671 2882 1783 2936 nisi
1819 2884 1956 2937 ﬂere
1978 2883 2164 2937 habes

490 2967 818 3039 plorantem
842 2969 1035 3039 ipsum
1066 2972 1123 3024 et
1151 2969 1479 3024 dicentem:
1519 2970 1709 3024 Filius
1747 2986 1913 3026 meus
1961 2970 2165 3026 Abes-

494 3056 682 3127 salon,
741 3056 901 3113 {ilius
947 3074 1112 3113 meus
1156 3054 1492 3114 Abessalon
1536 3059 1622 3129 (Il
1645 3059 1793 3132 Reg.
1828 3077 1990 3130 xviii,
2023 3058 2115 3130 33)
2150 3076 2163 3115 :

2272 632 2549 689 cordetur
2584 635 2741 691 unde
2760 636 2966 708 lapsus
2996 638 3077 694 sit
3104 641 3280 711 atque
3326 641 3475 696 unde
3494 642 3744 703 deciderit
3768 667 3777 704 :
3798 667 3853 705 cu

2270 723 2426 794 quod
2454 724 2531 783 ad
2566 740 2850 795 corporea
2870 729 3044 799 atque
3065 730 3299 784 terrena
3321 729 3394 784 ab
3421 730 3515 784 illa
3546 735 3778 804 speciosa
3803 755 3856 797 ac

2271 811 2516 882 pulchra
2546 813 2660 884 (51)
2692 812 2908 871 divina
2940 815 3301 889 cognitionis
3324 817 3633 877 intentione
3659 822 3860 882 deﬂexe-

2270 900 2366 957 rit.

2344 990 2465 1057 103.
2490 991 2588 1048 Sic
2617 991 2805 1049 habes
2838 993 3023 1055 Adam
3054 994 3475 1053 abscedentem
3498 1013 3578 1068 se,
3613 999 3701 1055 ubi
3725 1002 3863 1059 Deum

2273 1082 2703 1155 cognovitesse
2724 1087 3103 1156 praesentem,
3120 1087 3176 1139 et
3192 1085 3503 1157 qumsitum
3519 1086 3682 1143 latere
3700 1091 3869 1147 voluis-

2272 1186 2361 1242 se,
2394 1174 2452 1226 et
2478 1174 2751 1228 vocatum
2780 1187 2814 1225 a
2846 1172 3094 1229 Domino
3124 1188 3193 1228 ea
3223 1189 3369 1230 voce
3391 1190 3518 1249 qua;
3537 1175 3743 1233 latentis
3760 1196 3870 1235 mor-

2272 1260 2437 1317 deret
2458 1259 2751 1331 atl'ectum,
2776 1260 2889 1317 hoc
2911 1264 3004 1316 est
3036 1262 3276 1316 :-Adam
3308 1262 3411 1318 ubi
3432 1279 3497 1318 es
3526 1264 3683 1333 (Gen.
3709 1285 3775 1337 ιιι,
3796 1269 3869 1337 9ίῖ

2276 1349 2404 1403 Hoc
2426 1352 2537 1417 est,
2564 1366 2673 1405 cur
2691 1352 2748 1404 te
2765 1349 3088 1405 abscondis
3105 1352 3135 1407 ?
3155 1367 3262 1406 cur
3283 1351 3433 1408 lates
3450 1354 3478 1407 ε’
3499 1370 3599 1408 cur
3617 1354 3757 1427 fugis
3773 1371 3873 1411 eum

2275 1454 2451 1510 quem
2483 1438 2684 1494 videre
2715 1439 3102 1494 desiderabas
3118 1441 3146 1495 ε»
3168 1440 3248 1494 Ita
3270 1442 3474 1513 gravis
3496 1442 3652 1512 culpa
3681 1447 3874 1499 estcon-

2276 1528 2566 1599 scientiaa,
2600 1532 2663 1583 ut
2691 1528 2821 1585 sine
2847 1526 3039 1600 judici
3062 1529 3189 1599 ipsa
3213 1546 3281 1585 se
3310 1531 3530 1601 puniat,
3554 1535 3606 1585 et
3628 1532 3793 1587 velare
3824 1550 3871 1589 se

2277 1618 2472 1689 cupiat
2506 1634 2517 1672 :
2551 1620 2607 1673 et
2627 1621 2821 1672 tamen
2850 1618 3005 1688 apud
3038 1618 3223 1679 Deum
3255 1619 3411 1674 nuda
3442 1620 3537 1675 sit.

2348 1724 2468 1780 104.
2496 1723 2565 1781 Et
2586 1724 2718 1779 ideo
2737 1738 2909 1781 nemo
2936 1725 2992 1778 in
3012 1728 3253 1795 peccato
3272 1726 3505 1796 positus
3524 1742 3777 1800 arrogare
3795 1729 3881 1783 sibi

2276 1812 2452 1869 debet
2480 1815 2888 1869 auctoritatem
2928 1817 3026 1868 aut
3056 1816 3502 1885 usurpationem
3540 1822 3882 1871 sacramento-

2277 1918 2409 1958 rum
2431 1902 2541 1971 (De
2571 1902 2794 1957 Paenit.
2829 1903 2968 1959 dist.
3002 1920 3041 1971 ι,
3073 1920 3123 1957 c.
3157 1903 3309 1958 Sunt
3346 1903 3511 1976 qui}
3541 1905 3761 1974 Nemo);
3786 1905 3887 1977 quia

2280 1992 2563 2064 scriptum
2592 1995 2686 2047 est
2716 2007 2730 2047 :
2765 1990 3045 2047 Peccasti
3090 1992 3224 2061 (5'2),
3261 1993 3502 2064 quiesce
3544 1994 3707 2064 (Gen.
3739 2011 3801 2061 iv,
3829 1995 3882 2047 7).

2276 2079 2441 2146 Quod
2471 2081 2534 2136 in
2564 2081 2846 2151 praesenti
2877 2080 3104 2152 psalmo
3140 2080 3324 2135 David
3351 2082 3492 2137 dicit
3525 2098 3536 2136 :
3576 2081 3636 2137 In
3659 2082 3890 2137 salicibus

2276 2168 2388 2239 (De
2438 2169 2685 2239 Paenit.,
2733 2169 2871 2223 dist.
2922 2168 2977 2239 3,
3026 2185 3077 2224 c.
3122 2168 3189 2224 In
3249 2169 3581 2239 salicibus),
3630 2172 3810 2241 inquit,
3850 2172 3891 2223 in

2275 2258 2472 2319 medio
2502 2258 2632 2330 ejus
2666 2256 3084 2329 suspendimus
3125 2274 3349 2330 organa
3391 2264 3624 2323 nostra;
3660 2262 3712 2313 et
3738 2259 3892 2314 intra:

2282 2340 2573 2413 Quomodo
2594 2346 2965 2401 cantabimus
2982 2346 3272 2416 canticum
3291 2347 3531 2402 Domini
3544 2349 3602 2403 in
3627 2354 3775 2403 terra
3791 2347 3896 2400 alie-

2279 2452 2353 2492 na
2378 2435 2567 2507 (Psal.
2589 2434 2831 2503 cxxxvi,
2847 2434 2900 2505 2,
2919 2435 2971 2505 4)
2987 2436 3016 2489 ε)
3032 2433 3095 2489 Si
3118 2435 3274 2489 enim
3293 2452 3435 2501 caro
3453 2436 3624 2490 menti
3640 2438 3897 2506 repugnat,

2278 2540 2387 2580 nec
2420 2524 2655 2579 subdita
2684 2527 2776 2578 est
2804 2523 2985 2579 animi
3025 2523 3438 2596 gubernaculo
3488 2529 3544 2579 et
3593 2518 3787 2578 mentis
3820 2525 3897 2578 im-

2277 2612 2464 2684 perio,
2512 2612 2699 2667 aliena
2734 2615 2825 2667 est
2858 2615 3013 2667 terra
3054 2628 3187 2684 quae
3218 2629 3336 2667 non
3372 2613 3643 2667 domatur
3668 2612 3898 2667 exercitio

2280 2701 2547 2771 cultoris,
2596 2706 2653 2757 et
2683 2702 2816 2756 ideo
2846 2718 2965 2757 non
2995 2704 3190 2772 potest
3222 2700 3458 2757 fructus
3493 2701 3795 2768 charitatis,
3822 2717 3900 2770 pa-

2278 2790 2519 2859 tientiae,
2545 2806 2614 2845 ac
2646 2791 2811 2861 pacis
2840 2789 3074 2846 afferre.
3100 2789 3314 2844 Melius
3345 2782 3501 2856 439
3534 2794 3625 2846 est
3653 2807 3782 2862 ergo
3798 2795 3899 2842 tunc

2280 2880 2612 2952 quiescere,
2635 2895 2767 2933 cum
2787 2894 3070 2934 exercere
3090 2894 3206 2934 non
3224 2896 3417 2951 queas
3449 2880 3565 2950 (53)
3584 2896 3746 2951 opera
3762 2877 3908 2949 pinni-

2280 2969 2477 3024 tentiaa
2509 2982 2523 3023 ε
2558 2984 2630 3023 ne
2661 2968 2720 3022 in
2753 2968 2882 3039 ipsa
2914 2968 3255 3038 pmnitentia
3285 2968 3409 3036 flat,
3444 2970 3603 3040 quod
3626 2970 3809 3039 postea
3836 2965 3904 3018 iu-

2283 3056 2481 3131 digeat
2528 3057 2887 3128 poenitentia.
2935 3055 3079 3121 Quae
3110 3056 3163 3111 si
3220 3058 3414 3112 semel
3449 3057 3627 3113 fuerit
3654 3057 3906 3126 usurpata,

484 3144 603 3212 .Qui
630 3146 789 3201 enim
818 3147 1052 3219 penitus
1075 3151 1168 3203 est
1186 3150 1475 3219 mortuus,
1511 3148 1641 3204 sine
1673 3148 1789 3203 ulla
1812 3149 2161 3220 exceptione
2206 3154 2258 3218 C
2284 3162 2394 3203 nec
2419 3146 2557 3218 jure
2588 3145 2904 3215 celebrata,
2938 3144 3047 3199 nec
3080 3145 3299 3218 prioris
3334 3146 3597 3202 fructum
3630 3145 3843 3211 obtinet,
3869 3146 3907 3195 et

488 3234 759 3291 defletur.

563 3341 685 3399 101.
722 3343 805 3399 De
836 3344 931 3433 his
964 3348 1158 3400 autem
1179 3344 1279 3417 qui
1309 3345 1553 3433 exsules
1572 3347 1748 3417 atque
1778 3344 2078 3429 peregrini
2097 3345 2164 3399 li-

489 3432 699 3499 mitum
726 3428 1123 3504 paternorum,
1146 3450 1298 3505 quos
1318 3434 1415 3489 lex
1436 3428 1624 3504 Moysi
1653 3438 1857 3489 sancta
1888 3428 2165 3505 praescri-

490 3521 631 3592 psit,
669 3523 981 3578 mundanis
1012 3522 1471 3593 implicabuntur
1497 3522 1825 3594 erroribus,
1859 3522 2029 3578 audis
2063 3539 2164 3579 ca—
2218 3591 2224 3597 .

490 3612 726 3666 nentem
751 3626 764 3666 :
798 3611 996 3683 Super
1017 3611 1255 3665 ﬂumina
1282 3610 1630 3685 Babylonis,
1657 3610 1782 3666 illic
1802 3612 2083 3671 sedimus.
2107 3618 2165 3667 et

488 3698 568 3754 lle
581 3701 765 3755 vimus
795 3700 927 3756 dum
946 3700 1408 3755 recordaremur
1428 3700 1575 3755 Sion
1597 3700 1790 3772 (Psal.
1823 3717 2067 3772 cxxxvi,
2088 3702 2162 3770 1).

488 3787 718 3855 Inducit
747 3788 903 3845 enim
932 3788 1235 3860 lapsorum
1265 3790 1544 3863 gemitus,
1580 3790 1638 3844 in
1671 3790 1801 3862 ipso
1833 3793 2165 3861 temporum

488 3878 874 3947 presentium
906 3881 964 3933 et
991 3894 1189 3933 rerum
1219 3878 1539 3934 labentium
1570 3877 1684 3948 (50)
1710 3880 1907 3935 adhuc
1933 3880 2164 3948 positos

493 3966 650 4020 statu
684 3965 902 4022 debere
924 3966 1320 4037 resipiscere;
1349 3981 1552 4021 eorum
1584 3967 2164 4036 videlicetexcmplo,

495 4054 599 4125 qui
630 4056 867 4126 propter
904 4055 1133 4127 peccati
1168 4056 1420 4126 pretium
1471 4055 1702 4110 deducti
1736 4060 1900 4110 erant
1942 4056 1997 4108 in
2036 4072 2168 4127 rap-

482 4143 736 4198 tivitatis
768 4160 1111 4205 aerumnam.

565 4250 687 4306 10?.
731 4250 888 4304 Nihil
921 4253 1014 4306 est
1042 4253 1236 4305 autem
1265 4250 1380 4315 (De
1399 4252 1631 4322 pwnit.,
1668 4251 1806 4305 dist.
1847 4269 1883 4317 ι,
1922 4268 1972 4305 c.
2012 4253 2169 4307 Sunt

492 4340 608 4415 qui,
642 4334 881 4414 ξ’ΝἰΙιίΙ
897 4345 1010 4407 est)
1040 4338 1197 4412 quod
1228 4342 1344 4394 tam
1373 4354 1604 4394 summo
1637 4338 1826 4395 d‘olori
1858 4341 1957 4407 sit,
1983 4356 2163 4411 quam

560 4538 674 4607 (50)
717 4536 953 4593 Amerb.
996 4540 1054 4591 et
1086 4536 1279 4604 Eras.,
1314 4536 1549 4591 Inducit
1579 4535 1875 4608 lapsorum
1904 4537 2168 4608 gemitus

492 4609 555 4663 in
585 4609 731 4681 ipso,
769 4615 1032 4680 tempore
1054 4609 1443 4681 praesentium
1494 4613 1553 4663 et
1583 4624 1785 4681 rerum
1819 4607 2165 4681 labentium,

492 4679 757 4736 eteiGill.
790 4696 858 4735 ac
885 4679 1135 4735 inssJut
1164 4694 1276 4734 nos
1306 4679 1385 4749 in,
1421 4682 1602 4747 textu,
1636 4679 1751 4733 nisi
1775 4679 1932 4749 quod
1956 4679 2169 4737 horum

494 4749 754 4822 quinque
794 4766 900 4820 pro
948 4753 1225 4822 gemitus,
1259 4748 1489 4822 habent
1504 4765 1695 4822 genus
1723 4748 1963 4805 minime
1993 4751 2165 4806 male.

492 4819 740 4893 Nemea
787 4819 903 4875 vox
945 4819 1052 4892 per
1097 4821 1385 4893 syllepsin
1425 4819 1901 4893 ad'adjectivum
1940 4822 2170 4892 positos

491 4890 707 4962 refcrri
737 4890 964 4961 potest;
984 4896 1043 4946 ut
1074 4890 1168 4947 hic
1202 4890 1429 4947 sensus
1455 4892 1551 4956 sit,
1587 4891 1823 4946 Inducit
1854 4890 2052 4962 lapsos
2068 4893 2168 4947 bo-

492 4961 773 5033 mines....
803 4964 1046 5033 positos,
1084 4968 1195 5018 etc.
1235 4964 1402 5018 Rom.
1428 4963 1590 5029 edit.,
1620 4963 1851 5017 lndueit
1876 4961 2167 5033 lapsorum

492 5031 751 5106 gemitus
780 5031 837 5086 et
870 5032 932 5086 in
963 5033 1090 5106 ipso
1113 5035 1497 5106 praesentium
1520 5041 1578 5089 et
1610 5050 1832 5098 rerum.
1868 5031 1978 5089 etc.

564 5102 676 5171 (51)
709 5103 787 5156 lta
819 5108 944 5177 vet._
968 5102 1204 5177 editiac
1236 5102 1437 5177 plures
1470 5120 1618 5160 mss.
1667 5121 1919 5177 quorum
1948 5109 2168 5160 .tamen

495 5190 650 5247 unus
694 5189 800 5247 pro
840 5174 1087 5247 pulchra
1143 5176 1287 5247 legit
1330 5192 1501 5246 pura,
1541 5174 1865 5232 deﬂuxerit
1898 5193 2002 5247 pro
2056 5178 2165 5231 de-

494 5245 758 5318 ﬂexerit.
791 5247 869 5318 At
903 5244 1072 5300 Rom.
1106 5244 1244 5318 edit.
1279 5244 1595 5318 caeteiique
1619 5264 1764 5303 mss.
1799 5265 1831 5302 a
1864 5244 2035 5304 nobis
2055 5249 2167 5303 hoc

474 5317 622 5444 Solo
654 5315 967 5383 dissident,
1003 5317 1158 5387 quod
1190 5332 1221 5372 e
1253 5315 1780 5390 vocecojnitionis
1803 5319 1997 5376 fecere
2030 5336 2165 5376 con-

541 5389 766 5444 itionis.
1094 5406 1097 5409 '
2116 5418 2120 5425 λ

541 5389 766 5451 itionis.
1094 5406 1097 5409 '
1497 5389 1504 5390 “
2116 5418 2120 5425 λ

564 5461 679 5529 (52)
723 5458 847 5514 Etsi
884 5458 1112 5528 passim
1144 5458 1204 5513 in
1235 5458 1404 5513 hisee
1434 5458 1605 5515 libris
1639 5461 1996 5519 Ambrosius
2024 5462 2170 5518 alio-

491 5547 621 5586 rum
670 5531 906 5603 lfatrum
937 5529 1209 5603 exemplo
1259 5532 1603 5603 peccatores
1647 5531 1721 5586 ad
1771 5533 2170 5603 pmnitentiam

497 5618 615 5657 non
647 5601 868 5657 diutius
915 5600 1463 5675 procrastinandam
1493 5600 1751 5671 impellat
1772 5600 2124 5675 'urgeatque
2154 5620 2171 5675 ;

491 5676 849 5728 cumtamen
876 5687 966 5741 ea,
1019 5673 1195 5727 sicuti
1245 5672 1468 5728 dictum
1504 5678 1629 5739 est,
1672 5689 1785 5729 non
1833 5672 2169 5743 iterat-stur,

448 5745 814 5831 .prudentes
872 5760 1041 5804 meus
1089 5743 1362 5819 ejusdem
1413 5748 1645 5819 tempus
1704 5746 1782 5803 iis
1827 5747 2167 5821 neutiquam

2202 4474 2255 4537 D

2283 3234 2509 3291 auferet
2538 3250 2712 3290 usum
2742 3235 3095 3307 posterioris
3127 3234 3239 3305 (De
3260 3224 3511 3291 'Pwnit.
3532 3235 3666 3291 dist.
3697 3251 3771 3304 ιιι,
3792 3250 3835 3288 c.
3862 3229 3908 3284 Si

2284 3326 2436 3397 quis,
2459 3323 2963 3397 aptenilentian).

2352 3431 2475 3509 105.
2509 3430 2663 3486 Sane
2693 3433 2750 3485 et
2780 3444 2913 3486 cum
2943 3445 3082 3486 caro
3115 3433 3416 3502 repugnat
3455 3431 3646 3502 (Rom.
3700 3445 3789 3497 vu,
3825 3426 3909 3494 23),

2280 3536 2448 3576 meus
2481 3520 2554 3574 ad
2586 3519 2772 3575 Deum
2801 3518 2975 3579 debet
2996 3533 3134 3575 esse
3159 3520 3385 3575 intenta
3424 3536 3437 3575 :
3473 3523 3531 3575 et
3563 3520 3614 3575 si
3646 3533 3806 3589 Opera
3824 3529 3911 3570 non

2280 3611 2590 3680 sequntur,
2632 3608 2782 3663 ﬁdes
2831 3624 2949 3664 non
2991 3608 3204 3669 desere
3246 3609 3406 3679 (54):
3444 3613 3503 3665 et
3534 3609 3589 3664 si
3617 3604 3909 3680 impugnant

2282 3698 2373 3752 vel
2405 3697 2603 3753 carnis
2632 3697 3069 3768 illecebrae,vel
3096 3700 3432 3768 potestates
3447 3697 3912 3764 adversariam?

2268 3790 2415 3861 neat
2435 3800 2605 3842 mens
2625 3787 2744 3842 Deo
2769 3782 2982 3841 dedita.
3002 3785 3170 3841 Tunc
3191 3787 3352 3841 enim
3376 3787 3637 3841 maxime
3660 3794 3911 3857 urgemur,

2281 3892 2414 3937 cum
2446 3891 2583 3932 caro
2614 3875 2800 3931 cedit:
2835 3878 3049 3937 etsunt
3072 3876 3172 3947 qui
3195 3875 3600 3931 vehemunter
3620 3871 3909 3951 incumbant

2280 3965 2518 4021 miserm
2539 3964 2772 4035 animm,
2791 3968 3130 4035 quaerentes
3145 3981 3320 4020 omne
3340 3965 3584 4021 auferre
3600 3961 3911 4035 praesidium.

2281 4052 2452 4109 Unde
2482 4053 2626 4109 illud
2649 4046 2741 4125 est
2766 4068 2778 4108 :
2805 4052 3156 4118 Exinanite,
3182 4054 3506 4110 exinanito
3541 4068 3717 4127 usque
3734 4051 3801 4106 ad
3815 4048 3916 4104 [uno

2281 4142 2615 4199 damentum
2637 4142 2696 4196 in
2728 4157 2796 4197 ea
2825 4141 3014 4214 (Psal.
3050 4158 3296 4211 cxxxvi,
3330 4144 3413 4214 Ἴ).

2353 4247 2477 4305 106.
2508 4224 2695 4315 Quam
2736 4248 3055 4305 miseratus
3089 4248 3273 4304 David
3323 4250 3409 4304 ait
3446 4266 3460 4306 :
3512 4249 3668 4307 Filia
3703 4242 3915 4317 Babylo-

2284 4340 2381 4394 nis
2411 4339 2633 4394 misera
2665 4337 2842 4407 (Ibid.
2875 4338 2953 4409 8).
2980 4338 3198 4394 Misera
3230 4339 3465 4410 utique,
3487 4339 3625 4410 quia
3647 4331 3914 4405 Babylonis

2282 4548 2423 4612 esse
2453 4534 2883 4612 maturandum,
2907 4534 3008 4612 qui
3024 4534 3223 4612 adhuc
3242 4535 3444 4590 aetatis
3468 4534 3914 4612 cupiditatumque

2280 4610 2436 4665 metu
2490 4605 2581 4661 sic
2637 4604 3028 4675 abripiuntur,
3064 4609 3126 4660 ut
3165 4605 3267 4659 vix
3297 4606 3670 4676 sperandum
3698 4604 3917 4657 videatur

2281 4678 2450 4748 ipsos
2480 4677 2541 4732 in
2570 4676 2882 4748 pristinam
2911 4677 3409 4732 consuetudinem
3441 4694 3564 4733 non
3594 4677 3910 4748 relapsuros.

2333 4752 2356 4804 t
2400 4748 2532 4805 hmo
2574 4745 2763 4802 eausa
2820 4747 2927 4802 fuit
2985 4748 3160 4802 etiam
3205 4747 3465 4803 Monicaa
3494 4745 3839 4817 baptismatis
3867 4745 3911 4793 in

2280 4819 2618 4892 Augustino
2666 4818 3145 4892 filioqdiﬂ'erendi.
3189 4819 3436 4892 Interim
3467 4820 3607 4891 quid
3640 4818 3761 4892 istis
3790 4826 3914 4892 prae—

2280 4888 2925 4973 cipuepbservandum
2968 4891 3066 4957 sit,
3114 4891 3389 4973 praecipit
3420 4888 3667 4973 sanctus
3694 4888 3908 4973 doctor

2279 4956 2356 5017 ac
2389 4962 2642 5031 primum
2680 4978 2787 5017 eos
2824 4962 2899 5016 ab
2958 4956 3324 5030 usurpanda,
3371 4961 3490 5016 hoc
3547 4965 3657 5026 est,
3708 4956 3909 5026 indigne

2281 5033 2568 5088 sumenda
2617 5032 2979 5088 eucharistia
3024 5033 3309 5093 (deterret.
3359 5033 3454 5089 Ab
3489 5032 3547 5087 id
3588 5033 3813 5086 venuste
3840 5039 3914 5077 ar.-

2281 5104 2619 5161 commodnt
2641 5102 2799 5159 hunc
2828 5105 3022 5174 ipsum
3046 5103 3307 5159 Genesis
3341 5104 3564 5171 locum,
3608 5118 3717 5156 non
3760 5109 3907 5150 secus

2280 5191 2349 5230 ac
2379 5175 2562 5232 verbo
2607 5177 2845 5246 quiesce
2884 5175 3129 5229 Cainum
3163 5190 3194 5228 u
3225 5175 3533 5230 sacriﬁcio
3570 5174 3719 5246 Deus
3751 5185 3905 5246 remu-

2283 5247 2473 5318 visset
2499 5239 2654 5318 quod
2689 5246 2937 5318 verbum
2960 5249 3168 5318 argute
3190 5246 3265 5318 ad
3293 5245 3595 5301 exusandi
3616 5260 3721 5318 seu
3745 5239 3909 5318 detego

2281 5317 2458 5374 dendi
2486 5306 2715 5389 p'eccati
2743 5306 3199 5389 prohibitionem
3216 5316 3379 5372 idem
3402 5317 3649 5372 traducit
3669 5313 3762 5367 lib.
3784 5328 3817 5363 ιι
3846 5306 3913 5362 De

2285 5390 2434 5444 Cain
2466 5388 2523 5444 et
2557 5388 2732 5456 Abel,
2767 5405 2895 5457 cap.
2929 5388 2983 5445 7.
3180 5444 3185 5447 ,
3892 5410 3907 5417 ‘

2353 5462 2466 5530 (53)
2506 5460 2652 5514 Mss.
2686 5460 2973 5528 nonnulli,
3005 5476 3132 5514 cum
3168 5475 3470 5519 exercere
3496 5469 3854 5530 ιιοτιιμιρτωτιξἶ

2310 5576 2316 5583 .
2354 5518 2473 5602 (54)
2514 5531 2754 5604 Amerb.
2797 5518 2973 5604 atque
3015 5530 3401 5604 Eras.,,_lides
3449 5518 3776 5604 desiderat;
3803 5518 3909 5604 Gil}.

2283 5606 2341 5659 et
2360 5597 2517 5659 mss.
2543 5597 2910 5674 aliquot,qui
2943 5605 3001 5656 et
3027 5601 3426 5673 probatiores,
3449 5602 3600 5658 ﬁdes
3614 5597 3912 5674 deseri'ial';

2289 5675 2484 5741 Rom.,
2517 5666 2670 5730 ﬁdes
2700 5666 2811 5728 non
2828 5666 3182 5741 deseratur;
3206 5666 3425 5745 reliqui
3440 5689 3609 5729 mss..
3642 5685 3746 5723 non
3763 5666 3907 5721 deset

2285 5752 2407 5818 rat,
2439 5745 2719 5813 nimirum
2739 5745 3074 5802 istiusmodi
3101 5747 3478 5817 peccatores.

3852 5878 3897 5897 ww
