4024 6176
167 331 265 390 545
1300 323 1412 385 DE
1457 319 1674 388 FIDE.
1721 354 1800 370 -
1853 296 2361 385 ADMONITIO.
3455 319 3584 410 546.

170 525 256 579 tilia
291 524 384 589 est,
434 537 560 592 quae
607 507 713 575 Dei
763 520 907 576 Filia
953 537 1091 577 esse
1144 519 1378 577 desivit.
1430 521 1536 576 Cui
1564 525 1758 577 tamen
1805 503 1865 565 Α
1910 521 2062 576 Sunt
2095 523 2210 594 qui,
2243 521 2274 596 ἕ
2303 522 2634 577 Didicimus
2683 524 2739 578 et
2768 522 3057 595 agendam
3095 525 3496 595 paenitentiam
3519 529 3576 580 et

168 604 277 669 440
303 611 571 664 medicum
594 610 818 678 invitat,
845 611 1090 665 dicens:
1127 611 1349 665 Beatus
1387 612 1486 684 qui
1507 611 1755 679 tenebit,
1913 627 1981 665 eo
2004 612 2292 683 agendam
2335 616 2596 681 tempore
2632 628 2747 683 quo
2788 612 2974 682 culpae
2998 613 3368 669 defervescat
3397 613 3576 669 luxu-

162 699 685 770 elallidctparvulos
706 706 835 753 tuos
857 700 932 754 ad
946 705 1179 770 petram
1199 699 1376 768 (Ibid.
1398 699 1478 768 9),
1514 699 1626 753 hoc
1645 703 1755 768 est,
1913 700 1997 754 ria
2026 715 2038 755 :
2072 703 2126 754 et
2148 699 2203 754 in
2228 700 2558 770 captivitate
2580 700 2801 771 peccati
2827 702 3075 771 positos,
3112 705 3165 756 ct
3207 705 3573 759 reventiores

156 790 229 862 qui
277 787 522 842 infirmas
579 791 633 842 et
692 788 959 842 lubricas
1017 788 1406 860 cogitationes
1457 789 1631 844 elidat
1687 788 1760 842 ad
1918 806 2049 860 nos,
2085 806 2201 844 non
2235 795 2621 860 usui-patares
2654 805 2792 844 esse
2825 790 3060 846 debere.
3107 791 3252 846 Nam
3301 793 3352 846 si
3384 792 3576 864 Moysi

150 878 420 940 Christum,
465 875 559 947 qui
593 893 798 930 omnes
831 877 1264 932 irrationabiles
1297 880 1492 931 motus
1523 878 1617 932 sui
1647 877 1760 946 (55)
1918 879 2164 949 propius
2187 878 2469 934 accedere
2510 878 2824 950 gestiendi,
2861 883 2920 932 ut
2964 882 3357 951 cognitionem
3411 899 3574 952 mys-

149 967 434 1019 revercntia
466 968 521 1018 et
551 964 978 1036 disceptatione
1013 965 1405 1036 comminuat;
1438 970 1499 1021 ut
1530 967 1582 1020 si
1600 966 1762 1020 adul-
1915 967 2048 1022 terii
2079 965 2385 1023 caelestius
2414 967 2695 1036 hauriret,
2727 967 2940 1022 dicitur
2966 984 2977 1022 :
3012 969 3176 1023 solve
3209 969 3575 1026 calceamen-

147 1055 301 1108 terino
331 1053 459 1124 quis
488 1069 687 1108 amore
718 1057 1000 1125 raptatur,
1035 1055 1308 1109 excludat
1337 1055 1556 1128 ignem,
1592 1071 1766 1127 copu—
1918 1062 2036 1110 tum
2060 1057 2274 1128 pedum
2327 1065 2555 1111 tuorum
2611 1057 2826 1125 (Exod.
2858 1074 2934 1120 ιιι,
2971 1056 3024 1127 5)
3052 1073 3064 1111 :
3125 1061 3342 1128 quanto
3385 1059 3576 1131 magis

145 1144 338 1213 Iamque
394 1144 740 1211 meretricis,
776 1147 832 1198 et
891 1159 957 1198 se
993 1143 1187 1199 studio
1249 1159 1360 1199 suo
1414 1144 1646 1199 abdicet
1702 1147 1766 1198 ut
1918 1161 2030 1199 nos
2063 1145 2273 1200 animae
2305 1148 2525 1200 nostra:
2556 1145 2738 1216 pedes
2769 1161 2986 1200 exuere
3018 1146 3269 1200 vinculis
3295 1162 3576 1218 corpora-

142 1231 396 1286 Christum
427 1233 711 1295 acquirat.
1917 1233 2097 1303 libus,
2143 1238 2199 1288 et
2242 1250 2496 1306 gressus
2529 1249 2735 1289 omnes
2779 1235 2980 1289 mundi
3025 1235 3200 1290 istius
3232 1252 3344 1291 nox
3395 1236 3579 1292 debe-

209 1320 313 1374 tO’i.
346 1320 667 1375 Didicimus
712 1337 858 1394 ergo
897 1320 1016 1392 (56)
1053 1322 1158 1386 [De
1202 1321 1445 1394 Parnm,
1479 1322 1615 1377 dist.
1650 1321 1675 1376 1
1713 1338 1764 1377 c.
1919 1339 2053 1377 mus
2083 1321 2444 1378 absolvere?

196 1461 292 1531 (55)
334 1462 576 1538 Quidam
633 1480 806 1538 mss.,
864 1467 1212 1522 reverentia
1262 1471 1320 1522 et
1362 1466 1769 1532 discretione;
1922 1466 2105 1538 culpae
2137 1465 2814 1532 defervescatluxuria;
2843 1482 2993 1521 mss.
3019 1467 3238 1538 aliquot
3263 1468 3581 1538 inveriunt,

196 1482 292 1531 una)
334 1482 576 1528 υιιιαειιιι
633 1482 806 1534 mss.,
864 1482 1212 1522 reverentia
1262 1482 1320 1522 et
1362 1482 1769 1532 discretione;
1922 1482 2017 1520 cut
2137 1482 2814 1532 aetervescauuxuria;
2843 1482 2993 1521 mss.
3019 1482 3238 1538 aliquo:
3263 1482 3581 1538 invertunt,

141 1550 284 1610 unus,
316 1543 369 1610 et
398 1535 831 1610 discerptione.
1038 1609 1045 1610 ί
1106 1607 1121 1610 _
1227 1584 1232 1589 .
1288 1609 1294 1610 ί
1626 1609 1646 1610 7
1921 1482 2105 1608 culi:
2121 1538 2504 1594 delervescat
2534 1538 2806 1593 luxuriae.
2830 1538 3094 1610 Denique
3126 1539 3223 1593 ubi
3256 1540 3394 1594 edit.
3425 1557 3586 1593 usur-

194 1605 289 1672 (56)
320 1607 459 1660 Mss.
495 1605 616 1661 non
661 1607 856 1682 pauci,
893 1624 1000 1664 nec
1034 1607 1335 1682 inferioris
1375 1612 1552 1678 notae,
1606 1609 1769 1664 Dici-
1915 1605 2179 1682 put—ores,
2211 1625 2382 1682 mss,
2416 1625 2532 1682 uno
2565 1605 3122 1682 excepto,etl‘erunt,
3152 1611 3581 1682 usurpatiorcs,

140 1693 242 1729 mus
269 1693 400 1752 ergo
420 1697 438 1742 ,-
474 1694 654 1752 unus,
686 1679 987 1752 Discimus
1017 1696 1164 1751 ergo
1184 1700 1200 1741 ,-
1232 1679 1444 1751 reliqui
1485 1683 1676 1734 autem
1699 1697 1768 1734 ac
1916 1679 2269 1752 Legendum
2300 1680 2569 1751 forsitan,
2606 1679 3074 1752 usurpantiores.

141 1751 230 1800 vet.
259 1748 382 1802 edit.
418 1765 552 1803 cum
590 1749 748 1804 Grat.
785 1754 847 1804 ut
879 1750 939 1804 in
985 1748 1170 1834 textu.
1203 1748 1418 1806 Iterum
1463 1767 1605 1806 vero
1636 1767 1764 1822 pro,

169 1921 194 1931 ρ-
207 1921 510 1931 _....__.___——._.

167 1923 3554 1956 Ψ

841 2073 955 2156 IN
1051 2053 1478 2156 LIBROS
1568 2079 1694 2156 na
1778 2012 2046 2160 rios
2132 2077 2845 2159 annoanno.

195 2322 319 2381 Cum
351 2328 685 2383 Ecclesiam
727 2327 1228 2384 Mediolanensem
1279 2331 1633 2401 Auxentius,
1682 2330 1857 2402 pulso
1905 2333 2112 2385 sancto
2144 2329 2401 2401 praesule
2436 2331 2740 2402 Dionysio,
2793 2330 2980 2386 fretus
3031 2331 3359 2387 Constantii
3392 2331 3596 2386 Ariani

141 2413 473 2484 imperatoris
525 2416 908 2487 adminiculo,
959 2433 1066 2487 per
1108 2417 1230 2472 vim
1261 2422 1637 2490 occupasset,
1686 2435 1756 2473 ac
1802 2434 1931 2474 eam
1979 2419 2139 2475 omni
2188 2420 2417 2474 scelere
2465 2420 2793 2475 lacerasset
2842 2419 3378 2493 deformassctque,
3430 2425 3596 2475 extra

139 2503 344 2559 dubium
384 2511 474 2560 est
517 2506 903 2562 Ambrosium
943 2505 1121 2562 simul
1177 2522 1246 2562 ac
1305 2508 1364 2562 in
1405 2506 1588 2580 hujus
1655 2508 1948 2564 demortui
1986 2508 2182 2564 locum
2241 2509 2468 2564 electus
2507 2508 2648 2578 fuit,
2719 2507 2865 2564 nihil
2923 2505 3209 2564 habuisse
3249 2509 3588 2580 antiquius,

137 2607 280 2662 quam
319 2598 374 2648 ut
415 2595 626 2649 ruinas
667 2595 782 2650 sub
823 2596 1129 2664 tyrannica
1167 2589 1522 2651 Arianorum
1575 2596 1972 2653 dominatione
2011 2599 2202 2653 illatas
2260 2600 2579 2669 repararet.
2622 2598 2921 2670 Aspiravit
2959 2601 3073 2652 tam
3130 2598 3244 2669 piis
3286 2599 3596 2654 conatibus

137 2679 338 2736 divinus
385 2682 579 2738 favor.
640 2682 868 2738 Etenim
895 2726 910 2753 ,
949 2684 1089 2739 licet
1145 2701 1177 2738 a
1218 2685 1612 2762 saecularibus
1671 2686 2058 2759 dignitatibus
2097 2687 2171 2741 ad
2228 2687 2630 2758 episcopalem
2670 2691 2835 2742 esset
2884 2687 3208 2742 translatus
3235 2729 3249 2757 ,
3309 2688 3467 2759 illico
3507 2692 3596 2742 ta-

135 2785 242 2824 men
277 2775 486 2827 tantam
530 2773 629 2827 sui
679 2772 1132 2828 admirationem
1190 2766 1524 2844 concitavit,
1565 2777 1629 2830 ut
1685 2790 1820 2830 eum
1859 2791 2068 2831 omnes
2126 2779 2462 2847 spectarent
2499 2775 2672 2848 quasi
2709 2777 2978 2831 veritatis
3035 2777 3385 2849 magistrum
3424 2780 3599 2849 atque

137 2861 422 2916 oraculum.
2265 2861 2270 2873 ἶ

188 2948 278 3003 liis
315 2954 510 3006 motus
572 2950 888 3006 Gratianus
929 2951 1153 3023 Caesar,
1225 2968 1358 3008 cum
1407 2953 1467 3008 in
1521 2953 1832 3025 procinctu
1869 2957 2034 3010 esset
2089 2957 2153 3009 ut
2190 2954 2250 3008 in
2307 2953 2604 3010 Orientem
2662 2953 3181 3024 proficisceretur,
3225 2954 3452 3012 Valenti
3494 2968 3602 3026 pa-

135 3039 241 3091 truo
277 3055 380 3094 suo
435 3043 650 3096 contra
708 3041 933 3098 Gothos
989 3041 1214 3098 bellum
1272 3043 1503 3116 gerenti
1561 3042 1866 3114 suppetias
1924 3033 2192 3111 laturus,
2247 3041 2322 3098 ab
2381 3042 2485 3097 illo
2545 3043 3097 3098 commentationem
3153 3059 3269 3113 qua
3325 3044 3602 3098 divinitas

136 3123 324 3182 Christi
361 3133 740 3184 astrueretur
779 3129 904 3198 (lib.
946 3147 985 3199 ι,
1027 3130 1118 3184 De
1157 3130 1326 3196 Fide,
1369 3130 1640 3203 prolog.,
1677 3131 1784 3186 lib.
1826 3147 1909 3201 ιιι,
1952 3148 2080 3202 cap.
2122 3130 2177 3202 5,
2219 3147 2379 3187 ιιιιιιι.
2424 3131 2496 3204 1),
2559 3133 2851 3203 poposcit,
2914 3136 2978 3188 ut
3033 3132 3132 3186 illa
3185 3149 3254 3188 se
3309 3133 3605 3188 adversus

136 3215 378 3272 Ariunam
416 3221 654 3291 pestem
695 3218 754 3272 in
794 3219 1007 3273 iisdem
1047 3219 1375 3294 provinciis
1398 3219 1680 3276 atrociter
1716 3225 2093 3292 grassantem
2131 3223 2408 3292 tanquam
2447 3224 2858 3290 praesentaneo
2897 3220 3156 3276 antidoto
3197 3222 3605 3276 communiret.

137 3301 476 3375 Ambrosius,
525 3306 760 3360 laudata
814 3307 1191 3378 imperatoris
1250 3307 1364 3362 fide
1405 3308 1530 3378 (lib.
1573 3326 1614 3376 ι,
1657 3308 1886 3381 prolog.
1929 3325 2090 3364 num.
2132 3309 2210 3379 4),
2252 3308 2571 3364 Iubentiori
2608 3309 2803 3364 animo
2845 3325 2984 3364 sese
3023 3309 3491 3365 exhortationem
3531 3309 3607 3364 ad

137 3390 278 3446 ﬁdem
335 3411 515 3466 quam
573 3396 1032 3466 disputationem
1072 3397 1143 3451 de
1183 3397 1298 3452 ﬁde
1357 3398 1718 3468 scripturum
1775 3397 1966 3453 fuisse
2022 3397 2361 3468 professus,
2422 3398 2557 3470 ejus
2597 3401 2789 3453 tamen
2846 3399 3128 3453 voluntati
3189 3399 3597 3469 obtemperare

136 3476 195 3531 ita
220 3482 410 3555 voluit,
443 3487 510 3539 ut
559 3484 766 3554 paucis
797 3488 973 3556 atque
1005 3500 1080 3540 ex
1126 3486 1470 3541 auctoritate
1518 3485 1919 3542 Conciliorum
1949 3487 2118 3559 (Ibid.
2154 3501 2313 3542 num.
2347 3488 2425 3558 5),
2469 3487 2844 3558 potiSsimum
2877 3503 3016 3542 vero
3064 3487 3314 3557 Nicteni,
3351 3495 3593 3542 conce‘r-
3639 3521 3650 3525 -

138 3569 273 3624 taret.

192 3657 361 3730 Opere
400 3662 461 3716 in
503 3662 664 3718 duos
703 3663 894 3718 libros
934 3663 1272 3742 distributo,
1299 3666 1526 3742 statim
1565 3680 1620 3736 Oa
1660 3664 1863 3720 limine
1919 3665 2062 3737 quid
2099 3665 2250 3720 inter
2289 3665 2639 3722 catholicam
2678 3665 2853 3720 tidem
2913 3669 3087 3738 atque
3145 3666 3423 3720 Arianam
3461 3681 3602 3736 per-

142 3744 304 3804 ﬁdiam
343 3751 587 3807 intersit
625 3752 1012 3823 discriminis,
1053 3741 1330 3824 proponit
1385 3753 1509 3824 (lib.
1545 3753 1609 3808 i:
1668 3743 1795 3824 cap.
1839 3752 1900 3822 1,·
1933 3757 2122 3809 num.‘
2152 3753 2188 3809 6
2225 3756 2284 3807 et
2321 3753 2496 3825 seq.).
2556 3751 2680 3807 Illic
2735 3755 2907 3808 etiam
2954 3758 3178 3808 naturae
3219 3754 3278 3808 in
3319 3755 3440 3809 Deo
3479 3755 3610 3809 uni-

143 3837 291 3891 tatem
328 3839 497 3908 (Ibid.
547 3857 708 3895 num.
750 3841 784 3896 8
821 3845 878 3896 et
916 3841 1092 3914 seq.),
1134 3858 1366 3898 necnon
1405 3843 1795 3913 pereouarum
1833 3842 2151 3898 trinitatem
2190 3843 2426 3909 asserit,
2469 3842 2625 3897 unde
2673 3842 2974 3897 Christum
3015 3843 3224 3897 Filium
3265 3843 3386 3897 Deo
3445 3859 3606 3912 esse,
3700 3843 3708 3853 '

141 3921 342 3998 ipsique
381 3930 793 3986 adorationem
835 3933 1106 4002 tanquam
1148 3947 1292 3987 vero
1332 3931 1455 3988 Deo
1495 3932 1699 3988 deberi
1736 3931 1948 4003 probat
2002 3933 2154 4002 (cap.
2215 3932 2268 4000 2,
2311 3947 2472 3986 num.
2515 3930 2643 4000 13):
2686 3932 2902 4002 quippe
2943 3931 3044 4002 qui
3083 3935 3138 3986 et
3178 3932 3474 3986 attributis
3514 3932 3609 3986 di-

138 4011 267 4068 vinis
329 4017 406 4071 sit
443 4018 746 4089 praeditus
813 4019 977 4089 (ibid.
1021 4035 1182 4075 num.
1252 4020 1340 4090 t4,
1400 4020 1510 4091 15),
1553 4023 1612 4075 et
1671 4020 1734 4075 in
1789 4019 2093 4092 Scriptura
2145 4024 2398 4092 quatuor
2453 4020 2776 4075 divinitatis
2841 4020 3180 4075 nominibus
3239 4021 3614 4092 signiﬁcetur

139 4100 294 4167 (num.
336 4107 402 4161 16
440 4112 500 4162 et
549 4109 726 4179 seq.).
770 4108 992 4163 Deinde
1033 4124 1108 4164 ex
1147 4109 1299 4164 Isaia
1337 4112 1396 4164 et
1433 4109 1691 4164 Jeremia
1729 4109 1902 4164 docet
1939 4110 2091 4181 (cap.
2132 4110 2186 4180 3,
2231 4109 2288 4181 4)
2327 4109 2441 4164 hoc
2479 4109 2624 4163 illud
2662 4124 2801 4164 esse
2851 4109 3001 4180 quod
3038 4111 3360 4163 communis
3399 4115 3610 4162 natura

141 4188 338 4248 clamat.
381 4195 527 4250 Mox
588 4196 875 4267 ρι’ωοίρυί
934 4197 1174 4253 Arianis
1231 4198 1455 4252 erro‘ris
1513 4195 1807 4268 capitibus
1847 4197 1922 4252 ob
1963 4195 2171 4252 oculos
2211 4197 2445 4268 positis,
2487 4197 2763 4251 nimirum
2819 4197 2990 4267 queis
3048 4197 3233 4251 Filius
3288 4195 3610 4251 dissimilis

139 4275 289 4335 Patri
325 4300 400 4339 ex
443 4291 715 4356 tempore
755 4286 1098 4358 ccepisse,et
1137 4293 1377 4342 creatus
1415 4302 1552 4342 esse
1588 4286 2024 4357 praedicabatur
2060 4285 2211 4356 (cap.
2253 4286 2347 4355 5):
2390 4289 2594 4340 contra
2633 4300 2774 4340 vero
2813 4284 3022 4356 bonus,
3079 4287 3463 4356 omnipotens,
3518 4299 3612 4338 re-

141 4381 227 4421 rus
261 4371 367 4427 Dei
405 4374 626 4444 Filius,
670 4391 738 4430 ac
777 4375 1102 4431 divinitate
1163 4393 1310 4431 unus
1348 4393 1475 4431 cum
1513 4376 1706 4431 Patre
1757 4374 2107 4448 negabatur,
2149 4374 2388 4447 singula
2444 4374 2612 4429 hisce
2651 4374 2886 4430 duobus
2924 4374 3097 4429 libris
3135 4374 3399 4429 adoritur
3435 4377 3611 4443 atque

141 4461 341 4515 evertit.
383 4463 579 4535 Igitur
615 4463 718 4518 ubi
755 4465 1110 4534 praemonuit
1147 4466 1302 4536 (cap.
1342 4465 1399 4536 6)
1438 4480 1516 4520 ex
1553 4465 1790 4520 Arianae
1831 4464 2106 4518 factionis
2147 4463 2422 4529 ducibus,
2466 4478 2618 4534 quos
2658 4463 2812 4517 inter
2850 4478 2916 4516 se
2957 4463 3250 4516 dissidere
3284 4478 3399 4515 non
3443 4462 3610 4532 igno-

141 4551 290 4617 raret,
334 4553 567 4607 nullum
605 4553 714 4608 abs
755 4570 822 4608 se
859 4554 1153 4625 privatim,
1197 4555 1305 4610 sed
1344 4555 1672 4610 universim
1726 4569 1934 4609 omnes
1973 4553 2088 4608 sub
2146 4552 2562 4607 haereticorum
2614 4552 2850 4606 nomine
2889 4550 3360 4623 impugnandos;
3403 4549 3615 4604 Filium

142 4632 190 4686 in
223 4641 490 4696 omnibus
538 4641 696 4696 Patri
736 4643 994 4700 similem
1030 4659 1170 4698 esse
1210 4645 1361 4714 (cap.
1403 4642 1480 4714 Ἴ),
1523 4643 1758 4716 ipsique
1798 4645 2160 4698 coaeternum
2198 4640 2349 4711 (cap.
2382 4643 2440 4694 et
2476 4644 2630 4710 seq.)
2670 4639 3053 4707 demonstrat,
3097 4655 3164 4692 ac
3213 4637 3459 4708 proinde
3501 4654 3612 4693 nec

147 4719 333 4780 factum
373 4731 531 4800 (cap.
576 4729 640 4782 14
682 4734 737 4784 et
777 4734 935 4803 seq.)
994 4747 1187 4803 neque
1228 4734 1509 4787 creatum.
1569 4731 1740 4786 Unde
1781 4729 2006 4803 colligit
2062 4730 2444 4784 Nicaenorum
2482 4729 2721 4782 Patrum
2780 4726 3128 4794 definitioni,
3185 4743 3359 4796 quam
3403 4728 3614 4781 Arimi-

146 4819 511 4872 nennensium
546 4835 779 4892 quoque
824 4822 1014 4891 prima
1045 4823 1102 4874 et
1150 4821 1318 4875 tertia
1352 4806 1660 4894 confessio
1706 4820 1999 4891 probavit,
2053 4817 2558 4874 subscribendum
2607 4817 2761 4886 (cap.
2796 4815 2882 4882 18,
2920 4813 3028 4884 19).
3085 4815 3391 4870 Postremo
3428 4817 3614 4871 Deum

150 4912 535 4972 comprecatur
565 4909 716 4978 (cap.
752 4909 838 4977 10,
875 4924 1034 4962 ιιιιιιι.
1071 4907 1215 4978 12⁵2),
1251 4911 1314 4963 ut
1343 4909 1670 4964 lectoribus
1701 4908 1831 4963 suis
1862 4911 1920 4963 et
1949 4907 2203 4962 maxime
2234 4904 2575 4977 imperatori
2601 4902 2754 4958 hanc
2785 4906 3037 4958 mentem
3069 4905 3125 4958 in
3130 4903 3314 4976 jiciat,
3376 4922 3488 4977 qua
3522 4921 3617 4960 sa-

149 5001 231 5044 cro
258 4992 384 5048 ﬁdei
418 4996 692 5067 deposito
725 4997 895 5066 (Ibid.
930 5014 1091 5052 num.
1129 4996 1252 5068 136)
1283 4997 1604 5069 praeferant
1635 4997 1802 5051 nihil.

207 5077 260 5132 In
291 5099 325 5134 ιι
354 5083 531 5153 libro,
563 5089 876 5158 postquam
912 5086 1223 5142 duodecim
1251 5087 1457 5142 titulos
1491 5087 1708 5159 quibus
1739 5084 1844 5139 Dei
1874 5084 2086 5140 Filium
2116 5083 2391 5155 designat
2419 5081 2742 5153 Scriptura,
2777 5081 3052 5151 exposuit
3082 5080 3204 5145 (lib.
3238 5099 3298 5153 ιι,
3333 5083 3615 5154 prolog.),

150 5161 321 5225 initam
351 5175 406 5227 in
433 5175 689 5230 Arianos
719 5192 980 5247 pugnam
1009 5177 1410 5248 prosequitur.
1466 5175 1651 5231 Docet
1681 5175 1832 5246 (cap.
1867 5173 1893 5228 1
1939 5176 1995 5227 et
2024 5171 2178 5243 seq.)
2211 5173 2427 5243 quanta
2457 5169 2535 5225 sit
2582 5170 2642 5224 in
2675 5169 2944 5242 neganda
2977 5170 3167 5241 ipsius
3214 5170 3470 5226 bonitate
3504 5174 3616 5227 imn

153 5252 337 5319 Pietas.
384 5261 599 5318 Postea
637 5264 908 5319 eumdem
951 5265 1435 5336 omnipotentem,
1485 5269 1542 5320 et
1597 5261 1735 5319 licet
1771 5279 1805 5317 a
1842 5263 2015 5317 Patre
2073 5276 2247 5332 quem
2305 5259 2592 5331 majorem
2632 5259 2883 5326 diccbat,
2943 5261 3218 5330 missum,
3249 5261 3431 5332 eique
3471 5261 3619 5315 subs

154 5339 328 5416 ditum,
368 5350 540 5420 plane
581 5356 775 5407 tamen
815 5353 1066 5408 liberum
1109 5353 1299 5408 fuisse
1339 5353 1552 5425 probat
1611 5354 1764 5424 (cap.
1805 5353 1838 5407 4
1899 5355 1955 5407 et
1995 5350 2171 5421 seq.).
2215 5349 2325 5404 His
2383 5349 2542 5404 addit
2581 5347 3019 5402 infirmitatibus
3078 5348 3194 5403 illis
3233 5364 3300 5402 ac
3359 5347 3618 5403 miseriis

157 5442 282 5497 quas
321 5437 540 5492 inﬁnita
580 5457 686 5495 sua
727 5441 1091 5513 benignitate
1131 5442 1325 5497 victus
1367 5442 1633 5497 sublerat
1673 5444 1823 5511 (cap.
1865 5439 1943 5510 7),
1985 5441 2153 5510 ipsos
2193 5438 2407 5493 adduci
2460 5437 2798 5508 oportuisse
2837 5437 2908 5490 ad
2964 5437 3239 5492 saniora:
3283 5438 3378 5492 sin
3419 5437 3617 5490 minus

158 5516 299 5576 illum
335 5526 557 5583 eisdem
594 5530 917 5585 timendum
955 5547 1096 5586 esse
1135 5533 1309 5602 quasi
1342 5531 1632 5603 judicem,
1679 5529 1856 5601 cujus
1893 5530 2186 5584 sententia
2225 5530 2447 5582 tantum
2487 5526 2920 5598 deSperationis
2963 5525 3262 5580 haereticis
3302 5526 3620 5578 incussura

160 5610 255 5691 est,
292 5619 562 5682 quantum
601 5619 838 5673 ﬁduciae
879 5620 1189 5675 catholicis
1228 5620 1381 5691 (cap.
1426 5618 1488 5674 11
1533 5623 1591 5674 et
1629 5620 1805 5689 seq.).
1849 5616 1971 5672 Sub
2011 5617 2162 5686 haec,
2205 5617 2469 5672 oratione
2508 5615 2581 5669 ad
2620 5615 2962 5670 Gratianum
2996 5628 3286 5668 conversa
3327 5614 3476 5682 (cap.
3506 5610 3615 5682 15),

163 5688 257 5750 hos
285 5698 465 5758 libros
496 5720 528 5759 a
557 5722 622 5762 se
651 5707 915 5763 breviter
943 5712 1118 5781 atque
1147 5688 1410 5780 impolita
1443 5688 1823 5779 conscriptos
1853 5707 1995 5763 dicit
2020 5722 2034 5777 ;
2068 5706 2196 5761 fore
2225 5708 2420 5762 tamen
2450 5707 2514 5760 ut
2544 5704 2604 5760 hi
2635 5703 2936 5760 sufﬁciant
2965 5702 3040 5757 iis
3072 5701 3346 5757 omnibus
3383 5697 3482 5772 qui
3515 5713 3622 5757 ve-

163 5781 308 5874 ritate
339 5789 565 5851 sincere
593 5796 962 5869 indagarent.
998 5798 1264 5874 Denique
1297 5801 1521 5857 certam
1551 5797 1829 5871 Augusto
1859 5796 2144 5872 promittit
2166 5795 2498 5867 victoriam,
2537 5793 2710 5869 eique
2740 5791 3001 5850 debitum
3032 5790 3224 5866 ipsius
3255 5789 3389 5848 fidei
3419 5788 3627 5854 trium.

166 5869 323 5949 phum
349 5893 382 5937 ι
410 5880 528 5941 Deo
550 5885 692 5964 petit
721 5887 874 5967 (cap.
910 5885 1023 5962 16).
