2012 3088
235 126 312 176 .549
951 124 1007 156 ne
1028 123 1125 157 FIDE
1148 124 1227 157 LIB.
1251 124 1274 157 ι.
1908 128 1952 161 550

254 230 355 266 quenti
375 229 511 257 citatione
527 227 686 256 declaravit
701 228 763 264 (lib.
782 236 822 263 ιιι,
841 236 904 264 cap.
922 228 965 263 12,
982 236 1061 255 ιιιιιιι.
1078 228 1132 263 93;
1151 237 1176 256 c.
1190 228 1233 263 13,
1250 237 1279 256 n.
1297 228 1368 263 103;
1384 228 1435 256 lib.
1453 237 1491 264 IV,
1509 237 1573 265 cap.
1591 229 1604 256 1
1622 231 1649 257 et
1663 230 1711 266 al.)
1727 230 1861 260 coaluere.
1878 232 1954 261 Cete-

254 283 321 302 rum
336 282 396 302 non
412 274 578 302 evidentius
595 274 640 300 est
655 273 691 300 ab
703 281 738 300 eo
753 274 843 300 totam
858 273 1134 300 commentationem
1153 273 1183 300 in
1198 281 1216 300 v
1231 273 1324 300 libros
1345 273 1440 300 fuisse
1456 273 1650 309 distributam,
1668 282 1752 310 quam
1766 276 1917 304 eorumdem
1928 277 1955 304 li-

255 319 377 347 brorum
392 318 554 346 sectionem
570 318 599 345 in
614 318 707 353 capita
724 317 819 352 ipsius
834 325 893 345 non
908 325 988 345 esse.
1005 318 1069 345 Hoc
1084 317 1210 352 probant
1224 326 1290 344 cum
1316 318 1509 353 manuscripti
1523 319 1713 354 antiquiores,
1729 319 1757 346 in
1779 321 1877 355 quibus
1900 330 1956 349 con-

254 364 334 391 tinua
351 363 482 390 oratione
498 362 675 389 exhibentur
690 362 758 388 libri
773 361 895 398 singuli,
916 364 977 389 tum
999 362 1119 389 codices
1143 362 1325 389 recentiores
1346 364 1434 398 atque
1454 362 1610 398 editiones,
1626 363 1677 390 ubi
1691 364 1811 399 capitum
1826 366 1958 392 summai-ia

255 410 314 435 tam
329 409 425 443 inepta
441 409 557 443 tamque
572 406 676 433 alienis
694 406 769 434 locis
785 407 880 442 posita
896 407 1022 441 exstant,
1039 408 1070 433 ut
1084 414 1143 434 non
1159 407 1245 434 modo
1261 414 1347 441 nova,
1371 407 1451 442 quod
1474 407 1584 443 ubique
1607 408 1636 435 in
1660 407 1715 435 hoc
1740 416 1824 443 opere
1846 409 1958 444 fecimus,

254 452 451 487 substituere;
467 459 570 479 verum
587 452 615 479 et
631 451 793 479 orationem
809 451 914 487 ipsam,
932 451 1010 487 quod
1024 458 1091 478 raro
1106 451 1186 486 alibi,
1203 451 1251 478 hic
1267 450 1328 478 fere
1344 459 1492 486 nusquam
1508 459 1568 479 non
1582 451 1667 479 aliter
1685 452 1859 488 distinguere
1872 460 1958 480 neces-

252 505 317 525 sum
330 496 426 524 fuerit.

288 541 361 568 Cum
377 542 474 568 autem
489 540 632 575 polemica
648 548 737 575 opera
751 539 924 575 lectoribus,
942 540 1067 568 maxime
1082 548 1153 567 vero
1169 540 1364 575 principibus,
1382 540 1536 568 insuavem
1544 541 1700 576 quamdam
1715 541 1868 569 satietatem
1875 541 1959 569 δῦθι-ιθ

253 585 378 620 soleant,
395 585 464 612 huic
480 585 555 611 malo
572 584 689 612 obviam
703 585 734 611 ut
749 584 803 611 iret
818 584 1006 619 Ambrosius,
1023 584 1251 619 disputationem
1267 593 1352 612 suam
1367 585 1442 612 intra
1458 585 1626 613 libellorum
1637 585 1759 613 duorum
1769 585 1909 621 angustias
1921 593 1961 614 co-

254 637 324 666 gere
340 630 482 656 statuerat
495 637 501 656 :
518 637 594 664 quos
609 629 693 664 ipsos
708 628 786 655 haud
802 628 989 656 mediocriter
1004 628 1179 656 exhilaravit
1194 629 1336 656 tractandi
1353 629 1528 656 dexteritate
1543 630 1630 665 atque
1646 629 1801 657 industria.
1816 630 1911 657 Verum
1923 630 1961 657 ubi

254 674 405 701 materiam
421 673 542 700 uberius
558 673 772 700 discutiendam
788 673 939 706 intellexit,
956 673 1047 701 multo
1062 673 1216 708 prospexit
1231 673 1414 709 diligentius,
1431 675 1462 700 ut
1475 674 1618 710 quidquid
1638 682 1741 709 parere
1760 676 1857 709 posset
1873 674 1962 709 aliquid

234 749 236 751 1
253 718 374 753 fastidii,
390 718 603 745 removeretur.
620 717 662 744 Eo
679 717 803 745 consilio
820 717 953 745 sedulam
969 717 1122 745 nectendis
1138 717 1214 744 inter
1229 724 1262 744 se
1277 717 1504 752 probationibus
1514 717 1793 753 objectionibusque
1803 725 1909 752 operam
1921 717 1962 744 de-

251 763 302 798 dit,
319 764 403 798 aptas
424 762 556 789 adhibuit
579 763 666 797 atque
683 761 856 797 ingeniosus
881 762 1083 796 transitiones,
1099 761 1290 796 praefationes
1314 762 1450 796 inseruit,
1476 762 1604 790 subinde
1624 763 1746 790 moralia
1760 764 1904 800 praecepta,
1918 761 1962 788 imo

252 815 463 843 nonnunquam
479 807 565 834 etiam
581 806 720 833 nonnulla
735 807 837 833 acutea
852 806 927 833 dicta
943 806 1063 833 miscuit
1072 808 1158 842 atque
1174 806 1325 841 inspersit.
1339 806 1454 842 Ubique
1470 808 1565 834 autem
1590 807 1645 834 hac
1670 809 1732 835 arte
1745 807 1869 843 disponit
1880 806 1962 841 objec-

250 854 358 887 tiones,
376 853 406 879 ut
421 852 513 879 lector
532 859 591 878 non
613 851 678 878 sine
698 851 846 886 voluptate
868 851 1033 879 solutiones
1053 859 1154 878 earum
1175 851 1351 886 praevideat:
1375 859 1450 887 quas
1471 859 1542 879 vero
1562 852 1689 887 ipsemet
1710 852 1828 887 profert,
1846 852 1881 878 ita
1897 850 1962 877 lectae

250 899 320 924 sunt
340 898 426 932 atque
442 895 556 930 solidae,
573 897 603 923 ut
624 896 792 931 quicunque
812 897 915 930 postea
936 895 1040 923 eodem
1060 896 1090 922 in
1109 897 1283 932 argumento
1307 896 1499 932 desudarunt,
1524 896 1622 924 nullas
1637 897 1712 924 alias
1728 896 1775 923 his
1790 895 1963 931 praeferendas

248 940 455 969 existimarint.

284 985 430 1017 Quantum
445 985 536 1020 hujus
553 984 651 1020 operis
667 985 735 1012 libri
751 985 867 1020 priores
883 985 1020 1012 Gratiano
1035 985 1149 1020 accepti
1165 984 1284 1020 fuerint,
1297 984 1360 1021 jam
1375 986 1441 1013 ante
1457 993 1473 1012 a
1495 985 1583 1013 nobis
1600 986 1791 1013 observatum
1809 986 1862 1012 est.
1877 984 1964 1011 Verum

249 1030 456 1059 communibus
471 1029 573 1064 judicii
592 1029 639 1056 sui
654 1029 831 1057 testimoniis
847 1029 966 1056 minime
986 1031 1152 1064 contentus,
1169 1029 1315 1057 illustrius
1333 1029 1468 1064 ejusdem
1485 1029 1627 1057 indicium
1646 1030 1778 1066 adjicere
1798 1029 1883 1056 voluit
1896 1027 1964 1062 (ωλι

249 1076 293 1104 De
303 1075 409 1110 Spirit.
421 1077 533 1108 sancto,
550 1081 614 1108 cap.
633 1073 669 1108 1),
687 1081 753 1100 cum
768 1073 933 1101 Ecclesium
949 1082 1036 1109 quam
1052 1074 1233 1109 sequestrari
1258 1073 1467 1101 haereticorum
1492 1074 1667 1109 improbitas
1692 1074 1861 1108 obtinuerat,
1884 1072 1964 1099 catho-

248 1119 418 1155 licisjussit
432 1119 557 1145 restitui.
574 1118 733 1145 Pontifices
749 1126 827 1145 max.
844 1118 915 1153 (Leo
932 1118 952 1153 Ι,
971 1118 1089 1154 Agatlr,
1106 1119 1184 1153 etc.),
1202 1119 1340 1146 doctores
1357 1119 1502 1153 (Hieron.,
1516 1119 1690 1156 Augustin.,
1707 1119 1886 1152 Theodoret.,
1898 1117 1963 1143 Vino.

249 1165 352 1199 Lirin.,
370 1163 450 1199 etc.),
468 1162 648 1190 aecumenica
664 1162 788 1190 concilia
805 1162 970 1198 (Ephesin.,
987 1162 1178 1197 Chalcedon.,
1190 1162 1343 1190 Constant.
1360 1172 1400 1198 ιιι,
1418 1164 1496 1198 eto.),
1514 1163 1570 1191 hos
1587 1163 1683 1191 libros
1693 1171 1752 1190 non
1768 1163 1859 1190 solum
1868 1161 1964 1190 eximiis

249 1209 386 1237 laudibus
402 1208 592 1242 exornarunt,
610 1206 664 1234 sed
680 1207 766 1235 etiam
782 1215 884 1234 eorum
898 1207 1077 1235 testimoniis
1091 1208 1140 1235 usi
1156 1209 1257 1235 contra
1274 1207 1408 1235 haereses
1424 1208 1561 1235 aetatibus
1576 1208 1794 1243 posterioribus
1806 1207 1965 1242 emergentes

229 1268 231 1271 ι
250 1262 338 1290 quam
353 1252 560 1280 strenuissime
576 1252 771 1279 decertarunt.
783 1251 979 1284 Quamobrem
995 1252 1068 1279 satis
1083 1252 1185 1279 mirari
1200 1260 1259 1280 non
1280 1260 1443 1288 possumus
1467 1252 1605 1280 inventos
1629 1260 1701 1280 esse
1717 1254 1816 1280 nostra
1831 1253 1857 1278 et
1870 1251 1965 1278 Palmm

250 1298 401 1332 memoria,
419 1297 469 1332 qui
484 1296 683 1323 universalem
697 1296 787 1323 totius
804 1296 948 1324 Ecclesiae
964 1304 998 1324 ac
1013 1298 1177 1332 temporum
1193 1298 1323 1325 omnium
1344 1297 1531 1324 traditionem
1555 1296 1725 1325 divinorum
1742 1297 1870 1324 codicum
1884 1296 1965 1322 aucto-

248 1344 334 1370 ritate
349 1341 516 1373 stabilitam,
535 1349 551 1367 a
568 1340 705 1368 Pati-ibus
721 1341 750 1367 in
766 1341 917 1368 universis
937 1341 1072 1368 conciliis
1097 1342 1250 1377 firmatam,
1277 1342 1423 1378 sanguine
1447 1343 1490 1368 tot
1513 1344 1688 1377 martyrum,
1712 1343 1809 1377 totque
1833 1339 1966 1368 confesso-

249 1395 314 1414 rum
329 1386 492 1420 laboribus,
509 1387 540 1412 ut
555 1385 733 1412 Ambrosius
748 1385 813 1420 ipse
828 1386 952 1424 testatur
968 1385 1030 1419 (lib.
1048 1394 1090 1420 ιιι,
1108 1394 1134 1413 c.
1152 1386 1195 1421 15,
1212 1394 1242 1413 ιι.
1264 1385 1337 1420 128),
1363 1387 1520 1420 essertam,
1538 1386 1693 1421 probatam
1719 1384 1917 1413 eruditissimis
1936 1384 1966 1409 tot

246 1440 280 1458 ac
297 1433 442 1458 tantorum
458 1430 612 1457 doctorum
627 1429 722 1464 libris,
740 1437 799 1457 uno
809 1430 902 1457 verbo
918 1430 954 1457 ab
971 1430 1135 1458 innumeris
1159 1430 1233 1457 viris
1259 1430 1389 1466 ingenio,
1407 1430 1541 1458 doctrina
1567 1432 1596 1458 et
1618 1431 1728 1466 pietate
1751 1429 1914 1458 clarissimis
1934 1435 1967 1454 rc-

246 1477 359 1511 ceptam
374 1474 592 1510 proculcantes,
608 1477 738 1501 veterem
753 1474 832 1501 illam
847 1476 934 1510 atque
949 1474 1095 1502 exoletam
1111 1475 1252 1502 hieresim
1267 1482 1411 1502 renovare
1427 1476 1567 1510 aggressi
1585 1475 1706 1502 fuerint.
1721 1475 1785 1502 Hoc
1795 1476 1885 1502 autem
1898 1472 1966 1500 etiam

248 1520 344 1556 magis
361 1521 482 1554 stupeas
498 1519 672 1545 temerarios
689 1518 755 1545 illos
772 1518 809 1545 iis
825 1519 963 1546 omnibus
979 1518 1052 1546 nihil
1068 1526 1217 1554 opponere
1232 1520 1341 1554 praeter
1356 1519 1476 1546 easdem
1491 1519 1693 1554 objectiones,
1708 1527 1782 1555 quas
1807 1520 1861 1545 tam
1880 1517 1966 1544 invicte

248 1566 370 1592 sanctus
385 1564 490 1591 doctor
503 1563 560 1590 hoc
574 1563 605 1590 in
618 1562 713 1598 Opere
729 1563 906 1599 proﬂigavit.
925 1563 1014 1598 Atqui
1029 1565 1060 1591 ut
1074 1565 1168 1591 testes
1184 1563 1312 1598 hujusce
1331 1564 1376 1591 rei
1397 1571 1456 1591 non
1471 1566 1574 1591 essent
1589 1564 1638 1591 alii
1663 1564 1735 1591 libri
1757 1564 1965 1594 Socinianorum,

246 1609 332 1644 impia
349 1607 448 1635 Crellii
464 1607 669 1635 commentalto
686 1607 729 1634 De
746 1614 800 1634 uno
810 1607 872 1635 Deo
882 1606 976 1634 Patre
992 1608 1039 1635 vel
1055 1607 1119 1635 sola
1135 1607 1296 1642 sufﬁceret,
1314 1609 1345 1634 ut
1359 1607 1416 1635 hoe
1432 1608 1530 1643 ipsum
1556 1608 1667 1637 nemini
1694 1609 1806 1636 certum
1829 1615 1884 1635 non
1902 1606 1966 1633 ﬂeret

245 1655 332 1689 atque
351 1652 545 1688 exploratum.

551 1787 1001 1875 SANCTI
1071 1789 1684 1875 AMBROSII

835 1907 1184 1938 MEDIOLANENSIS
1210 1907 1403 1937 EPISCOPI

461 1977 556 2033 DE
586 1977 760 2034 FIDE
800 1976 898 2033 AD
935 1975 1354 2034 GBATIANUM
1392 1976 1784 2035 AUGUSTUM

945 2063 1059 2094 LIBRI
1077 2062 1269 2100 QUINQUE
1287 2064 1341 2102 (ι).

895 2174 1072 2214 LIBER
1101 2174 1333 2235 PRIMUS.

1100 2275 1128 2305 Α
1149 2284 1161 2311 1
1187 2285 1261 2320 seq).
1286 2284 1387 2311 Hiram
1411 2292 1529 2320 quoque
1546 2292 1600 2311 rex
1624 2284 1660 2310 ad
1683 2284 1873 2312 Salomonem
1894 2280 1968 2313 misit.

1118 2330 1120 2332 ’
1149 2330 1180 2356 ut
1195 2331 1393 2365 cognosceret
1412 2337 1479 2356 eum
1496 2328 1556 2363 (Ill
1572 2328 1645 2364 Reg.
1672 2337 1701 2362 v,
1729 2329 1767 2363 1).
1795 2329 1837 2356 Tu
1857 2332 1967 2364 quoque.

1149 2375 1250 2400 sancte
1275 2374 1434 2409 imperator
1456 2373 1604 2407 Gratiane,
1620 2372 1733 2400 veteris
1750 2374 1878 2400 imitator
1892 2371 1970 2399 histo-

483 2279 602 2313 441-3
625 2284 833 2312 PROLOGUS.

246 2338 418 2367 Gratianum
435 2339 471 2367 ob
487 2339 624 2366 ardorem
640 2337 790 2366 discendae
806 2337 878 2365 fidei
894 2336 994 2364 laudat
1008 2336 1079 2363 Am-

280 2375 408 2406 brosius,
428 2378 520 2402 semet
540 2383 609 2402 vero
631 2374 781 2409 deprimit.
800 2373 967 2408 Quanquam
984 2375 1079 2409 autem

279 2410 361 2437 illum
384 2411 509 2437 humana
535 2408 674 2437 doctrina
693 2409 833 2444 indigere
858 2410 956 2443 neget,
975 2408 1080 2443 quippe

281 2446 330 2481 qui
354 2454 369 2471 ξι
394 2446 456 2472 Deo
477 2446 541 2480 ipso
566 2445 660 2472 fuerit
682 2443 848 2481 institutus,
875 2443 958 2481 addit
982 2447 1080 2481 tamen

281 2479 413 2508 eumdem
430 2479 550 2516 iliacisua
563 2482 677 2516 pietate
695 2480 769 2506 viam
786 2480 847 2506 sibi
870 2479 907 2516 ad
925 2479 1078 2505 victoriam

280 2517 406 2543 munire.
428 2515 507 2550 Tum,
525 2515 702 2543 difﬁcultate
722 2516 823 2551 operis
844 2515 1005 2549 insinuata,
1022 2522 1079 2541 non

281 2555 339 2578 tam
356 2551 501 2578 rationem
518 2559 600 2587 quam
623 2552 839 2584 auctoritatem,
854 2551 984 2587 maxime
1010 2557 1080 2577 vero

279 2587 399 2614 Nicmni
414 2586 542 2619 concilii,
559 2591 727 2614 secuturum
738 2595 772 2614 se
784 2586 953 2622 proﬁtetur.

281 2641 306 2668 1.
326 2641 439 2677 Regina
459 2641 561 2668 Austri
581 2641 662 2667 venit
680 2640 780 2667 audire
801 2640 974 2675 sapientiam
993 2639 1079 2667 Salo-

245 2685 353 2719 monis,
373 2687 402 2712 ut
417 2685 447 2712 in
464 2685 540 2713 libro
558 2685 729 2721 Regnorum
744 2685 872 2721 legimus
887 2684 945 2720 (III
958 2684 1031 2720 Heg.
1048 2692 1078 2719 κ,

280 2757 319 2792 (1)
341 2756 471 2789 Quorum
495 2757 581 2792 primi
609 2756 667 2784 duo
694 2756 750 2792 sub
780 2756 830 2783 fin.
856 2764 903 2783 an.
929 2756 991 2791 3T7,
1019 2757 1079 2783 tres

242 2791 573 2830 poster-ioressequenti
582 2792 688 2830 scripti
700 2791 793 2820 fuere.

281 2829 319 2866 (2)
336 2829 410 2858 Edit.
428 2828 532 2857 omnes
543 2836 609 2857 cum
622 2828 740 2857 duobus
751 2828 871 2858 omnino
880 2835 966 2863 mss.,
981 2837 994 2853 «
1013 2835 1079 2857 cum

1133 2738 1184 2784 'ab
1205 2757 1280 2792 ipsis
1306 2756 1462 2784 cunabulis
1484 2756 1533 2791 pio
1560 2755 1652 2792 fuisti,
1682 2768 1692 2779 ιτ

1148 2418 1211 2452 rite,
1229 2418 1315 2445 fidem
1331 2425 1426 2445 meam
1441 2417 1542 2444 audire
1559 2417 1688 2444 voluisti.
1706 2417 1767 2444 Sed
1789 2425 1848 2445 non
1863 2424 1915 2452 ego
1928 2414 1970 2441 Sa-

1147 2462 1260 2498 lomon,
1276 2461 1364 2498 cujus
1381 2462 1498 2489 mireris
1519 2461 1693 2496 sapientiam
1707 2469 1714 2496 ;
1739 2469 1837 2497 neque
1852 2463 1882 2488 tu
1895 2458 1969 2487 unius

1148 2507 1257 2542 gentis,
1275 2507 1328 2534 sed
1343 2507 1433 2533 totius
1451 2505 1533 2533 orbis
1545 2506 1700 2541 Augustus
1709 2505 1802 2533 ﬁdem
1816 2505 1912 2533 libello
1925 2510 1969 2530 ex-

1147 2551 1234 2586 primi
1258 2551 1420 2579 censuisti:
1446 2558 1505 2578 non
1531 2552 1562 2577 ut
1584 2550 1729 2585 disceres,
1747 2550 1802 2578 sed
1824 2552 1855 2577 ut
1875 2547 1969 2585 proba-

1148 2604 1208 2623 res.

1133 2639 1139 2645 ⁵
1159 2643 1161 2645 ’
1183 2641 1209 2667 ‘2.
1224 2640 1298 2672 Quid
1321 2640 1399 2668 enim
1423 2640 1534 2674 discas,
1551 2640 1710 2675 imperator
1731 2640 1878 2676 Auguste.
1894 2641 1969 2672 quam

1149 2685 1184 2713 ab
1201 2685 1275 2721 ipsis
1292 2685 1480 2713 incunabulis
1495 2685 1544 2720 pio
1556 2683 1657 2712 fovisti
1670 2684 1708 2720 (2)
1720 2691 1843 2719 semper
1856 2679 1970 2710 atl'ectu?

1723 2756 1783 2783 etc.
1811 2750 1968 2791 Elegantius

1148 2792 1255 2829 reliqui
1265 2801 1339 2822 mss.
1357 2795 1387 2821 ut
1403 2793 1432 2821 in
1444 2793 1535 2820 textu.
