4024 6176
180 271 282 342 547
1449 305 1454 310 -
1590 267 1763 336 S.A

2008 268 2144 337 tSII.
3479 275 3597 342 548

145 521 161 524 -
239 477 366 529 Duos
397 473 504 527 hos
551 473 737 527 libros
786 473 860 527 ad
889 472 1230 528 Gratianum
1275 473 1334 526 in
1376 471 1672 527 Orientem
1717 474 1828 528 iter
1857 475 2156 543 parantem
2201 473 2361 527 misit
2407 473 2783 529 Ambrosius.
2819 474 2939 530 Eos
2983 477 3176 531 autem
3224 491 3415 548 usque
3444 477 3590 534 adeo

179 566 336 618 Caesar
361 563 637 631 probavit,
674 566 733 616 ut
765 562 952 616 redux
985 562 1040 615 in
1075 561 1320 632 patriam
1352 577 1458 631 per
1489 561 1712 616 litteras
1742 562 1961 632 (Epist.
1997 562 2072 616 ad
2101 561 2407 630 Ambros.)
2442 562 2848 617 obsecraverit
2887 567 3153 619 sanctum
3185 565 3504 635 praasulem
3536 571 3597 622 ut

175 655 304 723 ipsos
333 652 530 705 iterum
579 651 933 705 deferendos
979 651 1049 704 ad
1101 665 1166 704 se
1218 654 1470 718 curaret,
1541 650 1754 721 hisque
1805 650 2260 720 disputationem
2322 651 2392 704 de
2425 650 2681 720 Spiritus
2716 653 2904 706 sancti
2964 653 3259 708 divinitate
3292 655 3595 726 adjiceret.

165 742 337 794 Verum
383 740 505 794 haec
554 740 756 795 eadem
807 740 993 810 epella
1026 756 1142 794 non
1189 738 1477 810 majorem
1507 756 1537 792 a
1599 739 1906 794 catholicis
1965 740 2242 794 retulerat
2292 741 2796 809 approbationem,
2862 758 3036 811 quam
3091 741 3475 798 ochnsionem
3522 744 3594 799 ab

158 829 437 897 haereticis,
480 829 574 899 qui
619 829 894 883 omnibus
933 829 1160 883 artibus
1201 844 1330 882 eam
1370 829 1617 882 elevare
1661 828 2027 882 studuerant.
2071 828 2228 881 Nihil
2271 831 2462 882 tamen
2520 829 2675 898 quod
2715 830 3234 899 reprehenderent,
3283 833 3603 902 deprchen-

155 919 268 971 dere
299 919 351 972 in
406 934 471 972 ea
505 922 834 988 potuerant,
894 918 1010 971 nisi
1041 918 1198 988 quod
1241 919 1435 988 ipsum
1486 917 1830 972 dictitabant
1876 917 1947 971 de
1993 916 2280 970 industria
2329 914 2642 971 affectasse
2687 917 2925 972 nimiam
2972 918 3319 973 brevitatem
3351 920 3476 989 (tib.
3513 939 3594 992 ιιι,

156 1022 258 1077 cap.
293 1007 337 1072 f,
370 1023 526 1060 num.
555 1007 629 1075 2),
667 1010 727 1061 ut
757 1008 1124 1078 argumentis
1157 1007 1286 1061 suis
1317 1022 1669 1078 quacunque
1701 1005 1994 1061 solutione
2035 1005 2422 1060 validioribus
2453 1007 2851 1076 respondendi
2903 1008 3316 1062 necessitatem
3351 1010 3438 1063 sic
3468 1011 3598 1066 elu-

154 1098 310 1150 deret.
361 1095 718 1166 l-lujusmodi
770 1096 1302 1164 criminationibus,
1349 1112 1482 1167 quae
1531 1096 1866 1167 quatumvis
1917 1094 2155 1165 iniquae,
2191 1110 2428 1148 movere
2478 1097 2669 1148 tamen
2719 1099 2984 1165 poterant
3033 1096 3411 1166 infirmiores,
3447 1099 3599 1154 viam

151 1186 482 1256 praecludere
513 1185 699 1239 voluit
729 1184 1106 1240 Ambrosius.
1138 1184 1508 1256 Quapropter
1537 1185 1708 1240 venia
1739 1183 2059 1238 differenda
2093 1183 2519 1238 lucubrationis
2553 1183 2623 1237 de
2655 1183 2875 1253 Spiritu
2908 1188 3116 1240 sancto
3147 1185 3218 1240 ab
3251 1187 3599 1256 imperatore

156 1275 305 1344 petita
334 1273 530 1344 (Epist
559 1273 637 1328 ad
669 1272 981 1345 Gratiam,
1015 1276 1072 1328 et
1101 1273 1204 1328 lib.
1237 1291 1294 1344 v,
1331 1290 1457 1344 cap.
1492 1272 1544 1344 2,
1581 1289 1740 1328 num.
1775 1273 1841 1328 34
1873 1277 1929 1328 et
1959 1273 2079 1342 al),
2114 1273 2264 1327 alios
2293 1275 2415 1327 tres
2446 1272 2633 1327 libros
2656 1273 2874 1343 quibus
2907 1274 3107 1328 Ariani
3137 1275 3515 1347 adigerentur
3531 1277 3606 1333 ad

158 1361 444 1431 silentium,
478 1363 830 1432 composuit.

207 1451 263 1504 ln
292 1451 495 1506 horum
529 1452 720 1521 primo
752 1451 946 1506 statim
977 1452 1156 1507 diutis
1187 1443 1542 1524 quibusdam
1574 1452 2051 1507 adversariorum
2085 1450 2348 1523 querelis
2375 1451 2499 1517 (lib.
2535 1468 2616 1521 ιιι,
2651 1467 2779 1522 cap.
2814 1451 2886 1522 1),
2913 1453 3114 1507 Ariani
3137 1455 3358 1508 erroris
3382 1455 3604 1510 fontem

145 1540 290 1593 docet
314 1542 460 1610 (cap.
492 1541 549 1608 ‘2)
584 1541 738 1595 hunc
771 1556 929 1609 esse,
965 1543 1121 1612 quod
1154 1542 1373 1596 Christi
1413 1541 1696 1595 divinitati
1731 1557 1846 1611 qua
1879 1547 2118 1594 creator
2166 1545 2224 1594 et
2257 1538 2588 1594 altissimus
2631 1541 2836 1611 negari
2879 1543 3100 1612 nequit.
3135 1557 3201 1596 ea
3250 1543 3597 1616 tribuerent,

143 1643 253 1698 quae
281 1628 389 1682 soli
420 1627 558 1698 ejus
594 1628 956 1696 humanitati,
997 1646 1113 1700 qua
1145 1630 1488 1701 redemptor
1518 1635 1575 1683 et
1607 1628 1801 1682 factus
1825 1627 1960 1699 jure
1992 1629 2226 1696 dicitur,
2261 1629 2684 1683 convenirent:
2723 1630 2834 1683 hoc
2885 1647 3000 1684 uno
3045 1632 3238 1700 posito
3269 1633 3602 1688 firmamen-

145 1721 206 1783 to,
238 1732 434 1770 omnes
469 1734 638 1771 crum
670 1718 1004 1774 molitiones
1035 1734 1244 1773 cassas
1275 1719 1560 1787 recidere,
1597 1718 1881 1788 ipsosque
1912 1716 2302 1787 nequicquam
2353 1716 2664 1770 obtradere
2697 1718 2854 1788 quod
2906 1718 2965 1772 in
2998 1719 3190 1773 sacris
3221 1721 3454 1792 paginis
3490 1721 3602 1777 Pa-

141 1805 386 1858 tcrsolus
411 1814 630 1876 potens
663 1822 730 1860 ac
761 1807 926 1861 solus
980 1807 1210 1862 habens
1265 1807 1773 1862 immortalitatem
1831 1811 2137 1860 asseratur
2195 1805 2363 1870 (Ibid.
2416 1822 2474 1859 n.
2536 1805 2594 1859 11
2649 1809 2706 1860 et
2764 1808 2960 1877 seq.);
3021 1807 3206 1868 Filius
3257 1814 3447 1865 autem
3481 1810 3608 1867 fae-

146 1900 220 1946 tus
247 1901 301 1947 et
332 1904 574 1948 creatus
605 1896 755 1966 (cap.
788 1895 821 1950 4
853 1900 908 1950 et
942 1898 1117 1967 seq.).
1156 1896 1368 1950 Postea
1400 1897 1550 1966 (cap.
1583 1893 1614 1948 7
1648 1898 1704 1950 et
1735 1895 1888 1964 seq.)
1921 1893 2191 1947 eumdem
2220 1891 2430 1946 Filium
2463 1893 2721 1947 ostendit
2749 1909 2954 1948 verum
2986 1895 3170 1948 Deum
3202 1912 3340 1952 esse
3372 1898 3528 1952 sicut
3547 1900 3606 1954 et

143 1981 358 2052 Patrem,
403 1985 628 2055 quippe
673 1985 893 2056 quibus
924 2001 1106 2040 unum
1137 2001 1385 2057 regnum
1436 1985 1514 2038 sit
1545 1985 1694 2054 (cap.
1733 1981 1841 2052 1‘2),
1874 1998 1988 2037 una
2021 1981 2326 2054 majestas,
2381 1997 2508 2051 cap.
2545 1980 2655 2052 13),
2706 1999 2818 2036 una
2851 1983 3062 2055 gloria.
3117 1984 3439 2058 Subjungit
3469 2003 3603 2042 cum

137 2087 324 2143 negare
377 2072 494 2142 ipsi
558 2089 678 2127 non
745 2074 1000 2144 possint,
1059 2075 1202 2145 quin
1263 2073 1614 2129 substantiae
1647 2089 1764 2128 vox
1820 2073 1972 2142 (cap.
2007 2071 2095 2139 14)
2126 2071 2185 2124 in
2229 2070 2553 2140 Scripturis
2587 2087 2704 2124 non
2736 2072 2813 2125 sit
2857 2073 3090 2142 usitata,
3125 2075 3398 2129 eumdem
3447 2075 3603 2131 Patri

140 2161 683 2217 consubstantialem
739 2164 888 2234 (cap.
924 2160 1012 2232 15)
1047 2179 1179 2216 cum
1227 2162 1472 2217 Nicaana
1521 2161 1748 2232 synodo
1781 2160 2224 2232 praedicandum
2256 2175 2417 2228 esse,
2471 2158 2830 2213 Ariminensi
2868 2160 3162 2231 impietate
3214 2164 3604 2219 condemnata

136 2254 262 2319 (cap.
297 2251 401 2320 16).
439 2253 754 2306 Postremo
785 2253 898 2305 alia
925 2251 1206 2307 nonnulla
1237 2251 1560 2306 divinitatis
1593 2250 1723 2305 Filii
1753 2249 2088 2305 testimonia
2123 2263 2253 2302 cum
2301 2263 2524 2316 eorum,
2559 2264 2692 2318 quae
2725 2247 2874 2319 ipsis
2926 2250 3394 2321 opponebantur,
3430 2253 3598 2308 solu-

138 2339 368 2394 tionibus
401 2327 637 2394 librum,
660 2341 867 2396 finiunt
895 2341 1060 2410 (ibid.
1094 2344 1150 2396 et
1179 2331 1307 2410 eap.
1342 2340 1517 2412 seq.).

192 2427 247 2482 in
275 2430 673 2502 subsequenti
713 2431 985 2502 quamvis
1019 2429 1078 2484 id
1126 2431 1338 2484 mirum
1370 2431 1707 2500 pronuntiet
1735 2429 1858 2499 (lib.
1893 2445 1971 2499 xv,
2004 2443 2131 2498 cap.
2165 2425 2217 2496 1,
2271 2426 2326 2495 ‘2)
2360 2425 2680 2497 Scriptura)
2713 2427 2887 2481 fidem
2919 2428 3195 2501 abrogari
3243 2431 3316 2484 ab
3350 2431 3604 2486 homini-

133 2516 245 2587 bus,
277 2520 518 2573 eosdem
553 2523 746 2574 tamen
779 2519 936 2574 circa
968 2517 1330 2573 divinitatem
1359 2518 1581 2573 Christi
1615 2519 1872 2573 haesisse
1903 2517 2218 2588 ambiguos
2250 2515 2581 2570 mirandum
2611 2520 2791 2588 negat
2817 2532 2831 2586 ;
2863 2531 2995 2571 cum
3014 2517 3206 2588 ipsius
3236 2522 3601 2576 ascensione

133 2620 275 2660 suam
306 2608 414 2662 hac
447 2609 524 2663 de
560 2623 624 2663 re
657 2608 1076 2663 dubitationem
1106 2605 1367 2678 professi
1399 2607 1616 2663 fuerint
1643 2608 1841 2679 angeli
1871 2606 2008 2677 ipsi.
2044 2605 2270 2660 Dehinc
2301 2604 2373 2658 ad
2407 2604 2821 2660 haereticorum
2853 2605 3222 2676 objectiones
3255 2608 3405 2664 facta
3439 2614 3595 2664 tran-

133 2696 338 2766 sitione,
362 2697 526 2769 quod
561 2697 635 2751 ab
669 2697 786 2751 illis
817 2696 1255 2768 objiciebantur
1283 2698 1412 2752 haec
1444 2697 1660 2751 verba:
1695 2701 1864 2768 caput
1906 2695 2140 2751 Christi
2179 2695 2339 2748 Deus
2390 2696 2540 2764 (cap.
2574 2694 2670 2763 3);
2716 2695 2972 2766 itemque
3005 2696 3116 2750 alia
3147 2697 3277 2752 illa:
3325 2699 3460 2754 Non
3493 2715 3604 2770 po-

138 2790 232 2837 test
264 2802 294 2838 a
325 2802 391 2840 se
421 2785 624 2840 Filius
662 2785 865 2840 facere
898 2785 1207 2858 quidquam
1238 2787 1388 2856 (cap.
1421 2785 1498 2856 4),
1533 2800 1648 2857 quo
1682 2801 1869 2840 sensu
1900 2783 2281 2856 intelligenda
2314 2784 2452 2851 sint,
2486 2783 2785 2838 edisserit.
2817 2784 2956 2839 Mox
2977 2785 3378 2842 demonstrato
3398 2790 3596 2843 omnia

131 2872 222 2942 ipsi
251 2891 383 2929 vere
415 2891 564 2930 esse
589 2875 898 2944 possibilia
926 2875 1076 2946 (cap.
1112 2876 1144 2928 5
1175 2878 1231 2928 et
1263 2874 1442 2946 seq.),
1486 2891 1621 2929 eum
1653 2891 1762 2929 nec
1793 2876 2102 2944 propterea
2149 2870 2305 2944 quod
2337 2886 2625 2942 generare
2673 2877 2944 2943 nequeat,
2977 2872 3388 2943 imperfectum
3439 2883 3590 2948 (cap.

129 2961 192 3028 8),
221 2979 319 3017 nec
347 2967 668 3034 prOpterca
701 2963 858 3034 quod
891 2963 968 3017 sit
999 2963 1258 3035 genitus,
1293 2962 1674 3034 temporalem
1705 2963 1876 3033 argui
1916 2960 2153 3032 planum
2183 2960 2324 3014 facit
2367 2961 2519 3031 (cap.
2553 2960 2630 3028 9).
2669 2961 2913 3015 Demum
2961 2962 3061 3016 ubi
3089 2962 3495 3020 difficultatem
3526 2981 3602 3022 ex

125 3049 236 3104 Filii
263 3052 554 3106 missione
587 3056 643 3106 et
674 3052 1092 3108 clarificatione
1126 3052 1364 3123 petitam
1386 3052 1662 3108 enodavit
1711 3053 1864 3122 (cap.
1900 3050 1987 3120 10,
2024 3065 2183 3104 num.
2237 3049 2342 3103 130
2371 3052 2428 3103 et
2478 3051 2654 3121 seq.),
2690 3051 2838 3105 alias
2871 3052 3158 3123 quasdam
3189 3054 3596 3110 cavillationes

130 3138 313 3194 refellit
344 3143 500 3212 (cap.
542 3141 633 3210 11,
672 3141 779 3210 12).

187 3229 427 3285 Ultimus
450 3231 660 3284 libera
691 3230 860 3304 brevi
895 3234 1125 3301 coeptus
1157 3231 1424 3301 exordio,
1461 3231 1715 3301 primum
1746 3246 1878 3301 quae
1909 3227 2214 3282 scribendi
2246 3227 2456 3280 horum
2486 3243 2524 3279 v
2555 3226 2840 3282 librorum
2882 3244 3080 3283 causae
3113 3228 3350 3301 fuerint,
3386 3231 3602 3302 quidve

132 3316 241 3371 inde
270 3323 552 3389 speretur
582 3335 614 3371 a
645 3318 989 3390 lectoribus,
1010 3321 1211 3390 .aperit
1245 3318 1370 3389 (lib.
1404 3336 1460 3389 v,
1493 3318 1750 3390 prolog.,
1803 3332 1962 3371 num.
1997 3317 2031 3370 8
2060 3319 2116 3370 et
2162 3316 2338 3387 seq.).
2390 3315 2680 3370 Continuo
2725 3321 3071 3388 repetuntur
3115 3318 3506 3390 objectiones,
3541 3322 3598 3374 et

130 3405 272 3461 locus
300 3408 395 3463 ille
422 3427 434 3463 :
481 3407 565 3463 Ut
595 3415 950 3480 cognoscant
975 3415 1032 3464 te
1068 3425 1269 3463 verum
1301 3408 1506 3478 Deum,
1541 3424 1656 3479 qua
1689 3407 1912 3462 ratione
1943 3405 2178 3460 Christo
2210 3421 2328 3460 non
2361 3404 2601 3476 officiat,
2635 3405 2770 3460 fusa
2802 3406 3048 3462 docetur
3088 3408 3239 3478 (cap.
3277 3408 3302 3461 1
3337 3411 3393 3462 et
3424 3407 3600 3480 seq.).

134 3494 272 3550 Alius
293 3496 403 3552 iste
430 3513 442 3552 :
496 3495 633 3552 Nos
680 3497 996 3552 adoramus
1036 3498 1186 3569 quod
1213 3497 1452 3567 scimus,
1501 3499 1784 3551 tractatur
1811 3495 1986 3566 paulo
2029 3493 2391 3549 contractius
2421 3494 2574 3564 (cap.
2607 3493 2703 3563 4);
2753 3495 2860 3550 sed
2893 3495 2954 3549 in
2986 3511 3057 3551 eo
3087 3496 3245 3567 quod
3294 3513 3325 3550 a
3357 3497 3608 3552 Domino

132 3579 315 3638 dictum
345 3585 609 3658 legitur:
650 3585 881 3641 Sedere
910 3593 1102 3641 autem
1133 3587 1209 3641 ad
1239 3586 1569 3656 dexteram,
1607 3589 1742 3654 etc.,
1777 3583 1996 3639 multus
2030 3585 2124 3636 est
2155 3583 2362 3638 doctor
2391 3586 2597 3638 noster
2630 3584 2781 3654 (cap.
2814 3585 2847 3638 5
2876 3587 2934 3638 et
2963 3587 3139 3655 seq.).
3175 3586 3420 3640 Accedit
3441 3588 3604 3656 post-

133 3672 334 3728 modum
369 3675 442 3728 ad
475 3674 620 3728 illas
652 3691 870 3729 voces:
910 3675 1196 3730 Diiexisti
1218 3691 1319 3730 eos
1355 3676 1508 3730 sicut
1541 3690 1671 3740 me;
1711 3674 1814 3728 ubi
1843 3674 2053 3727 iterum
2100 3671 2173 3726 de
2203 3671 2509 3726 Dominiea
2552 3673 2844 3728 missione
2890 3675 3097 3743 paucis
3159 3674 3417 3745 disputat
3449 3677 3600 3746 (cap.

130 3759 188 3826 ἲ).
218 3761 317 3817 His
346 3764 726 3834 disceptatis,
760 3780 878 3835 quo
909 3765 1211 3819 intellectu
1243 3764 1474 3819 Patrem
1506 3763 1815 3818 Dominum
1847 3761 2127 3816 Christus
2151 3760 2554 3831 appellaverit,
2590 3761 2845 3832 explicat
2900 3762 3053 3832 (cap.
3088 3761 3142 3834 8)
3169 3779 3183 3833 ;
3217 3780 3404 3835 eaque
3436 3780 3604 3820 occa-

132 3847 274 3905 sione
303 3868 514 3907 omnes
567 3853 834 3907 haereses
886 3853 999 3908 hoc
1032 3869 1149 3908 uno
1200 3853 1443 3907 Davidis
1491 3852 1825 3907 versiculo:
1862 3851 2032 3905 Dixit
2063 3849 2348 3904 Dominus
2379 3849 2625 3905 Domino
2659 3867 2802 3920 meo,
2857 3855 2990 3920 etc.,
3041 3854 3345 3924 exstingui
3375 3855 3606 3924 probat.

132 3933 230 3990 Sub
261 3938 386 3993 haec
416 3941 746 4010 postquam
771 3940 1026 3994 ostendit
1057 3942 1075 4008 (
1107 3956 1233 4010 cap.
1265 3939 1320 4008 9)
1350 3939 1765 3995 haereticorum
1797 3939 1858 3993 in
1887 3938 2196 3993 eludendis
2226 3938 2503 4009 baptismi
2532 3939 2703 3994 verbi
2735 3943 2981 3994 conatus
3005 3943 3317 4011 quamsint
3340 3943 3603 4010 inutiles,

136 4025 336 4081 textum
365 4028 574 4083 illum:
613 4029 712 4100 qui
740 4028 934 4083 credit
965 4029 1026 4082 in
1056 4045 1166 4095 me,
1204 4044 1316 4083 non
1350 4028 1545 4083 credit
1576 4028 1640 4084 id
1668 4044 1781 4097 me,
1834 4031 1968 4099 etc.,
2001 4029 2363 4083 demonstrat
2413 4028 2562 4100 (cap.
2598 4026 2684 4100 10)
2712 4030 2858 4100 ipsis
2904 4045 3273 4102 nequaquam
3307 4031 3503 4088 favere
3535 4036 3611 4092 ad

132 4112 505 4187 abrogandam
539 4115 779 4171 Christo
814 4117 1195 4184 divinitatem,
1233 4133 1408 4188 quam
1459 4115 1678 4172 ibidem
1708 4117 1892 4171 variis
1939 4120 2424 4190 argumentorum
2472 4119 2785 4173 momentis
2819 4119 3128 4173 confirmat
3176 4122 3328 4191 (cap.
3362 4121 3469 4191 11).
3506 4124 3600 4180 Ad

134 4206 429 4260 extremum
481 4205 774 4277 quidquid
819 4206 878 4260 in
933 4207 1223 4260 sententia
1270 4205 1408 4260 illa:
1463 4206 1602 4260 Cum
1653 4205 1981 4261 tradiderit
2029 4223 2280 4278 regnum
2311 4206 2455 4274 Deo,
2503 4211 2638 4277 etc.,
2675 4208 2930 4279 itemque
2961 4208 3018 4262 in
3068 4209 3177 4263 hac
3207 4210 3357 4265 alia:
3394 4211 3480 4267 De
3511 4212 3613 4268 die

133 4290 217 4345 illo
241 4300 293 4346 et
323 4295 468 4350 hora
527 4309 696 4348 nemo
725 4296 858 4364 scit,
921 4297 1032 4350 etc.
1064 4294 1439 4350 salebrosum
1488 4310 1626 4349 esse
1657 4297 1900 4365 poterat,
1955 4295 2346 4365 complanato,
2381 4296 2556 4350 fidem
2605 4312 2776 4350 suam
2805 4297 3114 4368 profitetur
3163 4299 3314 4368 (cap.
3354 4298 3440 4362 12,
3475 4301 3602 4370 19);

134 4393 332 4437 necnon
379 4385 440 4438 in
475 4383 606 4437 Arii
637 4383 977 4454 superbiam
1035 4383 1370 4438 divinorum
1401 4383 1803 4456 cognitionem
1864 4387 2252 4452 secretorum,
2300 4399 2432 4454 quae
2465 4399 2538 4438 ne
2598 4383 2788 4455 Moysi
2819 4385 3055 4455 quidem
3090 4390 3186 4440 aut
3244 4387 3422 4442 Paulo
3457 4391 3596 4442 sunt

133 4471 380 4542 revelata,
416 4471 541 4526 sibi
572 4474 906 4543 arrogantis
938 4472 1255 4542 invehitur,
1291 4473 1533 4543 impium
1563 4473 1727 4527 illum
1759 4472 2036 4529 Lucifero
2067 4473 2200 4543 ipso
2231 4473 2502 4528 extitisse
2535 4474 2728 4546 magis
2759 4474 3044 4528 tumidum
3075 4475 3295 4529 diserte
3328 4492 3598 4546 pronun-

134 4555 283 4612 tians.

190 4646 441 4704 Citantur
470 4667 504 4704 a
542 4650 739 4705 multis
770 4651 1029 4723 (Magist.
1061 4651 1247 4721 Sent.,
1295 4651 1578 4722 Gratiam,
1605 4652 1674 4706 D.
1709 4651 1944 4722 Thom.)
2000 4651 2346 4706 auctoribus
2379 4651 2438 4706 hi
2497 4651 2631 4705 libri
2666 4651 2780 4706 sub
2830 4651 2994 4705 titulo
3028 4651 3102 4707 de
3142 4649 3451 4719 Triuitato,
3487 4670 3606 4727 quo

137 4733 380 4792 similiter
410 4740 470 4794 in
504 4756 656 4794 mss.
694 4740 845 4794 haud
879 4741 1084 4812 paucis
1113 4742 1435 4813 inscriptos
1467 4741 1658 4814 legas.
1693 4741 2110 4796 Verumtamen
2143 4743 2368 4794 certum
2413 4741 2504 4793 est
2536 4753 2907 4793 communem
2938 4740 3301 4811 epigraphen
3348 4743 3422 4797 de
3454 4744 3608 4802 Fide

136 4820 235 4876 illis
260 4830 644 4895 praenotatam
675 4828 748 4881 ad
780 4829 1138 4900 Ambrosio;
1173 4845 1289 4884 non
1321 4829 1514 4884 solum
1546 4829 1803 4884 enimita
1833 4828 2147 4884 laudantur
2175 4845 2208 4884 a
2240 4829 2438 4882 Leone
2473 4829 2643 4882 Rom.
2679 4826 3078 4896 Pont.(Epist.
3114 4829 3184 4883 ad
3219 4830 3399 4886 Leon.
3435 4833 3606 4904 imp.)

137 4914 282 4982 atque
313 4916 468 4985 aliis,
504 4915 614 4970 sed
651 4918 822 4971 etiam
854 4918 928 4972 ab
960 4918 1276 4974 Ambrosio
1309 4919 1440 4989 ipso
1472 4918 1583 4972 hac
1614 4917 1820 4972 eadem
1848 4916 2237 4988 appellatione
2266 4915 2492 4985 saepius
2532 4919 2933 4969 memorantur
2961 4915 3175 4986 (Epist.
3212 4919 3284 4972 ad
3316 4921 3601 4993 Gratiam,

139 4996 221 5054 lib.
250 5020 265 5055 ι
295 5003 378 5058 De
415 5004 592 5075 Fide,
626 5005 884 5078 prolog.,
922 5023 979 5060 n.
1010 5007 1088 5078 4).
1121 5006 1467 5078 Quanquam
1498 5010 1692 5062 autem
1724 5007 2066 5078 frequenter
2095 5006 2155 5060 in
2187 5005 2260 5059 iis
2285 5003 2672 5072 Manichacus,
2697 5003 3012 5075 Sabellius,
3048 5005 3354 5077 Photinus,
3389 5011 3612 5082 aliique

139 5100 199 5141 ex
227 5097 483 5148 veterum
517 5094 940 5150 haereticorum
968 5096 1222 5151 ducibus
1255 5097 1674 5168 impugnantur
1703 5096 1827 5166 (lib.
1859 5113 1898 5165 ι,
1932 5111 2058 5165 cap.
2092 5095 2142 5164 1,
2175 5094 2209 5148 6
2239 5110 2254 5164 ;
2284 5093 2386 5148 lib.
2423 5110 2480 5159 ιι,
2518 5108 2644 5164 cap.
2681 5095 2731 5162 5,
2765 5091 2833 5164 9;
2866 5093 2968 5148 lib.
3004 5111 3080 5163 iv,
3118 5111 3246 5167 cap.
3276 5098 3348 5168 8;
3405 5099 3506 5154 lib.
3539 5116 3580 5152 v

140 5189 244 5246 cap.
274 5180 345 5251 8),
375 5187 640 5238 attamen
671 5184 839 5254 ipsos
870 5186 1259 5255 potissimum
1297 5189 1500 5239 contra
1531 5185 1664 5256 puri
1694 5184 2017 5239 Arianismi
2059 5187 2416 5240 sectatorum
2463 5186 2792 5238 commenta
2821 5183 3012 5239 editos
3057 5201 3194 5239 esse
3230 5204 3360 5242 curn
3394 5189 3600 5246 relata

145 5271 394 5335 superius
428 5272 822 5343 objectiones,
859 5277 979 5328 tum
1009 5290 1181 5330 omne
1211 5291 1362 5345 opus
1395 5274 1551 5329 clare
1583 5273 1860 5346 loquitur.

202 5355 279 5412 Ex
308 5359 377 5413 iis
408 5377 586 5432 porro
619 5379 752 5435 quae
787 5363 1072 5419 hactenus
1096 5381 1128 5418 a
1160 5365 1334 5419 nobis
1366 5363 1679 5419 observata
1713 5367 1870 5434 sunt,
1902 5363 2135 5435 priores
2165 5360 2316 5417 duos
2348 5361 2536 5417 libros
2571 5364 2803 5417 constat
2831 5361 2891 5417 id
2917 5364 3201 5434 temporis
3224 5365 3606 5421 elucubratos

149 5455 286 5515 esse,
317 5465 449 5505 eum
481 5451 794 5508 Gratianus
827 5454 1120 5509 adversus
1151 5453 1395 5519 Gothos,
1433 5469 1462 5507 a
1495 5453 1712 5524 quibus
1744 5453 2122 5524 premebatur
2152 5451 2391 5522 Valens,
2419 5451 2854 5524 expeditionem
2873 5453 3213 5521 adornabat,
3252 5468 3459 5522 nempe
3491 5451 3607 5508 sub

134 5532 342 5591 exitum
376 5540 515 5593 anni
546 5540 668 5613 3'77,
702 5547 801 5598 aut
827 5543 935 5597 378
968 5543 1218 5599 initium.
1241 5541 1409 5608 Quod
1439 5557 1581 5597 vero
1614 5542 1686 5596 ad
1736 5546 1861 5597 tres
1891 5543 2280 5613 posteriores,
2342 5557 2476 5597 cum
2507 5557 2626 5596 non
2683 5541 2799 5596 nisi
2847 5556 3091 5596 reverso
3140 5542 3198 5595 in
3229 5541 3608 5596 Occidentem

147 5623 330 5704 eodem
359 5627 716 5700 imperatore
763 5633 1130 5704 compositos
1179 5648 1318 5690 esse
1369 5634 1534 5686 extra
1565 5631 1808 5686 dubium
1841 5631 1938 5701 sit,
1987 5631 2122 5687 illos
2153 5631 2214 5686 in
2257 5646 2476 5686 annum
2521 5629 2628 5684 379
2658 5629 3023 5701 rejiciendos
3067 5629 3265 5699 quivis
3295 5627 3605 5697 intelligat.

149 5703 342 5768 Verum
372 5718 602 5774 tametsi
633 5703 1292 5794 diversisitemporibus
1324 5719 1542 5776 fuerint
1571 5720 1800 5791 scripti,
1833 5719 2007 5776 facile
2036 5724 2231 5777 tamen
2274 5721 2334 5776 in
2363 5735 2546 5776 unum
2575 5734 2796 5790 corpus
2827 5720 2884 5772 et
2913 5719 3131 5772 unitate
3161 5715 3513 5788 argumenti,
3546 5720 3606 5778 et

151 5802 384 5862 auctoris
417 5806 604 5887 ipsius
637 5809 910 5886 consilio,
945 5811 1104 5890 quod
1159 5825 1279 5874 non
1308 5811 1502 5870 solum
1565 5810 1764 5888 operis
1793 5809 2206 5892 dispositione,
2240 5809 2349 5871 sed
2404 5809 2578 5870 etiam
2608 5808 2874 5901 priorum
2900 5807 2962 5866 in
3015 5803 3452 5882 posterioribus
3485 5803 3605 5875 ire.
