3982 6174
403 360 528 431 555

1876 335 1947 401 S.
1987 325 2434 400 AMBROSII.

3694 316 3797 380 556

408 548 525 604 Aut
555 543 737 617 igitur
766 536 985 610 negent
1028 534 1295 590 naturam
1339 525 1665 585 divinitatis
1715 523 1776 579 in
1823 519 2083 587 Christo,
2114 515 2162 580 Α
2201 516 2343 587 gent
2371 513 2472 567 aut
2513 506 2708 564 Patris
2747 521 2822 560 au
2860 502 2992 560 Filii
3029 500 3406 568 divinitatem,
3436 496 3543 553 nisi
3569 496 3799 569 ejusdem

411 638 513 692 aut
533 648 668 706 qum
698 627 917 685 divinae
947 625 1172 681 natum
1204 621 1363 691 sunt,
1399 617 1523 673 Deo
1551 628 1772 687 negare
1800 626 1920 667 non
1947 623 2087 681 pos-

409 726 569 780 sunt

482 811 573 869 16.
612 808 785 865 Certe
832 821 908 863 ne
954 802 1091 876 quis
1145 797 1341 872 possit
1394 810 1616 861 errare,
1676 792 1963 863 sequatur
2017 800 2088 842 ea

413 902 635 977 quibus
675 874 993 968 Scriptura
1025 890 1139 963 (12)
1170 889 1400 956 sancta,
1429 889 1494 941 ut
1532 882 1864 953 intelligere
1893 874 2090 948 possi-

412 966 550 1049 mus
606 966 840 1057 Filium“,
893 978 1276 1056 signiﬁcavit.
1316 973 1578 1030 Verbum
1632 970 1868 1039 dicitur,
1902 966 2089 1021 Filius

416 1081 653 1151 dicitur,
686 1074 795 1132 Dei
816 1052 1008 1129 virtus
1039 1067 1276 1138 dicitur,
1301 1063 1516 1120 dicitur
1545 1060 1653 1116 Dei
1682 1056 1970 1130 sapientia
1989 1052 2088 1124 (3).

418 1145 705 1239 Verbum,
761 1164 900 1237 quia
962 1156 1376 1215 immaculatue
1433 1167 1447 1208 :
1505 1149 1720 1217 virtus,
1767 1145 1906 1218 quia
1952 1157 2093 1214 per-

420 1260 617 1318 fectus
650 1231 920 1322 :Pilius,
953 1249 1091 1322 quia
1133 1245 1372 1320 genitus
1415 1256 1491 1298 ex
1518 1239 1691 1294 Patre
1724 1251 1738 1292 :
1783 1231 2091 1305 sapientia,

396 1350 559 1424 quia
586 1358 771 1402 unum
801 1356 936 1397 cum
964 1340 1142 1394 Patre
1171 1333 1307 1406 (14),
1340 1346 1524 1387 unum
1555 1324 2096 1393 aeternitate,unum

2199 600 2526 660 divinitatis
2559 595 2919 653 crediderint
2945 591 3245 646 unitatem.

2270 708 2362 764 22.
2397 728 2423 758 tt
2455 707 2520 761 In
2550 709 2629 775 te,
2660 701 2870 774 inquit,
2903 701 2996 761 est
3025 698 3218 766 Deus;
3256 719 3278 744 ιο
3315 693 3571 767 quoniam
3596 692 3653 747 in
3685 693 3804 749 Filio

2202 799 2394 853 Pater.
2426 795 2724 866 Scriptum
2756 792 2848 845 est
2879 787 3034 843 enim
3066 803 3079 842 :
3118 806 3145 835 α
3176 786 3350 840 Pater
3391 782 3484 856 qui
3522 782 3576 836 in
3603 797 3683 835 me
3707 797 3808 835 ma-

2203 889 2320 958 net,
2378 885 2507 956 ipse
2546 881 2810 953 loquitur
2865 877 3056 947 (Joan.
3096 890 3216 944 xxv,
3256 872 3375 941 10);
3410 892 3434 921 tt
3465 873 3560 925 et:
3606 891 3627 921 ι
3655 868 3810 940 Opera

2205 957 2338 1050 qua:
2394 988 2510 1046 ego
2560 971 2735 1038 facio,
2794 970 2853 1023 et
2907 967 3037 1037 ipse
3085 963 3225 1019 facit
3264 959 3438 1033 (Ibid.
3469 959 3571 1029 19.).
3598 982 3618 1006 ιι
3647 957 3815 1013 Sedet

2204 1046 2345 1119 alibi
2377 1062 2438 1117 in
2469 1060 2639 1115 Patre
2663 1057 2850 1114 Filius
2882 1058 2994 1124 est,
3027 1052 3125 1125 qui
3156 1050 3335 1106 dicit:
3374 1071 3395 1097 «ι
3430 1046 3548 1120 Ego
3577 1047 3631 1101 in
3657 1046 3813 1114 Patre,

2206 1158 2265 1209 et
2302 1152 2477 1207 Pater
2507 1150 2567 1204 in
2605 1163 2698 1203 me
2720 1148 2814 1202 est
2841 1143 3019 1214 (Ibid.
3057 1142 3165 1211 10).
3196 1162 3216 1189 υ
3256 1133 3605 1201 Dissolvant,
3629 1135 3674 1190 si
3702 1150 3818 1203 pos-

2207 1244 2367 1312 sunt,
2415 1239 2570 1296 hanc
2629 1238 2855 1292 naturae
2903 1231 3324 1304 proprietatem
3362 1229 3418 1282 et
3455 1224 3639 1297 operis
3666 1224 3821 1278 unita-

2206 1335 2345 1387 tem.

423 1408 748 1495 divinitate.
796 1429 933 1487 Non
978 1427 1138 1483 enim
1178 1423 1355 1479 Pater
1397 1420 1550 1491 ipse,
1580 1415 1682 1489 qui
1719 1412 1906 1469 Filius
1940 1426 1955 1467 ε
1989 1408 2096 1464 sed

389 1600 399 1608 _
424 1530 578 1584 inter
606 1525 840 1581 Patrem
862 1522 919 1575 et
947 1516 1161 1573 Filium
1192 1506 1596 1586 generationis
1642 1517 1932 1575 expressa
1969 1498 2097 1555 dis-

420 1616 626 1675 tinctio
673 1613 786 1683 est,
835 1611 900 1664 ut
938 1622 1016 1663 ex
1045 1605 1170 1661 Deo
1201 1602 1383 1671 Deus,
1418 1613 1493 1655 ex
1523 1596 1796 1652 manente
1824 1604 2098 1659 manens,

421 1707 636 1781 plenus
656 1718 690 1758 e
716 1700 897 1773 pleno
927 1696 1025 1752 sit.

495 1794 584 1851 t1.
616 1771 753 1849 Non
784 1788 927 1845 sunt
953 1784 1136 1856 igitur
1161 1781 1293 1838 hac
1309 1777 1466 1835 nuda
1486 1775 1747 1844 nomine,
1767 1771 1877 1828 sed
1900 1783 2105 1841 cpera-

429 1885 602 1942 tricis
628 1879 869 1937 virtutis
900 1873 1156 1942 indicia;
1189 1872 1284 1926 est
1306 1868 1465 1925 enim
1495 1862 1796 1938 plenitudo
1826 1858 2102 1916 divinita-

424 1976 504 2031 tis
545 1973 609 2028 in
656 1970 850 2038 Patre,
885 1966 979 2021 est
1024 1958 1329 2035 plenitudo
1358 1954 1683 2012 divinitatis
1711 1952 1772 2007 in
1800 1949 1951 2005 Filio
1982 1962 2101 2002 non

428 2064 805 2133 discrepans,
834 2035 945 2111 sed
972 2067 1090 2109 una
1111 2048 1412 2105 divinitas.
1432 2045 1560 2101 Nec
1581 2041 1921 2109 confusum,
1944 2035 2104 2109 quod

427 2167 613 2210 unum
632 2126 737 2205 est
766 2126 927 2203 :ﬁnec
946 2139 1277 2212 multiplex,
1308 2135 1465 2209 quod
1496 2129 1863 2190 inditl‘erens.
1928 2126 1933 2135 “

501 2259 591 2315 18.
614 2254 848 2313 Etenim
868 2251 922 2307 si
947 2247 1211 2307 omnium
1231 2241 1622 2311 credentium,
1642 2238 1798 2294 sicut
1819 2234 2106 2306 scriptum

431 2353 525 2408 est
554 2349 712 2419 (Act.
744 2359 824 2414 iv,
855 2341 970 2411 32),
1002 2340 1128 2394 erat
1173 2334 1366 2391 anima
1396 2346 1511 2387 una
1543 2332 1601 2384 et
1647 2343 1752 2383 cor
1779 2339 1962 2381 unum
1997 2337 2010 2378 :
2052 2322 2107 2377 si

432 2413 628 2497 omnis
665 2434 769 2508 qui
805 2413 1069 2487 adheret
1106 2424 1377 2493 Domino,
1409 2435 1564 2476 unus
1605 2416 1851 2489 spiritus
1893 2414 2005 2482 est,
2045 2413 2110 2466 ut

432 2499 760 2601 Apostolus
787 2519 938 2579 dixit
973 2516 1032 2589 (I
1076 2515 1213 2572 Cor.
1256 2528 1336 2577 vx,
1369 2509 1509 2601 717);
1550 2506 1609 2564 si
1654 2506 1748 2562 vir
1781 2507 1841 2561 et
1869 2517 2022 2558 uxor
2048 2499 2110 2555 in

437 2589 615 2677 cdrne
642 2627 762 2671 una
792 2611 972 2674 sunt;
1020 2606 1077 2661 si
1126 2617 1338 2661 omnes
1366 2598 1663 2665 homines,
1696 2595 1982 2667 quantum
2037 2589 2112 2644 ad

437 2710 705 2767 naturam
732 2699 1004 2774 pertinet,
1034 2694 1215 2751 unius
1234 2687 1585 2747 substantiae
1617 2698 1828 2740 sumus
1862 2698 1875 2737 :
1911 2680 1963 2735 si
1993 2678 2106 2734 hoc

437 2799 512 2856 de
541 2769 817 2853 humanis
847 2785 1152 2857 Scriptura
1180 2780 1343 2849 dicit,
1374 2777 1513 2850 quia
1540 2773 1708 2831 multi
1737 2786 1919 2829 unum
1948 2769 2110 2832 sunt,

438 2900 693 2963 quorum
723 2879 883 2939 nulla
903 2876 1100 2949 potest
1128 2886 1269 2928 esse
1301 2884 1436 2924 cum
1464 2863 1683 2922 divinis
1711 2857 2070 2932 comparatio
2096 2873 2108 2912 :

439 2948 661 3052 quanto
689 2968 885 3043 magis
906 2948 1090 3023 Pater
1117 2964 1176 3018 et
1204 2958 1392 3015 Filius
1420 2954 1725 3011 divinitate
1740 2965 1922 3007 unum
1951 2948 2110 3015 sunt,

441 3068 686 3171 Euan”
716 3055 1069 3118 “hamum
1095 3066 1206 3108 nec
1235 3046 1557 3105 "Humatis
1578 3042 1695 3099 una
1726 3042 1819 3097 est
1848 3036 2118 3094 differe”
2224 3062 2406 3131 Deus,
2440 3060 2501 3115 in
2523 3057 2813 3114 saeculum
2835 3052 3042 3109 saeculi
3062 3049 3252 3122 (Psal.
3278 3065 3443 3117 xuv,
3461 3047 3553 3119 '1);
3579 3068 3600 3095 ι»
3635 3048 3688 3100 et
3711 3041 3864 3099 infra:

2297 3150 2476 3171 ινμ-ει
2506 3152 2560 3171 Δ.-
2597 3147 2756 3171 nm-
2806 3144 2966 3171 nm...
2996 3144 3134 3171 4......
3188 3138 3323 3171 ηιρη
3357 3137 3582 3171 Iastium
3608 3149 3722 3171 τινα.
3751 3145 3864 3171 mn-

442 3159 523 3215 δὴ
550 3157 579 3212 ?
640 3241 690 3245 γ,
1252 3244 1261 3245 ί
1296 3244 1323 3245 η
1349 3241 1365 3245 Α
1390 3225 1446 3245 ,Δ
1503 3237 1681 3245 ______‘
1716 3220 1900 3245 “mm
1951 3215 2081 3245 in“
2228 3172 2251 3202 α
2297 3150 2479 3206 Unxit
2506 3152 2564 3203 te
2597 3147 2779 3215 Delia,
2806 3144 2967 3199 Deus
2996 3144 3156 3210 tuus,
3188 3138 3323 3194 oleo
3357 3137 3583 3192 latitia
3608 3149 3722 3205 prin
3751 3145 3868 3184 con-

2100 3244 2113 3245 κ
2523 3240 2531 3245 .
2585 3237 2597 3245 .
2668 3235 2737 3245 .-.
2768 3236 2778 3245 .
2806 3234 2820 3245 .
2859 3233 2905 3245 η»
3026 3231 3071 3245 n
3472 3224 3638 3245 _____.‘
3674 3219 3868 3245 Amm

519 3245 624 3344 19ζ
638 3241 910 3344 Namque
925 3215 2115 3344 until-"11:12:29::E‘ylgigz“.dice'
2152 3262 2206 3327 ο
2227 3239 2495 3296 sortibus
2516 3237 2636 3292 tuis
2659 3234 2838 3305 (Ibid.
2858 3233 2934 3302 8).
2962 3252 2989 3282 ››
3026 3231 3186 3285 Deus
3208 3230 3305 3283 est
3335 3226 3440 3298 qui
3472 3224 3660 3296 ungit,
3672 3224 3726 3277 et
3740 3219 3869 3274 Deus

1927 3322 1977 3344 ια
2008 3321 2118 3344 t3"—
2314 3330 2325 3340 ο
2528 3343 2533 3344 .
2565 3326 2681 3344 ‘.,__-
2726 3337 2954 3344 -_.._-.._
2990 3318 3233 3344 .-..._:4....
3264 3316 3373 3344 n..:
3409 3313 3598 3344 nun...
3645 3309 3869 3344 nnninnn

447 3335 626 3394 mus?
657 3309 987 3387 Diveﬁims
1016 3322 1220 3413 Ph?”
1256 3316 1416 3387 facit’
1448 3313 1645 3413 “fmus
1667 3309 2118 3413 Plotestaﬁs‘ex‘
2156 3309 2205 3327 ν
2227 3330 2327 3402 qui
2357 3326 2689 3383 secundum
2720 3337 2960 3378 carnem
2990 3318 3233 3391 ungitur
3264 3316 3378 3371 Dei
3409 3313 3620 3370 Filius.
3645 3309 3870 3378 Denique

451 3424 634 3483 cludit
663 3416 893 3487 numeri
933 3411 1351 3488 quantitatem;
1402 3403 1540 3477 quia
1596 3401 1792 3457 unitas
1833 3409 2107 3451 numerus

837 3506 850 3510 -
884 3504 901 3510 Α
1190 3498 1202 3510 .
1339 3495 1352 3507 .
1514 3488 1846 3510 _.H,_,___.
1884 3488 1970 3510 η,

2238 3433 2385 3492 quos
2429 3416 2609 3471 habet
2649 3410 2949 3468 unctionis
2988 3424 3117 3464 suae
3159 3405 3444 3461 Christus
3490 3401 3611 3458 nisi
3646 3400 3704 3454 in
3731 3409 3873 3453 carne

2461 3508 2466 3510 .
2569 3502 2733 3510 _--.-
2845 3499 2944 3510 ..,
3140 3497 3151 3508 .
3220 3495 3268 3510 η
3368 3508 3445 3510 η
3499 3489 3873 3510 “unum,

455 3531 574 3575 non
603 3514 715 3583 est,
750 3506 859 3565 sed
884 3504 1016 3561 haec
1047 3498 1308 3557 omnium
1338 3495 1466 3567 ipsa
1496 3488 1852 3564 principium
1881 3488 1992 3542 est.

2238 3488 2545 3564 consortes
2565 3506 2595 3559 ?
2627 3502 2811 3557 Vides
2841 3499 3026 3571 igitur
3052 3497 3190 3569 quia
3220 3495 3389 3549 Deus
3422 3508 3459 3548 a
3499 3492 3623 3547 Deo
3649 3489 3875 3549 unctus;

2228 3597 2339 3653 sed
2396 3595 2457 3649 in
2499 3570 2909 3662 assumptione
2963 3589 3189 3642 natura:
3231 3585 3459 3638 unctus
3509 3580 3769 3635 humane
3794 3570 3877 3627 Dei

2232 3686 2418 3742 Filius
2449 3682 2816 3754 designatur,
2852 3691 2963 3732 nec
2992 3675 3149 3746 legis
3184 3672 3380 3727 forma
3406 3670 3683 3725 violatur.

2279 1438 2369 1492 9.3.
2405 1436 2565 1491 Deus
2612 1433 2796 1506 igitur
2831 1430 2891 1485 in
2941 1428 3063 1483 Deo
3105 1430 3217 1496 est,
3263 1423 3373 1479 sed
3419 1437 3533 1478 non
3578 1421 3683 1475 duo
3724 1419 3824 1488 dii;

2210 1527 2496 1599 scriptum
2545 1527 2639 1579 est
2696 1521 2872 1590 cnim,
2921 1518 3057 1591 quia
3116 1539 3138 1565 ε
3174 1530 3333 1569 unus
3374 1511 3531 1566 Deus
3559 1508 3735 1579 (Deut.
3767 1524 3826 1576 vx,

2209 1617 2264 1686 4)
2290 1632 2305 1687 ;
2342 1637 2363 1665 ν
2399 1617 2456 1670 et
2484 1612 2771 1669 Dominus
2802 1627 2863 1664 in
2897 1606 3166 1676 Domino,
3193 1603 3300 1660 sed
3321 1617 3441 1658 non
3468 1601 3580 1655 duo
3610 1597 3830 1664 Domini;

2211 1686 2310 1777 qui
2360 1719 2530 1776 aeque
2577 1701 2864 1772 scriptum
2896 1700 2989 1752 est
3022 1712 3035 1752 :
3073 1716 3095 1745 κ
3131 1693 3329 1749 Nolite
3361 1689 3591 1746 duobus
3620 1686 3833 1744 dominis

2216 1775 2447 1849 servire
2493 1790 2734 1863 (Matt/1.
2795 1804 2874 1856 vi,
2934 1784 3047 1854 24).
3087 1807 3108 1831 »ι
3158 1782 3230 1837 Et
3267 1781 3368 1835 lex
3415 1778 3597 1834 dicit:
3639 1799 3660 1827 ι
3691 1775 3834 1843 Audi,

2134 1899 2187 1964 Β
2213 1881 2418 1953 Israel,
2462 1862 2749 1935 Dominus
2791 1876 2952 1930 Deus
2991 1877 3130 1927 tuus
3170 1871 3334 1926 Deus
3373 1883 3528 1924 unus
3566 1867 3654 1921 est
3680 1862 3839 1937 (Deut.

2215 1972 2386 2044 vx,4).
2405 1952 2431 2019 νη
2466 1970 2537 2025 Et
2554 1970 2755 2040 utique
2774 1967 2833 2020 in
2857 1963 3064 2019 eodem
3088 1964 3181 2015 est
3211 1960 3589 2015 Testamento
3621 1973 3632 2010 :
3666 1974 3691 2004 ‹‹
3720 1952 3842 2008 Pluit

2214 2061 2503 2116 Dominus
2552 2074 2586 2113 a
2632 2054 2883 2112 Domino
2918 2073 2941 2104 it
2996 2071 3022 2102 tt
3054 2050 3229 2121 (Gen.
3262 2066 3392 2118 xix,
3423 2046 3534 2116 24).
3576 2042 3840 2110 Dominus,

2214 2149 2426 2222 inquit,
2458 2165 2492 2203 a
2524 2146 2772 2202 Domino
2812 2142 2978 2215 pluit.
3016 2164 3038 2188 η
3082 2138 3181 2194 Sic
3211 2142 3266 2193 ct
3301 2138 3363 2192 in
3392 2133 3611 2193 Genesi
3644 2131 3805 2187 habes
3833 2145 3842 2185 :

2219 2260 2245 2291 tt
2287 2217 2357 2294 Et
2403 2217 2552 2293 dixit
2588 2236 2770 2304 Deus,
2815 2236 2872 2288 et
2921 2230 3059 2285 fecit
3095 2228 3292 2297 Deus;
3345 2246 3369 2276 ι
3420 2228 3478 2279 et
3520 2221 3707 2278 intra:
3747 2241 3766 2268 ι
3793 2217 3849 2272 Et

2216 2328 2357 2384 fecit
2403 2327 2562 2382 Deus
2601 2323 2900 2380 hominem
2937 2320 3014 2374 ad
3055 2317 3380 2389 imaginem
3412 2313 3519 2369 Dei
3560 2312 3724 2382 (Gen.
3750 2307 3846 2379 1,7,

2215 2416 2307 2488 2'7)
2335 2433 2350 2490 ;
2389 2439 2410 2466 ιο
2446 2415 2555 2483 sed
2584 2417 2780 2469 tamen
2809 2427 2929 2467 non
2959 2409 3075 2465 duo
3105 2402 3207 2477 dii,
3234 2406 3344 2462 sed
3367 2419 3524 2460 unus
3558 2404 3707 2457 Deus
3725 2397 3849 2454 fecit.

2221 2506 2551 2578 Utrobique
2584 2503 2767 2576 igitur
2796 2500 2992 2555 unitas
3023 2496 3393 2569 operationis
3424 2494 3692 2549 servatur
3716 2491 3765 2544 et
3783 2502 3857 2542 no-

2218 2595 2421 2652 minis.
2452 2594 2603 2649 Nam
2633 2590 2836 2662 utique
2859 2585 3268 2659 cumlegimus
3291 2584 3455 2639 Deus
3494 2598 3570 2637 ex
3603 2580 3735 2648 Deo,
3763 2592 3855 2631 non

2219 2687 2370 2743 duos
2402 2685 2550 2740 deos
2582 2681 2857 2737 dicimus.

2289 2792 2379 2849 24.
2441 2790 2707 2862 Denique
2774 2786 2963 2842 habes
3030 2784 3089 2838 in
3141 2781 3383 2838 Psalmo
3444 2772 3859 2851 quadragesimo

2220 2885 2429 2956 quarto
2460 2880 2617 2953 quod
2665 2879 2724 2933 et
2754 2876 2940 2931 Deum
2972 2874 3202 2928 Patrem
3257 2870 3412 2925 dixit
3443 2866 3722 2939 Propheta
3755 2862 3862 2933 (t5),

2222 2954 2281 3029 et
2309 2973 2494 3027 Deum
2542 2968 2755 3025 Filium
2803 2963 3147 3031 declaravit,
3179 2961 3397 3016 dicens
3431 2976 3444 3014 :
3494 2980 3517 3005 α
3562 2955 3738 3012 Sedes
3769 2954 3863 3019 tua,

1093 3657 1347 3718 CAPUT
1385 3655 1480 3712 ΠΙ.

458 3820 671 3879 Patris
689 3831 760 3873 ac
774 3811 920 3869 Filii
943 3809 1228 3879 unitatem
1249 3801 1585 3879 Scriptura?
1609 3791 2123 3879 testimoniis‘pro-

530 3861 652 3957 ῖᾶι,
679 3861 966 3959 primo
997 3861 1658 3959 Isaiiejocumlili‘orum
1689 3861 2126 3959 clomparatgone

532 3931 1279 4023 ἧῖιηίἲίιιὲίιῖῖξυῖὶλὶωαω
1316 3960 1348 3999 n
1384 3941 1597 4023 Patris
1630 3931 1842 4023 natura
1878 3935 1939 3988 in
1965 3931 2126 4023 [Filio

532 4005 1162 4089 inessewdiiiierentiam
1181 4019 1432 4089 astruat,
1454 4011 1575 4067 nisi
1609 4013 1880 4089 quantam
1902 4005 1978 4059 ad
1996 4018 2125 4057 car-

534 4080 1068 4172 neiiiraeiproinde
1096 4104 1275 4172 unum
1287 4080 1635 4172 tulimusque—
1652 4080 1935 4172 deitatem
1968 4089 2123 4172 esse.

727 4150 1233 4243 ixviiii-auctoritate
1274 4150 1535 4243 Barth-lli
1557 4151 1962 4243 co'nlin‘natJnm
2009 4150 2123 4215 est,

734 4219 1049 4316 prophetis
1077 4231 1271 4289 hacin
1304 4244 1375 4284 re
1395 4224 1727 4281 habendam
1751 4219 1957 4276 tradit.

533 4390 624 4449 20.
656 4387 943 4455 Quantam
972 4392 1113 4434 vero
1136 4372 1441 4444 Scriptura
1461 4366 1660 4423 divina
1690 4362 1884 4419 Patris
1914 4364 1972 4417 et
1998 4359 2133 4416 Filii

464 4454 798 4542 secundum
840 4469 1206 4528 divinitatem
1244 4456 1613 4532 expresserit
1638 4454 1940 4521 unitatem,
1988 4466 2131 4522 pro-

464 4539 699 4647 phetica
724 4564 1016 4623 testantur
1041 4552 1302 4613 oracula.
1334 4549 1433 4606 Sic
1483 4546 1640 4602 enim
1670 4542 1815 4599 dicit
1842 4539 2129 4596 Dominus

2303 3791 2393 3848 25.
2418 3791 2490 3846 Et
2516 3789 2615 3845 hic
2655 3800 2803 3859 ergo
2833 3799 2966 3838 cum
2998 3781 3214 3837 dicitur
3244 3794 3258 3835 :
3321 3802 3343 3828 α
3381 3777 3543 3833 Pluit
3571 3771 3832 3829 Dominus
3854 3781 3878 3818 a

2235 3881 2507 3948 Domino,
2546 3900 2567 3927 ι
2613 3858 2895 3931 unitatem
2926 3870 3252 3927 divinitatis
3283 3881 3584 3940 agnosce.
3616 3858 3881 3933 Operatio-

2236 3973 2333 4028 nis
2377 3969 2533 4026 enim
2583 3967 2777 4022 unitas
2825 3977 2944 4017 non
3003 3959 3141 4015 facit
3183 3956 3486 4029 pluralem
3540 3951 3882 4012 divinitatem,

2239 4063 2394 4118 sicut
2421 4060 2551 4130 ipse
2571 4053 2855 4111 Dominus
2879 4049 3155 4117 ostendit,
3174 4048 3391 4102 dicens
3417 4061 3430 4102 :
3457 4068 3480 4093 ι
3503 4041 3732 4099 Credite
3745 4033 3876 4101 mihi,

2238 4152 2376 4223 quia
2407 4121 2521 4220 ego
2568 4147 2630 4201 in
2675 4145 2865 4212 Patre,
2918 4143 2977 4195 et
3016 4139 3189 4193 Pater
3232 4136 3294 4191 in
3344 4150 3444 4190 me
3488 4127 3787 4201 :alioquin
3813 4121 3885 4176 vel

2238 4212 2478 4313 propter
2527 4249 2705 4307 opera
2749 4233 2881 4303 ipsa
2928 4228 3150 4283 credite
3194 4226 3394 4295 (Joan.
3427 4241 3490 4293 χ,
3523 4221 3636 4292 38).
3672 4239 3693 4269 ι
3727 4216 3790 4272 Et
3812 4212 3887 4267 hic

2241 4306 2610 4386 advertimus
2642 4322 2799 4395 quod
2840 4319 3121 4376 unitatem
3152 4314 3489 4370 divinitatis
3519 4326 3627 4383 per
3650 4306 3886 4363 unitatem

2243 4433 2487 4492 operum
2517 4411 2941 4486 designaverit.

2313 4527 2401 4582 9.6.
2434 4525 2508 4579 Ut
2538 4525 2730 4577 autem
2764 4534 2880 4573 una
2912 4516 3098 4571 dcitas
3130 4514 3184 4568 et
3219 4510 3421 4566 Putris
3454 4513 3512 4565 et
3543 4506 3693 4575 Filii,
3721 4504 3773 4557 et
3799 4511 3887 4553 una

464 4589 1812 4718 ἓαηξξξῖὴιῗῗυιῗὲἓλὲᾃᾟᾘέ
2165 4625 2221 4690 Ῑ)
2245 4614 2562 4673 dominatio
2592 4610 2972 4682 probaretur;
3004 4619 3077 4659 ne
3110 4601 3356 4675 gentilis
3389 4602 3495 4654 aut
3522 4594 3773 4653 Judaicte
3800 4589 3888 4642 im-

1950 4717 1953 4718 '
2289 4706 2301 4718 ”
2347 4709 2358 4718 ·
2407 4704 2440 4718 ’⁸
2513 4703 2524 4715 ⁸
2612 4711 2950 4718 νηλλ-Αμ---
2985 4705 3242 4718 nam-mm
3301 4687 3633 4718 nmmum...
3673 4680 3888 4718 Αηηειη-

469 4749 816 4819 Ᾱέιὶιίοριιω
847 4745 905 4798 ct
931 4736 1150 4794 Sebain
1181 4749 1195 4789 :
1221 4730 1331 4786 viri
1363 4724 1676 4784 excelsiad
1698 4726 1754 4778 te
1774 4717 2130 4787 transibunt,

470 4805 529 4897 et
554 4838 639 4894 tui
658 4805 831 4891 erunt
859 4828 1040 4897 servi,
1074 4830 1129 4882 et
1158 4824 1293 4895 post
1319 4823 1376 4875 te
1409 4816 1734 4888 sequentur
1763 4807 1984 4881 alligati
2015 4805 2136 4860 vin-

471 4927 648 4997 culis,
677 4926 735 4980 et
761 4918 1091 4976 adorabunt
1148 4917 1228 4983 te,
1285 4913 1341 4965 et
1393 4908 1454 4962 in
1508 4908 1566 4960 te
1623 4898 2133 4972 deprecabuntur;

472 4988 750 5090 quoniam
780 5012 840 5065 in
865 5012 921 5062 te
953 5009 1044 5061 est
1064 5005 1245 5070 Deus,
1277 5003 1335 5055 et
1362 5012 1480 5052 non
1510 4997 1604 5050 est
1632 4993 1793 5046 Deus
1823 4990 2040 5059 praeter
2056 4988 2133 5039 te.

473 5072 564 5163 'i‘u
605 5101 761 5160 enim
805 5112 874 5154 es
914 5096 1095 5165 Deus,
1152 5092 1210 5146 et
1255 5084 1695 5151 nesciebamus,
1741 5078 1902 5134 Deus
1954 5072 2139 5129 Israel

475 5194 595 5267 (Isa
626 5206 762 5260 κω,
795 5184 882 5257 Η,
918 5184 1028 5254 15).
1066 5204 1087 5229 ιι

546 5283 637 5340 21.
678 5253 835 5334 Audi
868 5253 1279 5345 propheticum
1317 5278 1526 5320 vocem
1572 5276 1586 5318 :
1636 5282 1658 5312 ι
1691 5259 1757 5315 In
1797 5261 1877 5326 te,
1923 5253 2138 5326 inquit,

476 5376 570 5432 est
600 5371 784 5438 Deus,
829 5342 896 5420 et
926 5374 1045 5417 non
1089 5360 1183 5413 est
1228 5356 1388 5411 Deus
1419 5354 1639 5423 praeter
1662 5352 1738 5404 te.
1777 5369 1799 5396 ιι
1834 5342 2141 5411 Quomodo

476 5465 593 5522 hoc
621 5435 950 5516 secundum
981 5448 1236 5507 Arianos
1265 5441 1542 5501 convenit
1568 5441 1597 5495 ?
1636 5437 1903 5493 Necesse
1925 5435 2018 5489 est
2048 5446 2146 5487 ne-

550 5604 665 5674 (12)
702 5600 853 5674 Mss.
884 5591 1172 5663 nonnulli,
1191 5591 1636 5674 feqtiatnrea,“
1650 5594 1774 5674 ᾳιέξξ
1804 5576 2140 5674 Scrip'tqrg.

548 5647 664 5747 iis;
701 5647 1143 5747 iiiiééﬁ'étfnsu
1158 5647 1268 5747 In,
1290 5647 1400 5716 'l‘h.
1433 5647 1961 5747 ipa‘gisngLE
1982 5647 2137 5747 Ἓξ,

483 5773 508 5804 ι
525 5718 1220 5815 δίῖειῖιῖἇιῖίὶίινῗὶἷιέιῦἱί,
1251 5718 1716 5791 ἱιηωοιθῖθίὸιίὶον
1725 5718 1983 5801 genitus,
2008 5718 2150 5776 dici-

478 5826 577 5892 tur
604 5816 885 5879 Verbum.
921 5838 944 5865 η

2244 4704 2480 4779 pietatis
2509 4703 2952 4756 incurreremus
2982 4705 3267 4759 errorem,
3301 4687 3635 4760 providens
3666 4680 3888 4751 Aposto-

2247 4796 2342 4850 lus
2373 4791 2513 4866 quid
2545 4788 2714 4861 sequi
2738 4786 3092 4841 deberemus
3116 4779 3402 4848 ostendit,
3420 4777 3667 4832 dicens:
3702 4789 3728 4821 «ι
3749 4765 3888 4823 Unus

2249 4885 2410 4939 Deus
2442 4882 2635 4949 Pater,
2659 4894 2734 4932 ex
2754 4891 2871 4947 quo
2904 4871 3118 4941 omnia,
3149 4873 3206 4925 et
3235 4884 3354 4923 nos
3390 4868 3451 4922 in
3484 4867 3616 4936 ipso
3649 4878 3662 4917 :
3694 4863 3747 4914 et
3767 4867 3892 4910 unus

2251 4972 2539 5030 Dominus
2570 4969 2750 5024 Jesus
2780 4964 3074 5025 Christus,
3124 4975 3232 5030 per
3266 4972 3452 5029 quem
3484 4952 3698 5021 omnia,
3728 4949 3779 5003 et
3802 4954 3893 4998 nos

2250 5079 2357 5136 per
2374 5063 2571 5133 ipsum
2592 5058 2646 5128 (Ι
2666 5057 2801 5111 Cor.
2822 5052 3035 5123 vm,6).
3066 5074 3087 5099 ι
3113 5049 3277 5103 Sicut
3299 5046 3463 5101 enim
3485 5058 3663 5099 unum
3680 5030 3893 5092 dicendo

2252 5131 2565 5208 Dominum
2597 5147 2802 5202 Jesum
2833 5142 3155 5208 Christum,
3192 5137 3433 5192 Pali-cm
3468 5131 3769 5188 Dominum
3794 5132 3893 5176 non

2252 5240 2523 5314 negavit;
2562 5239 2640 5291 ita
2683 5249 2867 5289 unum
2898 5228 3150 5286 dicendo
3183 5226 3375 5281 Deum
3408 5224 3663 5289 Patrem,
3693 5226 3841 5286 atque
3866 5222 3893 5258 ιι

2253 5305 2487 5389 deitatis
2514 5305 2773 5382 veritate
2813 5338 2921 5379 nec
2961 5319 3172 5376 Filium
3219 5313 3546 5386 separavit.
3600 5305 3757 5364 Unde
3803 5309 3892 5389 nec

2255 5385 2645 5495 pluralitatem
2700 5410 3042 5481 divinitatis,
3102 5406 3209 5461 scil
3274 5385 3567 5459 unitatem
3618 5385 3891 5470 potestatis

2329 5562 2442 5633 (H)
2481 5555 2763 5616 Nonnulli
2796 5570 2972 5624 mss.,
3010 5566 3117 5623 pro
3160 5565 3356 5619 unum,
3391 5550 3481 5602 ter
3509 5541 3721 5600 habent
3748 5543 3890 5600 tum,

2256 5653 2377 5695 non
2407 5638 2587 5690 recte.

2324 5671 2604 5779 δέ)ῗῆξῇ
2635 5699 3021 5779 pauci_mss.,
3066 5718 3087 5744 α
3134 5692 3279 5750 dixit
3324 5687 3636 5765 Propheta,
3680 5692 3783 5744 nec
3808 5671 3893 5734 Fi-

2252 5771 2400 5852 tium
2422 5771 2750 5849 denegavit
2775 5771 3003 5833 dicens.
3043 5788 3066 5815 ιι
