4024 6176
315 329 420 392 557

1739 328 1850 390 DE
1894 324 2086 391 FIDE
2130 327 2287 391 LIB.
2336 327 2379 388 1.

3634 326 3755 392 558

308 530 605 586 ostendit:
639 529 778 601 quia
826 532 881 585 et
930 530 989 584 in
1037 530 1434 586 ll.);‘.:in:iti.)ne
1486 532 1785 597 divinitas,
1820 536 1875 586 et
1924 531 1984 585 in
2006 521 2061 585 Α
2092 528 2279 601 plices
2297 530 2367 585 ad
2390 529 2610 585 Christi
2648 529 2940 585 cunabula
2974 529 3329 601 detulerunt,
3360 544 3506 586 auro
3554 545 3757 602 regem

309 618 614 673 divinitate
646 618 981 673 dominatus
1012 625 1139 674 cst:
1177 620 1327 674 sicut
1360 622 1643 691 scriptum
1669 626 1791 676 est:
1820 644 1839 668 σι
1868 620 1989 676 Sci-

2087 619 2359 688 t’atentes,
2410 623 2471 674 ut
2522 620 2703 674 llcuzn
2763 619 2933 674 thure
2994 622 3367 676 venerantes.
3413 618 3757 675 Thesaurus

305 710 426 762 tote
457 707 739 778 quoniam
769 697 918 763 449
958 708 1243 763 Dominus
1288 710 1418 781 ipse
1465 712 1557 765 est
1598 709 1757 765 Deus
1793 726 1805 765 :
1860 710 1986 780 ipse
2088 708 2242 763 enim
2268 709 2458 781 regni,
2483 708 2841 762 sacrificium
2864 709 2988 779 Dei,
3013 710 3248 780 myrrha
3270 712 3326 764 et
3342 709 3685 780 sepulturae.

313 796 455 851 fecit
484 812 620 865 nos,
654 800 711 851 et
741 813 858 851 non
893 798 1005 867 ipsi
1036 798 1225 866 (l’sal.
1262 815 1422 853 XCIX.
1454 799 1529 857 3‘).
1568 823 1589 845 »

379 883 471 939 27.
507 884 576 938 In
607 891 666 939 te
697 884 882 957 igitur
909 890 1001 939 est
1031 886 1211 955 Deus,
1246 904 1355 957 per
1400 888 1678 942 unitatem
1731 890 1988 943 natura}:

316 998 337 1022 ι
373 977 431 1028 et
479 989 599 1029 non
632 978 725 1028 est
772 974 932 1028 Deus
985 980 1201 1045 praeter
1248 979 1302 1030 te
1334 975 1472 1044 (Isa.
1505 993 1640 1045 κων,
1684 976 1792 1045 15),
1832 996 1853 1025 ιι
1887 992 1996 1047 per

309 1063 730 1133 proprietatem
759 1064 1131 1133 substantiae,
1158 1065 1395 1135 repulsa
1425 1063 1773 1120 ditl‘erentia.

380 1152 471 1205 28.
508 1152 572 1206 In
603 1151 877 1207 Jeremite
908 1169 1144 1224 quoque
1192 1154 1344 1209 libro
1378 1170 1558 1209 unum
1611 1154 1797 1209 Deum
1828 1153 1993 1208 Scii-

312 1244 486 1312 plura
519 1240 680 1310 dicit,
714 1245 769 1295 et
797 1245 989 1296 tamen
1039 1246 1092 1297 et
1125 1242 1357 1297 Patrem
1404 1247 1460 1297 et
1492 1244 1698 1298 Filium
1747 1243 1994 1297 confite-

307 1330 686 1400 tur.lltaque
737 1331 827 1383 sic
878 1331 1098 1387 habes:
1154 1332 1262 1385 llic
1310 1333 1468 1386 Deus
1519 1336 1742 1402 noster,
1793 1336 1996 1387 etnon

311 1418 685 1488 reputabitur
714 1419 867 1473 alius
918 1421 989 1474 ad
1043 1436 1198 1475 cum.
1254 1421 1363 1475 llic
1414 1421 1716 1476 adinvenit
1764 1437 1997 1476 omnem

316 1508 474 1562 viam
504 1507 858 1579 disciplinae,
893 1512 949 1563 et
971 1509 1129 1563 dedit
1159 1525 1290 1565 eam
1318 1509 1503 1566 Jacob
1557 1526 1743 1581 puero
1773 1526 1905 1579 suo,
1940 1514 1998 1563 et

322 1596 509 1651 Israel
541 1596 754 1652 dilecto
801 1612 933 1652 suo.
983 1597 1122 1652 Post
1172 1598 1301 1653 haec
1349 1600 1408 1653 in
1455 1600 1633 1654 terris
1665 1599 1833 1653 visus
1884 1600 1995 1665 est,

317 1689 374 1740 et
404 1701 541 1741 cum
562 1684 906 1741 hominibus
943 1691 1334 1742 conversatus
1365 1691 1457 1743 est
1487 1688 1768 1759 (Barac/1.
1801 1705 1882 1758 ιιι,
1902 1687 1998 1742 36-

385 1863 475 1918 29.
510 1864 597 1918 De
637 1864 785 1919 Filio
817 1864 989 1920 dicit:
1040 1866 1175 1936 Ipse
1206 1865 1361 1920 enim
1394 1870 1483 1921 est
1526 1890 1545 1916 α
1583 1883 1715 1921 cum
1752 1867 2001 1922 homini-

314 1953 431 2007 bus
466 1956 888 2023 conversatus,
929 1977 950 2000 »
999 1957 1056 2008 et
1104 1954 1283 2010 dicit:
1338 1978 1359 2001 ιι
1408 1955 1517 2009 llic
1569 1955 1729 2010 Deus
1773 1960 1997 2024 noster,

320 2045 378 2096 et
408 2057 530 2096 non
562 2042 955 2097 mstimabitur
1000 2043 1154 2098 alius
1183 2044 1256 2098 ad
1307 2059 1461 2099 eum.
1500 2065 1522 2093 υ
1569 2042 1717 2108 Quid
1751 2044 2001 2099 discuti-

314 2147 452 2185 mus
486 2147 641 2196 eum,
676 2131 749 2185 de
780 2147 897 2203 quo
936 2135 1134 2187 tantus
1186 2133 1327 2187 dicit
1374 2133 1680 2204 propheta,
1740 2134 1898 2206 quod
1929 2135 2003 2188 ad

319 2235 457 2274 eum
487 2236 607 2274 non
647 2221 842 2290 possit
871 2221 1024 2275 alius
1076 2222 1403 2276 aestimari?
1446 2221 1588 2287 Quae
1620 2223 1779 2278 enim
1814 2226 2007 2294 potest

320 2324 465 2364 esse
496 2308 611 2362 alia
643 2309 975 2379 aestimatio,
1022 2309 1120 2365 ubi
1173 2311 1406 2365 deitatis
1438 2311 1634 2365 unitas
1683 2313 1819 2367 est?
1846 2311 2003 2367 Con-

321 2397 603 2452 titebatur
632 2398 745 2452 hoc
766 2398 1024 2469 populus
1058 2399 1117 2453 in
1147 2399 1435 2470 periculis
1472 2400 1866 2457 constitutus:
1899 2416 2007 2456 ne-

320 2486 561 2540 sciebat
590 2502 793 2542 serere
825 2488 1192 2559 qutestiones
1225 2489 1326 2560 qui
1352 2488 1704 2561 religionem
1737 2490 1999 2545 timebat.

390 2575 483 2630 30.
510 2576 756 2645 Adesto,
795 2580 1001 2631 sancte
1045 2577 1323 2648 Spiritus,
1362 2578 1668 2649 prophetis
1700 2579 1837 2647 tuis,
1873 2580 2006 2651 qui-

321 2664 443 2719 bus
469 2664 671 2720 inesse
704 2666 1013 2721 consuesti
1052 2664 1189 2737 (16),
1210 2667 1429 2738 quibus
1454 2668 1773 2723 credimus.
1798 2668 1859 2723 Si
1881 2684 2011 2738 pro.

321 2753 528 2825 phetis
561 2770 678 2809 non
736 2755 1060 2826 credimus,
1121 2755 1492 2825 sapientibus
1539 2756 1773 2811 credam
1822 2754 2007 2828 hujus

318 2843 583 2897 mundi?
612 2843 728 2899 Sed
748 2843 848 2899 ubi
873 2845 1136 2915 sapiens,
1160 2844 1261 2899 ubi
1301 2844 1497 2899 scriba
1517 2845 1548 2900 ?
1579 2844 1865 2900 Rusticus
1896 2844 2010 2915 (l7)

322 2936 540 2987 noster
568 2948 702 2986 cum
735 2933 885 2988 licus
929 2933 1242 3003 insereret,
1288 2934 1512 2989 invenit
1541 2935 1698 3006 quod
1744 2934 2011 3006 philoso-

327 3021 492 3092 phus
514 3021 829 3094 ignoravit.
854 3022 995 3087 Quae
1020 3022 1199 3077 stulta
1232 3026 1371 3078 sunt
1401 3024 1558 3078 enim
1578 3022 1759 3095 hujus
1785 3024 2009 3095 mundi,

327 3110 517 3181 elegit
550 3111 731 3180 Deus,
764 3114 827 3166 ut
865 3111 1186 3167 confundat
1236 3129 1371 3184 quae
1399 3116 1541 3168 sunt
1589 3113 1761 3167 fortia
1791 3112 1847 3183 (I
1873 3114 2009 3169 Cor.

331 3217 374 3269 ι,
412 3199 527 3269 27).
560 3200 872 3255 Credimus
921 3201 1171 3270 Iudaeis,
1217 3202 1355 3273 quia
1385 3205 1562 3258 notus
1607 3202 1924 3274 aliquando
1954 3203 2013 3257 in

326 3288 544 3343 Judma
578 3288 739 3343 Deus
780 3289 969 3359 (Psal.
1004 3307 1186 3360 Lxxv,
1216 3291 1272 3361 2)
1293 3292 1322 3345 ?
1370 3290 1487 3346 Sed
1518 3291 1632 3346 hoc
1678 3292 1875 3362 ipsum
1907 3308 2014 3347 ne-

332 3381 479 3449 gant
506 3380 749 3449 propter
779 3378 937 3449 quod
969 3378 1292 3448 credimus,
1326 3381 1463 3452 quia
1495 3396 1613 3436 non
1653 3384 1869 3436 norunt
1902 3380 2014 3435 Pa-

337 3469 510 3536 trem,
546 3466 647 3538 qui
676 3465 887 3522 Filium
918 3472 1306 3540 negaverunt.

986 3592 1239 3649 CAPUT
1279 3593 1375 3649 ιν.

338 3699 733 3773 Argumentis
761 3699 981 3773 aliquot
1018 3701 1137 3773 ad
1156 3699 1525 3772 probandam
1570 3702 1686 3757 Dei
1734 3702 2017 3757 unitatem

409 3770 704 3844 collectiv:
730 3770 1077 3844 propositis,
1118 3770 1180 3825 in
1212 3773 1412 3827 tribus
1431 3788 1734 3844 magorum
1764 3773 2020 3828 muneri-

409 3841 522 3896 bus
556 3841 788 3897 Christi
821 3841 1204 3898 divinitatem
1242 3841 1784 3899 humanitatemque
1814 3846 2020 3899 adum-

411 3912 622 3987 bratas
651 3914 951 3987 ostendit,-
984 3931 1098 3969 non
1128 3930 1303 3969 secus
1330 3932 1399 3987 ae
1431 3932 1490 3987 in
1522 3912 1732 3987 angelo
1762 3932 1890 3970 cum
1911 3917 2021 3971 tri-

412 3984 526 4039 bus
548 4001 665 4056 per
694 3986 862 4040 inter
890 3986 1157 4040 ﬂammas
1204 3984 1641 4056 deambulanté,
1674 3986 2022 4043 divinitatis

415 4071 483 4111 ac
515 4057 814 4111 trinitatis
847 4058 1188 4112 veritatem.

408 4180 498 4236 31.
535 4180 734 4236 Unum
775 4182 962 4237 Deum
984 4182 1099 4253 (l8)
1132 4184 1465 4239 communis
1496 4186 1701 4239 natura
1744 4186 2020 4253 testatur,

344 4270 482 4342 quia
500 4286 659 4326 unus
681 4275 774 4326 est
797 4271 1075 4327 mundus.
1105 4272 1300 4328 Unum
1324 4273 1506 4328 Deum
1532 4272 1683 4327 ﬁdes
1703 4273 1753 4327 si
1763 4272 2023 4345 gnificat,

348 4361 485 4431 quia
516 4376 634 4415 una
664 4360 816 4417 fides
847 4362 986 4416 novi
1018 4366 1075 4415 et
1121 4362 1342 4417 veteris
1391 4362 1775 4417 Testamenti.
1830 4361 2026 4416 Unum

347 4447 632 4519 Spiritum
688 4455 959 4506 sanctum
1005 4451 1353 4507 testificatur
1400 4452 1612 4524 gratia,
1661 4451 1798 4524 quia
1844 4467 2023 4505 unum

344 4535 644 4608 baptisma
690 4539 751 4593 in
798 4540 1037 4595 nomine
1086 4540 1390 4596 Trinitatis
1435 4544 1547 4596 est.
1599 4540 1793 4595 Unum
1842 4539 2028 4593 Deum

2162 817 2252 870 32.
2285 814 2436 880 Quid
2479 814 2661 887 igitur
2709 816 3023 870 voluerunt
3054 816 3171 870 sibi
3219 817 3471 887 mystica
3517 828 3763 870 munera

2092 906 2246 959 inter
2292 904 2523 976 abjecta
2571 905 2886 975 praesepia,
2938 906 3054 960 nisi
3095 908 3157 959 ut
3203 904 3671 976 intelligeremus
3702 904 3764 959 in

2092 993 2330 1048 Christo
2387 989 2775 1047 differentiam
2830 992 3151 1047 divinitatis
3210 996 3268 1047 et
3325 992 3567 1047 carnis?
3609 982 3761 1048 450

2097 1082 2173 1137 Ut
2202 1082 2376 1136 homo
2422 1082 2703 1151 cernitur,
2736 1086 2799 1135 ut
2838 1082 3125 1137 Dominus
3156 1081 3469 1150 adoretur;
3513 1080 3674 1152 jacet
3701 1082 3762 1136 in

2094 1171 2307 1242 pannis
2351 1170 2484 1239 (19),
2527 1171 2633 1225 sed
2671 1170 2837 1243 fuget
2857 1172 2919 1226 in
2955 1171 3185 1241 stellis;
3218 1186 3389 1226 cuna:
3422 1172 3766 1226 nascentem

2094 1260 2374 1329 indicant,
2417 1263 2474 1313 et
2511 1259 2702 1314 stellte
2733 1259 3163 1329 dominantem;
3213 1276 3352 1315 caro
3384 1263 3477 1315 est
3505 1275 3640 1332 quae
3671 1259 3767 1314 in-

2096 1349 2385 1404 volvitur:
2425 1348 2728 1417 divinitas,
2763 1348 2859 1403 sui
2887 1348 2962 1403 ab
2993 1349 3226 1421 angelis
3258 1348 3648 1405 ministratur.
3686 1347 3769 1403 ιιι

2097 1453 2207 1493 nec
2237 1437 2498 1510 dignitas
2531 1436 2817 1493 naturalis
2859 1437 3189 1510 majestatis
3246 1438 3547 1508 amittitur,
3580 1439 3638 1493 et
3665 1451 3772 1491 as-

2098 1531 2352 1598 sumpta:
2383 1526 2582 1581 carnis
2610 1527 2831 1582 veritas
2863 1527 3303 1599 comprobatur.

2170 1634 2259 1689 43.
2301 1635 2445 1690 Haec
2477 1638 2570 1689 est
2599 1634 2747 1690 ﬁdes
2784 1637 3010 1691 nostra.
3061 1634 3160 1690 Sic
3190 1650 3259 1691 se
3288 1635 3450 1692 Deus
3482 1634 3772 1708 cognosci

2099 1724 2286 1779 voluit
2316 1724 2389 1779 ab
2422 1724 2720 1794 omnibus,
2752 1726 2843 1779 sic
2873 1728 2997 1779 tres
3025 1725 3195 1796 pueri
3228 1725 3628 1795 crediderunt,
3661 1740 3771 1779 nec

2100 1813 2371 1868 incendia
2388 1812 2770 1885 circumjecta
2788 1817 3108 1870 senserunt
3131 1829 3146 1884 ;
3179 1830 3313 1869 cum
3326 1813 3543 1870 inﬁdos
3554 1815 3774 1870 noxius

2032 1903 2086 1968 Β
2103 1902 2261 1974 ignis
2279 1906 2579 1970 exureret,
2601 1906 2658 1957 et
2680 1902 2956 1958 fidelibus
2993 1903 3235 1960 innoxia
3271 1903 3503 1959 flamma
3522 1905 3772 1973 roraret,

2102 1991 2321 2062 quibus
2343 1992 2592 2047 aliorum
2611 1991 2881 2047 incendia
2900 1991 3367 2065 refrigerabant;
3390 1994 3528 2066 quia
3566 1992 3777 2048 merito

2104 2081 2241 2135 ﬁdei
2262 2080 2598 2151 perdiderat
2630 2096 2801 2135 suam
2838 2098 3011 2153 pinna
3029 2085 3257 2139 natura.
3290 2082 3510 2138 Aderat
3537 2083 3695 2138 enim
3716 2081 3777 2138 in

2103 2170 2307 2240 specie
2336 2170 2535 2242 angeli
2565 2170 2664 2241 qui
2697 2170 2975 2225 monebat
3023 2171 3138 2241 (20)
3166 2174 3228 2226 ut
3272 2170 3335 2227 in
3364 2186 3613 2227 numero
3642 2170 3782 2225 Tri-

2104 2259 2325 2329 nitatis,
2358 2259 2537 2314 unius
2565 2262 2731 2315 esset
2759 2259 3016 2315 laudatio
3062 2260 3373 2331 potestatis
3417 2257 3553 2330 (Si).
3585 2260 3781 2315 Bene-

2106 2348 2414 2404 dicebatur
2462 2348 2645 2419 Deus,
2706 2348 3021 2404 videbatur
3048 2349 3121 2404 in
3168 2348 3383 2423 angelo
3412 2348 3519 2404 Dei
3567 2347 3778 2421 Filius,

2105 2439 2309 2494 sancta
2341 2440 2398 2493 et
2427 2436 2716 2509 spiritalis
2744 2437 2807 2494 in
2836 2437 3043 2509 pueris
3074 2438 3266 2511 gratia
3292 2437 3664 2511 loquebatur.

2729 2563 2984 2619 CAPUT
3024 2563 3094 2621 Υ.

2115 2690 2478 2745 Arianorum
2515 2689 2698 2763 variae
2745 2690 2807 2743 in
2851 2689 3157 2745 Christum
3204 2689 3590 2763 blasphemiae
3618 2690 3786 2746 refe-

2187 2767 2424 2834 runtur,
2447 2760 2671 2834 quibus
2707 2767 3016 2834 antequam
3055 2760 3507 2833 respondeatur,
3529 2777 3787 2834 monen-

2191 2838 2289 2886 tur
2319 2832 2613 2887 Culliolwi
2636 2848 2708 2906 ca
2720 2832 2892 2906 veniit
2923 2849 2955 2887 η
2987 2832 3372 2906 sophismatis
3401 2832 3785 2906 philosopho-

2186 2921 2337 2972 rum,
2362 2919 2450 2978 ro
2496 2903 2929 2978 quoduscilicct
2985 2903 3067 2959 in'
3104 2904 3238 2959 illis
3294 2903 3572 2961 haeretici
3624 2903 3788 2978 spem

2181 2974 2539 3047 praecipuam
2573 2974 2951 3031 collocarent.

2189 3099 2277 3157 34.
2311 3100 2507 3174 [Alias
2563 3117 2689 3171 cap.
2743 3100 2861 3174 Ill].
2917 3101 3091 3158 Nunc
3138 3102 3589 3158 consideremus
3636 3117 3790 3174 quas

2119 3190 2324 3245 Ariani
2351 3190 2424 3245 de
2457 3190 2559 3245 Dei
2583 3190 2730 3245 Filio
2763 3190 3017 3246 inferant
3034 3192 3424 3262 qumstiones.

2192 3279 2280 3333 85.
2318 3279 2680 3334 Dissimilem
2738 3279 2891 3335 Patri
2942 3280 3143 3335 dicunt
3204 3296 3344 3336 esse
3391 3279 3499 3337 Dei
3553 3278 3790 3336 Filium.

2123 3370 2252 3424 Hoc
2283 3369 2337 3423 si
2367 3368 2587 3424 homini
2618 3368 2953 3442 objiciatur,
2984 3369 3202 3442 injuria
3232 3373 3345 3426 est.

2193 3459 2282 3514 36.
2305 3459 2393 3513 Ex
2412 3462 2674 3529 tempore
2697 3459 2954 3529 coepisse
2985 3459 3186 3514 dicunt
3237 3459 3344 3514 Dei
3374 3458 3586 3515 Filium
3611 3476 3626 3530 ;
3660 3476 3794 3516 cum

2123 3549 2395 3604 conditor
2444 3549 2571 3619 ipse
2617 3548 2696 3602 sit
2737 3550 3088 3619 temporum.
3140 3548 3428 3604 Homines
3475 3564 3707 3619 sumus,
3739 3554 3799 3605 et

2124 3654 2263 3695 esse
2295 3638 2570 3692 nolumus
2600 3637 2977 3708 temporales.
3013 3636 3718 3710 Extemporelcaapimus,
3740 3643 3798 3693 et

2125 3730 2256 3783 sine
2287 3731 2549 3797 tempore
2583 3724 2813 3781 futuros
2845 3741 2985 3781 esse
3017 3742 3127 3782 nos
3158 3725 3480 3783 credimus.
3514 3726 3669 3782 Fieri
3685 3742 3798 3782 nos

2126 3820 2398 3889 optamus
2428 3820 2707 3885 aeternos,
2757 3819 2814 3870 et
2863 3816 3160 3887 quomodo
3208 3831 3429 3889 negare
3470 3831 3798 3888 possumus

2129 3906 2233 3962 Dei
2265 3905 2476 3961 Filium
2508 3906 2951 3977 sempiternum,
2987 3921 3163 3978 quem
3211 3906 3638 3976 sempiternum
3687 3905 3798 3961 do-

2129 3999 2222 4052 cet
2248 3999 2423 4067 atque
2453 3995 2822 4050 demonstrat
2851 3998 3079 4066 natura,
3112 4010 3230 4050 non
3263 3995 3451 4067 gratia
3469 3995 3499 4051 ?

2154 4154 2163 4163 ~
2199 4085 2289 4140 3‘7.
2323 4085 2596 4141 Creatum
2625 4084 2847 4139 dicunt.
2900 4083 3046 4149 Quis
3091 4088 3394 4140 auctorem
3439 4084 3593 4141 inter
3621 4099 3799 4157 opera

2131 4194 2240 4233 sua
2270 4177 2528 4246 deputet,
2560 4178 2624 4229 ut
2649 4173 2920 4228 videatur
2949 4173 3007 4228 id
3038 4188 3178 4229 esse
3206 4175 3364 4246 quod
3408 4173 3589 4229 fecit?

2204 4267 2291 4321 38.
2328 4265 2554 4319 Bonum
2586 4266 2825 4335 negant.
2871 4261 3176 4336 Sacrilege
3206 4279 3326 4317 vox
3373 4263 3504 4334 ipsa
3536 4276 3605 4317 se
3634 4260 3802 4317 dam-

2132 4360 2250 4422 nat,
2285 4357 2347 4410 ut
2376 4353 2802 4425 indulgentiam
2831 4367 3073 4423 sperare
3103 4369 3220 4408 non
3252 4351 3465 4423 possit.

2204 4446 2294 4500 39.
2328 4444 2564 4516 Negant
2608 4458 2817 4497 verum
2860 4441 2966 4495 Dei
3010 4440 3242 4509 Filium,
3274 4443 3494 4513 negant
3528 4440 3800 4510 omnipo-

2133 4539 2387 4603 tentem;
2419 4550 2552 4589 cum
2583 4531 2874 4586 fateantur
2904 4531 3099 4585 omnia
3130 4530 3280 4583 facta
3301 4545 3408 4600 per
3436 4529 3668 4597 Filium,
3688 4543 3806 4583 om-

347 4626 659 4697 prophetae
707 4628 930 4700 dicunt,
980 4629 1231 4700 apostoli
1283 4630 1545 4684 erudiunt.
1598 4630 1792 4684 Unum
1844 4630 2025 4683 Deum
2066 4626 2232 4696 Dnia
2265 4628 2458 4679 creata
2496 4637 2603 4693 per
2650 4620 2754 4674 Dei
2799 4633 2939 4673 esse
2988 4621 3283 4674 virtutem.
3327 4617 3479 4683 Quid
3524 4621 3616 4671 est
3646 4617 3804 4672 enim

346 4714 505 4787 Magi
528 4717 925 4788 crediderunt,
947 4722 1001 4773 et
1031 4734 1259 4789 aurum,
1299 4719 1437 4774 thus
1464 4722 1519 4774 et
1550 4719 1849 4790 myrrham
1881 4734 2028 4789 sup-

422 4858 547 4935 (16)
573 4860 839 4935 A_merb.,
900 4860 1068 4917 Eras.
1116 4878 1184 4916 ac
1245 4879 1392 4917 mss.
1450 4862 1691 4935 aliquot,
1752 4884 1778 4913 ‹‹
1829 4864 2029 4920 inesse

348 4932 741 4987 constituisti.
780 4956 801 4981 ι

431 5003 582 5078 (t1)._
606 5004 739 5059 Non
762 5005 947 5078 alium
981 5004 1286 5078 rusticum
1331 5004 1606 5078 designat
1656 5005 2031 5078 Ambrosius,

389 5091 527 5135 nam
551 5075 868 5130 Jeremiam
896 5092 910 5147 ;
944 5076 1145 5130 alludit
1176 5078 1333 5130 enim
1379 5078 1450 5130 ad
1474 5075 1707 5131 'ticuum
1743 5077 2032 5147 calathos,

389 5098 527 5135 nam
551 5098 868 5130 ceremiam
896 5098 910 5147 ς
944 5098 1145 5130 uuuuu
1176 5098 1333 5130 enim
1379 5098 1450 5130 au
1492 5098 1707 5131 ncuum
1743 5098 1861 5131 Cﬂlﬂ

344 5098 425 5208 3e
448 5148 672 5219 quibus
703 5148 857 5218 apud
891 5148 1180 5212 eumdem,
1219 5164 1346 5218 cap.
1382 5164 1547 5210 xxxv.
1580 5147 1605 5202 1
1642 5153 1697 5203 et
1731 5164 1861 5219 seq.

428 5219 546 5293 (18)
582 5218 854 5293 Plerique
886 5235 1116 5293 mss.,_c
1159 5219 1352 5273 Unum
1404 5220 1784 5275 Dominum...
1826 5218 2035 5274 Unum

354 5290 676 5350 Dominum
700 5290 849 5362 fides
883 5290 1201 5362 signiﬁcat.
1241 5312 1261 5337 ι

431 5364 552 5433 (19)
584 5361 846 5427 Amerb.,
885 5359 1091 5433 Eros,
1116 5362 1286 5433 Rom.
1321 5361 1459 5416 edit.
1492 5377 1560 5415 ac
1591 5377 1738 5417 mss.
1789 5359 2039 5416 nonnul-

357 5432 481 5507 ιε..
524 5434 751 5516 Ιιιιεῑηὶιι
782 5433 1033 5516 cunis”
1067 5432 1201 5516 Qitl.
1239 5449 1371 5487 cum
1391 5448 1539 5488 mss.
1562 5432 1743 5488 multo
1765 5433 2036 5503 pluribus

355 5505 426 5564 ac
458 5505 812 5578 potioribus.
831 5505 1021 5576 jacet,
1054 5507 1166 5558 etc.
1641 5577 1653 5587 θ
1845 5576 1856 5586 .

424 5578 541 5645 (ξο)
568 5577 737 5630 Rom.
763 5575 900 5629 edit.
921 5591 990 5629 ac
1012 5591 1159 5649 mss.
1186 5591 1302 5630 non
1324 5575 1510 5645 multi,
1554 5593 1649 5649 qui
1694 5575 1995 5649 muniebat
2019 5589 2035 5644 ;

360 5650 520 5709 haud
544 5662 728 5720 pravo
749 5662 936 5720 sensu
961 5662 972 5702 :
1007 5647 1253 5720 reliqua)
1274 5651 1468 5702 tamen
1490 5646 1576 5720 ac
1600 5664 1749 5720 mss.
1776 5646 2038 5718 complu-

360 5739 484 5794 res,
519 5718 619 5795 qni
646 5719 955 5795 monebat;
1003 5718 1344 5795 nonetiam
1393 5718 1565 5776 male.
1611 5718 1842 5795 Sensus
1891 5733 2037 5790 ergo

366 5789 743 5867 est'ailgelus
791 5789 1090 5852 indicasse
1138 5789 1199 5846 in
1228 5789 1422 5848 tribus
1460 5792 1665 5864 pueris
1706 5789 2037 5849 divinarum

2139 4716 2351 4783 virtus,
2384 4710 2499 4766 nisi
2532 4708 2793 4780 perfecta
2817 4710 3020 4762 natura
3041 4708 3067 4761 ?

2137 4868 2528 4930 personarum
2558 4850 2874 4930 trinitatem
2924 4848 3479 4930 signiﬁcatam_non
3525 4862 3705 4930 secus
3732 4861 3806 4930 ac

2137 4920 2196 4984 in
2229 4944 2295 4982 se
2326 4926 2425 4997 qui
2481 4938 2633 4978 unus
2682 4926 2807 4976 erat
2849 4920 3223 4997 indicabatur
3251 4921 3447 4997 unitas
3495 4920 3805 4991 potestatis

2140 5017 2247 5054 seu
2281 4992 2545 5062 naturae;
2580 5008 2831 5063 namque
2863 4992 2955 5046 lim
2987 5007 3170 5046 voces
3216 4992 3558 5062 promiscue
3579 5006 3808 5063 ponun-

2142 5070 2323 5126 turab
2348 5066 2666 5123 Ambrosio
2689 5066 2747 5117 in
2772 5064 2883 5117 hoc
2907 5079 3107 5133 opere.
3139 5063 3306 5128 Quod
3328 5067 3523 5118 autem
3563 5063 3810 5117 docetur

2141 5144 2200 5197 in
2233 5140 2460 5213 angelo
2480 5136 2785 5213 exstitisse
2836 5135 2937 5190 Dei
2972 5135 3221 5213 Filium;
3271 5151 3340 5190 ea
3371 5136 3659 5190 sententia
3690 5148 3807 5188 non

2140 5207 2634 5269 unius'Ambrosii
2658 5211 2769 5274 cst,
2802 5222 3007 5260 verum
3039 5208 3212 5261 etiam
3259 5222 3379 5261 non
3422 5220 3744 5277 paucorum
3775 5219 3808 5257 e

2140 5284 2359 5357 priscis
2384 5280 2677 5357 Pati-ibus.
2702 5278 2825 5332 llos
2859 5278 3011 5332 inter
3040 5282 3247 5357 auctor
3272 5275 3494 5357 Qumst.
3532 5277 3660 5357 Yet:
3693 5275 3809 5357 ’1⁸6-

2142 5345 2313 5419 stam,
2340 5353 2579 5424 longius
2598 5365 2964 5424 progressus
2987 5364 3001 5417 ;
3035 5354 3248 5424 quaest,
3272 5348 3340 5404 18
3359 5347 3587 5424 dicitde
3609 5345 3808 5424 Nabu-

2144 5418 2651 5482 chodOnos'orez}
2692 5418 2885 5492 Regni
2909 5418 3116 5474 merito
3147 5422 3207 5475 in
3236 5421 3467 5475 camino
3492 5418 3811 5492 Alibi-istum

2141 5498 2202 5555 vi
2225 5499 2306 5552 lit.
2346 5520 2365 5545 η
2422 5496 2571 5550 lluic
2621 5488 3454 5567 tamenuvidetunprwivisse
3591 5488 3813 5567 poster

2142 5571 2292 5625 infra
2326 5567 2575 5641 cap._t3‘,
2610 5580 2768 5641 num.
2930 5562 3074 5641 Vide
3103 5558 3559 5641 interpreteshin
3591 5558 3810 5641 Daunia-3

2141 5641 2278 5707 lem,
2310 5646 2367 5695 et
2397 5626 2793 5694 scholasticos
2824 5634 2885 5707 in
2906 5651 2955 5707 ιι
2988 5626 3432 5690 Ξοηιεηεῖάὶει.
3463 5626 3518 5698 8,
3568 5628 3723 5684 sicut
3753 5630 3811 5687 et

2141 5705 2734 5787 in_p_._T_hqrpmp-.
2766 5705 2946 5787 (1-5.1.
3284 5771 3299 5787 .

2211 5784 2324 5860 (2t)
2353 5781 2601 5854 Quidam
2628 5771 2804 5851 mea;
2839 5797 2862 5831 α
2895 5774 3151 5835 laudatio
3181 5771 3531 5851 maiestatis.
3570 5793 3593 5835 ι
