4024 6176
278 363 369 429 561
1644 359 1756 425 DE
1798 360 1895 426 Fll

2036 362 2197 427 LIB.
2243 362 2293 426 Ι.

333 554 481 620 452
519 562 604 618 15.
651 562 922 619 Eunomii
971 580 1285 637 personam
1336 562 1647 636 defugiunt
1686 561 1910 634 Ariani,
1943 543 2270 638 A~genitus
2318 584 2425 639 pro
2470 571 2696 639 natura,
2744 570 2802 625 et
2857 568 3086 641 primus
3141 586 3249 641 pro
3308 569 3694 641 perpetuitate

261 653 358 708 sed
380 653 517 724 ejus
545 652 848 723 perﬁdiam
872 658 1170 723 asserunt,
1199 654 1551 725 impietatem
1582 669 1915 725 exsequun-

260 747 362 796 tur.
384 743 561 797 Aiunt
583 758 715 798 eum
740 743 1078 813 prodidisse
1102 743 1372 812 etl‘usius,
1399 760 1530 815 qua:
1555 744 1734 798 Arius
1756 743 1909 797 scri-

257 833 453 902 pserit.
484 833 692 905 Magna
712 834 982 886 castitatis
1006 831 1217 887 etl'usio
1245 831 1256 887 !
1293 836 1605 887 Auctorem
1637 832 1909 903 probant,

254 924 659 976 exsecutorem
700 922 973 976 refutant.
1013 923 1210 993 Itaque
1253 939 1408 976 nunc
1448 922 1507 976 in
1538 923 1739 994 plures
1772 937 1912 976 sese

256 1009 509 1064 divisere
566 1010 807 1064 formas.
843 1011 957 1065 Alii
988 1011 1335 1066 Eunomium
1368 1012 1500 1081 (26),
1533 1012 1627 1065 vel
1658 1011 1910 1080 Aetium,

252 1099 344 1153 alii
377 1099 721 1165 Palladium,
755 1100 849 1153 vel
886 1100 1293 1170 Demophilum
1323 1103 1496 1171 atque
1532 1101 1907 1171 Auxentium,

249 1187 337 1241 vel
361 1188 627 1258 perﬁdiae
645 1188 827 1260 hujus
850 1189 1122 1243 hmredes
1137 1194 1485 1260 sequuntur,
1501 1189 1906 1244 aliidiversos.

248 1277 521 1348 Nunquid
544 1277 776 1332 divisus
808 1282 900 1332 est
926 1279 1201 1333 Christus
1220 1280 1247 1333 ‘?
1274 1279 1390 1333 Sed
1410 1279 1511 1350 qui
1528 1296 1662 1334 eum
1684 1295 1716 1333 a
1742 1279 1909 1334 Patre

246 1366 529 1435 dividunt,
566 1366 679 1437 ipsi
712 1383 779 1421 se
812 1368 1109 1421 scindunt.

309 1472 393 1527 ⁴16.
432 1473 503 1527 Et
533 1473 668 1528 ideo
700 1474 977 1545 quoniam
1028 1474 1419 1529 communiter
1465 1476 1759 1530 adversus
1793 1476 1908 1530 Ec-

247 1561 481 1617 elesiam
522 1563 653 1631 Dei,
683 1564 904 1635 quibus
948 1564 1101 1617 inter
1141 1564 1380 1634 seipsos
1437 1581 1555 1619 non
1609 1567 1905 1635 convenit,

246 1650 678 1721 eonspirarunt,
714 1652 1008 1706 communi
1042 1653 1277 1706 nomine
1319 1653 1653 1723 haereticos,
1689 1655 1907 1725 quibus

244 1741 720 1810 respondendum
751 1746 864 1808 est,
897 1741 1232 1796 nominabo.
1262 1742 1524 1796 Hmresis
1546 1744 1723 1812 enim,
1749 1744 1909 1799 velut

243 1830 504 1920 quaedam
559 1830 759 1920 Hydra
816 1829 1147 1884 fabularum
1198 1831 1330 1899 ('27),
1382 1832 1730 1887 vulneribus
1773 1835 1904 1889 suis
1936 1858 1988 1920 Β

241 1919 416 1972 erevit
442 1934 457 1987 ;
489 1923 554 1973 et
583 1918 720 1973 dum
752 1936 914 1990 saepe
946 1920 1247 1989 reciditur,
1280 1920 1606 1991 pullulavit,
1640 1920 1764 1994 igni
1795 1923 1901 1978 de-

240 2007 369 2076 bita,
404 2007 807 2079 incendioque
828 2010 1122 2079 peritura;
1156 2013 1253 2064 aut
1273 2009 1431 2065 velut
1450 2011 1722 2082 quaedam
1739 2028 1902 2068 mon-

239 2098 454 2151 struosi
485 2097 689 2167 Scylla
729 2098 980 2168 portenti
1031 2100 1090 2152 in
1122 2099 1319 2153 varias
1360 2098 1581 2154 formas
1626 2100 1903 2156 distincta

237 2186 514 2255 perﬁdiae,
554 2187 713 2242 velut
743 2203 1176 2257 supervacuum
1208 2187 1563 2244 Christianae
1592 2193 1775 2245 sectas
1804 2206 1904 2245 no-

238 2290 361 2328 men
391 2275 700 2330 obtendit:
735 2276 838 2330 sed
874 2293 1026 2346 quos
1053 2277 1107 2330 in
1140 2277 1240 2330 illo
1263 2277 1579 2348 impietatis
1601 2295 1728 2334 suae
1752 2279 1900 2336 freto

238 2363 485 2419 miseros
537 2366 693 2420 inter
734 2366 1041 2437 naufragia
1075 2366 1212 2420 ﬁdei
1262 2370 1481 2437 reperit
1524 2370 1897 2439 ﬂuctuantes,

171 2486 181 2492 -
236 2451 508 2510 belluinis
547 2455 850 2509 succincta
900 2456 1211 2527 prodigiis,
1247 2456 1379 2511 tetri
1408 2457 1702 2529 dogmatis
1734 2474 1899 2514 saevo

237 2540 397 2597 dente
412 2544 722 2598 dilacerat.

295 2632 381 2687 47.
405 2632 607 2705 Cujus
629 2635 991 2705 speluncam,
1018 2638 1219 2689 sancte
1253 2635 1585 2706 imperator,
1612 2639 1673 2691 ut
1704 2636 1900 2693 ferunt

234 2726 435 2792 nautae,
462 2724 653 2777 caecis
675 2724 918 2777 latebris
943 2724 1363 2793 inhorrentem,
1390 2741 1740 2797 omnemque
1763 2726 1897 2798 ejus

233 2810 498 2866 viciniam
542 2813 814 2867 caeruleis
838 2813 1084 2868 canibus
1109 2814 1261 2868 inter
1286 2814 1547 2885 perfidiae
1567 2832 1709 2869 saxa
1733 2832 1898 2871 reso-

232 2904 475 2970 nantem,
511 2902 721 2956 clausa
754 2904 1184 2973 quodammodo
1217 2904 1516 2974 praeterire
1548 2921 1689 2960 auro
1722 2906 1898 2961 debe-

234 3005 375 3044 mus.
408 2991 714 3062 Scriptum
747 2995 837 3046 est
868 2994 1061 3048 enim:
1104 3017 1125 3041 ‹‹
1161 2994 1296 3063 Sepi
1330 3010 1507 3049 aures
1541 2998 1671 3049 tuas
1704 2996 1896 3066 spinis

236 3078 436 3145 (Eccli.
471 3098 688 3150 xxvm,
722 3082 832 3151 ‘28).
871 3104 892 3129 ι»
937 3082 1007 3136 Et
1034 3082 1173 3136 alibi
1204 3098 1215 3136 :
1263 3107 1283 3129 «
1336 3083 1540 3138 Videte
1571 3100 1771 3156 canes,
1803 3086 1896 3140 vi-

2035 658 2327 714 credatur.
2374 659 2535 714 Alibi
2582 675 2819 731 quoque
2867 659 3193 730 Apostolus
3241 660 3504 716 asseruit
3540 660 3699 731 quod

2032 747 2227 816 ipsum
2265 770 2287 799 «
2330 750 2529 818 posuit
2560 750 2859 805 haeredem
2905 751 3186 818 omnium,
3217 766 3324 820 per
3352 765 3527 822 quem
3557 748 3699 805 fecit

2031 839 2087 890 et
2119 838 2360 907 saecula,
2405 840 2506 911 qui
2545 842 2639 894 est
2686 839 2971 909 splendor
3019 839 3247 911 gloriae,
3287 843 3345 894 et
3391 840 3698 894 character

2030 927 2381 983 substantiae
2411 928 2544 999 ejus
2575 928 2790 996 (Hebr.
2826 948 2864 999 ι,
2900 931 2951 999 ‘2,
2983 930 3057 999 3).
3097 952 3119 977 »
3172 930 3494 1000 Imaginem
3532 932 3695 998 Apo—

2029 1017 2221 1071 stolns
2252 1017 2410 1086 dicit,
2447 1022 2504 1072 et
2541 1019 2721 1073 Arius
2773 1019 2913 1074 dicit
2959 1035 3098 1075 esse
3149 1018 3539 1087 dissimilem;
3589 1033 3698 1072 cur

2029 1106 2244 1179 imago,
2295 1109 2345 1162 si
2397 1108 2838 1163 similitudinem
2893 1125 3010 1163 non
3056 1108 3280 1162 habet?
3333 1107 3395 1160 In
3443 1107 3693 1176 picturis

2027 1196 2299 1252 homines
2331 1198 2532 1254 nolunt
2574 1214 2712 1254 esse
2744 1198 3092 1265 dissimiles,
3135 1200 3193 1251 et
3224 1197 3404 1250 Arius
3433 1196 3694 1252 dissimi-

2026 1287 2139 1342 lem
2165 1288 2394 1343 Patrem
2417 1290 2717 1343 contendit
2738 1288 2907 1357 Filio,
2929 1290 2985 1342 et
3015 1287 3139 1341 vult
3161 1290 3221 1358 ut
3240 1287 3414 1341 Pater
3429 1285 3692 1340 dissimi-

1992 1421 1996 1424 .
2025 1376 2140 1431 lem
2163 1379 2435 1449 genuerit
2458 1379 2572 1447 sui,
2606 1379 2778 1449 quasi
2811 1378 3102 1448 impotens
3139 1377 3240 1447 qui
3280 1391 3568 1448 generare
3604 1374 3692 1428 si-

2024 1467 2221 1522 milem
2254 1484 2369 1523 non
2400 1468 2672 1538 potuerit.

2095 1557 2182 1612 49.
2218 1557 2528 1628 Prophetas
2560 1559 2797 1613 dicunt:
2837 1581 2858 1607 α
2886 1558 2951 1613 In
2981 1557 3199 1613 lumine
3222 1559 3322 1611 tuo
3353 1555 3690 1611 videbimus

2023 1646 2220 1701 lumen
2236 1647 2422 1716 (Psal.
2448 1665 2631 1718 xxxv,
2657 1649 2766 1717 10).
2792 1668 2814 1697 ι
2840 1647 3151 1718 Prophetas
3170 1647 3403 1701 dicunt:
3434 1668 3455 1696 ι
3483 1646 3692 1716 Splen-

2024 1737 2134 1791 dor
2162 1741 2254 1792 est
2275 1738 2599 1793 enimlueis
2622 1740 2881 1806 aeternae,
2902 1740 2959 1793 et
2980 1736 3290 1807 speculum
3304 1736 3434 1791 sine
3461 1737 3687 1791 macula

2023 1827 2126 1882 Dei
2157 1827 2509 1897 majestatis,
2554 1830 2610 1883 et
2650 1827 2846 1893 imago
2885 1827 3167 1880 bonitatis
3196 1826 3357 1881 illius
3393 1825 3549 1897 (Sep.
3584 1843 3685 1895 vu,

2020 1917 2131 1985 26).
2171 1942 2192 1964 »
2228 1918 2373 1972 Vide
2405 1920 2619 1988 quanta
2649 1917 2935 1971 dicantur.
2982 1915 3298 1987 Splendor.
3331 1916 3486 1986 quod
3511 1916 3687 1969 clari-

2020 2010 2110 2061 tas
2133 2007 2557 2078 paternzelucis
2580 2007 2639 2060 in
2663 2006 2808 2060 Filio
2830 2005 2937 2075 sit;
2972 2005 3268 2077 speculum
3289 2006 3421 2059 sine
3441 2004 3682 2073 macula,

2019 2097 2176 2167 quod
2201 2097 2372 2151 Pater
2390 2096 2658 2150 videatur
2680 2096 2738 2149 in
2767 2094 2913 2149 Filio
2940 2111 2952 2162 :_
2986 2111 3177 2165 imago
3196 2094 3502 2163 bonitatis,
3528 2093 3685 2165 quod

2019 2202 2137 2241 non
2183 2202 2400 2257 corpus
2450 2185 2510 2238 in
2557 2200 2824 2255 corpore,
2871 2184 2977 2238 sed
3022 2184 3212 2237 virtus
3256 2183 3316 2236 in
3367 2182 3514 2237 Filio
3564 2185 3685 2237 tota

2020 2278 2311 2330 cernatur.
2346 2275 2544 2348 Imago
2572 2274 2741 2328 docet
2782 2290 2897 2327 non
2945 2287 3082 2327 esse
3131 2271 3505 2341 dissimilem,
3540 2271 3683 2327 elia—

2017 2371 2222 2420 racter
2251 2380 2606 2436 expressum
2647 2378 2785 2418 esse
2816 2361 3135 2433 significat,
3170 2361 3452 2433 splendor
3480 2360 3681 2432 signat

2020 2458 2325 2509 aeternum.
2364 2454 2564 2525 Imago
2596 2454 2797 2523 utique
2827 2468 2944 2507 non
2974 2450 3174 2505 vultus
3204 2453 3297 2505 est
3327 2450 3677 2519 carporalis,

2016 2561 2134 2599 non
2164 2544 2321 2599 fucis
2366 2544 2712 2614 composita,
2746 2558 2867 2596 non
2914 2542 3110 2607 ceris;
3158 2539 3266 2594 sed
3313 2538 3568 2610 simplex
3608 2539 3680 2594 de

2018 2635 2160 2704 Deo,
2183 2650 2434 2706 egressa
2464 2634 2536 2688 de
2570 2633 2758 2700 Patre,
2784 2646 3072 2702 expressa
3094 2630 3166 2684 de
3194 2628 3373 2685 fonte.

2084 2744 2172 2797 50.
2198 2742 2312 2797 Per
2330 2743 2481 2797 hanc
2500 2740 2818 2812 imaginem
2851 2738 3120 2809 Philippo
3143 2737 3375 2792 Patrem
3394 2736 3680 2791 Dominus

2014 2831 2457 2900 demonstravit,
2510 2831 2751 2898 dicens;
2806 2853 2827 2877 α
2865 2828 3151 2897 Philippe,
3205 2826 3308 2898 qui
3355 2842 3448 2881 me
3499 2825 3676 2893 videt,

2013 2922 2173 2976 videt
2202 2925 2259 2976 et
2290 2923 2538 2976 Patrem.
2562 2920 2632 2974 Et
2661 2919 2957 2991 quomodo
2978 2921 3039 2972 tu
3070 2916 3221 2972 dicis
3246 2933 3257 2971 :
3291 2915 3549 2973 Ostende
3572 2931 3678 2972 no-

2011 3011 2108 3065 bis
2140 3013 2368 3066 Patrem
2388 3014 2416 3066 ?
2448 3010 2580 3066 Non
2610 3010 2805 3064 credis
2828 3008 2964 3079 quia
2993 3023 3107 3079 ego
3125 3008 3186 3061 in
3210 3007 3400 3074 Patre,
3421 3008 3480 3061 et
3503 3006 3677 3060 Pater

2014 3101 2072 3154 in
2104 3116 2195 3155 me
2228 3103 2321 3155 est
2347 3101 2535 3169 (Joan.
2568 3116 2690 3168 xxv,
2731 3099 2785 3166 9,
2820 3097 2952 3166 10)?
3000 3120 3021 3147 ι
3057 3096 3227 3151 Videt
3257 3096 3413 3150 enim
3445 3095 3505 3151 in
3536 3097 3679 3149 ima-

236 3167 355 3262 delf
386 3170 579 3262 malas
616 3171 920 3262 operarios
952 3171 1446 3262 (Philipp-"1.2%
1488 3197 1508 3219 ι»
1546 3173 1616 3228 Et
1644 3174 1891 3231 iterum:
1935 3175 1986 3238 C
2015 3192 2153 3262 gine
2183 3167 2436 3259 Patrem,
2471 3189 2572 3260 qui
2594 3167 2751 3242 videt
2783 3188 2841 3241 in
2873 3186 3042 3241 Filio.
3069 3185 3250 3240 Vides
3274 3184 3678 3257 quamimagi-

128 3280 139 3301 ι
238 3276 257 3304 ‹
307 3257 672 3313 Haereticum
729 3259 1027 3315 hominem
1090 3264 1225 3332 post
1273 3261 1517 3331 primam
1567 3264 1894 3335 correptio-
1954 3324 1963 3337 ,

190 3358 355 3400 'nem
404 3348 627 3416 devita,
680 3350 880 3404 sciens
926 3352 1061 3421 quia
1109 3351 1444 3406 subversas
1494 3356 1585 3407 est
1631 3353 1743 3423 ('28)
1793 3354 1895 3425 qui
1954 3364 1959 3369 '

235 3433 522 3505 ejusmodi
555 3441 670 3505 est,
704 3442 761 3493 et
789 3440 1094 3511 delinquit,
1131 3456 1263 3495 cum
1296 3441 1375 3495 sit
1401 3442 1642 3512 proprio
1664 3441 1892 3514 judicio

235 3524 536 3583 damnatus
568 3527 715 3598 (Tit.
755 3546 836 3596 III,
870 3530 956 3598 lO,
992 3527 1101 3599 11).
1142 3552 1163 3575 υ
1217 3530 1417 3601 Itaque
1446 3532 1722 3603 tanquam
1753 3532 1894 3587 boni

235 3615 662 3684 gubernatores
677 3634 792 3688 quo
806 3618 987 3672 tutius
1002 3621 1413 3688 praetermeare
1428 3620 1748 3689 possimus,
1759 3621 1897 3677 fidei

235 3704 351 3758 vela
381 3706 719 3776 tendamus,
762 3706 1313 3778 Seripturarumque
1358 3708 1695 3781 relegamus
1737 3710 1894 3765 ordi-

236 3809 377 3851 nem.

752 3896 901 3961 453
932 3905 1185 3960 CAPUT
1233 3907 1350 3962 VII.

237 4006 326 4063 Ex
342 4009 549 4085 Paulo,
568 4012 883 4083 praplietis
897 4018 1069 4085 atque
1087 4014 1142 4067 Ε
1154 4013 1421 4085 rangelio
1438 4014 1716 4068 Christus
1737 4031 1895 4069 asse-

296 4084 450 4136 ritur
468 4083 651 4138 Patri
680 4085 934 4147 similis;
965 4083 1221 4140 maxime
1250 4083 1391 4141 vero
1408 4102 1487 4141 ex
1518 4086 1778 4140 hominis
1814 4087 1890 4141 ad

299 4154 748 4209 similitudinem
766 4156 829 4210 di
841 4157 1030 4210 rinam
1052 4157 1375 4213 creatione.

298 4258 380 4313 48.
413 4261 742 4331 Apostolus
793 4262 933 4316 dicit
980 4264 1299 4335 imaginem
1351 4265 1541 4319 Patris
1588 4264 1890 4320 Christum

241 4360 400 4419 esse;
432 4351 511 4405 ait
543 4351 702 4406 enim
731 4353 886 4422 quod
921 4353 1049 4422 ipse
1081 4354 1157 4406 sit
1189 4354 1384 4426 imago
1407 4354 1512 4409 Dei
1543 4353 1886 4425 invisibilis,

239 4436 657 4512 primogenitae
701 4442 1001 4497 universae
1049 4446 1334 4499 creaturae
1383 4443 1632 4515 (Coloss.
1686 4461 1725 4514 ι,
1776 4444 1884 4513 15).

1988 3295 2147 3339 .nem
2185 3280 2389 3335 dicat?
2418 3279 2618 3350 Imago
2646 3279 2762 3332 ista
2790 3276 3011 3331 veritas
3042 3278 3153 3342 est,
3179 3275 3377 3345 imago
3408 3274 3520 3328 ista
3544 3272 3677 3344 jus-

2009 3370 2133 3425 titia
2166 3372 2277 3437 est,
2309 3370 2505 3441 imago
2536 3368 2649 3422 ista
2672 3367 2775 3421 Dei
2805 3366 2995 3419 virtus
3027 3368 3150 3419 est:
3184 3380 3302 3419 non
3333 3367 3510 3432 muta,
3536 3364 3676 3434 quia

2012 3459 2272 3514 Verbum
2301 3461 2428 3513 est:
2481 3473 2600 3512 non
2648 3454 3019 3510 insensibilis
3051 3454 3182 3523 (29),
3218 3454 3354 3525 quia
3386 3454 3675 3523 sapientia

2011 3552 2121 3619 est,
2157 3564 2275 3604 non
2304 3547 2519 3615 inanis,
2567 3546 2704 3616 quia
2754 3546 2942 3605 virtus
2974 3547 3100 3598 est:
3148 3559 3269 3599 non
3298 3559 3502 3612 vacua,
3537 3543 3674 3613 quia

2008 3640 2129 3693 vita
2157 3642 2282 3693 est:
2334 3652 2452 3691 non
2494 3639 2743 3701 mortua,
2797 3634 2934 3705 quia
2974 3633 3305 3688 rcsurectio
3335 3636 3445 3688 est.
3494 3633 3673 3687 Vides

2009 3745 2156 3801 ergo
2205 3728 2340 3800 quia
2379 3727 2517 3781 dum
2568 3725 2763 3796 imago
2812 3723 3044 3791 dicitur,
3100 3722 3331 3777 Patrem
3376 3722 3677 3793 significat

2010 3834 2149 3873 esse
2181 3818 2356 3889 cujus
2380 3817 2575 3888 imago
2608 3815 2685 3869 sit
2704 3814 2922 3881 Filius;
2956 3813 3095 3884 quia
3116 3828 3288 3868 nemo
3320 3814 3516 3882 potest
3544 3812 3674 3881 ipse

2009 3909 2123 3963 sibi
2159 3909 2354 3980 imago
2385 3922 2493 3961 sua
2524 3920 2683 3960 esse.
3278 3942 3289 3955 .

2078 3997 2166 4052 51.
2192 3997 2368 4052 Plura
2401 4010 2644 4066 possem
2671 3994 2743 4048 de
2764 3993 2895 4048 Filii
2919 3992 3275 4048 testimoniis
3310 3993 3425 4061 (30)
3449 3992 3667 4060 dicere,

2008 4089 2115 4143 sed
2146 4104 2219 4142 ne
2250 4086 2399 4141 forte
2431 4086 2559 4155 ipse
2596 4084 2713 4139 sibi
2752 4083 2995 4138 nimium
3016 4081 3238 4137 favisse
3279 4082 3528 4148 dicatur,
3554 4080 3672 4134 Pa-

2006 4180 2153 4233 trem
2182 4177 2639 4247 interrogemus.
2674 4174 2898 4243 Nempe
2920 4173 3049 4242 ipse
3083 4172 3263 4226 dixit:
3303 4195 3322 4217 u
3359 4170 3666 4225 Faciamus

2008 4267 2305 4321 hominem
2336 4265 2409 4319 ad
2455 4263 2773 4336 imaginem
2811 4265 2868 4316 et
2911 4261 3356 4316 similitudinem
3408 4262 3671 4314 nostram

2005 4356 2179 4429 (Gen.
2210 4373 2247 4425 ι,
2282 4355 2394 4426 26).
2426 4378 2447 4402 ιι
2483 4354 2657 4408 Pater
2687 4352 2834 4407 Filio
2857 4351 3034 4406 dicit:
3073 4372 3095 4399 «
3141 4350 3228 4403 Ad
3263 4349 3581 4419 imaginem
3610 4349 3665 4401 et

2007 4446 2450 4501 similitudinem
2480 4446 2785 4512 nostram;
2820 4464 2841 4490 ι
2876 4444 2933 4495 et
2979 4443 3040 4494 tu
3070 4438 3421 4494 dissimilem
3456 4436 3664 4490 Filium

242 4494 258 4503 ,
416 4494 449 4512 υ
522 4494 529 4495 ,
640 4494 649 4495 ,
1387 4494 1632 4515 χρη---
1688 4494 1725 4514 _,
1780 4494 1884 4513 --Γ
2007 4494 2343 4501 --ηψπ---Ἦ

242 4522 687 4602 Primogenitus,
750 4532 955 4603 inquit,
1018 4548 1134 4588 non
1193 4533 1657 4605 primocreatus;
1705 4536 1769 4588 ut
1832 4494 1974 4589 etD
2005 4535 2109 4592 Dei
2144 4536 2343 4591 dicis?

243 4672 617 4749 concinnius;
672 4676 991 4749 respondet
1053 4676 1209 4749 enim
1268 4677 1681 4747 superioribus
1740 4678 1882 4749 illis,
1944 4704 1947 4711 -

243 4747 628 4820 communione
668 4746 1040 4802 discordans.
1098 4748 1266 4802 Unus
1313 4746 1505 4803 tamen
1544 4764 1575 4803 e
1632 4746 1882 4820 Thuan.,

244 4813 347 4887 sed
366 4817 760 4887 contentione,
793 4834 909 4871 non
943 4835 1122 4887 pravo
1151 4835 1357 4873 sensu.

436 4886 656 4942 Omnes
689 4889 918 4965 editLet
943 4884 1119 4965 pauci
1150 4908 1321 4965 mss.,
1372 4890 1502 4965 Alii
1531 4892 1883 4961 Eudoxium,

244 4952 336 5032 alii
363 4956 705 5032 Eunomium
777 4960 876 5013 alii
908 4952 1087 5017 multo
1115 4952 1317 5031 plures
1348 4963 1636 5032 omittunt,
1669 4969 1732 5018 ut
1762 4952 1885 5020 mo;

1954 4678 2283 4752 {parentur
2310 4677 2563 4752 haeresis
2583 4679 2767 4752 atque
2797 4673 3081 4752 haeretici,
3115 4678 3237 4726 tum
3269 4671 3483 4742 Hydra:
3501 4672 3665 4752 virus

2002 4744 2070 4806 ac
2095 4755 2338 4822 septena
2360 4749 2548 4819 capita
2569 4744 2706 4801 dum
2724 4744 3163 4822 truncabantur,
3189 4745 3661 4822 succrescentia:

2002 4827 2121 4877 tum
2146 4815 2525 4893 scyllmorum
2560 4833 2787 4893 _canum_
2811 4818 3057 4893 latratus
3081 4818 3137 4869 et
3166 4815 3385 4893 rabies,
3406 4830 3516 4869 nec
3546 4831 3664 4870 non

2001 4895 2179 4949 creba
2220 4886 2794 4962 imprudentiumad
2839 4888 3108 4962 eumdem
3154 4886 3467 4962 scopulum
3514 4904 3663 4942 nauo

2000 4965 2189 5036 fragia
2217 4958 2351 5036 plus
2383 4961 2530 5016 satis
2579 4960 2847 5036 probant.
2882 4959 3000 5014 Sed
3033 4959 3102 5013 de
3154 4958 3247 5013 his
3297 4960 3388 5012 vir
3418 4963 3662 5014 sanctus

245 5026 481 5104 animus,
528 5030 647 5104 alii;
677 5031 1043 5104 Eudoxium;
1095 5026 1361 5087 nonnulli
1411 5034 1584 5087 etiam
1623 5026 1736 5104 pro
1792 5035 1890 5090 vel
1997 5026 2340 5091 iterum-lib.
2375 5051 2456 5099 in,
2483 5026 2610 5101 cap.
2648 5033 2697 5087 1.

244 5095 479 5173 Actium,
502 5102 811 5173 utrobique
835 5095 1069 5169 habent,
1103 5104 1199 5159 vel
1234 5104 1553 5173 Euticimn,
1589 5095 1706 5160 non
1735 5107 1882 5160 satis

251 5172 407 5246 recte.
439 5171 510 5225 At
531 5172 681 5226 infra
705 5171 803 5226 ubi
822 5190 931 5228 nos
947 5191 1079 5229 cum
1103 5176 1352 5246 reliquis
1376 5175 1511 5231 edit.
1538 5171 1605 5230 ac
1628 5194 1746 5231 non
1770 5178 1881 5231 mi-

248 5250 383 5293 nima
412 5246 572 5310 parte
602 5260 749 5299 mss.
790 5246 894 5299 alii
920 5247 1199 5301 diversos
1223 5268 1239 5299 :
1272 5248 1471 5300 caeteri
1522 5249 1670 5302 scite
1708 5249 1878 5302 etiam

248 5311 563 5379 praeferunt,
590 5316 696 5369 alii
717 5333 748 5369 ο
780 5316 1026 5371 diverso
1060 5319 1343 5372 sentiunt.
1380 5319 1545 5382 Quod
1585 5325 1777 5373 autem
1807 5321 1879 5373 ad

248 5382 353 5458 tres
376 5383 504 5438 illos
524 5386 837 5458 haereticos
862 5389 960 5458 qui
986 5390 1402 5458 superioribus
1427 5389 1523 5443 hic
1546 5406 1876 5445 accensen-

251 5452 348 5532 l‘ur,
379 5470 504 5532 cum
532 5457 602 5511 de
634 5459 851 5532 primis,
879 5452 1123 5532 duobus
1169 5462 1239 5514 ad
1290 5462 1604 5515 consilium
1654 5462 1873 5532 Aquil.,

252 5518 313 5606 (le
331 5518 613 5606 postremo
634 5518 775 5606 vero
799 5531 1088 5606 plurimus
1115 5532 1261 5606 locis
1293 5532 1486 5586 futura
1520 5518 1877 5605 sitloqiieudi

253 5602 484 5664 occasio,
518 5616 669 5654 nunc
691 5602 763 5656 de
796 5602 911 5657 illis
931 5602 1076 5657 nihil
1107 5604 1412 5658 addemus.

257 5729 268 5739 ,
312 5664 415 5744 (Ἡ)
464 5669 744 5744 Monstra,
787 5677 1090 5743 poetarum
1149 5674 1367 5729 fabulis
1433 5675 1755 5744 decantata,
1825 5679 1882 5729 et

256 5742 431 5802 Ignota
459 5743 687 5802 nemini.
721 5742 866 5803 Ciim
898 5745 993 5802 his
1025 5748 1219 5807 autem
1248 5762 1422 5823 quam
1455 5747 1700 5819 pulchre
1732 5742 1884 5807 com-

1993 5324 2167 5391 atque
2200 5321 2360 5387 edit.,

1987 5390 2145 5463 jecta
2179 5393 2345 5456 ratio,
2385 5411 2406 5439 α
2445 5391 2579 5461 quia
2610 5390 3011 5463 Verbumgest.
3051 5411 3073 5439 »

1992 5536 2187 5616 monia
2214 5550 2243 5616 ;_
2267 5556 2300 5616 ι»

1994 5622 2131 5675 nus,
2171 5628 2192 5653 ι»

2068 5107 2180 5175 (28)
2198 5107 2327 5159 Non
2351 5105 2520 5176 pauci
2545 5120 2714 5169 mss.,
2731 5124 2756 5176 γα
2786 5102 2986 5176 sciens
3002 5102 3135 5173 quia
3157 5117 3481 5171 perversus
3501 5104 3610 5156 est.
3635 5123 3655 5150 υ

1996 5164 2247 5232 Ειῖωΐω
2280 5164 2455 5243 υηύε,
2493 5197 2514 5225 «
2560 5164 2744 5245 priori
2774 5175 2915 5229 vitio
2947 5164 3277 5228 damnatus.
3312 5198 3333 5220 ι»

2874 5262 2991 5300 non
3023 5246 3351 5314 mutabilis;
3391 5269 3411 5293 η
3448 5245 3661 5314 reliqui

2067 5251 2179 5318 (‘29)
2210 5249 2358 5303 Mss.
2386 5247 2539 5301 haud
2572 5247 2761 5317 pauci,
2804 5270 2824 5294 α

2840 5342 2859 5365 »τ
2898 5317 3131 5387 melius,
3156 5322 3215 5371 ut
3240 5318 3495 5372 ostendit
3517 5317 3659 5370 sub-

2401 5344 2420 5365 u
2458 5336 2573 5373 non
2608 5322 2800 5385 muta;

2064 5464 2178 5531 (30)
2207 5463 2426 5517 Omnes
2460 5458 2598 5516 edit.
2632 5464 2690 5516 et
2720 5461 2893 5531 pauci
2926 5477 3095 5530 mss.,
3136 5481 3157 5511 σι
3204 5461 3274 5514 de
3308 5458 3452 5514 Filio
3486 5458 3656 5531 testi;

2351 5528 2738 5587 commodius
2765 5532 2994 5602 reliqui,
3043 5528 3182 5584 «de
3215 5531 3345 5585 Filii
3386 5528 3657 5602 testimo-

2230 5606 2285 5659 id
2317 5609 2427 5669 est,
2460 5605 2533 5658 ab
2564 5605 2695 5674 ipso
2730 5603 2872 5657 Filio
2895 5599 3171 5669 redditis,
3206 5605 3267 5654 ut
3296 5615 3429 5670 quae
3466 5599 3656 5657 conti-

1996 5692 2111 5740 nuo
2142 5681 2491 5748 sequuntur,
2524 5676 2748 5748 liquido
2776 5674 3050 5745 produnt.

3584 366 3789 431 562.
