  <div class='ocr_page' id='page_1' title='image "/cluster/home/n/w/nwhite01/storage/ocr_20150623/16/hvd.32044096580444/287.png"; bbox 0 0 3982 6174; ppageno 0'>
   <div class='ocr_carea' id='block_1_1' title="bbox 370 354 488 421">
    <p class='ocr_par' dir='ltr' id='par_1_1' title="bbox 370 354 488 421">
     <span class='ocr_line' id='line_1_1' title="bbox 370 354 488 421; baseline -0.017 0"><span class='ocrx_word' id='word_1_1' title='bbox 370 354 488 421; x_wconf 85' lang='grc'><strong>563</strong></span> 
     </span>
    </p>
   </div>
   <div class='ocr_carea' id='block_1_2' title="bbox 1813 358 2370 435">
    <p class='ocr_par' dir='ltr' id='par_1_2' title="bbox 1813 358 2370 435">
     <span class='ocr_line' id='line_1_2' title="bbox 1813 358 2370 435; baseline 0.009 -6"><span class='ocrx_word' id='word_1_2' title='bbox 1813 358 1878 429; x_wconf 90' lang='lat' dir='ltr'><strong>S.</strong></span> <span class='ocrx_word' id='word_1_3' title='bbox 1926 365 2370 435; x_wconf 82' lang='lat' dir='ltr'><strong>AMBROSII.</strong></span> 
     </span>
    </p>
   </div>
   <div class='ocr_carea' id='block_1_3' title="bbox 3652 393 3753 458">
    <p class='ocr_par' dir='ltr' id='par_1_3' title="bbox 3652 393 3753 458">
     <span class='ocr_line' id='line_1_3' title="bbox 3652 393 3753 458; baseline 0 0"><span class='ocrx_word' id='word_1_4' title='bbox 3652 393 3753 458; x_wconf 82' lang='lat'><strong>564</strong></span> 
     </span>
    </p>
   </div>
   <div class='ocr_carea' id='block_1_4' title="bbox 441 551 3759 657">
    <p class='ocr_par' dir='ltr' id='par_1_4' title="bbox 441 551 3759 657">
     <span class='ocr_line' id='line_1_4' title="bbox 441 551 3759 657; baseline 0.009 -42"><span class='ocrx_word' id='word_1_5' title='bbox 441 559 531 657; x_wconf 58' lang='lat'><strong>53:</strong></span> <span class='ocrx_word' id='word_1_6' title='bbox 566 557 828 617; x_wconf 81' lang='lat' dir='ltr'><strong>Joannes</strong></span> <span class='ocrx_word' id='word_1_7' title='bbox 860 560 1116 657; x_wconf 31' lang='lat' dir='ltr'><strong>dicitia</strong></span> <span class='ocrx_word' id='word_1_8' title='bbox 1154 560 1382 657; x_wconf 89' lang='lat' dir='ltr'><strong>Dilecti,</strong></span> <span class='ocrx_word' id='word_1_9' title='bbox 1417 565 1523 657; x_wconf 82' lang='lat' dir='ltr'><strong>lilii</strong></span> <span class='ocrx_word' id='word_1_10' title='bbox 1564 566 1666 623; x_wconf 87' lang='lat' dir='ltr'><strong>Dei</strong></span> <span class='ocrx_word' id='word_1_11' title='bbox 1717 584 1949 639; x_wconf 85' lang='lat' dir='ltr'><strong>sumus,</strong></span> <span class='ocrx_word' id='word_1_12' title='bbox 1984 551 2117 625; x_wconf 50' lang='lat' dir='ltr'><strong>eti</strong></span> <span class='ocrx_word' id='word_1_13' title='bbox 2152 575 2361 643; x_wconf 90' lang='lat' dir='ltr'><strong>quater</strong></span> <span class='ocrx_word' id='word_1_14' title='bbox 2410 582 2561 631; x_wconf 80' lang='lat' dir='ltr'><strong>erat.</strong></span> <span class='ocrx_word' id='word_1_15' title='bbox 2611 576 2726 633; x_wconf 70' lang='lat' dir='ltr'><strong>L&#39;bi</strong></span> <span class='ocrx_word' id='word_1_16' title='bbox 2767 579 2982 652; x_wconf 89' lang='lat' dir='ltr'><strong>impius</strong></span> <span class='ocrx_word' id='word_1_17' title='bbox 3032 580 3253 638; x_wconf 69' lang='lat' dir='ltr'><strong>invenit</strong></span> <span class='ocrx_word' id='word_1_18' title='bbox 3297 583 3447 657; x_wconf 84' lang='lat' dir='ltr'><strong>quod</strong></span> <span class='ocrx_word' id='word_1_19' title='bbox 3490 600 3595 641; x_wconf 90' lang='lat' dir='ltr'><strong>non</strong></span> <span class='ocrx_word' id='word_1_20' title='bbox 3638 594 3759 647; x_wconf 87' lang='lat' dir='ltr'><strong>erat.</strong></span> 
     </span>
    </p>
   </div>
   <div class='ocr_carea' id='block_1_5' title="bbox 371 650 2042 730">
    <p class='ocr_par' dir='ltr' id='par_1_5' title="bbox 371 650 2042 730">
     <span class='ocr_line' id='line_1_5' title="bbox 371 650 2042 730; baseline 0.005 -24"><span class='ocrx_word' id='word_1_21' title='bbox 371 650 633 706; x_wconf 88' lang='lat' dir='ltr'><strong>nondum</strong></span> <span class='ocrx_word' id='word_1_22' title='bbox 664 654 908 722; x_wconf 77' lang='lat' dir='ltr'><strong>apparet</strong></span> <span class='ocrx_word' id='word_1_23' title='bbox 935 652 1075 724; x_wconf 91' lang='lat' dir='ltr'><strong>quid</strong></span> <span class='ocrx_word' id='word_1_24' title='bbox 1106 653 1366 710; x_wconf 79' lang='lat' dir='ltr'><strong>erimus:</strong></span> <span class='ocrx_word' id='word_1_25' title='bbox 1400 656 1627 712; x_wconf 86' lang='lat' dir='ltr'><strong>scimus</strong></span> <span class='ocrx_word' id='word_1_26' title='bbox 1649 658 1785 730; x_wconf 86' lang='lat' dir='ltr'><strong>quia</strong></span> <span class='ocrx_word' id='word_1_27' title='bbox 1804 658 1856 713; x_wconf 88' lang='lat' dir='ltr'><strong>si</strong></span> <span class='ocrx_word' id='word_1_28' title='bbox 1879 675 2042 714; x_wconf 89' lang='lat' dir='ltr'><strong>reve-</strong></span> 
     </span>
    </p>
   </div>
   <div class='ocr_carea' id='block_1_6' title="bbox 370 739 2033 818">
    <p class='ocr_par' dir='ltr' id='par_1_6' title="bbox 370 739 2033 818">
     <span class='ocr_line' id='line_1_6' title="bbox 370 739 2033 818; baseline 0.003 -25"><span class='ocrx_word' id='word_1_29' title='bbox 370 739 550 794; x_wconf 89' lang='lat' dir='ltr'><strong>latum</strong></span> <span class='ocrx_word' id='word_1_30' title='bbox 591 739 791 811; x_wconf 82' lang='lat' dir='ltr'><strong>fuerit,</strong></span> <span class='ocrx_word' id='word_1_31' title='bbox 823 741 1053 798; x_wconf 83' lang='lat' dir='ltr'><strong>similes</strong></span> <span class='ocrx_word' id='word_1_32' title='bbox 1106 744 1161 800; x_wconf 90' lang='lat' dir='ltr'><strong>ei</strong></span> <span class='ocrx_word' id='word_1_33' title='bbox 1208 744 1432 800; x_wconf 83' lang='lat' dir='ltr'><strong>erimus</strong></span> <span class='ocrx_word' id='word_1_34' title='bbox 1481 746 1537 813; x_wconf 87' lang='lat' dir='ltr'><strong>(I</strong></span> <span class='ocrx_word' id='word_1_35' title='bbox 1569 747 1736 802; x_wconf 85' lang='lat' dir='ltr'><strong>Joau.</strong></span> <span class='ocrx_word' id='word_1_36' title='bbox 1778 766 1839 818; x_wconf 85' lang='grc' dir='ltr'>ιι,</span> <span class='ocrx_word' id='word_1_37' title='bbox 1888 748 1962 814; x_wconf 78' lang='lat'><strong>&#39;2).</strong></span> <span class='ocrx_word' id='word_1_38' title='bbox 2009 769 2033 798; x_wconf 66' lang='grc' dir='ltr'><strong>ι</strong></span> 
     </span>
    </p>
   </div>
   <div class='ocr_carea' id='block_1_7' title="bbox 370 828 2034 908">
    <p class='ocr_par' dir='ltr' id='par_1_7' title="bbox 370 828 2034 908">
     <span class='ocr_line' id='line_1_7' title="bbox 370 828 2034 908; baseline 0.005 -25"><span class='ocrx_word' id='word_1_39' title='bbox 370 828 417 883; x_wconf 90' lang='lat'>0</span> <span class='ocrx_word' id='word_1_40' title='bbox 473 828 802 900; x_wconf 88' lang='lat' dir='ltr'><strong>improvida</strong></span> <span class='ocrx_word' id='word_1_41' title='bbox 859 831 1149 888; x_wconf 76' lang='lat' dir='ltr'><strong>amentia!</strong></span> <span class='ocrx_word' id='word_1_42' title='bbox 1209 849 1243 889; x_wconf 94' lang='lat' dir='ltr'><strong>o</strong></span> <span class='ocrx_word' id='word_1_43' title='bbox 1300 834 1612 905; x_wconf 89' lang='lat' dir='ltr'><strong>impudens</strong></span> <span class='ocrx_word' id='word_1_44' title='bbox 1662 835 2034 908; x_wconf 82' lang='lat' dir='ltr'><strong>pervicacia!</strong></span> 
     </span>
    </p>
   </div>
   <div class='ocr_carea' id='block_1_8' title="bbox 372 918 2040 995">
    <p class='ocr_par' dir='ltr' id='par_1_8' title="bbox 372 918 2040 995">
     <span class='ocr_line' id='line_1_8' title="bbox 372 918 2040 995; baseline 0.005 -22"><span class='ocrx_word' id='word_1_45' title='bbox 372 918 661 975; x_wconf 82' lang='lat' dir='ltr'><strong>Homines</strong></span> <span class='ocrx_word' id='word_1_46' title='bbox 691 935 925 992; x_wconf 90' lang='lat' dir='ltr'><strong>sumus,</strong></span> <span class='ocrx_word' id='word_1_47' title='bbox 956 925 1013 977; x_wconf 90' lang='lat' dir='ltr'><strong>et</strong></span> <span class='ocrx_word' id='word_1_48' title='bbox 1044 922 1102 977; x_wconf 92' lang='lat' dir='ltr'><strong>in</strong></span> <span class='ocrx_word' id='word_1_49' title='bbox 1132 940 1250 994; x_wconf 91' lang='lat' dir='ltr'><strong>quo</strong></span> <span class='ocrx_word' id='word_1_50' title='bbox 1279 939 1624 995; x_wconf 87' lang='lat' dir='ltr'><strong>possumus,</strong></span> <span class='ocrx_word' id='word_1_51' title='bbox 1656 927 1726 981; x_wconf 87' lang='lat' dir='ltr'><strong>ad</strong></span> <span class='ocrx_word' id='word_1_52' title='bbox 1768 926 2040 982; x_wconf 86' lang='lat' dir='ltr'><strong>similitu-</strong></span> 
     </span>
    </p>
   </div>
   <div class='ocr_carea' id='block_1_9' title="bbox 372 1007 2040 1082">
    <p class='ocr_par' dir='ltr' id='par_1_9' title="bbox 372 1007 2040 1082">
     <span class='ocr_line' id='line_1_9' title="bbox 372 1007 2040 1082; baseline 0.006 -20"><span class='ocrx_word' id='word_1_53' title='bbox 372 1007 568 1063; x_wconf 83' lang='lat' dir='ltr'><strong>dinem</strong></span> <span class='ocrx_word' id='word_1_54' title='bbox 592 1008 700 1064; x_wconf 87' lang='lat' dir='ltr'><strong>Dei</strong></span> <span class='ocrx_word' id='word_1_55' title='bbox 722 1010 945 1066; x_wconf 88' lang='lat' dir='ltr'><strong>erimus</strong></span> <span class='ocrx_word' id='word_1_56' title='bbox 970 1027 984 1082; x_wconf 89' lang='lat'><strong>;</strong></span> <span class='ocrx_word' id='word_1_57' title='bbox 1022 1015 1079 1066; x_wconf 91' lang='lat' dir='ltr'><strong>et</strong></span> <span class='ocrx_word' id='word_1_58' title='bbox 1113 1012 1366 1069; x_wconf 87' lang='lat' dir='ltr'><strong>similem</strong></span> <span class='ocrx_word' id='word_1_59' title='bbox 1395 1014 1682 1070; x_wconf 83' lang='lat' dir='ltr'><strong>audemus</strong></span> <span class='ocrx_word' id='word_1_60' title='bbox 1707 1015 1809 1071; x_wconf 88' lang='lat' dir='ltr'><strong>Dei</strong></span> <span class='ocrx_word' id='word_1_61' title='bbox 1829 1016 2040 1072; x_wconf 88' lang='lat' dir='ltr'><strong>Filium</strong></span> 
     </span>
    </p>
   </div>
   <div class='ocr_carea' id='block_1_10' title="bbox 372 1096 720 1170">
    <p class='ocr_par' dir='ltr' id='par_1_10' title="bbox 372 1096 720 1170">
     <span class='ocr_line' id='line_1_10' title="bbox 372 1096 720 1170; baseline 0.006 -17"><span class='ocrx_word' id='word_1_62' title='bbox 372 1096 671 1170; x_wconf 81' lang='lat' dir='ltr'><strong>denegare</strong></span> <span class='ocrx_word' id='word_1_63' title='bbox 691 1101 720 1155; x_wconf 87' lang='lat'><strong>?</strong></span> 
     </span>
    </p>
   </div>
   <div class='ocr_carea' id='block_1_11' title="bbox 370 1180 2040 1265">
    <p class='ocr_par' dir='ltr' id='par_1_11' title="bbox 370 1180 2040 1265">
     <span class='ocr_line' id='line_1_11' title="bbox 370 1180 2040 1265; baseline 0.004 -20"><span class='ocrx_word' id='word_1_64' title='bbox 370 1188 381 1197; x_wconf 70' lang='grc'><strong>“</strong></span> <span class='ocrx_word' id='word_1_65' title='bbox 451 1180 605 1246; x_wconf 81' lang='grc'><strong>454</strong></span> <span class='ocrx_word' id='word_1_66' title='bbox 631 1191 720 1247; x_wconf 85' lang='grc'>53.</span> <span class='ocrx_word' id='word_1_67' title='bbox 757 1191 916 1265; x_wconf 86' lang='lat' dir='ltr'><strong>Ergo</strong></span> <span class='ocrx_word' id='word_1_68' title='bbox 951 1193 1123 1249; x_wconf 86' lang='lat' dir='ltr'><strong>Pater</strong></span> <span class='ocrx_word' id='word_1_69' title='bbox 1152 1194 1332 1251; x_wconf 88' lang='lat' dir='ltr'><strong>dixit:</strong></span> <span class='ocrx_word' id='word_1_70' title='bbox 1361 1216 1383 1246; x_wconf 72' lang='grc' dir='ltr'><strong><em>α</em></strong></span> <span class='ocrx_word' id='word_1_71' title='bbox 1411 1195 1721 1251; x_wconf 83' lang='lat' dir='ltr'><strong>Faciamus</strong></span> <span class='ocrx_word' id='word_1_72' title='bbox 1742 1195 2040 1253; x_wconf 83' lang='lat' dir='ltr'><strong>hominem</strong></span> 
     </span>
    </p>
   </div>
   <div class='ocr_carea' id='block_1_12' title="bbox 374 1280 2040 1357">
    <p class='ocr_par' dir='ltr' id='par_1_12' title="bbox 374 1280 2040 1357">
     <span class='ocr_line' id='line_1_12' title="bbox 374 1280 2040 1357; baseline 0.004 -22"><span class='ocrx_word' id='word_1_73' title='bbox 374 1280 447 1335; x_wconf 90' lang='lat' dir='ltr'><strong>ad</strong></span> <span class='ocrx_word' id='word_1_74' title='bbox 477 1281 795 1355; x_wconf 74' lang='lat' dir='ltr'><strong>imaginem</strong></span> <span class='ocrx_word' id='word_1_75' title='bbox 825 1284 882 1338; x_wconf 90' lang='lat' dir='ltr'><strong>et</strong></span> <span class='ocrx_word' id='word_1_76' title='bbox 911 1281 1355 1339; x_wconf 81' lang='lat' dir='ltr'><strong>similitudinem</strong></span> <span class='ocrx_word' id='word_1_77' title='bbox 1387 1288 1671 1340; x_wconf 87' lang='lat' dir='ltr'><strong>nostram.</strong></span> <span class='ocrx_word' id='word_1_78' title='bbox 1710 1308 1731 1333; x_wconf 71' lang='grc' dir='ltr'><strong>υ</strong></span> <span class='ocrx_word' id='word_1_79' title='bbox 1783 1287 1845 1340; x_wconf 91' lang='lat' dir='ltr'><strong>In</strong></span> <span class='ocrx_word' id='word_1_80' title='bbox 1876 1286 2040 1357; x_wconf 91' lang='lat' dir='ltr'><strong>prin-</strong></span> 
     </span>
    </p>
   </div>
   <div class='ocr_carea' id='block_1_13' title="bbox 376 1370 2039 1445">
    <p class='ocr_par' dir='ltr' id='par_1_13' title="bbox 376 1370 2039 1445">
     <span class='ocr_line' id='line_1_13' title="bbox 376 1370 2039 1445; baseline 0.003 -20"><span class='ocrx_word' id='word_1_81' title='bbox 376 1370 531 1443; x_wconf 87' lang='lat' dir='ltr'><strong>cipio</strong></span> <span class='ocrx_word' id='word_1_82' title='bbox 561 1370 753 1443; x_wconf 87' lang='lat' dir='ltr'><strong>ipsius</strong></span> <span class='ocrx_word' id='word_1_83' title='bbox 784 1371 987 1427; x_wconf 88' lang='lat' dir='ltr'><strong>mundi</strong></span> <span class='ocrx_word' id='word_1_84' title='bbox 1019 1372 1249 1429; x_wconf 87' lang='lat' dir='ltr'><strong>Patrem</strong></span> <span class='ocrx_word' id='word_1_85' title='bbox 1295 1377 1353 1429; x_wconf 90' lang='lat' dir='ltr'><strong>et</strong></span> <span class='ocrx_word' id='word_1_86' title='bbox 1394 1374 1606 1429; x_wconf 89' lang='lat' dir='ltr'><strong>Filium</strong></span> <span class='ocrx_word' id='word_1_87' title='bbox 1656 1391 1794 1431; x_wconf 92' lang='lat' dir='ltr'><strong>esse</strong></span> <span class='ocrx_word' id='word_1_88' title='bbox 1843 1377 2039 1445; x_wconf 90' lang='lat' dir='ltr'><strong>audio,</strong></span> 
     </span>
    </p>
   </div>
   <div class='ocr_carea' id='block_1_14' title="bbox 375 1462 2041 1537">
    <p class='ocr_par' dir='ltr' id='par_1_14' title="bbox 375 1462 2041 1537">
     <span class='ocr_line' id='line_1_14' title="bbox 375 1462 2041 1537; baseline 0.003 -23"><span class='ocrx_word' id='word_1_89' title='bbox 375 1464 432 1514; x_wconf 91' lang='lat' dir='ltr'><strong>et</strong></span> <span class='ocrx_word' id='word_1_90' title='bbox 461 1477 641 1516; x_wconf 90' lang='lat' dir='ltr'><strong>unum</strong></span> <span class='ocrx_word' id='word_1_91' title='bbox 672 1476 822 1532; x_wconf 88' lang='lat' dir='ltr'><strong>epus</strong></span> <span class='ocrx_word' id='word_1_92' title='bbox 873 1477 1074 1517; x_wconf 90' lang='lat' dir='ltr'><strong>cerno.</strong></span> <span class='ocrx_word' id='word_1_93' title='bbox 1127 1462 1317 1518; x_wconf 84' lang='lat' dir='ltr'><strong>Audio</strong></span> <span class='ocrx_word' id='word_1_94' title='bbox 1366 1463 1723 1534; x_wconf 84' lang='lat' dir='ltr'><strong>loquentem,</strong></span> <span class='ocrx_word' id='word_1_95' title='bbox 1774 1480 2041 1537; x_wconf 87' lang='lat' dir='ltr'><strong>agnoseo</strong></span> 
     </span>
    </p>
   </div>
   <div class='ocr_carea' id='block_1_15' title="bbox 375 1549 2039 1626">
    <p class='ocr_par' dir='ltr' id='par_1_15' title="bbox 375 1549 2039 1626">
     <span class='ocr_line' id='line_1_15' title="bbox 375 1549 2039 1626; baseline 0.002 -21"><span class='ocrx_word' id='word_1_96' title='bbox 375 1549 684 1606; x_wconf 80' lang='lat' dir='ltr'><strong>facientem</strong></span> <span class='ocrx_word' id='word_1_97' title='bbox 712 1565 726 1621; x_wconf 95' lang='lat'><strong>;</strong></span> <span class='ocrx_word' id='word_1_98' title='bbox 760 1550 869 1606; x_wconf 89' lang='lat' dir='ltr'><strong>sed</strong></span> <span class='ocrx_word' id='word_1_99' title='bbox 899 1553 956 1605; x_wconf 91' lang='lat' dir='ltr'><strong>et</strong></span> <span class='ocrx_word' id='word_1_100' title='bbox 1002 1551 1193 1607; x_wconf 87' lang='lat' dir='ltr'><strong>Patris</strong></span> <span class='ocrx_word' id='word_1_101' title='bbox 1240 1554 1297 1607; x_wconf 78' lang='lat' dir='ltr'><strong>et</strong></span> <span class='ocrx_word' id='word_1_102' title='bbox 1325 1552 1457 1607; x_wconf 87' lang='lat' dir='ltr'><strong>Filii</strong></span> <span class='ocrx_word' id='word_1_103' title='bbox 1487 1569 1669 1608; x_wconf 91' lang='lat' dir='ltr'><strong>unum</strong></span> <span class='ocrx_word' id='word_1_104' title='bbox 1701 1553 2039 1626; x_wconf 78' lang='lat' dir='ltr'><strong>imaginem,</strong></span> 
     </span>
    </p>
   </div>
   <div class='ocr_carea' id='block_1_16' title="bbox 375 1639 2039 1714">
    <p class='ocr_par' dir='ltr' id='par_1_16' title="bbox 375 1639 2039 1714">
     <span class='ocr_line' id='line_1_16' title="bbox 375 1639 2039 1714; baseline 0.002 -20"><span class='ocrx_word' id='word_1_105' title='bbox 375 1655 550 1695; x_wconf 91' lang='lat' dir='ltr'><strong>unam</strong></span> <span class='ocrx_word' id='word_1_106' title='bbox 583 1639 1028 1696; x_wconf 84' lang='lat' dir='ltr'><strong>similitudinem</strong></span> <span class='ocrx_word' id='word_1_107' title='bbox 1067 1641 1224 1714; x_wconf 87' lang='lat' dir='ltr'><strong>lego.</strong></span> <span class='ocrx_word' id='word_1_108' title='bbox 1258 1641 1589 1698; x_wconf 90' lang='lat' dir='ltr'><strong>Similitudo</strong></span> <span class='ocrx_word' id='word_1_109' title='bbox 1622 1642 1750 1698; x_wconf 81' lang='lat' dir='ltr'><strong>haec</strong></span> <span class='ocrx_word' id='word_1_110' title='bbox 1799 1660 1916 1697; x_wconf 84' lang='lat' dir='ltr'><strong>non</strong></span> <span class='ocrx_word' id='word_1_111' title='bbox 1948 1643 2039 1697; x_wconf 91' lang='lat' dir='ltr'><strong>di-</strong></span> 
     </span>
    </p>
   </div>
   <div class='ocr_carea' id='block_1_17' title="bbox 373 1729 2039 1805">
    <p class='ocr_par' dir='ltr' id='par_1_17' title="bbox 373 1729 2039 1805">
     <span class='ocr_line' id='line_1_17' title="bbox 373 1729 2039 1805; baseline 0.002 -22"><span class='ocrx_word' id='word_1_112' title='bbox 373 1729 696 1799; x_wconf 87' lang='lat' dir='ltr'><strong>versitatis,</strong></span> <span class='ocrx_word' id='word_1_113' title='bbox 721 1731 830 1786; x_wconf 91' lang='lat' dir='ltr'><strong>sed</strong></span> <span class='ocrx_word' id='word_1_114' title='bbox 853 1731 1091 1786; x_wconf 87' lang='lat' dir='ltr'><strong>unitatis</strong></span> <span class='ocrx_word' id='word_1_115' title='bbox 1113 1736 1224 1787; x_wconf 91' lang='lat' dir='ltr'><strong>est.</strong></span> <span class='ocrx_word' id='word_1_116' title='bbox 1244 1730 1408 1798; x_wconf 91' lang='lat' dir='ltr'><strong>Quod</strong></span> <span class='ocrx_word' id='word_1_117' title='bbox 1428 1732 1610 1805; x_wconf 84' lang='lat' dir='ltr'><strong>igitur</strong></span> <span class='ocrx_word' id='word_1_118' title='bbox 1630 1733 1732 1787; x_wconf 89' lang='lat' dir='ltr'><strong>tibi</strong></span> <span class='ocrx_word' id='word_1_119' title='bbox 1760 1749 2039 1803; x_wconf 88' lang='lat' dir='ltr'><strong>usurpas,</strong></span> 
     </span>
    </p>
   </div>
   <div class='ocr_carea' id='block_1_18' title="bbox 374 1819 2040 1895">
    <p class='ocr_par' dir='ltr' id='par_1_18' title="bbox 374 1819 2040 1895">
     <span class='ocr_line' id='line_1_18' title="bbox 374 1819 2040 1895; baseline 0.001 -20"><span class='ocrx_word' id='word_1_120' title='bbox 374 1819 525 1875; x_wconf 86' lang='lat' dir='ltr'><strong>Filio</strong></span> <span class='ocrx_word' id='word_1_121' title='bbox 557 1820 662 1875; x_wconf 89' lang='lat' dir='ltr'><strong>Dei</strong></span> <span class='ocrx_word' id='word_1_122' title='bbox 690 1820 988 1893; x_wconf 88' lang='lat' dir='ltr'><strong>derogas;</strong></span> <span class='ocrx_word' id='word_1_123' title='bbox 1033 1836 1166 1876; x_wconf 91' lang='lat' dir='ltr'><strong>cum</strong></span> <span class='ocrx_word' id='word_1_124' title='bbox 1207 1820 1409 1893; x_wconf 89' lang='lat' dir='ltr'><strong>utique</strong></span> <span class='ocrx_word' id='word_1_125' title='bbox 1441 1822 1558 1876; x_wconf 89' lang='lat' dir='ltr'><strong>nisi</strong></span> <span class='ocrx_word' id='word_1_126' title='bbox 1589 1837 1696 1892; x_wconf 91' lang='lat' dir='ltr'><strong>per</strong></span> <span class='ocrx_word' id='word_1_127' title='bbox 1725 1822 2040 1895; x_wconf 79' lang='lat' dir='ltr'><strong>imaginem</strong></span> 
     </span>
    </p>
   </div>
   <div class='ocr_carea' id='block_1_19' title="bbox 378 1908 1670 1985">
    <p class='ocr_par' dir='ltr' id='par_1_19' title="bbox 378 1908 1670 1985">
     <span class='ocr_line' id='line_1_19' title="bbox 378 1908 1670 1985; baseline 0.003 -22"><span class='ocrx_word' id='word_1_128' title='bbox 378 1908 506 1980; x_wconf 91' lang='lat' dir='ltr'><strong>Dei,</strong></span> <span class='ocrx_word' id='word_1_129' title='bbox 540 1910 614 1964; x_wconf 93' lang='lat' dir='ltr'><strong>ad</strong></span> <span class='ocrx_word' id='word_1_130' title='bbox 647 1909 964 1983; x_wconf 79' lang='lat' dir='ltr'><strong>imaginem</strong></span> <span class='ocrx_word' id='word_1_131' title='bbox 993 1911 1096 1967; x_wconf 91' lang='lat' dir='ltr'><strong>Dei</strong></span> <span class='ocrx_word' id='word_1_132' title='bbox 1128 1927 1266 1968; x_wconf 90' lang='lat' dir='ltr'><strong>esse</strong></span> <span class='ocrx_word' id='word_1_133' title='bbox 1297 1928 1416 1968; x_wconf 92' lang='lat' dir='ltr'><strong>non</strong></span> <span class='ocrx_word' id='word_1_134' title='bbox 1446 1912 1670 1985; x_wconf 86' lang='lat' dir='ltr'><strong>possis.</strong></span> 
     </span>
    </p>
   </div>
   <div class='ocr_carea' id='block_1_20' title="bbox 999 2036 1428 2094">
    <p class='ocr_par' dir='ltr' id='par_1_20' title="bbox 999 2036 1428 2094">
     <span class='ocr_line' id='line_1_20' title="bbox 999 2036 1428 2094; baseline 0.005 -2"><span class='ocrx_word' id='word_1_135' title='bbox 999 2036 1253 2094; x_wconf 86' lang='lat' dir='ltr'><strong>CAPUT</strong></span> <span class='ocrx_word' id='word_1_136' title='bbox 1282 2038 1428 2094; x_wconf 84' lang='lat' dir='ltr'><strong>VlIl.</strong></span> 
     </span>
    </p>
   </div>
   <div class='ocr_carea' id='block_1_21' title="bbox 376 2144 2046 2218">
    <p class='ocr_par' dir='ltr' id='par_1_21' title="bbox 376 2144 2046 2218">
     <span class='ocr_line' id='line_1_21' title="bbox 376 2144 2046 2218; baseline 0.001 -18"><span class='ocrx_word' id='word_1_137' title='bbox 376 2144 481 2200; x_wconf 74' lang='lat' dir='ltr'><strong>Ex</strong></span> <span class='ocrx_word' id='word_1_138' title='bbox 497 2145 751 2218; x_wconf 84' lang='lat' dir='ltr'><strong>probata</strong></span> <span class='ocrx_word' id='word_1_139' title='bbox 781 2144 928 2201; x_wconf 83' lang='lat' dir='ltr'><strong>Filii</strong></span> <span class='ocrx_word' id='word_1_140' title='bbox 956 2162 1086 2201; x_wconf 87' lang='lat' dir='ltr'><strong>eum</strong></span> <span class='ocrx_word' id='word_1_141' title='bbox 1108 2146 1298 2203; x_wconf 83' lang='lat' dir='ltr'><strong>Patre</strong></span> <span class='ocrx_word' id='word_1_142' title='bbox 1329 2147 1741 2216; x_wconf 78' lang='lat' dir='ltr'><strong>similitudine,</strong></span> <span class='ocrx_word' id='word_1_143' title='bbox 1781 2148 2046 2205; x_wconf 84' lang='lat' dir='ltr'><strong>eumdem</strong></span> 
     </span>
    </p>
   </div>
   <div class='ocr_carea' id='block_1_22' title="bbox 446 2218 2046 2293">
    <p class='ocr_par' dir='ltr' id='par_1_22' title="bbox 446 2218 2046 2293">
     <span class='ocr_line' id='line_1_22' title="bbox 446 2218 2046 2293; baseline 0.001 -21"><span class='ocrx_word' id='word_1_144' title='bbox 446 2222 736 2293; x_wconf 58' lang='lat' dir='ltr'><strong>cisternam</strong></span> <span class='ocrx_word' id='word_1_145' title='bbox 754 2218 932 2273; x_wconf 79' lang='lat' dir='ltr'><strong>etiam</strong></span> <span class='ocrx_word' id='word_1_146' title='bbox 953 2234 1090 2293; x_wconf 79' lang='lat' dir='ltr'><strong>esse</strong></span> <span class='ocrx_word' id='word_1_147' title='bbox 1108 2218 1264 2274; x_wconf 85' lang='lat' dir='ltr'><strong>haud</strong></span> <span class='ocrx_word' id='word_1_148' title='bbox 1272 2236 1436 2293; x_wconf 68' lang='lat' dir='ltr'><strong>aegre</strong></span> <span class='ocrx_word' id='word_1_149' title='bbox 1449 2220 1873 2293; x_wconf 68' lang='lat' dir='ltr'><strong>demonstrari,</strong></span> <span class='ocrx_word' id='word_1_150' title='bbox 1897 2220 2046 2293; x_wconf 82' lang='lat' dir='ltr'><strong>quod</strong></span> 
     </span>
    </p>
   </div>
   <div class='ocr_carea' id='block_1_23' title="bbox 449 2288 2047 2364">
    <p class='ocr_par' dir='ltr' id='par_1_23' title="bbox 449 2288 2047 2364">
     <span class='ocr_line' id='line_1_23' title="bbox 449 2288 2047 2364; baseline 0.001 -20"><span class='ocrx_word' id='word_1_151' title='bbox 449 2288 1147 2364; x_wconf 55' lang='lat' dir='ltr'><strong>nihilominusastruitur</strong></span> <span class='ocrx_word' id='word_1_152' title='bbox 1167 2288 1525 2364; x_wconf 68' lang='lat' dir='ltr'><strong>eproplietia</strong></span> <span class='ocrx_word' id='word_1_153' title='bbox 1557 2292 1749 2362; x_wconf 71' lang='lat' dir='ltr'><strong>Isaiae,</strong></span> <span class='ocrx_word' id='word_1_154' title='bbox 1784 2288 2047 2364; x_wconf 51' lang='lat' dir='ltr'><strong>ac&#39;Joan-</strong></span> 
     </span>
    </p>
   </div>
   <div class='ocr_carea' id='block_1_24' title="bbox 451 2360 2046 2435">
    <p class='ocr_par' dir='ltr' id='par_1_24' title="bbox 451 2360 2046 2435">
     <span class='ocr_line' id='line_1_24' title="bbox 451 2360 2046 2435; baseline 0.003 -19"><span class='ocrx_word' id='word_1_155' title='bbox 451 2360 1117 2435; x_wconf 74' lang='lat' dir='ltr'><strong>nisEvangelio;_czuus</strong></span> <span class='ocrx_word' id='word_1_156' title='bbox 1135 2360 1334 2419; x_wconf 67' lang='lat' dir='ltr'><strong>ultimi</strong></span> <span class='ocrx_word' id='word_1_157' title='bbox 1355 2364 1711 2420; x_wconf 81' lang='lat' dir='ltr'><strong>auctoritate</strong></span> <span class='ocrx_word' id='word_1_158' title='bbox 1737 2360 1914 2420; x_wconf 83' lang='lat' dir='ltr'><strong>obrui</strong></span> <span class='ocrx_word' id='word_1_159' title='bbox 1928 2365 2046 2420; x_wconf 75' lang='lat' dir='ltr'><strong>12w-</strong></span> 
     </span>
    </p>
   </div>
   <div class='ocr_carea' id='block_1_25' title="bbox 451 2432 1214 2490">
    <p class='ocr_par' dir='ltr' id='par_1_25' title="bbox 451 2432 1214 2490">
     <span class='ocr_line' id='line_1_25' title="bbox 451 2432 1214 2490; baseline 0.003 -2"><span class='ocrx_word' id='word_1_160' title='bbox 451 2432 782 2488; x_wconf 71' lang='lat' dir='ltr'><strong>resiarehae</strong></span> <span class='ocrx_word' id='word_1_161' title='bbox 808 2432 1214 2490; x_wconf 71' lang='lat' dir='ltr'><strong>declarantur.</strong></span> 
     </span>
    </p>
   </div>
   <div class='ocr_carea' id='block_1_26' title="bbox 450 2538 2047 2616">
    <p class='ocr_par' dir='ltr' id='par_1_26' title="bbox 450 2538 2047 2616">
     <span class='ocr_line' id='line_1_26' title="bbox 450 2538 2047 2616; baseline 0.002 -21"><span class='ocrx_word' id='word_1_162' title='bbox 450 2540 540 2597; x_wconf 72' lang='grc'>54.</span> <span class='ocrx_word' id='word_1_163' title='bbox 572 2538 767 2614; x_wconf 85' lang='lat' dir='ltr'><strong>[Alias</strong></span> <span class='ocrx_word' id='word_1_164' title='bbox 796 2556 920 2614; x_wconf 85' lang='lat' dir='ltr'><strong>cap.</strong></span> <span class='ocrx_word' id='word_1_165' title='bbox 954 2540 1045 2615; x_wconf 90' lang='lat' dir='ltr'><strong>V].</strong></span> <span class='ocrx_word' id='word_1_166' title='bbox 1080 2540 1274 2597; x_wconf 89' lang='lat' dir='ltr'><strong>Claret</strong></span> <span class='ocrx_word' id='word_1_167' title='bbox 1301 2542 1482 2616; x_wconf 89' lang='lat' dir='ltr'><strong>igitur</strong></span> <span class='ocrx_word' id='word_1_168' title='bbox 1525 2558 1645 2598; x_wconf 90' lang='lat' dir='ltr'><strong>non</strong></span> <span class='ocrx_word' id='word_1_169' title='bbox 1691 2559 1830 2600; x_wconf 85' lang='lat' dir='ltr'><strong>esse</strong></span> <span class='ocrx_word' id='word_1_170' title='bbox 1861 2544 2047 2599; x_wconf 85' lang='lat' dir='ltr'><strong>dissi-</strong></span> 
     </span>
    </p>
   </div>
   <div class='ocr_carea' id='block_1_27' title="bbox 380 2629 2047 2705">
    <p class='ocr_par' dir='ltr' id='par_1_27' title="bbox 380 2629 2047 2705">
     <span class='ocr_line' id='line_1_27' title="bbox 380 2629 2047 2705; baseline 0.001 -19"><span class='ocrx_word' id='word_1_171' title='bbox 380 2629 599 2701; x_wconf 90' lang='lat' dir='ltr'><strong>milem,</strong></span> <span class='ocrx_word' id='word_1_172' title='bbox 632 2632 690 2686; x_wconf 91' lang='lat' dir='ltr'><strong>et</strong></span> <span class='ocrx_word' id='word_1_173' title='bbox 718 2630 851 2687; x_wconf 92' lang='lat' dir='ltr'><strong>ideo</strong></span> <span class='ocrx_word' id='word_1_174' title='bbox 882 2631 1207 2703; x_wconf 84' lang='lat' dir='ltr'><strong>proclivior</strong></span> <span class='ocrx_word' id='word_1_175' title='bbox 1234 2632 1330 2687; x_wconf 88' lang='lat' dir='ltr'><strong>via</strong></span> <span class='ocrx_word' id='word_1_176' title='bbox 1369 2634 1462 2688; x_wconf 89' lang='lat' dir='ltr'><strong>est</strong></span> <span class='ocrx_word' id='word_1_177' title='bbox 1506 2635 1571 2689; x_wconf 93' lang='lat' dir='ltr'><strong>ut</strong></span> <span class='ocrx_word' id='word_1_178' title='bbox 1615 2632 1789 2689; x_wconf 91' lang='lat' dir='ltr'><strong>etiam</strong></span> <span class='ocrx_word' id='word_1_179' title='bbox 1821 2634 2047 2705; x_wconf 86' lang='lat' dir='ltr'><strong>sempi-</strong></span> 
     </span>
    </p>
   </div>
   <div class='ocr_carea' id='block_1_28' title="bbox 379 2719 2048 2794">
    <p class='ocr_par' dir='ltr' id='par_1_28' title="bbox 379 2719 2048 2794">
     <span class='ocr_line' id='line_1_28' title="bbox 379 2719 2048 2794; baseline 0.001 -19"><span class='ocrx_word' id='word_1_180' title='bbox 379 2722 614 2775; x_wconf 90' lang='lat' dir='ltr'><strong>ternum</strong></span> <span class='ocrx_word' id='word_1_181' title='bbox 672 2734 812 2776; x_wconf 88' lang='lat' dir='ltr'><strong>esse</strong></span> <span class='ocrx_word' id='word_1_182' title='bbox 870 2719 1177 2790; x_wconf 82' lang='lat' dir='ltr'><strong>fateamur,</strong></span> <span class='ocrx_word' id='word_1_183' title='bbox 1236 2737 1370 2777; x_wconf 91' lang='lat' dir='ltr'><strong>cum</strong></span> <span class='ocrx_word' id='word_1_184' title='bbox 1430 2722 1644 2778; x_wconf 87' lang='lat' dir='ltr'><strong>similis</strong></span> <span class='ocrx_word' id='word_1_185' title='bbox 1702 2723 2048 2794; x_wconf 88' lang='lat' dir='ltr'><strong>sempiterni</strong></span> 
     </span>
    </p>
   </div>
   <div class='ocr_carea' id='block_1_29' title="bbox 381 2809 2048 2884">
    <p class='ocr_par' dir='ltr' id='par_1_29' title="bbox 381 2809 2048 2884">
     <span class='ocr_line' id='line_1_29' title="bbox 381 2809 2048 2884; baseline 0.002 -19"><span class='ocrx_word' id='word_1_186' title='bbox 381 2809 585 2882; x_wconf 86' lang='lat' dir='ltr'><strong>utique</strong></span> <span class='ocrx_word' id='word_1_187' title='bbox 607 2809 1006 2881; x_wconf 88' lang='lat' dir='ltr'><strong>sempiternus</strong></span> <span class='ocrx_word' id='word_1_188' title='bbox 1037 2811 1134 2865; x_wconf 89' lang='lat' dir='ltr'><strong>sit.</strong></span> <span class='ocrx_word' id='word_1_189' title='bbox 1167 2811 1230 2867; x_wconf 90' lang='lat' dir='ltr'><strong>Si</strong></span> <span class='ocrx_word' id='word_1_190' title='bbox 1261 2815 1454 2868; x_wconf 92' lang='lat' dir='ltr'><strong>autem</strong></span> <span class='ocrx_word' id='word_1_191' title='bbox 1478 2811 1707 2867; x_wconf 84' lang='lat' dir='ltr'><strong>Patrem</strong></span> <span class='ocrx_word' id='word_1_192' title='bbox 1732 2813 2048 2884; x_wconf 87' lang='lat' dir='ltr'><strong>sempiter-</strong></span> 
     </span>
    </p>
   </div>
   <div class='ocr_carea' id='block_1_30' title="bbox 382 2898 2049 2975">
    <p class='ocr_par' dir='ltr' id='par_1_30' title="bbox 382 2898 2049 2975">
     <span class='ocr_line' id='line_1_30' title="bbox 382 2898 2049 2975; baseline 0.001 -19"><span class='ocrx_word' id='word_1_193' title='bbox 382 2914 523 2956; x_wconf 91' lang='lat' dir='ltr'><strong>num</strong></span> <span class='ocrx_word' id='word_1_194' title='bbox 544 2898 822 2970; x_wconf 87' lang='lat' dir='ltr'><strong>dicimus,</strong></span> <span class='ocrx_word' id='word_1_195' title='bbox 846 2902 903 2955; x_wconf 91' lang='lat' dir='ltr'><strong>et</strong></span> <span class='ocrx_word' id='word_1_196' title='bbox 926 2899 1040 2955; x_wconf 86' lang='lat' dir='ltr'><strong>hoc</strong></span> <span class='ocrx_word' id='word_1_197' title='bbox 1062 2899 1217 2956; x_wconf 90' lang='lat' dir='ltr'><strong>idem</strong></span> <span class='ocrx_word' id='word_1_198' title='bbox 1253 2900 1465 2957; x_wconf 86' lang='lat' dir='ltr'><strong>Filium</strong></span> <span class='ocrx_word' id='word_1_199' title='bbox 1492 2902 1879 2975; x_wconf 76' lang='lat' dir='ltr'><strong>denegamus,</strong></span> <span class='ocrx_word' id='word_1_200' title='bbox 1905 2901 2049 2957; x_wconf 90' lang='lat' dir='ltr'><strong>diei-</strong></span> 
     </span>
    </p>
   </div>
   <div class='ocr_carea' id='block_1_31' title="bbox 382 2988 2048 3063">
    <p class='ocr_par' dir='ltr' id='par_1_31' title="bbox 382 2988 2048 3063">
     <span class='ocr_line' id='line_1_31' title="bbox 382 2988 2048 3063; baseline 0.001 -19"><span class='ocrx_word' id='word_1_201' title='bbox 382 3005 518 3045; x_wconf 88' lang='lat' dir='ltr'><strong>mus</strong></span> <span class='ocrx_word' id='word_1_202' title='bbox 538 3004 678 3045; x_wconf 90' lang='lat' dir='ltr'><strong>esse</strong></span> <span class='ocrx_word' id='word_1_203' title='bbox 713 2988 1103 3059; x_wconf 85' lang='lat' dir='ltr'><strong>dissimilem;</strong></span> <span class='ocrx_word' id='word_1_204' title='bbox 1148 2991 1509 3062; x_wconf 87' lang='lat' dir='ltr'><strong>sempiterno</strong></span> <span class='ocrx_word' id='word_1_205' title='bbox 1539 2991 1696 3048; x_wconf 89' lang='lat' dir='ltr'><strong>enim</strong></span> <span class='ocrx_word' id='word_1_206' title='bbox 1724 2992 2048 3063; x_wconf 84' lang='lat' dir='ltr'><strong>temporale</strong></span> 
     </span>
    </p>
   </div>
   <div class='ocr_carea' id='block_1_32' title="bbox 383 3078 2051 3152">
    <p class='ocr_par' dir='ltr' id='par_1_32' title="bbox 383 3078 2051 3152">
     <span class='ocr_line' id='line_1_32' title="bbox 383 3078 2051 3152; baseline 0.002 -19"><span class='ocrx_word' id='word_1_207' title='bbox 383 3079 676 3135; x_wconf 87' lang='lat' dir='ltr'><strong>dissimile</strong></span> <span class='ocrx_word' id='word_1_208' title='bbox 692 3081 804 3135; x_wconf 89' lang='lat' dir='ltr'><strong>est.</strong></span> <span class='ocrx_word' id='word_1_209' title='bbox 820 3078 1043 3135; x_wconf 85' lang='lat' dir='ltr'><strong>Clamat</strong></span> <span class='ocrx_word' id='word_1_210' title='bbox 1066 3079 1357 3152; x_wconf 84' lang='lat' dir='ltr'><strong>Propheta</strong></span> <span class='ocrx_word' id='word_1_211' title='bbox 1371 3080 1815 3152; x_wconf 90' lang='lat' dir='ltr'><strong>sempiternum,</strong></span> <span class='ocrx_word' id='word_1_212' title='bbox 1837 3081 2051 3137; x_wconf 90' lang='lat' dir='ltr'><strong>clamat</strong></span> 
     </span>
    </p>
   </div>
   <div class='ocr_carea' id='block_1_33' title="bbox 382 3169 2051 3242">
    <p class='ocr_par' dir='ltr' id='par_1_33' title="bbox 382 3169 2051 3242">
     <span class='ocr_line' id='line_1_33' title="bbox 382 3169 2051 3242; baseline 0.001 -18"><span class='ocrx_word' id='word_1_213' title='bbox 382 3171 441 3224; x_wconf 91' lang='lat' dir='ltr'><strong>et</strong></span> <span class='ocrx_word' id='word_1_214' title='bbox 469 3169 795 3242; x_wconf 84' lang='lat' dir='ltr'><strong>Apostolus</strong></span> <span class='ocrx_word' id='word_1_215' title='bbox 836 3169 1281 3241; x_wconf 83' lang='lat' dir='ltr'><strong>sempiternum.</strong></span> <span class='ocrx_word' id='word_1_216' title='bbox 1306 3170 1550 3225; x_wconf 89' lang='lat' dir='ltr'><strong>Plenum</strong></span> <span class='ocrx_word' id='word_1_217' title='bbox 1591 3174 1683 3225; x_wconf 90' lang='lat' dir='ltr'><strong>est</strong></span> <span class='ocrx_word' id='word_1_218' title='bbox 1720 3172 1894 3225; x_wconf 87' lang='lat' dir='ltr'><strong>vetus</strong></span> <span class='ocrx_word' id='word_1_219' title='bbox 1934 3170 2051 3225; x_wconf 88' lang='lat' dir='ltr'><strong>Te-</strong></span> 
     </span>
    </p>
   </div>
   <div class='ocr_carea' id='block_1_34' title="bbox 383 3259 2050 3332">
    <p class='ocr_par' dir='ltr' id='par_1_34' title="bbox 383 3259 2050 3332">
     <span class='ocr_line' id='line_1_34' title="bbox 383 3259 2050 3332; baseline 0.001 -17"><span class='ocrx_word' id='word_1_220' title='bbox 383 3261 738 3317; x_wconf 90' lang='lat' dir='ltr'><strong>stamentum</strong></span> <span class='ocrx_word' id='word_1_221' title='bbox 754 3260 1111 3316; x_wconf 88' lang='lat' dir='ltr'><strong>testimoniis</strong></span> <span class='ocrx_word' id='word_1_222' title='bbox 1142 3259 1276 3315; x_wconf 83' lang='lat' dir='ltr'><strong>Filii</strong></span> <span class='ocrx_word' id='word_1_223' title='bbox 1297 3259 1663 3331; x_wconf 87' lang='lat' dir='ltr'><strong>sempiterni,</strong></span> <span class='ocrx_word' id='word_1_224' title='bbox 1683 3260 1923 3332; x_wconf 91' lang='lat' dir='ltr'><strong>plenum</strong></span> <span class='ocrx_word' id='word_1_225' title='bbox 1955 3263 2050 3316; x_wconf 90' lang='lat' dir='ltr'><strong>est</strong></span> 
     </span>
    </p>
   </div>
   <div class='ocr_carea' id='block_1_35' title="bbox 383 3365 621 3407">
    <p class='ocr_par' dir='ltr' id='par_1_35' title="bbox 383 3365 621 3407">
     <span class='ocr_line' id='line_1_35' title="bbox 383 3365 621 3407; baseline -0.008 -1"><span class='ocrx_word' id='word_1_226' title='bbox 383 3365 621 3407; x_wconf 88' lang='lat' dir='ltr'><strong>novum.</strong></span> 
     </span>
    </p>
   </div>
   <div class='ocr_carea' id='block_1_36' title="bbox 452 3426 2050 3513">
    <p class='ocr_par' dir='ltr' id='par_1_36' title="bbox 452 3426 2050 3513">
     <span class='ocr_line' id='line_1_36' title="bbox 452 3426 2050 3513; baseline -0.001 -17"><span class='ocrx_word' id='word_1_227' title='bbox 452 3441 543 3496; x_wconf 84' lang='lat'><strong>55.</strong></span> <span class='ocrx_word' id='word_1_228' title='bbox 591 3439 872 3496; x_wconf 90' lang='lat' dir='ltr'><strong>Ordinem</strong></span> <span class='ocrx_word' id='word_1_229' title='bbox 910 3454 1057 3513; x_wconf 85' lang='lat' dir='ltr'><strong>ergo</strong></span> <span class='ocrx_word' id='word_1_230' title='bbox 1109 3426 1437 3496; x_wconf 83' lang='lat' dir='ltr'><strong>teneamus.</strong></span> <span class='ocrx_word' id='word_1_231' title='bbox 1493 3440 1789 3512; x_wconf 86' lang='lat' dir='ltr'><strong>Scriptum</strong></span> <span class='ocrx_word' id='word_1_232' title='bbox 1842 3443 1934 3495; x_wconf 91' lang='lat' dir='ltr'><strong>est</strong></span> <span class='ocrx_word' id='word_1_233' title='bbox 1991 3438 2050 3494; x_wconf 90' lang='lat' dir='ltr'><strong>in</strong></span> 
     </span>
    </p>
   </div>
   <div class='ocr_carea' id='block_1_37' title="bbox 382 3528 2045 3600">
    <p class='ocr_par' dir='ltr' id='par_1_37' title="bbox 382 3528 2045 3600">
     <span class='ocr_line' id='line_1_37' title="bbox 382 3528 2045 3600; baseline 0 -18"><span class='ocrx_word' id='word_1_234' title='bbox 382 3529 571 3586; x_wconf 86' lang='lat' dir='ltr'><strong>veteri</strong></span> <span class='ocrx_word' id='word_1_235' title='bbox 589 3529 988 3597; x_wconf 86' lang='lat' dir='ltr'><strong>Testamento,</strong></span> <span class='ocrx_word' id='word_1_236' title='bbox 1012 3533 1076 3586; x_wconf 91' lang='lat' dir='ltr'><strong>ut</strong></span> <span class='ocrx_word' id='word_1_237' title='bbox 1095 3530 1189 3585; x_wconf 93' lang='lat' dir='ltr'><strong>vel</strong></span> <span class='ocrx_word' id='word_1_238' title='bbox 1212 3546 1392 3585; x_wconf 91' lang='lat' dir='ltr'><strong>unum</strong></span> <span class='ocrx_word' id='word_1_239' title='bbox 1413 3530 1486 3585; x_wconf 90' lang='lat' dir='ltr'><strong>de</strong></span> <span class='ocrx_word' id='word_1_240' title='bbox 1516 3529 1789 3600; x_wconf 85' lang='lat' dir='ltr'><strong>pluribus</strong></span> <span class='ocrx_word' id='word_1_241' title='bbox 1818 3528 2007 3583; x_wconf 89' lang='lat' dir='ltr'><strong>dicam</strong></span> <span class='ocrx_word' id='word_1_242' title='bbox 2033 3544 2045 3583; x_wconf 92' lang='lat'><strong>:</strong></span> 
     </span>
    </p>
   </div>
   <div class='ocr_carea' id='block_1_38' title="bbox 390 3618 2051 3691">
    <p class='ocr_par' dir='ltr' id='par_1_38' title="bbox 390 3618 2051 3691">
     <span class='ocr_line' id='line_1_38' title="bbox 390 3618 2051 3691; baseline 0.001 -19"><span class='ocrx_word' id='word_1_243' title='bbox 390 3640 411 3666; x_wconf 80' lang='grc' dir='ltr'><em>α</em></span> <span class='ocrx_word' id='word_1_244' title='bbox 447 3618 598 3675; x_wconf 87' lang='lat' dir='ltr'><strong>Ante</strong></span> <span class='ocrx_word' id='word_1_245' title='bbox 627 3634 721 3676; x_wconf 90' lang='lat' dir='ltr'><strong>me</strong></span> <span class='ocrx_word' id='word_1_246' title='bbox 750 3635 869 3676; x_wconf 91' lang='lat' dir='ltr'><strong>non</strong></span> <span class='ocrx_word' id='word_1_247' title='bbox 915 3618 1024 3675; x_wconf 90' lang='lat' dir='ltr'><strong>t‘uit</strong></span> <span class='ocrx_word' id='word_1_248' title='bbox 1066 3618 1219 3674; x_wconf 89' lang='lat' dir='ltr'><strong>alius</strong></span> <span class='ocrx_word' id='word_1_249' title='bbox 1269 3620 1449 3687; x_wconf 89' lang='lat' dir='ltr'><strong>Deus,</strong></span> <span class='ocrx_word' id='word_1_250' title='bbox 1502 3622 1560 3674; x_wconf 89' lang='lat' dir='ltr'><strong>et</strong></span> <span class='ocrx_word' id='word_1_251' title='bbox 1607 3621 1744 3691; x_wconf 89' lang='lat' dir='ltr'><strong>post</strong></span> <span class='ocrx_word' id='word_1_252' title='bbox 1793 3634 1886 3674; x_wconf 89' lang='lat' dir='ltr'><strong>me</strong></span> <span class='ocrx_word' id='word_1_253' title='bbox 1932 3633 2051 3673; x_wconf 90' lang='lat' dir='ltr'><strong>non</strong></span> 
     </span>
    </p>
   </div>
   <div class='ocr_carea' id='block_1_39' title="bbox 385 3707 2050 3782">
    <p class='ocr_par' dir='ltr' id='par_1_39' title="bbox 385 3707 2050 3782">
     <span class='ocr_line' id='line_1_39' title="bbox 385 3707 2050 3782; baseline 0 -20"><span class='ocrx_word' id='word_1_254' title='bbox 385 3707 499 3763; x_wconf 90' lang='lat' dir='ltr'><strong>erit</strong></span> <span class='ocrx_word' id='word_1_255' title='bbox 540 3708 681 3778; x_wconf 81' lang='lat' dir='ltr'><strong>(Isa.</strong></span> <span class='ocrx_word' id='word_1_256' title='bbox 727 3726 890 3779; x_wconf 79' lang='lat' dir='ltr'><strong>xuii,</strong></span> <span class='ocrx_word' id='word_1_257' title='bbox 942 3709 1050 3779; x_wconf 85' lang='grc'>10).</span> <span class='ocrx_word' id='word_1_258' title='bbox 1087 3729 1109 3758; x_wconf 74' lang='grc' dir='ltr'><strong>ιι</strong></span> <span class='ocrx_word' id='word_1_259' title='bbox 1165 3709 1325 3764; x_wconf 89' lang='lat' dir='ltr'><strong>Nihil</strong></span> <span class='ocrx_word' id='word_1_260' title='bbox 1373 3725 1519 3782; x_wconf 90' lang='lat' dir='ltr'><strong>ergo</strong></span> <span class='ocrx_word' id='word_1_261' title='bbox 1568 3707 2050 3781; x_wconf 87' lang='lat' dir='ltr'><strong>argumentabor,</strong></span> 
     </span>
    </p>
   </div>
   <div class='ocr_carea' id='block_1_40' title="bbox 385 3796 2055 3872">
    <p class='ocr_par' dir='ltr' id='par_1_40' title="bbox 385 3796 2055 3872">
     <span class='ocr_line' id='line_1_40' title="bbox 385 3796 2055 3872; baseline 0 -21"><span class='ocrx_word' id='word_1_262' title='bbox 385 3796 640 3868; x_wconf 88' lang='lat' dir='ltr'><strong>teipsum</strong></span> <span class='ocrx_word' id='word_1_263' title='bbox 668 3798 992 3872; x_wconf 88' lang='lat' dir='ltr'><strong>interrogo.</strong></span> <span class='ocrx_word' id='word_1_264' title='bbox 1024 3797 1169 3863; x_wconf 87' lang='lat' dir='ltr'><strong>Quis</strong></span> <span class='ocrx_word' id='word_1_265' title='bbox 1192 3798 1306 3853; x_wconf 87' lang='lat' dir='ltr'><strong>hoc</strong></span> <span class='ocrx_word' id='word_1_266' title='bbox 1327 3798 1487 3867; x_wconf 90' lang='lat' dir='ltr'><strong>dicit,</strong></span> <span class='ocrx_word' id='word_1_267' title='bbox 1511 3798 1700 3867; x_wconf 91' lang='lat' dir='ltr'><strong>Pater,</strong></span> <span class='ocrx_word' id='word_1_268' title='bbox 1725 3814 1798 3852; x_wconf 91' lang='lat' dir='ltr'><strong>an</strong></span> <span class='ocrx_word' id='word_1_269' title='bbox 1818 3796 2003 3852; x_wconf 86' lang='lat' dir='ltr'><strong>Filius</strong></span> <span class='ocrx_word' id='word_1_270' title='bbox 2025 3797 2055 3851; x_wconf 84' lang='lat'><strong>?</strong></span> 
     </span>
    </p>
   </div>
   <div class='ocr_carea' id='block_1_41' title="bbox 385 3885 2052 3959">
    <p class='ocr_par' dir='ltr' id='par_1_41' title="bbox 385 3885 2052 3959">
     <span class='ocr_line' id='line_1_41' title="bbox 385 3885 2052 3959; baseline -0.001 -19"><span class='ocrx_word' id='word_1_271' title='bbox 385 3885 599 3941; x_wconf 84' lang='lat' dir='ltr'><strong>Utrum</strong></span> <span class='ocrx_word' id='word_1_272' title='bbox 618 3886 867 3958; x_wconf 82' lang='lat' dir='ltr'><strong>dixeris,</strong></span> <span class='ocrx_word' id='word_1_273' title='bbox 902 3903 971 3943; x_wconf 92' lang='lat' dir='ltr'><strong>eo</strong></span> <span class='ocrx_word' id='word_1_274' title='bbox 995 3890 1049 3943; x_wconf 93' lang='lat' dir='ltr'><strong>te</strong></span> <span class='ocrx_word' id='word_1_275' title='bbox 1072 3887 1345 3943; x_wconf 82' lang='lat' dir='ltr'><strong>convinci</strong></span> <span class='ocrx_word' id='word_1_276' title='bbox 1366 3888 1664 3959; x_wconf 90' lang='lat' dir='ltr'><strong>intelliges</strong></span> <span class='ocrx_word' id='word_1_277' title='bbox 1682 3887 1834 3957; x_wconf 82' lang='lat' dir='ltr'><strong>(3t):</strong></span> <span class='ocrx_word' id='word_1_278' title='bbox 1871 3885 1966 3940; x_wconf 86' lang='lat' dir='ltr'><strong>vel</strong></span> <span class='ocrx_word' id='word_1_279' title='bbox 2001 3885 2052 3939; x_wconf 90' lang='lat' dir='ltr'><strong>si</strong></span> 
     </span>
    </p>
   </div>
   <div class='ocr_carea' id='block_1_42' title="bbox 388 3975 2053 4048">
    <p class='ocr_par' dir='ltr' id='par_1_42' title="bbox 388 3975 2053 4048">
     <span class='ocr_line' id='line_1_42' title="bbox 388 3975 2053 4048; baseline 0 -19"><span class='ocrx_word' id='word_1_280' title='bbox 388 3975 621 4046; x_wconf 86' lang='lat' dir='ltr'><strong>eredas,</strong></span> <span class='ocrx_word' id='word_1_281' title='bbox 640 3975 861 4032; x_wconf 86' lang='lat' dir='ltr'><strong>doceri.</strong></span> <span class='ocrx_word' id='word_1_282' title='bbox 885 3975 1030 4040; x_wconf 91' lang='lat' dir='ltr'><strong>Quis</strong></span> <span class='ocrx_word' id='word_1_283' title='bbox 1053 3992 1198 4048; x_wconf 88' lang='lat' dir='ltr'><strong>ergo</strong></span> <span class='ocrx_word' id='word_1_284' title='bbox 1212 3976 1326 4032; x_wconf 89' lang='lat' dir='ltr'><strong>hoc</strong></span> <span class='ocrx_word' id='word_1_285' title='bbox 1339 3976 1499 4044; x_wconf 89' lang='lat' dir='ltr'><strong>dicit,</strong></span> <span class='ocrx_word' id='word_1_286' title='bbox 1516 3976 1708 4045; x_wconf 89' lang='lat' dir='ltr'><strong>Pater,</strong></span> <span class='ocrx_word' id='word_1_287' title='bbox 1728 3991 1802 4029; x_wconf 90' lang='lat' dir='ltr'><strong>an</strong></span> <span class='ocrx_word' id='word_1_288' title='bbox 1824 3975 2010 4029; x_wconf 83' lang='lat' dir='ltr'><strong>Filius</strong></span> <span class='ocrx_word' id='word_1_289' title='bbox 2024 3976 2053 4028; x_wconf 69' lang='grc' dir='ltr'><strong>ξ)</strong></span> 
     </span>
    </p>
   </div>
   <div class='ocr_carea' id='block_1_43' title="bbox 388 4064 2048 4138">
    <p class='ocr_par' dir='ltr' id='par_1_43' title="bbox 388 4064 2048 4138">
     <span class='ocr_line' id='line_1_43' title="bbox 388 4064 2048 4138; baseline -0.001 -18"><span class='ocrx_word' id='word_1_290' title='bbox 388 4064 449 4120; x_wconf 90' lang='lat' dir='ltr'><strong>Si</strong></span> <span class='ocrx_word' id='word_1_291' title='bbox 473 4064 699 4121; x_wconf 87' lang='lat' dir='ltr'><strong>Filius:</strong></span> <span class='ocrx_word' id='word_1_292' title='bbox 738 4087 761 4114; x_wconf 72' lang='grc' dir='ltr'><strong>α</strong></span> <span class='ocrx_word' id='word_1_293' title='bbox 797 4066 947 4121; x_wconf 83' lang='lat' dir='ltr'><strong>Ante</strong></span> <span class='ocrx_word' id='word_1_294' title='bbox 980 4080 1095 4136; x_wconf 87' lang='lat' dir='ltr'><strong>me,</strong></span> <span class='ocrx_word' id='word_1_295' title='bbox 1128 4066 1336 4138; x_wconf 88' lang='lat' dir='ltr'><strong>inquit,</strong></span> <span class='ocrx_word' id='word_1_296' title='bbox 1362 4083 1478 4121; x_wconf 90' lang='lat' dir='ltr'><strong>non</strong></span> <span class='ocrx_word' id='word_1_297' title='bbox 1503 4065 1612 4120; x_wconf 85' lang='lat' dir='ltr'><strong>fuit</strong></span> <span class='ocrx_word' id='word_1_298' title='bbox 1631 4064 1784 4119; x_wconf 92' lang='lat' dir='ltr'><strong>alius</strong></span> <span class='ocrx_word' id='word_1_299' title='bbox 1806 4065 1998 4132; x_wconf 84' lang='lat' dir='ltr'><strong>Deus;</strong></span> <span class='ocrx_word' id='word_1_300' title='bbox 2028 4087 2048 4110; x_wconf 72' lang='grc' dir='ltr'><strong>»ν</strong></span> 
     </span>
    </p>
   </div>
   <div class='ocr_carea' id='block_1_44' title="bbox 389 4153 2054 4227">
    <p class='ocr_par' dir='ltr' id='par_1_44' title="bbox 389 4153 2054 4227">
     <span class='ocr_line' id='line_1_44' title="bbox 389 4153 2054 4227; baseline -0.001 -18"><span class='ocrx_word' id='word_1_301' title='bbox 389 4154 443 4209; x_wconf 92' lang='lat' dir='ltr'><strong>si</strong></span> <span class='ocrx_word' id='word_1_302' title='bbox 474 4153 683 4211; x_wconf 87' lang='lat' dir='ltr'><strong>Pater:</strong></span> <span class='ocrx_word' id='word_1_303' title='bbox 721 4177 743 4202; x_wconf 78' lang='grc' dir='ltr'>α</span> <span class='ocrx_word' id='word_1_304' title='bbox 780 4153 926 4211; x_wconf 90' lang='lat' dir='ltr'><strong>Post</strong></span> <span class='ocrx_word' id='word_1_305' title='bbox 956 4170 1069 4223; x_wconf 91' lang='lat' dir='ltr'><strong>me,</strong></span> <span class='ocrx_word' id='word_1_306' title='bbox 1101 4154 1309 4227; x_wconf 91' lang='lat' dir='ltr'><strong>inquit,</strong></span> <span class='ocrx_word' id='word_1_307' title='bbox 1345 4172 1462 4210; x_wconf 91' lang='lat' dir='ltr'><strong>non</strong></span> <span class='ocrx_word' id='word_1_308' title='bbox 1494 4154 1623 4210; x_wconf 89' lang='lat' dir='ltr'><strong>erit.</strong></span> <span class='ocrx_word' id='word_1_309' title='bbox 1663 4179 1683 4202; x_wconf 77' lang='grc' dir='ltr'><strong>ιι</strong></span> <span class='ocrx_word' id='word_1_310' title='bbox 1731 4154 1841 4208; x_wconf 84' lang='lat' dir='ltr'><strong>Hic</strong></span> <span class='ocrx_word' id='word_1_311' title='bbox 1889 4153 2054 4224; x_wconf 88' lang='lat' dir='ltr'><strong>prio-</strong></span> 
     </span>
    </p>
   </div>
   <div class='ocr_carea' id='block_1_45' title="bbox 388 4242 2055 4317">
    <p class='ocr_par' dir='ltr' id='par_1_45' title="bbox 388 4242 2055 4317">
     <span class='ocr_line' id='line_1_45' title="bbox 388 4242 2055 4317; baseline -0.002 -18"><span class='ocrx_word' id='word_1_312' title='bbox 388 4260 536 4316; x_wconf 87' lang='lat' dir='ltr'><strong>rem,</strong></span> <span class='ocrx_word' id='word_1_313' title='bbox 569 4243 669 4300; x_wconf 88' lang='lat' dir='ltr'><strong>ille</strong></span> <span class='ocrx_word' id='word_1_314' title='bbox 697 4244 1091 4317; x_wconf 86' lang='lat' dir='ltr'><strong>posteriorem</strong></span> <span class='ocrx_word' id='word_1_315' title='bbox 1117 4260 1236 4300; x_wconf 91' lang='lat' dir='ltr'><strong>non</strong></span> <span class='ocrx_word' id='word_1_316' title='bbox 1266 4244 1479 4300; x_wconf 86' lang='lat' dir='ltr'><strong>habet:</strong></span> <span class='ocrx_word' id='word_1_317' title='bbox 1527 4242 1779 4298; x_wconf 88' lang='lat' dir='ltr'><strong>invicem</strong></span> <span class='ocrx_word' id='word_1_318' title='bbox 1812 4244 1870 4297; x_wconf 91' lang='lat' dir='ltr'><strong>in</strong></span> <span class='ocrx_word' id='word_1_319' title='bbox 1901 4258 1967 4296; x_wconf 87' lang='lat' dir='ltr'><strong>se</strong></span> <span class='ocrx_word' id='word_1_320' title='bbox 1998 4245 2055 4296; x_wconf 91' lang='lat' dir='ltr'><strong>et</strong></span> 
     </span>
    </p>
   </div>
   <div class='ocr_carea' id='block_1_46' title="bbox 391 4331 2055 4406">
    <p class='ocr_par' dir='ltr' id='par_1_46' title="bbox 391 4331 2055 4406">
     <span class='ocr_line' id='line_1_46' title="bbox 391 4331 2055 4406; baseline -0.002 -17"><span class='ocrx_word' id='word_1_321' title='bbox 391 4333 564 4390; x_wconf 83' lang='lat' dir='ltr'><strong>Pater</strong></span> <span class='ocrx_word' id='word_1_322' title='bbox 591 4334 653 4390; x_wconf 89' lang='lat' dir='ltr'><strong>in</strong></span> <span class='ocrx_word' id='word_1_323' title='bbox 683 4334 853 4406; x_wconf 89' lang='lat' dir='ltr'><strong>Filio,</strong></span> <span class='ocrx_word' id='word_1_324' title='bbox 885 4337 944 4391; x_wconf 89' lang='lat' dir='ltr'><strong>et</strong></span> <span class='ocrx_word' id='word_1_325' title='bbox 972 4334 1160 4391; x_wconf 86' lang='lat' dir='ltr'><strong>Filius</strong></span> <span class='ocrx_word' id='word_1_326' title='bbox 1194 4334 1254 4389; x_wconf 90' lang='lat' dir='ltr'><strong>in</strong></span> <span class='ocrx_word' id='word_1_327' title='bbox 1282 4335 1453 4389; x_wconf 87' lang='lat' dir='ltr'><strong>Patre</strong></span> <span class='ocrx_word' id='word_1_328' title='bbox 1484 4331 1887 4406; x_wconf 84' lang='lat' dir='ltr'><strong>cognoscitur.</strong></span> <span class='ocrx_word' id='word_1_329' title='bbox 1908 4332 2055 4386; x_wconf 76' lang='lat' dir='ltr'><strong>Cum</strong></span> 
     </span>
    </p>
   </div>
   <div class='ocr_carea' id='block_1_47' title="bbox 387 4420 2049 4497">
    <p class='ocr_par' dir='ltr' id='par_1_47' title="bbox 387 4420 2049 4497">
     <span class='ocr_line' id='line_1_47' title="bbox 387 4420 2049 4497; baseline -0.002 -19"><span class='ocrx_word' id='word_1_330' title='bbox 387 4425 546 4481; x_wconf 88' lang='lat' dir='ltr'><strong>enim</strong></span> <span class='ocrx_word' id='word_1_331' title='bbox 568 4425 800 4480; x_wconf 89' lang='lat' dir='ltr'><strong>Patrem</strong></span> <span class='ocrx_word' id='word_1_332' title='bbox 821 4424 1069 4495; x_wconf 82' lang='lat' dir='ltr'><strong>dixeris,</strong></span> <span class='ocrx_word' id='word_1_333' title='bbox 1093 4423 1228 4497; x_wconf 84' lang='lat' dir='ltr'><strong>ejus</strong></span> <span class='ocrx_word' id='word_1_334' title='bbox 1250 4423 1424 4480; x_wconf 89' lang='lat' dir='ltr'><strong>etiam</strong></span> <span class='ocrx_word' id='word_1_335' title='bbox 1455 4423 1664 4479; x_wconf 84' lang='lat' dir='ltr'><strong>Filium</strong></span> <span class='ocrx_word' id='word_1_336' title='bbox 1698 4420 2049 4494; x_wconf 86' lang='lat' dir='ltr'><strong>designasti,</strong></span> 
     </span>
    </p>
   </div>
   <div class='ocr_carea' id='block_1_48' title="bbox 386 4510 2049 4587">
    <p class='ocr_par' dir='ltr' id='par_1_48' title="bbox 386 4510 2049 4587">
     <span class='ocr_line' id='line_1_48' title="bbox 386 4510 2049 4587; baseline -0.005 -16"><span class='ocrx_word' id='word_1_337' title='bbox 386 4515 522 4587; x_wconf 87' lang='lat' dir='ltr'><strong>quia</strong></span> <span class='ocrx_word' id='word_1_338' title='bbox 544 4530 717 4571; x_wconf 90' lang='lat' dir='ltr'><strong>nemo</strong></span> <span class='ocrx_word' id='word_1_339' title='bbox 738 4514 868 4587; x_wconf 89' lang='lat' dir='ltr'><strong>ipse</strong></span> <span class='ocrx_word' id='word_1_340' title='bbox 882 4514 1000 4570; x_wconf 89' lang='lat' dir='ltr'><strong>sibi</strong></span> <span class='ocrx_word' id='word_1_341' title='bbox 1016 4516 1289 4587; x_wconf 88' lang='lat' dir='ltr'><strong>paterest</strong></span> <span class='ocrx_word' id='word_1_342' title='bbox 1314 4529 1327 4570; x_wconf 90' lang='lat'><strong>:</strong></span> <span class='ocrx_word' id='word_1_343' title='bbox 1353 4529 1485 4568; x_wconf 92' lang='lat' dir='ltr'><strong>cum</strong></span> <span class='ocrx_word' id='word_1_344' title='bbox 1509 4512 1719 4567; x_wconf 88' lang='lat' dir='ltr'><strong>Filium</strong></span> <span class='ocrx_word' id='word_1_345' title='bbox 1755 4510 2049 4579; x_wconf 89' lang='lat' dir='ltr'><strong>nominas,</strong></span> 
     </span>
    </p>
   </div>
   <div class='ocr_carea' id='block_1_49' title="bbox 387 4598 2049 4676">
    <p class='ocr_par' dir='ltr' id='par_1_49' title="bbox 387 4598 2049 4676">
     <span class='ocr_line' id='line_1_49' title="bbox 387 4598 2049 4676; baseline -0.004 -18"><span class='ocrx_word' id='word_1_346' title='bbox 387 4604 561 4659; x_wconf 88' lang='lat' dir='ltr'><strong>etiam</strong></span> <span class='ocrx_word' id='word_1_347' title='bbox 610 4604 842 4660; x_wconf 86' lang='lat' dir='ltr'><strong>Patrem</strong></span> <span class='ocrx_word' id='word_1_348' title='bbox 887 4602 1021 4676; x_wconf 88' lang='lat' dir='ltr'><strong>ejus</strong></span> <span class='ocrx_word' id='word_1_349' title='bbox 1082 4602 1308 4672; x_wconf 84' lang='lat' dir='ltr'><strong>fateris,</strong></span> <span class='ocrx_word' id='word_1_350' title='bbox 1360 4603 1494 4674; x_wconf 89' lang='lat' dir='ltr'><strong>quia</strong></span> <span class='ocrx_word' id='word_1_351' title='bbox 1540 4616 1712 4656; x_wconf 92' lang='lat' dir='ltr'><strong>nemo</strong></span> <span class='ocrx_word' id='word_1_352' title='bbox 1756 4600 1885 4671; x_wconf 85' lang='lat' dir='ltr'><strong>ipse</strong></span> <span class='ocrx_word' id='word_1_353' title='bbox 1934 4598 2049 4652; x_wconf 83' lang='lat' dir='ltr'><strong>sibi</strong></span> 
     </span>
    </p>
   </div>
   <div class='ocr_carea' id='block_1_50' title="bbox 2151 661 3760 743">
    <p class='ocr_par' dir='ltr' id='par_1_50' title="bbox 2151 661 3760 743">
     <span class='ocr_line' id='line_1_50' title="bbox 2151 661 3760 743; baseline 0.013 -29"><span class='ocrx_word' id='word_1_354' title='bbox 2151 661 2306 716; x_wconf 87' lang='lat' dir='ltr'><strong>Alibi</strong></span> <span class='ocrx_word' id='word_1_355' title='bbox 2329 679 2564 737; x_wconf 91' lang='lat' dir='ltr'><strong>quoque</strong></span> <span class='ocrx_word' id='word_1_356' title='bbox 2588 666 2849 724; x_wconf 84' lang='lat' dir='ltr'><strong>Joannes</strong></span> <span class='ocrx_word' id='word_1_357' title='bbox 2874 670 2933 724; x_wconf 90' lang='lat' dir='ltr'><strong>in</strong></span> <span class='ocrx_word' id='word_1_358' title='bbox 2954 671 3202 742; x_wconf 85' lang='lat' dir='ltr'><strong>epistola</strong></span> <span class='ocrx_word' id='word_1_359' title='bbox 3235 689 3339 727; x_wconf 87' lang='lat' dir='ltr'><strong>sua</strong></span> <span class='ocrx_word' id='word_1_360' title='bbox 3365 674 3524 730; x_wconf 88' lang='lat' dir='ltr'><strong>dicit:</strong></span> <span class='ocrx_word' id='word_1_361' title='bbox 3570 697 3589 727; x_wconf 77' lang='grc' dir='ltr'><strong>ι</strong></span> <span class='ocrx_word' id='word_1_362' title='bbox 3619 677 3760 743; x_wconf 90' lang='lat' dir='ltr'><strong>Quod</strong></span> 
     </span>
    </p>
   </div>
   <div class='ocr_carea' id='block_1_51' title="bbox 2149 752 3762 839">
    <p class='ocr_par' dir='ltr' id='par_1_51' title="bbox 2149 752 3762 839">
     <span class='ocr_line' id='line_1_51' title="bbox 2149 752 3762 839; baseline 0.01 -34"><span class='ocrx_word' id='word_1_363' title='bbox 2149 754 2274 805; x_wconf 88' lang='lat' dir='ltr'><strong>erat</strong></span> <span class='ocrx_word' id='word_1_364' title='bbox 2306 752 2362 806; x_wconf 89' lang='lat' dir='ltr'><strong>in</strong></span> <span class='ocrx_word' id='word_1_365' title='bbox 2385 754 2747 826; x_wconf 87' lang='lat' dir='ltr'><strong>principio(l</strong></span> <span class='ocrx_word' id='word_1_366' title='bbox 2767 759 2931 814; x_wconf 84' lang='lat' dir='ltr'><strong>Joan.</strong></span> <span class='ocrx_word' id='word_1_367' title='bbox 2965 778 3002 829; x_wconf 85' lang='grc' dir='ltr'>ι,</span> <span class='ocrx_word' id='word_1_368' title='bbox 3037 761 3089 828; x_wconf 84' lang='lat' dir='ltr'><strong>l)</strong></span> <span class='ocrx_word' id='word_1_369' title='bbox 3116 777 3129 829; x_wconf 87' lang='lat'><strong>;</strong></span> <span class='ocrx_word' id='word_1_370' title='bbox 3168 784 3187 810; x_wconf 71' lang='grc' dir='ltr'>ιν</span> <span class='ocrx_word' id='word_1_371' title='bbox 3217 762 3504 818; x_wconf 78' lang='lat' dir='ltr'><strong>indefinite</strong></span> <span class='ocrx_word' id='word_1_372' title='bbox 3523 766 3762 839; x_wconf 88' lang='lat' dir='ltr'><strong>tenditur,</strong></span> 
     </span>
    </p>
   </div>
   <div class='ocr_carea' id='block_1_52' title="bbox 2153 844 3517 920">
    <p class='ocr_par' dir='ltr' id='par_1_52' title="bbox 2153 844 3517 920">
     <span class='ocr_line' id='line_1_52' title="bbox 2153 844 3517 920; baseline 0.01 -26"><span class='ocrx_word' id='word_1_373' title='bbox 2153 847 2318 896; x_wconf 78' lang='lat' dir='ltr'><strong>erat:</strong></span> <span class='ocrx_word' id='word_1_374' title='bbox 2349 844 2631 916; x_wconf 79' lang='lat' dir='ltr'><strong>quidquid</strong></span> <span class='ocrx_word' id='word_1_375' title='bbox 2664 849 3123 920; x_wconf 78' lang='lat' dir='ltr'><strong>excogitaveris,</strong></span> <span class='ocrx_word' id='word_1_376' title='bbox 3160 854 3282 904; x_wconf 86' lang='lat' dir='ltr'><strong>erat</strong></span> <span class='ocrx_word' id='word_1_377' title='bbox 3326 852 3517 908; x_wconf 76' lang='lat' dir='ltr'><strong>Filius.</strong></span> 
     </span>
    </p>
   </div>
   <div class='ocr_carea' id='block_1_53' title="bbox 2221 930 3771 1012">
    <p class='ocr_par' dir='ltr' id='par_1_53' title="bbox 2221 930 3771 1012">
     <span class='ocr_line' id='line_1_53' title="bbox 2221 930 3771 1012; baseline 0.012 -29"><span class='ocrx_word' id='word_1_378' title='bbox 2221 930 2309 984; x_wconf 81' lang='lat'><strong>57.</strong></span> <span class='ocrx_word' id='word_1_379' title='bbox 2362 932 2580 987; x_wconf 86' lang='lat' dir='ltr'><strong>Omnes</strong></span> <span class='ocrx_word' id='word_1_380' title='bbox 2630 938 2823 990; x_wconf 86' lang='lat' dir='ltr'><strong>autem</strong></span> <span class='ocrx_word' id='word_1_381' title='bbox 2885 937 3153 993; x_wconf 75' lang='lat' dir='ltr'><strong>haereses</strong></span> <span class='ocrx_word' id='word_1_382' title='bbox 3201 940 3313 994; x_wconf 87' lang='lat' dir='ltr'><strong>hoc</strong></span> <span class='ocrx_word' id='word_1_383' title='bbox 3365 941 3600 1012; x_wconf 88' lang='lat' dir='ltr'><strong>capitulo</strong></span> <span class='ocrx_word' id='word_1_384' title='bbox 3625 942 3771 1001; x_wconf 87' lang='lat' dir='ltr'><strong>brevi</strong></span> 
     </span>
    </p>
   </div>
   <div class='ocr_carea' id='block_1_54' title="bbox 2153 1018 3769 1103">
    <p class='ocr_par' dir='ltr' id='par_1_54' title="bbox 2153 1018 3769 1103">
     <span class='ocr_line' id='line_1_54' title="bbox 2153 1018 3769 1103; baseline 0.009 -30"><span class='ocrx_word' id='word_1_385' title='bbox 2153 1018 2421 1089; x_wconf 88' lang='lat' dir='ltr'><strong>piscator</strong></span> <span class='ocrx_word' id='word_1_386' title='bbox 2447 1026 2653 1078; x_wconf 91' lang='lat' dir='ltr'><strong>noster</strong></span> <span class='ocrx_word' id='word_1_387' title='bbox 2699 1025 2972 1080; x_wconf 88' lang='lat' dir='ltr'><strong>exclusit.</strong></span> <span class='ocrx_word' id='word_1_388' title='bbox 3007 1027 3173 1091; x_wconf 87' lang='lat' dir='ltr'><strong>Quod</strong></span> <span class='ocrx_word' id='word_1_389' title='bbox 3217 1029 3375 1083; x_wconf 90' lang='lat' dir='ltr'><strong>enim</strong></span> <span class='ocrx_word' id='word_1_390' title='bbox 3402 1033 3519 1085; x_wconf 91' lang='lat' dir='ltr'><strong>erat</strong></span> <span class='ocrx_word' id='word_1_391' title='bbox 3546 1031 3601 1086; x_wconf 91' lang='lat' dir='ltr'><strong>in</strong></span> <span class='ocrx_word' id='word_1_392' title='bbox 3630 1034 3769 1103; x_wconf 87' lang='lat' dir='ltr'><strong>prin-</strong></span> 
     </span>
    </p>
   </div>
   <div class='ocr_carea' id='block_1_55' title="bbox 2153 1109 3771 1192">
    <p class='ocr_par' dir='ltr' id='par_1_55' title="bbox 2153 1109 3771 1192">
     <span class='ocr_line' id='line_1_55' title="bbox 2153 1109 3771 1192; baseline 0.009 -30"><span class='ocrx_word' id='word_1_393' title='bbox 2153 1109 2306 1179; x_wconf 87' lang='lat' dir='ltr'><strong>cipio</strong></span> <span class='ocrx_word' id='word_1_394' title='bbox 2338 1126 2456 1165; x_wconf 92' lang='lat' dir='ltr'><strong>non</strong></span> <span class='ocrx_word' id='word_1_395' title='bbox 2499 1110 2817 1169; x_wconf 84' lang='lat' dir='ltr'><strong>includitur</strong></span> <span class='ocrx_word' id='word_1_396' title='bbox 2854 1118 3138 1187; x_wconf 88' lang='lat' dir='ltr'><strong>tempore,</strong></span> <span class='ocrx_word' id='word_1_397' title='bbox 3170 1135 3288 1172; x_wconf 89' lang='lat' dir='ltr'><strong>non</strong></span> <span class='ocrx_word' id='word_1_398' title='bbox 3340 1119 3613 1191; x_wconf 87' lang='lat' dir='ltr'><strong>principio</strong></span> <span class='ocrx_word' id='word_1_399' title='bbox 3637 1137 3771 1192; x_wconf 67' lang='lat' dir='ltr'><strong>pra:-</strong></span> 
     </span>
    </p>
   </div>
   <div class='ocr_carea' id='block_1_56' title="bbox 2152 1199 3774 1273">
    <p class='ocr_par' dir='ltr' id='par_1_56' title="bbox 2152 1199 3774 1273">
     <span class='ocr_line' id='line_1_56' title="bbox 2152 1199 3774 1273; baseline 0.01 -22"><span class='ocrx_word' id='word_1_400' title='bbox 2152 1199 2406 1253; x_wconf 86' lang='lat' dir='ltr'><strong>vcnitur.</strong></span> <span class='ocrx_word' id='word_1_401' title='bbox 2440 1200 2600 1273; x_wconf 86' lang='lat' dir='ltr'><strong>Ergo</strong></span> <span class='ocrx_word' id='word_1_402' title='bbox 2632 1204 2810 1259; x_wconf 85' lang='lat' dir='ltr'><strong>Arius</strong></span> <span class='ocrx_word' id='word_1_403' title='bbox 2842 1207 3222 1261; x_wconf 83' lang='lat' dir='ltr'><strong>conticescat.</strong></span> <span class='ocrx_word' id='word_1_404' title='bbox 3274 1206 3437 1272; x_wconf 83' lang='lat' dir='ltr'><strong>Quod</strong></span> <span class='ocrx_word' id='word_1_405' title='bbox 3467 1213 3645 1265; x_wconf 91' lang='lat' dir='ltr'><strong>autem</strong></span> <span class='ocrx_word' id='word_1_406' title='bbox 3671 1215 3774 1267; x_wconf 83' lang='lat' dir='ltr'><strong>erat</strong></span> 
     </span>
    </p>
   </div>
   <div class='ocr_carea' id='block_1_57' title="bbox 2151 1287 3774 1363">
    <p class='ocr_par' dir='ltr' id='par_1_57' title="bbox 2151 1287 3774 1363">
     <span class='ocr_line' id='line_1_57' title="bbox 2151 1287 3774 1363; baseline 0.009 -24"><span class='ocrx_word' id='word_1_407' title='bbox 2151 1288 2302 1357; x_wconf 87' lang='lat' dir='ltr'><strong>apud</strong></span> <span class='ocrx_word' id='word_1_408' title='bbox 2339 1287 2543 1360; x_wconf 90' lang='lat' dir='ltr'><strong>Deum,</strong></span> <span class='ocrx_word' id='word_1_409' title='bbox 2578 1307 2693 1345; x_wconf 90' lang='lat' dir='ltr'><strong>non</strong></span> <span class='ocrx_word' id='word_1_410' title='bbox 2715 1294 3096 1363; x_wconf 82' lang='lat' dir='ltr'><strong>permistionc</strong></span> <span class='ocrx_word' id='word_1_411' title='bbox 3120 1296 3525 1352; x_wconf 68' lang='lat' dir='ltr'><strong>confunditur:</strong></span> <span class='ocrx_word' id='word_1_412' title='bbox 3558 1300 3655 1354; x_wconf 91' lang='lat' dir='ltr'><strong>sed</strong></span> <span class='ocrx_word' id='word_1_413' title='bbox 3679 1316 3774 1354; x_wconf 87' lang='lat' dir='ltr'><strong>ma-</strong></span> 
     </span>
    </p>
   </div>
   <div class='ocr_carea' id='block_1_58' title="bbox 2152 1379 3775 1457">
    <p class='ocr_par' dir='ltr' id='par_1_58' title="bbox 2152 1379 3775 1457">
     <span class='ocr_line' id='line_1_58' title="bbox 2152 1379 3775 1457; baseline 0.008 -26"><span class='ocrx_word' id='word_1_414' title='bbox 2152 1379 2348 1433; x_wconf 89' lang='lat' dir='ltr'><strong>nentis</strong></span> <span class='ocrx_word' id='word_1_415' title='bbox 2376 1379 2552 1434; x_wconf 80' lang='lat' dir='ltr'><strong>Verbi</strong></span> <span class='ocrx_word' id='word_1_416' title='bbox 2575 1382 2728 1452; x_wconf 86' lang='lat' dir='ltr'><strong>apud</strong></span> <span class='ocrx_word' id='word_1_417' title='bbox 2756 1384 2983 1438; x_wconf 87' lang='lat' dir='ltr'><strong>Patrem</strong></span> <span class='ocrx_word' id='word_1_418' title='bbox 3012 1385 3201 1439; x_wconf 89' lang='lat' dir='ltr'><strong>solida</strong></span> <span class='ocrx_word' id='word_1_419' title='bbox 3223 1386 3578 1457; x_wconf 79' lang='lat' dir='ltr'><strong>perfectione</strong></span> <span class='ocrx_word' id='word_1_420' title='bbox 3599 1388 3775 1445; x_wconf 89' lang='lat' dir='ltr'><strong>distin-</strong></span> 
     </span>
    </p>
   </div>
   <div class='ocr_carea' id='block_1_59' title="bbox 2154 1468 3786 1539">
    <p class='ocr_par' dir='ltr' id='par_1_59' title="bbox 2154 1468 3786 1539">
     <span class='ocr_line' id='line_1_59' title="bbox 2154 1468 3786 1539; baseline 0.009 -19"><span class='ocrx_word' id='word_1_421' title='bbox 2154 1468 2373 1539; x_wconf 89' lang='lat' dir='ltr'><strong>guitur,</strong></span> <span class='ocrx_word' id='word_1_422' title='bbox 2415 1472 2478 1524; x_wconf 90' lang='lat' dir='ltr'><strong>ut</strong></span> <span class='ocrx_word' id='word_1_423' title='bbox 2521 1471 2817 1526; x_wconf 84' lang='lat' dir='ltr'><strong>Sabellius</strong></span> <span class='ocrx_word' id='word_1_424' title='bbox 2864 1473 3270 1531; x_wconf 83' lang='lat' dir='ltr'><strong>Obmutescat:</strong></span> <span class='ocrx_word' id='word_1_425' title='bbox 3330 1501 3348 1525; x_wconf 69' lang='grc' dir='ltr'><strong>κ</strong></span> <span class='ocrx_word' id='word_1_426' title='bbox 3410 1476 3476 1531; x_wconf 86' lang='lat' dir='ltr'><strong>Et</strong></span> <span class='ocrx_word' id='word_1_427' title='bbox 3506 1477 3654 1533; x_wconf 90' lang='lat' dir='ltr'><strong>Deus</strong></span> <span class='ocrx_word' id='word_1_428' title='bbox 3680 1483 3786 1534; x_wconf 87' lang='lat' dir='ltr'><strong>erat</strong></span> 
     </span>
    </p>
   </div>
   <div class='ocr_carea' id='block_1_60' title="bbox 2156 1556 3783 1634">
    <p class='ocr_par' dir='ltr' id='par_1_60' title="bbox 2156 1556 3783 1634">
     <span class='ocr_line' id='line_1_60' title="bbox 2156 1556 3783 1634; baseline 0.009 -26"><span class='ocrx_word' id='word_1_429' title='bbox 2156 1556 2435 1613; x_wconf 79' lang='lat' dir='ltr'><strong>Verbum.</strong></span> <span class='ocrx_word' id='word_1_430' title='bbox 2477 1582 2497 1605; x_wconf 70' lang='grc' dir='ltr'><strong>ιι</strong></span> <span class='ocrx_word' id='word_1_431' title='bbox 2530 1559 2664 1614; x_wconf 86' lang='grc' dir='ltr'>Νοιι</span> <span class='ocrx_word' id='word_1_432' title='bbox 2694 1578 2839 1633; x_wconf 86' lang='lat' dir='ltr'><strong>ergo</strong></span> <span class='ocrx_word' id='word_1_433' title='bbox 2872 1564 2931 1616; x_wconf 90' lang='lat' dir='ltr'><strong>in</strong></span> <span class='ocrx_word' id='word_1_434' title='bbox 2982 1564 3310 1634; x_wconf 84' lang='lat' dir='ltr'><strong>prolatione</strong></span> <span class='ocrx_word' id='word_1_435' title='bbox 3361 1567 3644 1622; x_wconf 89' lang='lat' dir='ltr'><strong>sermonis</strong></span> <span class='ocrx_word' id='word_1_436' title='bbox 3686 1568 3783 1622; x_wconf 87' lang='lat' dir='ltr'><strong>hoc</strong></span> 
     </span>
    </p>
   </div>
   <div class='ocr_carea' id='block_1_61' title="bbox 2153 1645 3779 1725">
    <p class='ocr_par' dir='ltr' id='par_1_61' title="bbox 2153 1645 3779 1725">
     <span class='ocr_line' id='line_1_61' title="bbox 2153 1645 3779 1725; baseline 0.007 -27"><span class='ocrx_word' id='word_1_437' title='bbox 2153 1645 2413 1702; x_wconf 81' lang='lat' dir='ltr'><strong>Verbum</strong></span> <span class='ocrx_word' id='word_1_438' title='bbox 2442 1651 2553 1716; x_wconf 90' lang='lat' dir='ltr'><strong>est,</strong></span> <span class='ocrx_word' id='word_1_439' title='bbox 2588 1650 2695 1704; x_wconf 90' lang='lat' dir='ltr'><strong>sed</strong></span> <span class='ocrx_word' id='word_1_440' title='bbox 2727 1650 2785 1704; x_wconf 88' lang='lat' dir='ltr'><strong>in</strong></span> <span class='ocrx_word' id='word_1_441' title='bbox 2817 1650 2915 1704; x_wconf 88' lang='lat' dir='ltr'><strong>illa</strong></span> <span class='ocrx_word' id='word_1_442' title='bbox 2949 1652 3212 1706; x_wconf 74' lang='lat' dir='ltr'><strong>ccclesiis</strong></span> <span class='ocrx_word' id='word_1_443' title='bbox 3245 1654 3646 1725; x_wconf 74' lang='lat' dir='ltr'><strong>designatione</strong></span> <span class='ocrx_word' id='word_1_444' title='bbox 3673 1657 3779 1710; x_wconf 89' lang='lat' dir='ltr'><strong>vir-</strong></span> 
     </span>
    </p>
   </div>
   <div class='ocr_carea' id='block_1_62' title="bbox 2153 1734 3785 1810">
    <p class='ocr_par' dir='ltr' id='par_1_62' title="bbox 2153 1734 3785 1810">
     <span class='ocr_line' id='line_1_62' title="bbox 2153 1734 3785 1810; baseline 0.006 -19"><span class='ocrx_word' id='word_1_445' title='bbox 2153 1738 2315 1808; x_wconf 86' lang='lat' dir='ltr'><strong>tutis,</strong></span> <span class='ocrx_word' id='word_1_446' title='bbox 2393 1741 2455 1792; x_wconf 91' lang='lat' dir='ltr'><strong>ut</strong></span> <span class='ocrx_word' id='word_1_447' title='bbox 2518 1739 2858 1794; x_wconf 75' lang='lat' dir='ltr'><strong>confutatur</strong></span> <span class='ocrx_word' id='word_1_448' title='bbox 2911 1741 3042 1810; x_wconf 70' lang='lat'><strong>(31&#39;)</strong></span> <span class='ocrx_word' id='word_1_449' title='bbox 3086 1734 3236 1796; x_wconf 82' lang='grc'>455</span> <span class='ocrx_word' id='word_1_450' title='bbox 3287 1743 3588 1799; x_wconf 81' lang='lat' dir='ltr'><strong>Photinus.</strong></span> <span class='ocrx_word' id='word_1_451' title='bbox 3641 1744 3785 1810; x_wconf 91' lang='lat' dir='ltr'><strong>Quod</strong></span> 
     </span>
    </p>
   </div>
   <div class='ocr_carea' id='block_1_63' title="bbox 2152 1826 3787 1904">
    <p class='ocr_par' dir='ltr' id='par_1_63' title="bbox 2152 1826 3787 1904">
     <span class='ocr_line' id='line_1_63' title="bbox 2152 1826 3787 1904; baseline 0.006 -25"><span class='ocrx_word' id='word_1_452' title='bbox 2152 1842 2297 1881; x_wconf 87' lang='lat' dir='ltr'><strong>vero</strong></span> <span class='ocrx_word' id='word_1_453' title='bbox 2326 1829 2452 1882; x_wconf 89' lang='lat' dir='ltr'><strong>erat</strong></span> <span class='ocrx_word' id='word_1_454' title='bbox 2480 1826 2538 1882; x_wconf 91' lang='lat' dir='ltr'><strong>in</strong></span> <span class='ocrx_word' id='word_1_455' title='bbox 2567 1828 2858 1899; x_wconf 88' lang='lat' dir='ltr'><strong>principio</strong></span> <span class='ocrx_word' id='word_1_456' title='bbox 2889 1830 3043 1900; x_wconf 81' lang='lat' dir='ltr'><strong>apud</strong></span> <span class='ocrx_word' id='word_1_457' title='bbox 3078 1830 3284 1901; x_wconf 89' lang='lat' dir='ltr'><strong>Deum,</strong></span> <span class='ocrx_word' id='word_1_458' title='bbox 3321 1833 3684 1904; x_wconf 63' lang='lat' dir='ltr'><strong>sempiterna)</strong></span> <span class='ocrx_word' id='word_1_459' title='bbox 3711 1834 3787 1888; x_wconf 90' lang='lat' dir='ltr'><strong>di-</strong></span> 
     </span>
    </p>
   </div>
   <div class='ocr_carea' id='block_1_64' title="bbox 2073 1916 3801 2002">
    <p class='ocr_par' dir='ltr' id='par_1_64' title="bbox 2073 1916 3801 2002">
     <span class='ocr_line' id='line_1_64' title="bbox 2073 1916 3801 2002; baseline 0.008 -36"><span class='ocrx_word' id='word_1_460' title='bbox 2073 1935 2129 2002; x_wconf 74' lang='grc' dir='ltr'><strong><em>Β</em></strong></span> <span class='ocrx_word' id='word_1_461' title='bbox 2155 1916 2415 1971; x_wconf 90' lang='lat' dir='ltr'><strong>vinitatis</strong></span> <span class='ocrx_word' id='word_1_462' title='bbox 2447 1916 2505 1971; x_wconf 90' lang='lat' dir='ltr'><strong>in</strong></span> <span class='ocrx_word' id='word_1_463' title='bbox 2534 1916 2705 1972; x_wconf 87' lang='lat' dir='ltr'><strong>Patre</strong></span> <span class='ocrx_word' id='word_1_464' title='bbox 2736 1921 2793 1973; x_wconf 90' lang='lat' dir='ltr'><strong>et</strong></span> <span class='ocrx_word' id='word_1_465' title='bbox 2822 1919 2970 1974; x_wconf 85' lang='lat' dir='ltr'><strong>Filio</strong></span> <span class='ocrx_word' id='word_1_466' title='bbox 3000 1920 3417 1991; x_wconf 87' lang='lat' dir='ltr'><strong>inseparabilis</strong></span> <span class='ocrx_word' id='word_1_467' title='bbox 3448 1922 3635 1978; x_wconf 87' lang='lat' dir='ltr'><strong>unitas</strong></span> <span class='ocrx_word' id='word_1_468' title='bbox 3665 1916 3801 1979; x_wconf 46' lang='lat' dir='ltr'><strong>edo:</strong></span> 
     </span>
    </p>
   </div>
   <div class='ocr_carea' id='block_1_65' title="bbox 2155 2007 3791 2079">
    <p class='ocr_par' dir='ltr' id='par_1_65' title="bbox 2155 2007 3791 2079">
     <span class='ocr_line' id='line_1_65' title="bbox 2155 2007 3791 2079; baseline 0.005 -20"><span class='ocrx_word' id='word_1_469' title='bbox 2155 2009 2339 2076; x_wconf 87' lang='lat' dir='ltr'><strong>cetur,</strong></span> <span class='ocrx_word' id='word_1_470' title='bbox 2370 2009 2434 2061; x_wconf 93' lang='lat' dir='ltr'><strong>ut</strong></span> <span class='ocrx_word' id='word_1_471' title='bbox 2463 2007 2779 2063; x_wconf 89' lang='lat' dir='ltr'><strong>erubescat</strong></span> <span class='ocrx_word' id='word_1_472' title='bbox 2819 2008 3145 2065; x_wconf 81' lang='lat' dir='ltr'><strong>Eunoniius</strong></span> <span class='ocrx_word' id='word_1_473' title='bbox 3178 2011 3313 2079; x_wconf 75' lang='lat'><strong>(3:2).</strong></span> <span class='ocrx_word' id='word_1_474' title='bbox 3353 2012 3649 2067; x_wconf 85' lang='lat' dir='ltr'><strong>Postremo</strong></span> <span class='ocrx_word' id='word_1_475' title='bbox 3677 2028 3791 2067; x_wconf 90' lang='lat' dir='ltr'><strong>cum</strong></span> 
     </span>
    </p>
   </div>
   <div class='ocr_carea' id='block_1_66' title="bbox 2156 2095 3796 2170">
    <p class='ocr_par' dir='ltr' id='par_1_66' title="bbox 2156 2095 3796 2170">
     <span class='ocr_line' id='line_1_66' title="bbox 2156 2095 3796 2170; baseline 0.004 -21"><span class='ocrx_word' id='word_1_476' title='bbox 2156 2095 2352 2150; x_wconf 90' lang='lat' dir='ltr'><strong>omnia</strong></span> <span class='ocrx_word' id='word_1_477' title='bbox 2406 2111 2514 2166; x_wconf 92' lang='lat' dir='ltr'><strong>per</strong></span> <span class='ocrx_word' id='word_1_478' title='bbox 2558 2096 2753 2167; x_wconf 91' lang='lat' dir='ltr'><strong>ipsum</strong></span> <span class='ocrx_word' id='word_1_479' title='bbox 2814 2097 2965 2152; x_wconf 83' lang='lat' dir='ltr'><strong>facta</strong></span> <span class='ocrx_word' id='word_1_480' title='bbox 3022 2098 3314 2169; x_wconf 89' lang='lat' dir='ltr'><strong>dicantur,</strong></span> <span class='ocrx_word' id='word_1_481' title='bbox 3367 2100 3496 2170; x_wconf 90' lang='lat' dir='ltr'><strong>ipse</strong></span> <span class='ocrx_word' id='word_1_482' title='bbox 3553 2101 3796 2156; x_wconf 88' lang='lat' dir='ltr'><strong>conditor</strong></span> 
     </span>
    </p>
   </div>
   <div class='ocr_carea' id='block_1_67' title="bbox 2156 2184 3795 2262">
    <p class='ocr_par' dir='ltr' id='par_1_67' title="bbox 2156 2184 3795 2262">
     <span class='ocr_line' id='line_1_67' title="bbox 2156 2184 3795 2262; baseline 0.004 -24"><span class='ocrx_word' id='word_1_483' title='bbox 2156 2184 2292 2239; x_wconf 87' lang='lat' dir='ltr'><strong>novi</strong></span> <span class='ocrx_word' id='word_1_484' title='bbox 2323 2184 2523 2257; x_wconf 88' lang='lat' dir='ltr'><strong>utique</strong></span> <span class='ocrx_word' id='word_1_485' title='bbox 2572 2185 2931 2241; x_wconf 89' lang='lat' dir='ltr'><strong>Testamenti</strong></span> <span class='ocrx_word' id='word_1_486' title='bbox 2969 2191 3024 2242; x_wconf 91' lang='lat' dir='ltr'><strong>et</strong></span> <span class='ocrx_word' id='word_1_487' title='bbox 3056 2189 3275 2243; x_wconf 82' lang='lat' dir='ltr'><strong>veteris</strong></span> <span class='ocrx_word' id='word_1_488' title='bbox 3324 2189 3699 2262; x_wconf 81' lang='lat' dir='ltr'><strong>designatur;</strong></span> <span class='ocrx_word' id='word_1_489' title='bbox 3744 2194 3795 2245; x_wconf 91' lang='lat' dir='ltr'><strong>ut</strong></span> 
     </span>
    </p>
   </div>
   <div class='ocr_carea' id='block_1_68' title="bbox 2157 2273 3794 2350">
    <p class='ocr_par' dir='ltr' id='par_1_68' title="bbox 2157 2273 3794 2350">
     <span class='ocr_line' id='line_1_68' title="bbox 2157 2273 3794 2350; baseline 0.003 -22"><span class='ocrx_word' id='word_1_490' title='bbox 2157 2273 2522 2329; x_wconf 68' lang='lat' dir='ltr'><strong>Manichacus</strong></span> <span class='ocrx_word' id='word_1_491' title='bbox 2545 2274 2741 2330; x_wconf 89' lang='lat' dir='ltr'><strong>locum</strong></span> <span class='ocrx_word' id='word_1_492' title='bbox 2758 2277 3095 2331; x_wconf 73' lang='lat' dir='ltr'><strong>temtationis</strong></span> <span class='ocrx_word' id='word_1_493' title='bbox 3119 2277 3337 2332; x_wconf 76' lang='lat' dir='ltr'><strong>habere</strong></span> <span class='ocrx_word' id='word_1_494' title='bbox 3363 2295 3481 2332; x_wconf 84' lang='lat' dir='ltr'><strong>non</strong></span> <span class='ocrx_word' id='word_1_495' title='bbox 3497 2278 3697 2350; x_wconf 85' lang='lat' dir='ltr'><strong>possit.</strong></span> <span class='ocrx_word' id='word_1_496' title='bbox 3723 2278 3794 2333; x_wconf 86' lang='lat' dir='ltr'><strong>Ita</strong></span> 
     </span>
    </p>
   </div>
   <div class='ocr_carea' id='block_1_69' title="bbox 2156 2363 3795 2437">
    <p class='ocr_par' dir='ltr' id='par_1_69' title="bbox 2156 2363 3795 2437">
     <span class='ocr_line' id='line_1_69' title="bbox 2156 2363 3795 2437; baseline 0.002 -21"><span class='ocrx_word' id='word_1_497' title='bbox 2156 2363 2417 2432; x_wconf 84' lang='lat' dir='ltr'><strong>piscator</strong></span> <span class='ocrx_word' id='word_1_498' title='bbox 2451 2363 2645 2419; x_wconf 85' lang='lat' dir='ltr'><strong>bonus</strong></span> <span class='ocrx_word' id='word_1_499' title='bbox 2674 2364 2824 2419; x_wconf 90' lang='lat' dir='ltr'><strong>intra</strong></span> <span class='ocrx_word' id='word_1_500' title='bbox 2865 2382 3046 2420; x_wconf 89' lang='lat' dir='ltr'><strong>unum</strong></span> <span class='ocrx_word' id='word_1_501' title='bbox 3078 2382 3284 2421; x_wconf 86' lang='lat' dir='ltr'><strong>omnes</strong></span> <span class='ocrx_word' id='word_1_502' title='bbox 3335 2370 3460 2421; x_wconf 85' lang='lat' dir='ltr'><strong>rete</strong></span> <span class='ocrx_word' id='word_1_503' title='bbox 3507 2368 3795 2437; x_wconf 89' lang='lat' dir='ltr'><strong>conclusit,</strong></span> 
     </span>
    </p>
   </div>
   <div class='ocr_carea' id='block_1_70' title="bbox 2156 2451 3798 2528">
    <p class='ocr_par' dir='ltr' id='par_1_70' title="bbox 2156 2451 3798 2528">
     <span class='ocr_line' id='line_1_70' title="bbox 2156 2451 3798 2528; baseline 0.002 -22"><span class='ocrx_word' id='word_1_504' title='bbox 2156 2454 2219 2506; x_wconf 93' lang='lat' dir='ltr'><strong>ut</strong></span> <span class='ocrx_word' id='word_1_505' title='bbox 2241 2451 2459 2508; x_wconf 84' lang='lat' dir='ltr'><strong>faceret</strong></span> <span class='ocrx_word' id='word_1_506' title='bbox 2480 2453 2772 2511; x_wconf 86' lang='lat' dir='ltr'><strong>inhabiles</strong></span> <span class='ocrx_word' id='word_1_507' title='bbox 2807 2454 3017 2526; x_wconf 81' lang='lat' dir='ltr'><strong>fraudi,</strong></span> <span class='ocrx_word' id='word_1_508' title='bbox 3042 2456 3315 2528; x_wconf 81' lang='lat' dir='ltr'><strong>quamvis</strong></span> <span class='ocrx_word' id='word_1_509' title='bbox 3349 2460 3555 2512; x_wconf 78' lang='lat' dir='ltr'><strong>essent</strong></span> <span class='ocrx_word' id='word_1_510' title='bbox 3582 2455 3798 2512; x_wconf 88' lang='lat' dir='ltr'><strong>inutiles</strong></span> 
     </span>
    </p>
   </div>
   <div class='ocr_carea' id='block_1_71' title="bbox 2158 2541 2431 2613">
    <p class='ocr_par' dir='ltr' id='par_1_71' title="bbox 2158 2541 2431 2613">
     <span class='ocr_line' id='line_1_71' title="bbox 2158 2541 2431 2613; baseline 0.007 -18"><span class='ocrx_word' id='word_1_511' title='bbox 2158 2541 2431 2613; x_wconf 88' lang='lat' dir='ltr'><strong>captioni.</strong></span> 
     </span>
    </p>
   </div>
   <div class='ocr_carea' id='block_1_72' title="bbox 2794 2615 3179 2672">
    <p class='ocr_par' dir='ltr' id='par_1_72' title="bbox 2794 2615 3179 2672">
     <span class='ocr_line' id='line_1_72' title="bbox 2794 2615 3179 2672; baseline 0.003 -2"><span class='ocrx_word' id='word_1_512' title='bbox 2794 2615 3046 2672; x_wconf 75' lang='lat' dir='ltr'><strong>CAPUT</strong></span> <span class='ocrx_word' id='word_1_513' title='bbox 3084 2617 3179 2672; x_wconf 73' lang='lat' dir='ltr'><strong>IX.</strong></span> 
     </span>
    </p>
   </div>
   <div class='ocr_carea' id='block_1_73' title="bbox 2155 2700 3803 2779">
    <p class='ocr_par' dir='ltr' id='par_1_73' title="bbox 2155 2700 3803 2779">
     <span class='ocr_line' id='line_1_73' title="bbox 2155 2700 3803 2779; baseline 0.004 -23"><span class='ocrx_word' id='word_1_514' title='bbox 2155 2700 2489 2759; x_wconf 72' lang='lat' dir='ltr'><strong>erelicos</strong></span> <span class='ocrx_word' id='word_1_515' title='bbox 2518 2704 2855 2779; x_wconf 79' lang='lat' dir='ltr'><strong>interrogat</strong></span> <span class='ocrx_word' id='word_1_516' title='bbox 2898 2706 3293 2779; x_wconf 65' lang='lat' dir='ltr'><strong>Virsanelus,</strong></span> <span class='ocrx_word' id='word_1_517' title='bbox 3317 2706 3803 2779; x_wconf 66' lang='lat' dir='ltr'><strong>ostensaqueillo—</strong></span> 
     </span>
    </p>
   </div>
   <div class='ocr_carea' id='block_1_74' title="bbox 2226 2777 3804 2850">
    <p class='ocr_par' dir='ltr' id='par_1_74' title="bbox 2226 2777 3804 2850">
     <span class='ocr_line' id='line_1_74' title="bbox 2226 2777 3804 2850; baseline 0.002 -22"><span class='ocrx_word' id='word_1_518' title='bbox 2226 2791 2356 2828; x_wconf 82' lang='lat' dir='ltr'><strong>rum</strong></span> <span class='ocrx_word' id='word_1_519' title='bbox 2386 2777 2793 2850; x_wconf 66' lang='lat' dir='ltr'><strong>responsione,</strong></span> <span class='ocrx_word' id='word_1_520' title='bbox 2829 2794 2934 2849; x_wconf 78' lang='lat' dir='ltr'><strong>qua</strong></span> <span class='ocrx_word' id='word_1_521' title='bbox 2971 2777 3186 2832; x_wconf 74' lang='lat' dir='ltr'><strong>Filium</strong></span> <span class='ocrx_word' id='word_1_522' title='bbox 3219 2781 3380 2832; x_wconf 76' lang='lat' dir='ltr'><strong>omni</strong></span> <span class='ocrx_word' id='word_1_523' title='bbox 3412 2777 3643 2850; x_wconf 71' lang='lat' dir='ltr'><strong>quidam</strong></span> <span class='ocrx_word' id='word_1_524' title='bbox 3674 2784 3804 2850; x_wconf 66' lang='lat' dir='ltr'><strong>tein-</strong></span> 
     </span>
    </p>
   </div>
   <div class='ocr_carea' id='block_1_75' title="bbox 2219 2847 3805 2919">
    <p class='ocr_par' dir='ltr' id='par_1_75' title="bbox 2219 2847 3805 2919">
     <span class='ocr_line' id='line_1_75' title="bbox 2219 2847 3805 2919; baseline 0.003 -21"><span class='ocrx_word' id='word_1_525' title='bbox 2219 2861 2368 2919; x_wconf 80' lang='lat' dir='ltr'><strong>pore</strong></span> <span class='ocrx_word' id='word_1_526' title='bbox 2385 2847 2671 2919; x_wconf 75' lang='lat' dir='ltr'><strong>priorem,</strong></span> <span class='ocrx_word' id='word_1_527' title='bbox 2690 2847 2876 2902; x_wconf 68' lang='lat' dir='ltr'><strong>Patre</strong></span> <span class='ocrx_word' id='word_1_528' title='bbox 2889 2854 3080 2902; x_wconf 83' lang='lat' dir='ltr'><strong>autem</strong></span> <span class='ocrx_word' id='word_1_529' title='bbox 3089 2850 3326 2919; x_wconf 77' lang='lat' dir='ltr'><strong>posteri</strong></span> <span class='ocrx_word' id='word_1_530' title='bbox 3332 2847 3494 2905; x_wconf 68' lang='lat' dir='ltr'><strong>orem</strong></span> <span class='ocrx_word' id='word_1_531' title='bbox 3509 2864 3642 2904; x_wconf 86' lang='lat' dir='ltr'><strong>esse</strong></span> <span class='ocrx_word' id='word_1_532' title='bbox 3658 2848 3805 2904; x_wconf 80' lang='lat' dir='ltr'><strong>afﬁr-</strong></span> 
     </span>
    </p>
   </div>
   <div class='ocr_carea' id='block_1_76' title="bbox 2226 2917 3804 2987">
    <p class='ocr_par' dir='ltr' id='par_1_76' title="bbox 2226 2917 3804 2987">
     <span class='ocr_line' id='line_1_76' title="bbox 2226 2917 3804 2987; baseline 0.001 -17"><span class='ocrx_word' id='word_1_533' title='bbox 2226 2917 2484 2984; x_wconf 81' lang='lat' dir='ltr'><strong>mabant,</strong></span> <span class='ocrx_word' id='word_1_534' title='bbox 2512 2918 2572 2972; x_wconf 88' lang='lat' dir='ltr'><strong>in</strong></span> <span class='ocrx_word' id='word_1_535' title='bbox 2593 2919 2774 2973; x_wconf 80' lang='lat' dir='ltr'><strong>Deum</strong></span> <span class='ocrx_word' id='word_1_536' title='bbox 2789 2919 2989 2973; x_wconf 79' lang='lat' dir='ltr'><strong>induci</strong></span> <span class='ocrx_word' id='word_1_537' title='bbox 3007 2917 3408 2987; x_wconf 72' lang='lat' dir='ltr'><strong>mutationem,</strong></span> <span class='ocrx_word' id='word_1_538' title='bbox 3424 2921 3804 2976; x_wconf 68' lang='lat' dir='ltr'><strong>aeternitatem</strong></span> 
     </span>
    </p>
   </div>
   <div class='ocr_carea' id='block_1_77' title="bbox 2229 2990 3434 3063">
    <p class='ocr_par' dir='ltr' id='par_1_77' title="bbox 2229 2990 3434 3063">
     <span class='ocr_line' id='line_1_77' title="bbox 2229 2990 3434 3063; baseline 0.004 -22"><span class='ocrx_word' id='word_1_539' title='bbox 2229 2990 2463 3061; x_wconf 79' lang='lat' dir='ltr'><strong>utrique</strong></span> <span class='ocrx_word' id='word_1_540' title='bbox 2474 3006 2750 3061; x_wconf 73' lang='lat' dir='ltr'><strong>personae</strong></span> <span class='ocrx_word' id='word_1_541' title='bbox 2774 2991 3151 3045; x_wconf 79' lang='lat' dir='ltr'><strong>tribuendam</strong></span> <span class='ocrx_word' id='word_1_542' title='bbox 3183 2990 3434 3063; x_wconf 78' lang='lat' dir='ltr'><strong>colligit.</strong></span> 
     </span>
    </p>
   </div>
   <div class='ocr_carea' id='block_1_78' title="bbox 2225 3079 3808 3148">
    <p class='ocr_par' dir='ltr' id='par_1_78' title="bbox 2225 3079 3808 3148">
     <span class='ocr_line' id='line_1_78' title="bbox 2225 3079 3808 3148; baseline 0.002 -16"><span class='ocrx_word' id='word_1_543' title='bbox 2225 3079 2314 3133; x_wconf 89' lang='grc'><strong>58.</strong></span> <span class='ocrx_word' id='word_1_544' title='bbox 2348 3079 2453 3134; x_wconf 90' lang='lat' dir='ltr'><strong>Die</strong></span> <span class='ocrx_word' id='word_1_545' title='bbox 2501 3079 2664 3148; x_wconf 91' lang='lat' dir='ltr'><strong>mihi,</strong></span> <span class='ocrx_word' id='word_1_546' title='bbox 2708 3080 3006 3146; x_wconf 55' lang='lat' dir='ltr'><strong>har-retice,</strong></span> <span class='ocrx_word' id='word_1_547' title='bbox 3059 3080 3157 3134; x_wconf 88' lang='lat' dir='ltr'><strong>dat</strong></span> <span class='ocrx_word' id='word_1_548' title='bbox 3206 3082 3364 3134; x_wconf 86' lang='lat' dir='ltr'><strong>enim</strong></span> <span class='ocrx_word' id='word_1_549' title='bbox 3420 3081 3652 3137; x_wconf 88' lang='lat' dir='ltr'><strong>veniam</strong></span> <span class='ocrx_word' id='word_1_550' title='bbox 3698 3080 3808 3136; x_wconf 88' lang='lat' dir='ltr'><strong>ele-</strong></span> 
     </span>
    </p>
   </div>
   <div class='ocr_carea' id='block_1_79' title="bbox 2155 3167 3808 3242">
    <p class='ocr_par' dir='ltr' id='par_1_79' title="bbox 2155 3167 3808 3242">
     <span class='ocr_line' id='line_1_79' title="bbox 2155 3167 3808 3242; baseline 0 -20"><span class='ocrx_word' id='word_1_551' title='bbox 2155 3167 2562 3223; x_wconf 90' lang='lat' dir='ltr'><strong>mentissimus</strong></span> <span class='ocrx_word' id='word_1_552' title='bbox 2594 3170 2933 3239; x_wconf 89' lang='lat' dir='ltr'><strong>imperator,</strong></span> <span class='ocrx_word' id='word_1_553' title='bbox 2979 3173 3036 3223; x_wconf 91' lang='lat' dir='ltr'><strong>ut</strong></span> <span class='ocrx_word' id='word_1_554' title='bbox 3061 3173 3114 3223; x_wconf 91' lang='lat' dir='ltr'><strong>te</strong></span> <span class='ocrx_word' id='word_1_555' title='bbox 3150 3186 3267 3223; x_wconf 88' lang='lat' dir='ltr'><strong>non</strong></span> <span class='ocrx_word' id='word_1_556' title='bbox 3302 3170 3679 3242; x_wconf 81' lang='lat' dir='ltr'><strong>colloquendi</strong></span> <span class='ocrx_word' id='word_1_557' title='bbox 3710 3168 3808 3239; x_wconf 84' lang='lat'><strong>(33)</strong></span> 
     </span>
    </p>
   </div>
   <div class='ocr_carea' id='block_1_80' title="bbox 2081 3257 3809 3365">
    <p class='ocr_par' dir='ltr' id='par_1_80' title="bbox 2081 3257 3809 3365">
     <span class='ocr_line' id='line_1_80' title="bbox 2081 3257 3809 3365; baseline 0.001 -57"><span class='ocrx_word' id='word_1_558' title='bbox 2081 3257 2372 3365; x_wconf 78' lang='lat' dir='ltr'><strong>cstudio,</strong></span> <span class='ocrx_word' id='word_1_559' title='bbox 2436 3273 2545 3311; x_wconf 92' lang='lat' dir='ltr'><strong>nec</strong></span> <span class='ocrx_word' id='word_1_560' title='bbox 2600 3257 2877 3313; x_wconf 84' lang='lat' dir='ltr'><strong>audiendi</strong></span> <span class='ocrx_word' id='word_1_561' title='bbox 2938 3258 3273 3328; x_wconf 83' lang='lat' dir='ltr'><strong>cupiditate,</strong></span> <span class='ocrx_word' id='word_1_562' title='bbox 3329 3261 3439 3313; x_wconf 83' lang='lat' dir='ltr'><strong>sed</strong></span> <span class='ocrx_word' id='word_1_563' title='bbox 3496 3257 3809 3331; x_wconf 81' lang='lat' dir='ltr'><strong>exponendi</strong></span> 
     </span>
    </p>
   </div>
   <div class='ocr_carea' id='block_1_81' title="bbox 2156 3346 3807 3420">
    <p class='ocr_par' dir='ltr' id='par_1_81' title="bbox 2156 3346 3807 3420">
     <span class='ocr_line' id='line_1_81' title="bbox 2156 3346 3807 3420; baseline 0 -20"><span class='ocrx_word' id='word_1_564' title='bbox 2156 3346 2362 3419; x_wconf 88' lang='lat' dir='ltr'><strong>gratia,</strong></span> <span class='ocrx_word' id='word_1_565' title='bbox 2395 3346 2696 3418; x_wconf 86' lang='lat' dir='ltr'><strong>paulisper</strong></span> <span class='ocrx_word' id='word_1_566' title='bbox 2723 3347 3028 3419; x_wconf 89' lang='lat' dir='ltr'><strong>alloquar:</strong></span> <span class='ocrx_word' id='word_1_567' title='bbox 3083 3348 3174 3401; x_wconf 78' lang='lat' dir='ltr'><strong>die</strong></span> <span class='ocrx_word' id='word_1_568' title='bbox 3211 3349 3376 3419; x_wconf 66' lang='lat' dir='ltr'><strong>mihi,</strong></span> <span class='ocrx_word' id='word_1_569' title='bbox 3414 3348 3648 3420; x_wconf 89' lang='lat' dir='ltr'><strong>inquam</strong></span> <span class='ocrx_word' id='word_1_570' title='bbox 3684 3347 3807 3402; x_wconf 87' lang='lat' dir='ltr'><strong>fuit-</strong></span> 
     </span>
    </p>
   </div>
   <div class='ocr_carea' id='block_1_82' title="bbox 2156 3436 3811 3508">
    <p class='ocr_par' dir='ltr' id='par_1_82' title="bbox 2156 3436 3811 3508">
     <span class='ocr_line' id='line_1_82' title="bbox 2156 3436 3811 3508; baseline -0.001 -18"><span class='ocrx_word' id='word_1_571' title='bbox 2156 3451 2228 3490; x_wconf 91' lang='lat' dir='ltr'><strong>ne</strong></span> <span class='ocrx_word' id='word_1_572' title='bbox 2258 3436 2572 3508; x_wconf 87' lang='lat' dir='ltr'><strong>aliquando</strong></span> <span class='ocrx_word' id='word_1_573' title='bbox 2605 3439 2836 3506; x_wconf 90' lang='lat' dir='ltr'><strong>tempus</strong></span> <span class='ocrx_word' id='word_1_574' title='bbox 2868 3452 2984 3507; x_wconf 84' lang='lat' dir='ltr'><strong>que</strong></span> <span class='ocrx_word' id='word_1_575' title='bbox 3017 3437 3394 3507; x_wconf 72' lang='lat' dir='ltr'><strong>omnipotens</strong></span> <span class='ocrx_word' id='word_1_576' title='bbox 3444 3438 3605 3493; x_wconf 88' lang='lat' dir='ltr'><strong>Deus</strong></span> <span class='ocrx_word' id='word_1_577' title='bbox 3656 3438 3811 3492; x_wconf 88' lang='lat' dir='ltr'><strong>Pater</strong></span> 
     </span>
    </p>
   </div>
   <div class='ocr_carea' id='block_1_83' title="bbox 2154 3525 3811 3598">
    <p class='ocr_par' dir='ltr' id='par_1_83' title="bbox 2154 3525 3811 3598">
     <span class='ocr_line' id='line_1_83' title="bbox 2154 3525 3811 3598; baseline -0.001 -17"><span class='ocrx_word' id='word_1_578' title='bbox 2154 3541 2273 3581; x_wconf 89' lang='lat' dir='ltr'><strong>non</strong></span> <span class='ocrx_word' id='word_1_579' title='bbox 2303 3528 2447 3594; x_wconf 89' lang='lat' dir='ltr'><strong>erat,</strong></span> <span class='ocrx_word' id='word_1_580' title='bbox 2482 3528 2538 3580; x_wconf 88' lang='lat' dir='ltr'><strong>et</strong></span> <span class='ocrx_word' id='word_1_581' title='bbox 2568 3525 2727 3579; x_wconf 91' lang='lat' dir='ltr'><strong>Deus</strong></span> <span class='ocrx_word' id='word_1_582' title='bbox 2759 3527 2883 3579; x_wconf 89' lang='lat' dir='ltr'><strong>erat</strong></span> <span class='ocrx_word' id='word_1_583' title='bbox 2904 3527 2931 3579; x_wconf 80' lang='lat'><strong>&#39;?</strong></span> <span class='ocrx_word' id='word_1_584' title='bbox 2976 3525 3255 3594; x_wconf 71' lang='lat' dir='ltr'><strong>Tempus,</strong></span> <span class='ocrx_word' id='word_1_585' title='bbox 3307 3527 3533 3598; x_wconf 82' lang='lat' dir='ltr'><strong>inquis,</strong></span> <span class='ocrx_word' id='word_1_586' title='bbox 3583 3543 3696 3582; x_wconf 92' lang='lat' dir='ltr'><strong>non</strong></span> <span class='ocrx_word' id='word_1_587' title='bbox 3722 3541 3811 3579; x_wconf 85' lang='lat' dir='ltr'><strong>as—</strong></span> 
     </span>
    </p>
   </div>
   <div class='ocr_carea' id='block_1_84' title="bbox 2154 3613 3811 3687">
    <p class='ocr_par' dir='ltr' id='par_1_84' title="bbox 2154 3613 3811 3687">
     <span class='ocr_line' id='line_1_84' title="bbox 2154 3613 3811 3687; baseline -0.001 -18"><span class='ocrx_word' id='word_1_588' title='bbox 2154 3618 2305 3670; x_wconf 90' lang='lat' dir='ltr'><strong>truo.</strong></span> <span class='ocrx_word' id='word_1_589' title='bbox 2342 3616 2500 3669; x_wconf 86' lang='lat' dir='ltr'><strong>Bene</strong></span> <span class='ocrx_word' id='word_1_590' title='bbox 2538 3617 2595 3669; x_wconf 93' lang='lat' dir='ltr'><strong>et</strong></span> <span class='ocrx_word' id='word_1_591' title='bbox 2643 3616 2874 3687; x_wconf 88' lang='lat' dir='ltr'><strong>argute.</strong></span> <span class='ocrx_word' id='word_1_592' title='bbox 2908 3613 2968 3669; x_wconf 90' lang='lat' dir='ltr'><strong>Si</strong></span> <span class='ocrx_word' id='word_1_593' title='bbox 3003 3614 3156 3668; x_wconf 90' lang='lat' dir='ltr'><strong>enim</strong></span> <span class='ocrx_word' id='word_1_594' title='bbox 3206 3618 3447 3685; x_wconf 84' lang='lat' dir='ltr'><strong>tempus</strong></span> <span class='ocrx_word' id='word_1_595' title='bbox 3493 3615 3735 3683; x_wconf 84' lang='lat' dir='ltr'><strong>dixeris,</strong></span> <span class='ocrx_word' id='word_1_596' title='bbox 3761 3617 3811 3667; x_wconf 89' lang='lat' dir='ltr'><strong>te</strong></span> 
     </span>
    </p>
   </div>
   <div class='ocr_carea' id='block_1_85' title="bbox 2155 3704 3814 3775">
    <p class='ocr_par' dir='ltr' id='par_1_85' title="bbox 2155 3704 3814 3775">
     <span class='ocr_line' id='line_1_85' title="bbox 2155 3704 3814 3775; baseline -0.002 -16"><span class='ocrx_word' id='word_1_597' title='bbox 2155 3704 2283 3775; x_wconf 90' lang='lat' dir='ltr'><strong>ipse</strong></span> <span class='ocrx_word' id='word_1_598' title='bbox 2330 3705 2684 3760; x_wconf 88' lang='lat' dir='ltr'><strong>convinces:</strong></span> <span class='ocrx_word' id='word_1_599' title='bbox 2732 3704 2868 3774; x_wconf 88' lang='lat' dir='ltr'><strong>quia</strong></span> <span class='ocrx_word' id='word_1_600' title='bbox 2918 3719 3171 3759; x_wconf 80' lang='lat' dir='ltr'><strong>necesse</strong></span> <span class='ocrx_word' id='word_1_601' title='bbox 3219 3708 3311 3758; x_wconf 80' lang='lat' dir='ltr'><strong>est</strong></span> <span class='ocrx_word' id='word_1_602' title='bbox 3361 3721 3610 3760; x_wconf 77' lang='lat' dir='ltr'><strong>asseras</strong></span> <span class='ocrx_word' id='word_1_603' title='bbox 3642 3705 3814 3759; x_wconf 80' lang='lat' dir='ltr'><strong>fuisse</strong></span> 
     </span>
    </p>
   </div>
   <div class='ocr_carea' id='block_1_86' title="bbox 2154 3792 3814 3865">
    <p class='ocr_par' dir='ltr' id='par_1_86' title="bbox 2154 3792 3814 3865">
     <span class='ocr_line' id='line_1_86' title="bbox 2154 3792 3814 3865; baseline -0.002 -17"><span class='ocrx_word' id='word_1_604' title='bbox 2154 3798 2386 3865; x_wconf 89' lang='lat' dir='ltr'><strong>tempus</strong></span> <span class='ocrx_word' id='word_1_605' title='bbox 2437 3796 2569 3847; x_wconf 90' lang='lat' dir='ltr'><strong>ante</strong></span> <span class='ocrx_word' id='word_1_606' title='bbox 2619 3792 2850 3861; x_wconf 80' lang='lat' dir='ltr'><strong>Filium,</strong></span> <span class='ocrx_word' id='word_1_607' title='bbox 2904 3810 3035 3847; x_wconf 89' lang='lat' dir='ltr'><strong>cum</strong></span> <span class='ocrx_word' id='word_1_608' title='bbox 3086 3794 3273 3848; x_wconf 78' lang='lat' dir='ltr'><strong>Filius</strong></span> <span class='ocrx_word' id='word_1_609' title='bbox 3307 3795 3598 3865; x_wconf 90' lang='lat' dir='ltr'><strong>temporis</strong></span> <span class='ocrx_word' id='word_1_610' title='bbox 3628 3796 3814 3847; x_wconf 87' lang='lat' dir='ltr'><strong>auctor</strong></span> 
     </span>
    </p>
   </div>
   <div class='ocr_carea' id='block_1_87' title="bbox 2158 3884 3812 3954">
    <p class='ocr_par' dir='ltr' id='par_1_87' title="bbox 2158 3884 3812 3954">
     <span class='ocr_line' id='line_1_87' title="bbox 2158 3884 3812 3954; baseline -0.001 -17"><span class='ocrx_word' id='word_1_611' title='bbox 2158 3884 2236 3937; x_wconf 91' lang='lat' dir='ltr'><strong>sit</strong></span> <span class='ocrx_word' id='word_1_612' title='bbox 2283 3887 2335 3937; x_wconf 91' lang='lat' dir='ltr'><strong>ct</strong></span> <span class='ocrx_word' id='word_1_613' title='bbox 2387 3886 2657 3950; x_wconf 90' lang='lat' dir='ltr'><strong>creator;</strong></span> <span class='ocrx_word' id='word_1_614' title='bbox 2704 3898 2821 3937; x_wconf 89' lang='lat' dir='ltr'><strong>non</strong></span> <span class='ocrx_word' id='word_1_615' title='bbox 2871 3887 3065 3953; x_wconf 89' lang='lat' dir='ltr'><strong>potest</strong></span> <span class='ocrx_word' id='word_1_616' title='bbox 3112 3884 3268 3937; x_wconf 79' lang='lat' dir='ltr'><strong>enim</strong></span> <span class='ocrx_word' id='word_1_617' title='bbox 3301 3889 3441 3953; x_wconf 89' lang='lat' dir='ltr'><strong>post</strong></span> <span class='ocrx_word' id='word_1_618' title='bbox 3471 3900 3623 3954; x_wconf 90' lang='lat' dir='ltr'><strong>opus</strong></span> <span class='ocrx_word' id='word_1_619' title='bbox 3654 3897 3812 3938; x_wconf 90' lang='lat' dir='ltr'><strong>suum</strong></span> 
     </span>
    </p>
   </div>
   <div class='ocr_carea' id='block_1_88' title="bbox 2158 3970 3813 4045">
    <p class='ocr_par' dir='ltr' id='par_1_88' title="bbox 2158 3970 3813 4045">
     <span class='ocr_line' id='line_1_88' title="bbox 2158 3970 3813 4045; baseline -0.002 -20"><span class='ocrx_word' id='word_1_620' title='bbox 2158 3972 2286 4042; x_wconf 88' lang='lat' dir='ltr'><strong>ipse</strong></span> <span class='ocrx_word' id='word_1_621' title='bbox 2319 3971 2614 4043; x_wconf 73' lang='lat' dir='ltr'><strong>cmpisse:</strong></span> <span class='ocrx_word' id='word_1_622' title='bbox 2665 3987 2915 4027; x_wconf 90' lang='lat' dir='ltr'><strong>necesse</strong></span> <span class='ocrx_word' id='word_1_623' title='bbox 2962 3977 3054 4026; x_wconf 85' lang='lat' dir='ltr'><strong>est</strong></span> <span class='ocrx_word' id='word_1_624' title='bbox 3084 3972 3267 4045; x_wconf 82' lang='lat' dir='ltr'><strong>igitur</strong></span> <span class='ocrx_word' id='word_1_625' title='bbox 3294 3977 3602 4028; x_wconf 87' lang='lat' dir='ltr'><strong>auctorem</strong></span> <span class='ocrx_word' id='word_1_626' title='bbox 3634 3970 3813 4043; x_wconf 89' lang='lat' dir='ltr'><strong>operis</strong></span> 
     </span>
    </p>
   </div>
   <div class='ocr_carea' id='block_1_89' title="bbox 2160 4061 2718 4116">
    <p class='ocr_par' dir='ltr' id='par_1_89' title="bbox 2160 4061 2718 4116">
     <span class='ocr_line' id='line_1_89' title="bbox 2160 4061 2718 4116; baseline -0.004 0"><span class='ocrx_word' id='word_1_627' title='bbox 2160 4061 2254 4116; x_wconf 88' lang='lat' dir='ltr'><strong>sui</strong></span> <span class='ocrx_word' id='word_1_628' title='bbox 2283 4076 2421 4116; x_wconf 90' lang='lat' dir='ltr'><strong>esse</strong></span> <span class='ocrx_word' id='word_1_629' title='bbox 2458 4061 2718 4116; x_wconf 79' lang='lat' dir='ltr'><strong>fatearis.</strong></span> 
     </span>
    </p>
   </div>
   <div class='ocr_carea' id='block_1_90' title="bbox 2229 4147 3813 4223">
    <p class='ocr_par' dir='ltr' id='par_1_90' title="bbox 2229 4147 3813 4223">
     <span class='ocr_line' id='line_1_90' title="bbox 2229 4147 3813 4223; baseline -0.002 -19"><span class='ocrx_word' id='word_1_630' title='bbox 2229 4149 2316 4204; x_wconf 82' lang='grc'><strong>59.</strong></span> <span class='ocrx_word' id='word_1_631' title='bbox 2352 4151 2501 4205; x_wconf 86' lang='lat' dir='ltr'><strong>Ante</strong></span> <span class='ocrx_word' id='word_1_632' title='bbox 2528 4152 2809 4220; x_wconf 88' lang='lat' dir='ltr'><strong>tempora,</strong></span> <span class='ocrx_word' id='word_1_633' title='bbox 2844 4151 3063 4221; x_wconf 81' lang='lat' dir='ltr'><strong>inquis,</strong></span> <span class='ocrx_word' id='word_1_634' title='bbox 3102 4168 3216 4206; x_wconf 90' lang='lat' dir='ltr'><strong>non</strong></span> <span class='ocrx_word' id='word_1_635' title='bbox 3251 4169 3410 4223; x_wconf 87' lang='lat' dir='ltr'><strong>nego</strong></span> <span class='ocrx_word' id='word_1_636' title='bbox 3443 4152 3687 4207; x_wconf 78' lang='lat' dir='ltr'><strong>Filium:</strong></span> <span class='ocrx_word' id='word_1_637' title='bbox 3719 4147 3813 4203; x_wconf 88' lang='lat' dir='ltr'><strong>sed</strong></span> 
     </span>
    </p>
   </div>
   <div class='ocr_carea' id='block_1_91' title="bbox 2161 4238 3815 4311">
    <p class='ocr_par' dir='ltr' id='par_1_91' title="bbox 2161 4238 3815 4311">
     <span class='ocr_line' id='line_1_91' title="bbox 2161 4238 3815 4311; baseline 0.001 -19"><span class='ocrx_word' id='word_1_638' title='bbox 2161 4255 2292 4293; x_wconf 79' lang='lat' dir='ltr'><strong>cum</strong></span> <span class='ocrx_word' id='word_1_639' title='bbox 2328 4239 2535 4294; x_wconf 75' lang='lat' dir='ltr'><strong>Filium</strong></span> <span class='ocrx_word' id='word_1_640' title='bbox 2584 4239 2737 4307; x_wconf 85' lang='lat' dir='ltr'><strong>dico,</strong></span> <span class='ocrx_word' id='word_1_641' title='bbox 2784 4239 3033 4295; x_wconf 78' lang='lat' dir='ltr'><strong>ostendo</strong></span> <span class='ocrx_word' id='word_1_642' title='bbox 3085 4241 3341 4311; x_wconf 76' lang='lat' dir='ltr'><strong>pz-iuiczu</strong></span> <span class='ocrx_word' id='word_1_643' title='bbox 3401 4243 3654 4307; x_wconf 81' lang='lat' dir='ltr'><strong>Patrem,</strong></span> <span class='ocrx_word' id='word_1_644' title='bbox 3695 4238 3815 4311; x_wconf 78' lang='lat' dir='ltr'><strong>quia</strong></span> 
     </span>
    </p>
   </div>
   <div class='ocr_carea' id='block_1_92' title="bbox 2161 4328 3815 4400">
    <p class='ocr_par' dir='ltr' id='par_1_92' title="bbox 2161 4328 3815 4400">
     <span class='ocr_line' id='line_1_92' title="bbox 2161 4328 3815 4400; baseline -0.001 -18"><span class='ocrx_word' id='word_1_645' title='bbox 2161 4328 2351 4398; x_wconf 85' lang='lat' dir='ltr'><strong>l’atcr,</strong></span> <span class='ocrx_word' id='word_1_646' title='bbox 2398 4329 2619 4400; x_wconf 78' lang='lat' dir='ltr'><strong>inquis,</strong></span> <span class='ocrx_word' id='word_1_647' title='bbox 2653 4328 2800 4383; x_wconf 82' lang='lat' dir='ltr'><strong>Filio</strong></span> <span class='ocrx_word' id='word_1_648' title='bbox 2852 4329 3033 4400; x_wconf 85' lang='lat' dir='ltr'><strong>p’rior.</strong></span> <span class='ocrx_word' id='word_1_649' title='bbox 3080 4330 3230 4394; x_wconf 81' lang='lat' dir='ltr'><strong>Quid</strong></span> <span class='ocrx_word' id='word_1_650' title='bbox 3285 4336 3379 4385; x_wconf 79' lang='lat' dir='ltr'><strong>est:</strong></span> <span class='ocrx_word' id='word_1_651' title='bbox 3433 4331 3598 4387; x_wconf 83' lang='lat' dir='ltr'><strong>hoc?</strong></span> <span class='ocrx_word' id='word_1_652' title='bbox 3629 4330 3815 4400; x_wconf 88' lang='lat' dir='ltr'><strong>Negas</strong></span> 
     </span>
    </p>
   </div>
   <div class='ocr_carea' id='block_1_93' title="bbox 2158 4415 3816 4489">
    <p class='ocr_par' dir='ltr' id='par_1_93' title="bbox 2158 4415 3816 4489">
     <span class='ocr_line' id='line_1_93' title="bbox 2158 4415 3816 4489; baseline -0.002 -17"><span class='ocrx_word' id='word_1_653' title='bbox 2158 4433 2298 4473; x_wconf 87' lang='lat' dir='ltr'><strong>esse</strong></span> <span class='ocrx_word' id='word_1_654' title='bbox 2343 4420 2575 4489; x_wconf 88' lang='lat' dir='ltr'><strong>tempus</strong></span> <span class='ocrx_word' id='word_1_655' title='bbox 2624 4421 2757 4473; x_wconf 88' lang='lat' dir='ltr'><strong>ante</strong></span> <span class='ocrx_word' id='word_1_656' title='bbox 2817 4418 3050 4488; x_wconf 85' lang='lat' dir='ltr'><strong>Filium,</strong></span> <span class='ocrx_word' id='word_1_657' title='bbox 3094 4422 3151 4474; x_wconf 89' lang='lat' dir='ltr'><strong>et</strong></span> <span class='ocrx_word' id='word_1_658' title='bbox 3199 4422 3393 4475; x_wconf 75' lang='lat' dir='ltr'><strong>tamen</strong></span> <span class='ocrx_word' id='word_1_659' title='bbox 3447 4419 3652 4475; x_wconf 89' lang='lat' dir='ltr'><strong>nescio</strong></span> <span class='ocrx_word' id='word_1_660' title='bbox 3692 4415 3816 4489; x_wconf 89' lang='lat' dir='ltr'><strong>quid</strong></span> 
     </span>
    </p>
   </div>
   <div class='ocr_carea' id='block_1_94' title="bbox 2157 4506 3817 4580">
    <p class='ocr_par' dir='ltr' id='par_1_94' title="bbox 2157 4506 3817 4580">
     <span class='ocr_line' id='line_1_94' title="bbox 2157 4506 3817 4580; baseline -0.002 -20"><span class='ocrx_word' id='word_1_661' title='bbox 2157 4510 2290 4562; x_wconf 90' lang='lat' dir='ltr'><strong>ante</strong></span> <span class='ocrx_word' id='word_1_662' title='bbox 2324 4507 2535 4562; x_wconf 80' lang='lat' dir='ltr'><strong>Filium</strong></span> <span class='ocrx_word' id='word_1_663' title='bbox 2585 4508 2680 4561; x_wconf 86' lang='lat' dir='ltr'><strong>vis</strong></span> <span class='ocrx_word' id='word_1_664' title='bbox 2728 4508 3144 4578; x_wconf 69' lang='lat' dir='ltr'><strong>praecessisse,</strong></span> <span class='ocrx_word' id='word_1_665' title='bbox 3179 4510 3340 4579; x_wconf 84' lang='lat' dir='ltr'><strong>quod</strong></span> <span class='ocrx_word' id='word_1_666' title='bbox 3400 4509 3684 4580; x_wconf 83' lang='lat' dir='ltr'><strong>temporis</strong></span> <span class='ocrx_word' id='word_1_667' title='bbox 3723 4506 3817 4569; x_wconf 83' lang='lat' dir='ltr'><strong>sit;</strong></span> 
     </span>
    </p>
   </div>
   <div class='ocr_carea' id='block_1_95' title="bbox 2158 4596 3817 4668">
    <p class='ocr_par' dir='ltr' id='par_1_95' title="bbox 2158 4596 3817 4668">
     <span class='ocr_line' id='line_1_95' title="bbox 2158 4596 3817 4668; baseline -0.002 -18"><span class='ocrx_word' id='word_1_668' title='bbox 2158 4599 2213 4650; x_wconf 91' lang='lat' dir='ltr'><strong>et</strong></span> <span class='ocrx_word' id='word_1_669' title='bbox 2248 4596 2512 4651; x_wconf 89' lang='lat' dir='ltr'><strong>ostendis</strong></span> <span class='ocrx_word' id='word_1_670' title='bbox 2546 4596 2733 4650; x_wconf 86' lang='lat' dir='ltr'><strong>media</strong></span> <span class='ocrx_word' id='word_1_671' title='bbox 2766 4596 2970 4651; x_wconf 85' lang='lat' dir='ltr'><strong>nescio</strong></span> <span class='ocrx_word' id='word_1_672' title='bbox 3002 4613 3134 4668; x_wconf 73' lang='lat' dir='ltr'><strong>qua:</strong></span> <span class='ocrx_word' id='word_1_673' title='bbox 3170 4598 3474 4651; x_wconf 76' lang='lat' dir='ltr'><strong>mel?mina</strong></span> <span class='ocrx_word' id='word_1_674' title='bbox 3512 4597 3699 4652; x_wconf 81' lang='lat' dir='ltr'><strong>fuisse</strong></span> <span class='ocrx_word' id='word_1_675' title='bbox 3728 4608 3817 4666; x_wconf 85' lang='lat' dir='ltr'><strong>ge-</strong></span> 
     </span>
    </p>
   </div>
   <div class='ocr_carea' id='block_1_96' title="bbox 387 4657 3815 4767">
    <p class='ocr_par' dir='ltr' id='par_1_96' title="bbox 387 4657 3815 4767">
     <span class='ocr_line' id='line_1_96' title="bbox 387 4657 3815 4767; baseline -0.003 -22"><span class='ocrx_word' id='word_1_676' title='bbox 387 4692 545 4748; x_wconf 82' lang='lat' dir='ltr'><strong>tllius</strong></span> <span class='ocrx_word' id='word_1_677' title='bbox 575 4695 685 4749; x_wconf 91' lang='lat' dir='ltr'><strong>est.</strong></span> <span class='ocrx_word' id='word_1_678' title='bbox 720 4657 941 4767; x_wconf 53' lang='lat' dir='ltr'><strong>Itaque.</strong></span> <span class='ocrx_word' id='word_1_679' title='bbox 965 4709 1076 4749; x_wconf 91' lang='lat' dir='ltr'><strong>nec</strong></span> <span class='ocrx_word' id='word_1_680' title='bbox 1116 4657 1306 4749; x_wconf 71' lang='lat' dir='ltr'><strong>Filius</strong></span> <span class='ocrx_word' id='word_1_681' title='bbox 1342 4657 1472 4747; x_wconf 81' lang='lat' dir='ltr'><strong>sine</strong></span> <span class='ocrx_word' id='word_1_682' title='bbox 1513 4691 1704 4759; x_wconf 87' lang='lat' dir='ltr'><strong>Patre,</strong></span> <span class='ocrx_word' id='word_1_683' title='bbox 1738 4657 1848 4745; x_wconf 74' lang='lat' dir='ltr'><strong>nec</strong></span> <span class='ocrx_word' id='word_1_684' title='bbox 1881 4657 2423 4745; x_wconf 67' lang='lat' dir='ltr'><strong>Paternnerandi.</strong></span> <span class='ocrx_word' id='word_1_685' title='bbox 2487 4686 2545 4738; x_wconf 89' lang='lat' dir='ltr'><strong>in</strong></span> <span class='ocrx_word' id='word_1_686' title='bbox 2601 4700 2717 4755; x_wconf 85' lang='lat' dir='ltr'><strong>quo</strong></span> <span class='ocrx_word' id='word_1_687' title='bbox 2780 4687 3219 4756; x_wconf 72' lang='lat' dir='ltr'><strong>generationem</strong></span> <span class='ocrx_word' id='word_1_688' title='bbox 3275 4686 3475 4740; x_wconf 79' lang='lat' dir='ltr'><strong>Patris</strong></span> <span class='ocrx_word' id='word_1_689' title='bbox 3524 4684 3815 4757; x_wconf 76' lang='lat' dir='ltr'><strong>signiﬁcas</strong></span> 
     </span>
    </p>
   </div>
   <div class='ocr_carea' id='block_1_97' title="bbox 388 4779 2054 4854">
    <p class='ocr_par' dir='ltr' id='par_1_97' title="bbox 388 4779 2054 4854">
     <span class='ocr_line' id='line_1_97' title="bbox 388 4779 2054 4854; baseline -0.002 -19"><span class='ocrx_word' id='word_1_690' title='bbox 388 4783 582 4849; x_wconf 88' lang='lat' dir='ltr'><strong>potest</strong></span> <span class='ocrx_word' id='word_1_691' title='bbox 611 4797 749 4837; x_wconf 89' lang='lat' dir='ltr'><strong>esse</strong></span> <span class='ocrx_word' id='word_1_692' title='bbox 770 4782 901 4837; x_wconf 90' lang='lat' dir='ltr'><strong>sine</strong></span> <span class='ocrx_word' id='word_1_693' title='bbox 924 4781 1094 4837; x_wconf 87' lang='lat' dir='ltr'><strong>Filio.</strong></span> <span class='ocrx_word' id='word_1_694' title='bbox 1120 4781 1367 4854; x_wconf 89' lang='lat' dir='ltr'><strong>Semper</strong></span> <span class='ocrx_word' id='word_1_695' title='bbox 1391 4779 1573 4854; x_wconf 89' lang='lat' dir='ltr'><strong>igitur</strong></span> <span class='ocrx_word' id='word_1_696' title='bbox 1595 4780 1785 4850; x_wconf 89' lang='lat' dir='ltr'><strong>Pater,</strong></span> <span class='ocrx_word' id='word_1_697' title='bbox 1815 4793 2054 4848; x_wconf 89' lang='lat' dir='ltr'><strong>semper</strong></span> 
     </span>
    </p>
   </div>
   <div class='ocr_carea' id='block_1_98' title="bbox 388 4868 681 4925">
    <p class='ocr_par' dir='ltr' id='par_1_98' title="bbox 388 4868 681 4925">
     <span class='ocr_line' id='line_1_98' title="bbox 388 4868 681 4925; baseline 0.007 -2"><span class='ocrx_word' id='word_1_698' title='bbox 388 4871 445 4923; x_wconf 89' lang='lat' dir='ltr'><strong>et</strong></span> <span class='ocrx_word' id='word_1_699' title='bbox 472 4868 681 4925; x_wconf 88' lang='lat' dir='ltr'><strong>Filius.</strong></span> 
     </span>
    </p>
   </div>
   <div class='ocr_carea' id='block_1_99' title="bbox 2156 4774 3815 4846">
    <p class='ocr_par' dir='ltr' id='par_1_99' title="bbox 2156 4774 3815 4846">
     <span class='ocr_line' id='line_1_99' title="bbox 2156 4774 3815 4846; baseline -0.004 -16"><span class='ocrx_word' id='word_1_700' title='bbox 2156 4775 2562 4846; x_wconf 84' lang='lat' dir='ltr'><strong>temporalem.</strong></span> <span class='ocrx_word' id='word_1_701' title='bbox 2600 4774 2747 4829; x_wconf 88' lang='lat' dir='ltr'><strong>Nam</strong></span> <span class='ocrx_word' id='word_1_702' title='bbox 2779 4774 2833 4828; x_wconf 89' lang='lat' dir='ltr'><strong>si</strong></span> <span class='ocrx_word' id='word_1_703' title='bbox 2864 4774 3034 4829; x_wconf 84' lang='lat' dir='ltr'><strong>Pater</strong></span> <span class='ocrx_word' id='word_1_704' title='bbox 3077 4791 3214 4830; x_wconf 87' lang='lat' dir='ltr'><strong>esse</strong></span> <span class='ocrx_word' id='word_1_705' title='bbox 3256 4777 3457 4846; x_wconf 78' lang='lat' dir='ltr'><strong>cespit,</strong></span> <span class='ocrx_word' id='word_1_706' title='bbox 3498 4776 3655 4829; x_wconf 89' lang='lat' dir='ltr'><strong>Deus</strong></span> <span class='ocrx_word' id='word_1_707' title='bbox 3685 4786 3815 4843; x_wconf 86' lang='lat' dir='ltr'><strong>ergo</strong></span> 
     </span>
    </p>
   </div>
   <div class='ocr_carea' id='block_1_100' title="bbox 2159 4862 3815 4936">
    <p class='ocr_par' dir='ltr' id='par_1_100' title="bbox 2159 4862 3815 4936">
     <span class='ocr_line' id='line_1_100' title="bbox 2159 4862 3815 4936; baseline -0.005 -16"><span class='ocrx_word' id='word_1_708' title='bbox 2159 4867 2347 4936; x_wconf 90' lang='lat' dir='ltr'><strong>primo</strong></span> <span class='ocrx_word' id='word_1_709' title='bbox 2379 4867 2523 4933; x_wconf 89' lang='lat' dir='ltr'><strong>erat,</strong></span> <span class='ocrx_word' id='word_1_710' title='bbox 2557 4865 2760 4934; x_wconf 88' lang='lat' dir='ltr'><strong>postea</strong></span> <span class='ocrx_word' id='word_1_711' title='bbox 2795 4862 2967 4918; x_wconf 87' lang='lat' dir='ltr'><strong>Pater</strong></span> <span class='ocrx_word' id='word_1_712' title='bbox 2999 4863 3188 4917; x_wconf 79' lang='lat' dir='ltr'><strong>factus</strong></span> <span class='ocrx_word' id='word_1_713' title='bbox 3213 4867 3322 4917; x_wconf 73' lang='lat' dir='ltr'><strong>est.</strong></span> <span class='ocrx_word' id='word_1_714' title='bbox 3348 4864 3661 4928; x_wconf 86' lang='lat' dir='ltr'><strong>Quomodo</strong></span> <span class='ocrx_word' id='word_1_715' title='bbox 3684 4875 3815 4931; x_wconf 85' lang='lat' dir='ltr'><strong>ergo</strong></span> 
     </span>
    </p>
   </div>
   <div class='ocr_carea' id='block_1_101' title="bbox 457 4951 3810 5032">
    <p class='ocr_par' dir='ltr' id='par_1_101' title="bbox 457 4951 3810 5032">
     <span class='ocr_line' id='line_1_101' title="bbox 457 4951 3810 5032; baseline -0.005 -16"><span class='ocrx_word' id='word_1_716' title='bbox 457 4959 548 5016; x_wconf 82' lang='lat'><strong>56.</strong></span> <span class='ocrx_word' id='word_1_717' title='bbox 587 4982 609 5008; x_wconf 76' lang='grc' dir='ltr'>α</span> <span class='ocrx_word' id='word_1_718' title='bbox 644 4960 710 5014; x_wconf 85' lang='lat' dir='ltr'><strong>In</strong></span> <span class='ocrx_word' id='word_1_719' title='bbox 737 4960 1026 5032; x_wconf 88' lang='lat' dir='ltr'><strong>principio</strong></span> <span class='ocrx_word' id='word_1_720' title='bbox 1056 4962 1213 5017; x_wconf 90' lang='lat' dir='ltr'><strong>enim</strong></span> <span class='ocrx_word' id='word_1_721' title='bbox 1241 4963 1367 5017; x_wconf 89' lang='lat' dir='ltr'><strong>erat</strong></span> <span class='ocrx_word' id='word_1_722' title='bbox 1394 4960 1675 5027; x_wconf 86' lang='lat' dir='ltr'><strong>Verbum,</strong></span> <span class='ocrx_word' id='word_1_723' title='bbox 1711 4961 1769 5013; x_wconf 90' lang='lat' dir='ltr'><strong>et</strong></span> <span class='ocrx_word' id='word_1_724' title='bbox 1795 4956 2055 5012; x_wconf 87' lang='lat' dir='ltr'><strong>Verbum</strong></span> <span class='ocrx_word' id='word_1_725' title='bbox 2119 4953 2541 5018; x_wconf 82' lang='lat' dir='ltr'><strong>(immutabilis</strong></span> <span class='ocrx_word' id='word_1_726' title='bbox 2564 4953 2758 5006; x_wconf 80' lang='lat' dir='ltr'><strong>Deus?</strong></span> <span class='ocrx_word' id='word_1_727' title='bbox 2779 4952 2838 5006; x_wconf 85' lang='lat' dir='ltr'><strong>Si</strong></span> <span class='ocrx_word' id='word_1_728' title='bbox 2863 4953 3165 5007; x_wconf 84' lang='lat' dir='ltr'><strong>enimuute</strong></span> <span class='ocrx_word' id='word_1_729' title='bbox 3195 4953 3377 5020; x_wconf 82' lang='lat' dir='ltr'><strong>Deus,</strong></span> <span class='ocrx_word' id='word_1_730' title='bbox 3397 4956 3605 5022; x_wconf 89' lang='lat' dir='ltr'><strong>postea</strong></span> <span class='ocrx_word' id='word_1_731' title='bbox 3627 4951 3810 5004; x_wconf 88' lang='lat' dir='ltr'><strong>Pater:</strong></span> 
     </span>
    </p>
   </div>
   <div class='ocr_carea' id='block_1_102' title="bbox 390 5048 2055 5120">
    <p class='ocr_par' dir='ltr' id='par_1_102' title="bbox 390 5048 2055 5120">
     <span class='ocr_line' id='line_1_102' title="bbox 390 5048 2055 5120; baseline -0.004 -15"><span class='ocrx_word' id='word_1_732' title='bbox 390 5053 515 5111; x_wconf 85' lang='lat' dir='ltr'><strong>erat</strong></span> <span class='ocrx_word' id='word_1_733' title='bbox 543 5049 698 5120; x_wconf 89' lang='lat' dir='ltr'><strong>apud</strong></span> <span class='ocrx_word' id='word_1_734' title='bbox 741 5050 947 5117; x_wconf 89' lang='lat' dir='ltr'><strong>Deum,</strong></span> <span class='ocrx_word' id='word_1_735' title='bbox 994 5053 1051 5105; x_wconf 92' lang='lat' dir='ltr'><strong>et</strong></span> <span class='ocrx_word' id='word_1_736' title='bbox 1100 5051 1260 5105; x_wconf 88' lang='lat' dir='ltr'><strong>Deus</strong></span> <span class='ocrx_word' id='word_1_737' title='bbox 1298 5053 1422 5104; x_wconf 91' lang='lat' dir='ltr'><strong>erat</strong></span> <span class='ocrx_word' id='word_1_738' title='bbox 1470 5050 1750 5116; x_wconf 87' lang='lat' dir='ltr'><strong>Verbum,</strong></span> <span class='ocrx_word' id='word_1_739' title='bbox 1785 5048 1899 5102; x_wconf 89' lang='lat' dir='ltr'><strong>hoc</strong></span> <span class='ocrx_word' id='word_1_740' title='bbox 1930 5048 2055 5100; x_wconf 88' lang='lat' dir='ltr'><strong>erat</strong></span> 
     </span>
    </p>
   </div>
   <div class='ocr_carea' id='block_1_103' title="bbox 388 5135 2048 5211">
    <p class='ocr_par' dir='ltr' id='par_1_103' title="bbox 388 5135 2048 5211">
     <span class='ocr_line' id='line_1_103' title="bbox 388 5135 2048 5211; baseline -0.004 -18"><span class='ocrx_word' id='word_1_741' title='bbox 388 5138 448 5194; x_wconf 90' lang='lat' dir='ltr'><strong>in</strong></span> <span class='ocrx_word' id='word_1_742' title='bbox 492 5138 784 5211; x_wconf 87' lang='lat' dir='ltr'><strong>principio</strong></span> <span class='ocrx_word' id='word_1_743' title='bbox 832 5138 985 5209; x_wconf 88' lang='lat' dir='ltr'><strong>apud</strong></span> <span class='ocrx_word' id='word_1_744' title='bbox 1035 5139 1220 5193; x_wconf 91' lang='lat' dir='ltr'><strong>Deum</strong></span> <span class='ocrx_word' id='word_1_745' title='bbox 1270 5142 1462 5206; x_wconf 74' lang='lat' dir='ltr'><strong>(Joan.</strong></span> <span class='ocrx_word' id='word_1_746' title='bbox 1508 5157 1547 5208; x_wconf 86' lang='grc' dir='ltr'>ι,</span> <span class='ocrx_word' id='word_1_747' title='bbox 1598 5140 1647 5207; x_wconf 82' lang='grc'><strong>1,</strong></span> <span class='ocrx_word' id='word_1_748' title='bbox 1699 5138 1775 5209; x_wconf 75' lang='grc'><strong>2).</strong></span> <span class='ocrx_word' id='word_1_749' title='bbox 1833 5158 1852 5186; x_wconf 74' lang='grc' dir='ltr'><strong><em>υ</em></strong></span> <span class='ocrx_word' id='word_1_750' title='bbox 1892 5135 2048 5202; x_wconf 82' lang='lat' dir='ltr'><strong>Erat,</strong></span> 
     </span>
    </p>
   </div>
   <div class='ocr_carea' id='block_1_104' title="bbox 388 5226 2052 5301">
    <p class='ocr_par' dir='ltr' id='par_1_104' title="bbox 388 5226 2052 5301">
     <span class='ocr_line' id='line_1_104' title="bbox 388 5226 2052 5301; baseline -0.004 -17"><span class='ocrx_word' id='word_1_751' title='bbox 388 5226 596 5301; x_wconf 87' lang='lat' dir='ltr'><strong>inquit,</strong></span> <span class='ocrx_word' id='word_1_752' title='bbox 648 5227 802 5299; x_wconf 88' lang='lat' dir='ltr'><strong>apud</strong></span> <span class='ocrx_word' id='word_1_753' title='bbox 856 5226 1063 5281; x_wconf 88' lang='lat' dir='ltr'><strong>Deum.</strong></span> <span class='ocrx_word' id='word_1_754' title='bbox 1122 5227 1278 5296; x_wconf 80' lang='lat' dir='ltr'><strong>Erat,</strong></span> <span class='ocrx_word' id='word_1_755' title='bbox 1333 5230 1477 5296; x_wconf 89' lang='lat' dir='ltr'><strong>erat,</strong></span> <span class='ocrx_word' id='word_1_756' title='bbox 1525 5230 1670 5295; x_wconf 88' lang='lat' dir='ltr'><strong>erat,</strong></span> <span class='ocrx_word' id='word_1_757' title='bbox 1716 5229 1860 5294; x_wconf 88' lang='lat' dir='ltr'><strong>erat,</strong></span> <span class='ocrx_word' id='word_1_758' title='bbox 1913 5240 2052 5279; x_wconf 83' lang='lat' dir='ltr'><strong>ecce</strong></span> 
     </span>
    </p>
   </div>
   <div class='ocr_carea' id='block_1_105' title="bbox 458 5368 2045 5443">
    <p class='ocr_par' dir='ltr' id='par_1_105' title="bbox 458 5368 2045 5443">
     <span class='ocr_line' id='line_1_105' title="bbox 458 5368 2045 5443; baseline -0.006 -11"><span class='ocrx_word' id='word_1_759' title='bbox 458 5373 574 5441; x_wconf 78' lang='grc'><strong>(31)</strong></span> <span class='ocrx_word' id='word_1_760' title='bbox 604 5372 752 5427; x_wconf 87' lang='lat' dir='ltr'><strong>Mss.</strong></span> <span class='ocrx_word' id='word_1_761' title='bbox 788 5370 1029 5443; x_wconf 89' lang='lat' dir='ltr'><strong>aliquot,</strong></span> <span class='ocrx_word' id='word_1_762' title='bbox 1081 5392 1103 5421; x_wconf 72' lang='grc' dir='ltr'><strong>ι</strong></span> <span class='ocrx_word' id='word_1_763' title='bbox 1141 5373 1367 5443; x_wconf 83' lang='lat' dir='ltr'><strong>eccete</strong></span> <span class='ocrx_word' id='word_1_764' title='bbox 1398 5369 1673 5424; x_wconf 87' lang='lat' dir='ltr'><strong>convinci</strong></span> <span class='ocrx_word' id='word_1_765' title='bbox 1702 5368 1987 5443; x_wconf 84' lang='lat' dir='ltr'><strong>intellige.</strong></span> <span class='ocrx_word' id='word_1_766' title='bbox 2025 5388 2045 5414; x_wconf 65' lang='grc' dir='ltr'><em>κ</em></span> 
     </span>
    </p>
   </div>
   <div class='ocr_carea' id='block_1_106' title="bbox 459 5441 2050 5520">
    <p class='ocr_par' dir='ltr' id='par_1_106' title="bbox 459 5441 2050 5520">
     <span class='ocr_line' id='line_1_106' title="bbox 459 5441 2050 5520; baseline -0.004 -21"><span class='ocrx_word' id='word_1_767' title='bbox 459 5446 598 5515; x_wconf 69' lang='lat'><strong>(31‘)</strong></span> <span class='ocrx_word' id='word_1_768' title='bbox 631 5441 1046 5520; x_wconf 49' lang='lat' dir='ltr'><strong>Veteres—edit.</strong></span> <span class='ocrx_word' id='word_1_769' title='bbox 1080 5445 1136 5496; x_wconf 88' lang='lat' dir='ltr'><strong>et</strong></span> <span class='ocrx_word' id='word_1_770' title='bbox 1166 5441 1403 5520; x_wconf 61' lang='lat' dir='ltr'><strong>quidam</strong></span> <span class='ocrx_word' id='word_1_771' title='bbox 1424 5457 1606 5520; x_wconf 80' lang='lat' dir='ltr'><strong>_ms_s_._,</strong></span> <span class='ocrx_word' id='word_1_772' title='bbox 1644 5462 1669 5489; x_wconf 88' lang='lat'><strong><em>«</em></strong></span> <span class='ocrx_word' id='word_1_773' title='bbox 1703 5444 1764 5520; x_wconf 73' lang='lat' dir='ltr'><strong>ut.</strong></span> <span class='ocrx_word' id='word_1_774' title='bbox 1804 5441 2050 5520; x_wconf 43' lang='lat' dir='ltr'><strong>comite-.-</strong></span> 
     </span>
    </p>
   </div>
   <div class='ocr_carea' id='block_1_107' title="bbox 385 5511 2051 5586">
    <p class='ocr_par' dir='ltr' id='par_1_107' title="bbox 385 5511 2051 5586">
     <span class='ocr_line' id='line_1_107' title="bbox 385 5511 2051 5586; baseline -0.005 -13"><span class='ocrx_word' id='word_1_775' title='bbox 385 5511 512 5586; x_wconf 86' lang='lat' dir='ltr'><strong>tur,</strong></span> <span class='ocrx_word' id='word_1_776' title='bbox 577 5511 600 5566; x_wconf 58' lang='grc' dir='ltr'><strong>ὦ</strong></span> <span class='ocrx_word' id='word_1_777' title='bbox 660 5515 898 5586; x_wconf 91' lang='lat' dir='ltr'><strong>optime.</strong></span> <span class='ocrx_word' id='word_1_778' title='bbox 964 5515 1131 5569; x_wconf 82' lang='lat' dir='ltr'><strong>Rom.</strong></span> <span class='ocrx_word' id='word_1_779' title='bbox 1183 5511 1321 5568; x_wconf 82' lang='lat' dir='ltr'><strong>edit.</strong></span> <span class='ocrx_word' id='word_1_780' title='bbox 1384 5516 1453 5586; x_wconf 73' lang='lat' dir='ltr'><strong>et</strong></span> <span class='ocrx_word' id='word_1_781' title='bbox 1498 5511 1593 5564; x_wconf 86' lang='lat' dir='ltr'><strong>alii</strong></span> <span class='ocrx_word' id='word_1_782' title='bbox 1655 5511 2051 5586; x_wconf 54' lang='lat' dir='ltr'><strong>cod:__ma_jori</strong></span> 
     </span>
    </p>
   </div>
   <div class='ocr_carea' id='block_1_108' title="bbox 386 5581 2050 5663">
    <p class='ocr_par' dir='ltr' id='par_1_108' title="bbox 386 5581 2050 5663">
     <span class='ocr_line' id='line_1_108' title="bbox 386 5581 2050 5663; baseline -0.006 -18"><span class='ocrx_word' id='word_1_783' title='bbox 386 5581 653 5663; x_wconf 80' lang='lat' dir='ltr'><strong>numero,</strong></span> <span class='ocrx_word' id='word_1_784' title='bbox 685 5581 743 5642; x_wconf 82' lang='lat' dir='ltr'><strong>et</strong></span> <span class='ocrx_word' id='word_1_785' title='bbox 760 5586 1122 5657; x_wconf 89' lang='lat' dir='ltr'><strong>antiquitate,</strong></span> <span class='ocrx_word' id='word_1_786' title='bbox 1150 5607 1182 5663; x_wconf 79' lang='lat'><strong>_«</strong></span> <span class='ocrx_word' id='word_1_787' title='bbox 1220 5588 1283 5663; x_wconf 80' lang='lat' dir='ltr'><strong>ut</strong></span> <span class='ocrx_word' id='word_1_788' title='bbox 1314 5582 1665 5663; x_wconf 29' lang='lat' dir='ltr'><strong>confutantur.</strong></span> <span class='ocrx_word' id='word_1_789' title='bbox 1705 5605 1726 5630; x_wconf 84' lang='grc'><strong>»</strong></span> <span class='ocrx_word' id='word_1_790' title='bbox 1768 5581 2050 5663; x_wconf 69' lang='lat' dir='ltr'><strong>Photinus</strong></span> 
     </span>
    </p>
   </div>
   <div class='ocr_carea' id='block_1_109' title="bbox 387 5652 2046 5722">
    <p class='ocr_par' dir='ltr' id='par_1_109' title="bbox 387 5652 2046 5722">
     <span class='ocr_line' id='line_1_109' title="bbox 387 5652 2046 5722; baseline -0.007 -6"><span class='ocrx_word' id='word_1_791' title='bbox 387 5660 542 5716; x_wconf 90' lang='lat' dir='ltr'><strong>enim</strong></span> <span class='ocrx_word' id='word_1_792' title='bbox 613 5652 747 5714; x_wconf 85' lang='lat' dir='ltr'><strong>cum</strong></span> <span class='ocrx_word' id='word_1_793' title='bbox 809 5652 1009 5713; x_wconf 73' lang='lat' dir='ltr'><strong>veram</strong></span> <span class='ocrx_word' id='word_1_794' title='bbox 1068 5657 1244 5714; x_wconf 89' lang='lat' dir='ltr'><strong>animi</strong></span> <span class='ocrx_word' id='word_1_795' title='bbox 1308 5655 1657 5710; x_wconf 89' lang='lat' dir='ltr'><strong>sententiam</strong></span> <span class='ocrx_word' id='word_1_796' title='bbox 1727 5652 2046 5722; x_wconf 84' lang='lat' dir='ltr'><strong>aperiebat,</strong></span> 
     </span>
    </p>
   </div>
   <div class='ocr_carea' id='block_1_110' title="bbox 387 5728 2051 5808">
    <p class='ocr_par' dir='ltr' id='par_1_110' title="bbox 387 5728 2051 5808">
     <span class='ocr_line' id='line_1_110' title="bbox 387 5728 2051 5808; baseline -0.005 -16"><span class='ocrx_word' id='word_1_797' title='bbox 387 5740 648 5795; x_wconf 87' lang='lat' dir='ltr'><strong>Verbum</strong></span> <span class='ocrx_word' id='word_1_798' title='bbox 713 5755 833 5795; x_wconf 90' lang='lat' dir='ltr'><strong>non</strong></span> <span class='ocrx_word' id='word_1_799' title='bbox 895 5736 1285 5794; x_wconf 83' lang='lat' dir='ltr'><strong>substantiale</strong></span> <span class='ocrx_word' id='word_1_800' title='bbox 1349 5738 1524 5808; x_wconf 89' lang='lat' dir='ltr'><strong>atque</strong></span> <span class='ocrx_word' id='word_1_801' title='bbox 1562 5728 1905 5793; x_wconf 45' lang='lat' dir='ltr'><strong>raedam-.3</strong></span> <span class='ocrx_word' id='word_1_802' title='bbox 1944 5731 2051 5785; x_wconf 84' lang='lat' dir='ltr'><strong>sed</strong></span> 
     </span>
    </p>
   </div>
   <div class='ocr_carea' id='block_1_111' title="bbox 389 5809 2049 5894">
    <p class='ocr_par' dir='ltr' id='par_1_111' title="bbox 389 5809 2049 5894">
     <span class='ocr_line' id='line_1_111' title="bbox 389 5809 2049 5894; baseline -0.005 -20"><span class='ocrx_word' id='word_1_803' title='bbox 389 5819 685 5875; x_wconf 89' lang='lat' dir='ltr'><strong>transiens</strong></span> <span class='ocrx_word' id='word_1_804' title='bbox 725 5835 795 5875; x_wconf 91' lang='lat' dir='ltr'><strong>ac</strong></span> <span class='ocrx_word' id='word_1_805' title='bbox 820 5809 1168 5894; x_wconf 75' lang='grc' dir='ltr'><strong>ἠροσφορικὸν</strong></span> <span class='ocrx_word' id='word_1_806' title='bbox 1199 5834 1338 5875; x_wconf 89' lang='lat' dir='ltr'><strong>esse</strong></span> <span class='ocrx_word' id='word_1_807' title='bbox 1377 5816 1787 5885; x_wconf 85' lang='lat' dir='ltr'><strong>contendebat,</strong></span> <span class='ocrx_word' id='word_1_808' title='bbox 1830 5817 1893 5869; x_wconf 89' lang='lat' dir='ltr'><strong>ut</strong></span> <span class='ocrx_word' id='word_1_809' title='bbox 1926 5812 2049 5885; x_wconf 78' lang='lat' dir='ltr'><strong>jam</strong></span> 
     </span>
    </p>
   </div>
   <div class='ocr_carea' id='block_1_112' title="bbox 2159 5042 3616 5115">
    <p class='ocr_par' dir='ltr' id='par_1_112' title="bbox 2159 5042 3616 5115">
     <span class='ocr_line' id='line_1_112' title="bbox 2159 5042 3616 5115; baseline -0.003 -17"><span class='ocrx_word' id='word_1_810' title='bbox 2159 5044 2360 5115; x_wconf 90' lang='lat' dir='ltr'><strong>utique</strong></span> <span class='ocrx_word' id='word_1_811' title='bbox 2393 5042 2793 5115; x_wconf 87' lang='lat' dir='ltr'><strong>generationis</strong></span> <span class='ocrx_word' id='word_1_812' title='bbox 2825 5042 3174 5096; x_wconf 87' lang='lat' dir='ltr'><strong>accessione</strong></span> <span class='ocrx_word' id='word_1_813' title='bbox 3209 5046 3472 5095; x_wconf 86' lang='lat' dir='ltr'><strong>mutatus</strong></span> <span class='ocrx_word' id='word_1_814' title='bbox 3504 5044 3616 5095; x_wconf 90' lang='lat' dir='ltr'><strong>est.</strong></span> 
     </span>
    </p>
   </div>
   <div class='ocr_carea' id='block_1_113' title="bbox 2229 5125 3813 5199">
    <p class='ocr_par' dir='ltr' id='par_1_113' title="bbox 2229 5125 3813 5199">
     <span class='ocr_line' id='line_1_113' title="bbox 2229 5125 3813 5199; baseline -0.008 -11"><span class='ocrx_word' id='word_1_815' title='bbox 2229 5133 2317 5188; x_wconf 87' lang='lat'><strong>60.</strong></span> <span class='ocrx_word' id='word_1_816' title='bbox 2344 5132 2459 5187; x_wconf 88' lang='lat' dir='ltr'><strong>Sed</strong></span> <span class='ocrx_word' id='word_1_817' title='bbox 2495 5134 2719 5185; x_wconf 88' lang='lat' dir='ltr'><strong>avertat</strong></span> <span class='ocrx_word' id='word_1_818' title='bbox 2751 5131 2909 5185; x_wconf 89' lang='lat' dir='ltr'><strong>Deus</strong></span> <span class='ocrx_word' id='word_1_819' title='bbox 2952 5130 3102 5185; x_wconf 86' lang='lat' dir='ltr'><strong>hanc</strong></span> <span class='ocrx_word' id='word_1_820' title='bbox 3134 5132 3458 5184; x_wconf 83' lang='lat' dir='ltr'><strong>amentiam</strong></span> <span class='ocrx_word' id='word_1_821' title='bbox 3485 5145 3500 5199; x_wconf 89' lang='lat'><strong>;</strong></span> <span class='ocrx_word' id='word_1_822' title='bbox 3533 5144 3642 5183; x_wconf 90' lang='lat' dir='ltr'><strong>nos</strong></span> <span class='ocrx_word' id='word_1_823' title='bbox 3673 5125 3813 5180; x_wconf 87' lang='lat' dir='ltr'><strong>enim</strong></span> 
     </span>
    </p>
   </div>
   <div class='ocr_carea' id='block_1_114' title="bbox 2160 5213 3814 5292">
    <p class='ocr_par' dir='ltr' id='par_1_114' title="bbox 2160 5213 3814 5292">
     <span class='ocr_line' id='line_1_114' title="bbox 2160 5213 3814 5292; baseline -0.005 -16"><span class='ocrx_word' id='word_1_824' title='bbox 2160 5222 2233 5277; x_wconf 89' lang='lat' dir='ltr'><strong>ad</strong></span> <span class='ocrx_word' id='word_1_825' title='bbox 2278 5222 2632 5292; x_wconf 86' lang='lat' dir='ltr'><strong>impietatem</strong></span> <span class='ocrx_word' id='word_1_826' title='bbox 2672 5236 2872 5275; x_wconf 86' lang='lat' dir='ltr'><strong>eorum</strong></span> <span class='ocrx_word' id='word_1_827' title='bbox 2907 5220 3405 5292; x_wconf 81' lang='lat' dir='ltr'><strong>redargucudam,</strong></span> <span class='ocrx_word' id='word_1_828' title='bbox 3442 5220 3594 5274; x_wconf 89' lang='lat' dir='ltr'><strong>hanc</strong></span> <span class='ocrx_word' id='word_1_829' title='bbox 3625 5213 3814 5272; x_wconf 87' lang='lat' dir='ltr'><strong>retuli-</strong></span> 
     </span>
    </p>
   </div>
   <div class='ocr_carea' id='block_1_115' title="bbox 2160 5365 2520 5419">
    <p class='ocr_par' dir='ltr' id='par_1_115' title="bbox 2160 5365 2520 5419">
     <span class='ocr_line' id='line_1_115' title="bbox 2160 5365 2520 5419; baseline -0.006 0"><span class='ocrx_word' id='word_1_830' title='bbox 2160 5365 2377 5419; x_wconf 86' lang='lat' dir='ltr'><strong>dictum</strong></span> <span class='ocrx_word' id='word_1_831' title='bbox 2410 5367 2520 5418; x_wconf 86' lang='lat' dir='ltr'><strong>est.</strong></span> 
     </span>
    </p>
   </div>
   <div class='ocr_carea' id='block_1_116' title="bbox 2230 5435 2639 5505">
    <p class='ocr_par' dir='ltr' id='par_1_116' title="bbox 2230 5435 2639 5505">
     <span class='ocr_line' id='line_1_116' title="bbox 2230 5435 2639 5505; baseline -0.02 -14"><span class='ocrx_word' id='word_1_832' title='bbox 2230 5438 2341 5505; x_wconf 49' lang='lat'><strong>(32,)</strong></span> <span class='ocrx_word' id='word_1_833' title='bbox 2385 5435 2560 5504; x_wconf 84' lang='lat' dir='ltr'><strong>Edit.,</strong></span> <span class='ocrx_word' id='word_1_834' title='bbox 2618 5457 2639 5483; x_wconf 72' lang='grc' dir='ltr'><strong>α</strong></span> 
     </span>
    </p>
   </div>
   <div class='ocr_carea' id='block_1_117' title="bbox 2159 5508 2397 5562">
    <p class='ocr_par' dir='ltr' id='par_1_117' title="bbox 2159 5508 2397 5562">
     <span class='ocr_line' id='line_1_117' title="bbox 2159 5508 2397 5562; baseline 0 0"><span class='ocrx_word' id='word_1_835' title='bbox 2159 5508 2334 5562; x_wconf 84' lang='lat' dir='ltr'><strong>mins.</strong></span> <span class='ocrx_word' id='word_1_836' title='bbox 2378 5532 2397 5552; x_wconf 77' lang='grc' dir='ltr'><strong>ιι</strong></span> 
     </span>
    </p>
   </div>
   <div class='ocr_carea' id='block_1_118' title="bbox 2230 5570 3814 5649">
    <p class='ocr_par' dir='ltr' id='par_1_118' title="bbox 2230 5570 3814 5649">
     <span class='ocr_line' id='line_1_118' title="bbox 2230 5570 3814 5649; baseline -0.006 -16"><span class='ocrx_word' id='word_1_837' title='bbox 2230 5579 2341 5649; x_wconf 50' lang='lat'><strong>(33;</strong></span> <span class='ocrx_word' id='word_1_838' title='bbox 2374 5578 2525 5632; x_wconf 84' lang='lat' dir='ltr'><strong>Edit.</strong></span> <span class='ocrx_word' id='word_1_839' title='bbox 2559 5593 2789 5647; x_wconf 77' lang='lat' dir='ltr'><strong>omnes,</strong></span> <span class='ocrx_word' id='word_1_840' title='bbox 2838 5594 2907 5631; x_wconf 75' lang='lat' dir='ltr'><strong>ac.</strong></span> <span class='ocrx_word' id='word_1_841' title='bbox 2957 5593 3101 5630; x_wconf 75' lang='lat' dir='ltr'><strong>mss.</strong></span> <span class='ocrx_word' id='word_1_842' title='bbox 3137 5578 3376 5647; x_wconf 57' lang='lat' dir='ltr'><strong>aliquot.</strong></span> <span class='ocrx_word' id='word_1_843' title='bbox 3433 5597 3455 5626; x_wconf 74' lang='grc' dir='ltr'><strong>σε</strong></span> <span class='ocrx_word' id='word_1_844' title='bbox 3510 5590 3626 5649; x_wconf 81' lang='lat' dir='ltr'><strong>non</strong></span> <span class='ocrx_word' id='word_1_845' title='bbox 3658 5570 3814 5625; x_wconf 71' lang='lat' dir='ltr'><strong>oblo-</strong></span> 
     </span>
    </p>
   </div>
   <div class='ocr_carea' id='block_1_119' title="bbox 2159 5646 3815 5721">
    <p class='ocr_par' dir='ltr' id='par_1_119' title="bbox 2159 5646 3815 5721">
     <span class='ocr_line' id='line_1_119' title="bbox 2159 5646 3815 5721; baseline -0.006 -16"><span class='ocrx_word' id='word_1_846' title='bbox 2159 5646 2373 5721; x_wconf 86' lang='lat' dir='ltr'><strong>quendi</strong></span> <span class='ocrx_word' id='word_1_847' title='bbox 2403 5666 2415 5719; x_wconf 85' lang='lat'><strong>;</strong></span> <span class='ocrx_word' id='word_1_848' title='bbox 2457 5673 2476 5699; x_wconf 77' lang='lat' dir='ltr'><strong>n</strong></span> <span class='ocrx_word' id='word_1_849' title='bbox 2513 5649 2613 5704; x_wconf 90' lang='lat' dir='ltr'><strong>alii</strong></span> <span class='ocrx_word' id='word_1_850' title='bbox 2642 5666 2783 5703; x_wconf 82' lang='lat' dir='ltr'><strong>vero</strong></span> <span class='ocrx_word' id='word_1_851' title='bbox 2815 5651 2982 5703; x_wconf 74' lang='lat' dir='ltr'><strong>etiam</strong></span> <span class='ocrx_word' id='word_1_852' title='bbox 3020 5650 3240 5718; x_wconf 66' lang='lat' dir='ltr'><strong>pillt’t‘S,</strong></span> <span class='ocrx_word' id='word_1_853' title='bbox 3278 5672 3297 5695; x_wconf 78' lang='grc' dir='ltr'>α</span> <span class='ocrx_word' id='word_1_854' title='bbox 3329 5664 3449 5702; x_wconf 87' lang='lat' dir='ltr'><strong>non</strong></span> <span class='ocrx_word' id='word_1_855' title='bbox 3483 5646 3815 5715; x_wconf 86' lang='lat' dir='ltr'><strong>colloquen-</strong></span> 
     </span>
    </p>
   </div>
   <div class='ocr_carea' id='block_1_120' title="bbox 2160 5723 2297 5776">
    <p class='ocr_par' dir='ltr' id='par_1_120' title="bbox 2160 5723 2297 5776">
     <span class='ocr_line' id='line_1_120' title="bbox 2160 5723 2297 5776; baseline -0.051 0"><span class='ocrx_word' id='word_1_856' title='bbox 2160 5723 2236 5776; x_wconf 82' lang='lat' dir='ltr'><strong>di.</strong></span> <span class='ocrx_word' id='word_1_857' title='bbox 2279 5746 2297 5769; x_wconf 76' lang='grc' dir='ltr'><strong>η</strong></span> 
     </span>
    </p>
   </div>
   <div class='ocr_carea' id='block_1_121' title="bbox 2694 5430 3813 5489">
    <p class='ocr_par' dir='ltr' id='par_1_121' title="bbox 2694 5430 3813 5489">
     <span class='ocr_line' id='line_1_121' title="bbox 2694 5430 3813 5489; baseline -0.008 0"><span class='ocrx_word' id='word_1_858' title='bbox 2694 5439 2755 5489; x_wconf 88' lang='lat' dir='ltr'><strong>ut</strong></span> <span class='ocrx_word' id='word_1_859' title='bbox 2804 5435 3118 5489; x_wconf 83' lang='lat' dir='ltr'><strong>erubescat</strong></span> <span class='ocrx_word' id='word_1_860' title='bbox 3168 5435 3477 5488; x_wconf 66' lang='lat' dir='ltr'><strong>liuiloxius</strong></span> <span class='ocrx_word' id='word_1_861' title='bbox 3523 5436 3580 5487; x_wconf 86' lang='lat' dir='ltr'><strong>et</strong></span> <span class='ocrx_word' id='word_1_862' title='bbox 3628 5430 3813 5484; x_wconf 84' lang='lat' dir='ltr'><strong>Euno-</strong></span> 
     </span>
    </p>
   </div>
  </div>
