4024 6176
268 349 361 416 565

1629 342 1738 406 DE
1779 341 1977 406 FIDE
2020 341 2183 407 LIB.
2226 343 2276 406 Ῑ.

3563 338 3682 404 566

254 565 367 605 mus
395 547 798 621 quaestionem.
835 549 934 602 l‘ia
968 563 1218 620 namque
1253 563 1417 602 mens
1451 546 1896 620 generationem
1918 525 1968 589 Α
2005 546 2160 600 enim
2191 545 2562 616 impossibile
2593 547 2684 601 est
2714 544 3119 618 generationis
3143 543 3301 601 scire
3331 546 3630 600 secretum
3658 559 3672 600 :

250 640 366 693 sine
403 641 660 708 tempore
701 637 956 706 asserit;
1001 642 1060 691 ut
1101 642 1154 691 et
1188 637 1612 708 sempiternum
1660 636 1896 690 Patrem
2003 651 2172 690 mens
2203 635 2420 704 deficit,
2469 651 2586 690 vox
2631 635 2784 702 silet,
2838 651 2956 690 non
2988 651 3116 690 mea
3163 637 3409 704 tantum,
3459 635 3567 690 sed
3616 638 3674 693 et

247 745 366 782 cum
399 727 546 782 Filio
577 728 748 796 dicat,
782 743 890 781 nec
921 727 1235 798 aliquando
1269 729 1499 780 asserat
1529 741 1668 780 esse
1701 727 1892 779 muta-

249 821 376 870 tum.

306 907 388 959 61.
439 905 656 978 Jungat
714 905 894 976 igitur
951 906 1400 960 honorificentia
1455 906 1609 959 Patri
1661 905 1889 973 Filium,

239 1011 401 1066 quem
433 995 710 1048 divinitas
736 994 968 1065 junxit:
1001 1012 1116 1048 non
1151 998 1385 1064 separet
1407 994 1696 1064 impietas,
1717 1010 1892 1065 quem

237 1085 630 1156 generationis
678 1085 1012 1154 proprietas
1061 1084 1377 1154 copulavit.
1415 1084 1890 1138 llonorilicemus

237 1173 454 1240 Filium,
491 1177 551 1226 ut
603 1173 1068 1228 honorilicemus
1119 1177 1174 1227 et
1225 1174 1473 1241 Patrem,
1527 1173 1682 1226 sicut
1727 1176 1785 1226 et
1833 1172 1890 1226 in

234 1263 547 1332 Evangelia
579 1263 866 1332 scriptum
889 1266 980 1317 est
1002 1263 1192 1328 (τιθείη).
1217 1280 1273 1332 v,
1307 1262 1417 1331 23).
1443 1261 1890 1332 Sempiternitas

235 1351 352 1405 Filii
403 1351 671 1405 Paterna;
719 1351 1051 1422 majestatis
1104 1352 1340 1423 insigne
1385 1354 1496 1406 est.
1531 1352 1592 1405 Si
1623 1351 1735 1405 iste
1766 1367 1886 1406 non

232 1456 455 1509 semper
485 1440 614 1509 fuit,
651 1458 795 1512 ergo
831 1441 924 1495 ille
950 1445 1202 1495 mutatus
1227 1444 1316 1495 est
1343 1456 1355 1495 :
1389 1441 1493 1494 sed
1520 1457 1758 1512 semper
1781 1440 1888 1494 fuit

236 1528 430 1597 Filius,
467 1546 615 1601 ergo
647 1546 754 1585 nec
777 1531 946 1584 Pater
968 1531 1280 1602 aliquando
1305 1533 1559 1585 mutatus
1584 1534 1674 1586 est
1699 1547 1713 1600 ;
1749 1531 1887 1603 quia

229 1618 601 1673 immutabilis
635 1635 874 1690 semper
901 1623 1010 1674 est.
1057 1619 1254 1690 Itaque
1305 1619 1575 1674 videmus
1615 1621 1772 1690 quod
1805 1620 1886 1674 illi

228 1708 318 1776 qui
349 1708 554 1762 volunt
584 1725 804 1780 negare
841 1709 1050 1763 Filium
1082 1709 1525 1779 sempiternum,
1550 1710 1754 1764 volunt
1787 1711 1889 1764 Pa-

225 1801 358 1850 trem
391 1797 617 1853 docere
648 1814 786 1854 esse
817 1803 1119 1853 mutatum.

749 1914 896 1979 456
952 1923 1202 1978 CAPUT
1258 1926 1328 1980 Χ.

233 2028 602 2104 Christi
628 2033 1028 2087 aeternitatem
1053 2033 1425 2088 conﬁrmavit
1463 2051 1540 2088 ex
1577 2033 1878 2104 Apastolo,

286 2100 565 2156 Divinam
585 2105 1032 2172 generatiomnn
1063 2121 1174 2158 non
1197 2105 1273 2159 ad
1306 2106 1571 2160 humanae
1593 2100 1882 2159 modulum

290 2173 666 2240 exigendam,
695 2182 792 2227 ant
834 2177 1130 2229 curiosius
1153 2177 1586 2245 excutiendam,
1612 2184 1670 2230 at
1693 2176 1881 2230 decli-

286 2247 439 2298 natis
451 2262 585 2316 quae
597 2246 735 2300 hinc
751 2254 1090 2320 nascuntur,
1107 2247 1581 2315 difﬁcultatibus,
1599 2247 1882 2320 quidquid

285 2332 444 2392 more
465 2318 852 2392 carpet-eode
872 2318 979 2392 hac
1000 2320 1401 2392 generatione
1423 2318 1663 2383 dicitur,
1691 2318 1880 2392 spiri-

283 2388 384 2441 tali
405 2404 595 2443 sensu
617 2388 1068 2459 intelligendum
1093 2407 1228 2446 esse
1267 2391 1554 2446 declarat.

279 2494 364 2550 62.
396 2495 624 2565 Accipe
671 2495 828 2550 aliud
875 2514 992 2568 quo
1042 2499 1259 2553 clareat
1309 2499 1518 2553 Filium
1563 2501 1878 2570 sempiter-

219 2599 364 2637 num.
398 2585 734 2654 Apostolus
764 2585 903 2639 dicit
941 2587 1098 2658 quod
1148 2587 1252 2642 Dei
1299 2588 1658 2658 sempiterna
1687 2587 1878 2642 virtus

216 2672 286 2725 sit
312 2675 485 2744 atque
523 2672 802 2728 divinitas
833 2675 946 2744 (34)
979 2676 1166 2740 (llam.
1207 2694 1244 2742 ι,
1290 2674 1414 2745 20);
1463 2675 1652 2731 virtus
1681 2679 1877 2731 autem

218 2761 307 2815 Dei
355 2763 680 2831 Christus;
733 2763 1019 2834 scriptum
1066 2768 1156 2819 est
1197 2767 1352 2820 enim
1395 2766 1696 2820 Christum
1737 2781 1877 2822 esse

217 2849 308 2903 Dei
340 2852 644 2920 virtutem,
679 2856 735 2906 et
766 2853 868 2907 Dei
900 2853 1246 2923 sapientiam
1269 2855 1327 2924 (1
1345 2855 1480 2910 Cor.
1505 2872 1544 2923 ι,
1581 2855 1690 2921 2-4).
1717 2855 1876 2926 Ergo

212 2939 257 2992 si
284 2939 566 2995 Christus
615 2945 708 2996 est
739 2941 841 2996 Dei
876 2943 1084 3011 virtus,
1119 2945 1256 3014 quia
1288 2945 1478 2998 virtus
1512 2945 1613 2998 Dei
1647 2946 1874 3016 sempi-

209 3031 391 3084 terna:
427 3031 836 3100 sempiternus
867 3031 1047 3104 igitur
1079 3035 1135 3087 et
1167 3033 1462 3088 Christus.

273 3116 356 3172 63.
388 3119 535 3174 Non
565 3135 710 3192 ergo
742 3136 816 3174 ex
849 3137 962 3175 usu
1006 3123 1408 3194 generationis
1457 3123 1729 3180 humanm
1778 3140 1874 3178 ca-

211 3204 502 3276 lumniam,
543 3207 842 3276 haeretice,
894 3214 1116 3280 struas,
1161 3228 1353 3284 neque
1397 3229 1471 3268 ex
1503 3216 1708 3270 nostro
1740 3229 1873 3269 ser-

213 3311 371 3351 mone
402 3313 756 3367 componas.
783 3298 990 3371 Neque
1021 3301 1175 3355 enim
1199 3303 1473 3374 angustis
1493 3303 1872 3359 sermonibus

212 3387 422 3441 nostris
445 3387 763 3442 immensae
787 3391 1248 3461 magnitudinem
1263 3407 1586 3462 possumus
1610 3393 1877 3447 divinita-

211 3472 278 3527 tis
323 3475 658 3545 includerc,
715 3476 892 3548 cujus
951 3480 1373 3552 magnitudinis
1432 3498 1550 3536 non
1597 3485 1689 3536 ost
1735 3483 1872 3536 linis

210 3563 386 3626 (Psal.
423 3582 627 3635 cxuv,
660 3567 736 3634 3).
773 3567 1038 3642 Namque
1069 3570 1326 3625 hominis
1346 3570 1787 3642 generationem
1819 3572 1873 3626 si

210 3652 440 3710 delinire
508 3655 854 3726 contendas,
917 3663 1150 3730 tempus
1210 3661 1512 3715 ostendis:
1567 3661 1871 3733 generatio

207 3745 384 3798 autem
414 3745 624 3799 divina
655 3761 837 3816 supra
885 3749 1081 3802 omnia
1131 3753 1259 3804 est:
1313 3749 1426 3804 late
1471 3753 1650 3820 patet,
1691 3766 1871 3821 supra

206 3845 399 3888 omnes
432 3834 834 3905 cogitationes
863 3838 1135 3892 ascendit
1183 3843 1241 3893 et
1288 3854 1533 3894 sensus.
1569 3839 1868 3909 Scriptum

209 3925 291 3974 est
319 3923 471 3977 enim
504 3938 515 3976 :
557 3945 580 3968 ε
616 3923 803 3979 Nemo
835 3927 996 3979 venit
1039 3927 1110 3981 ad
1161 3927 1414 3996 Patrem,
1466 3929 1583 3983 nisi
1631 3943 1740 3999 per
1779 3944 1870 3983 me

209 4009 385 4075 (Joan.
421 4029 554 4078 xw,
586 4012 661 4082 6).
701 4036 722 4060 ιι
755 4012 1048 4085 Quidquid
1080 4016 1260 4086 igitur
1288 4017 1360 4072 de
1391 4017 1560 4072 Patre
1581 4019 1874 4091 cogitave-

209 4099 304 4168 ris,
335 4101 665 4171 quamlibet
703 4102 838 4171 ejus
880 4106 1286 4173 aeternitatem,
1322 4122 1439 4161 non
1477 4111 1648 4178 potes
1687 4109 1758 4162 de
1799 4123 1870 4163 eo

211 4187 413 4260 aliquid
444 4191 567 4245 nisi
597 4207 704 4262 per
732 4192 944 4247 Filium
976 4194 1271 4265 cogitare:
1319 4212 1429 4251 nec
1476 4200 1671 4267 potest
1709 4197 1868 4252 ullus

211 4278 274 4331 ad
297 4279 522 4335 Patrem
547 4281 664 4335 nisi
692 4297 798 4352 per
817 4281 1026 4337 Filium
1044 4284 1298 4340 transire
1315 4301 1536 4340 sensus
1562 4309 1583 4334 ε
1623 4285 1731 4340 Hic
1753 4289 1866 4354 est,

213 4363 402 4437 inquit,
432 4369 623 4424 Filius
643 4386 812 4424 meus
842 4371 1271 4427 dilectissimus
1293 4375 1535 4442 (Matth.
1562 4392 1702 4444 xvn,
1725 4375 1801 4443 5).
1837 4397 1864 4425 »

213 4453 332 4525 Est,
353 4459 564 4529 inquit,
590 4459 866 4530 quiquod
899 4464 1012 4530 est,
1047 4478 1286 4532 semper
1327 4468 1417 4518 est
1449 4464 1580 4533 (35).
1622 4463 1790 4518 Unde
1811 4467 1870 4518 et

212 4541 412 4602 David:
465 4572 487 4594 ιι
541 4547 606 4602 In
659 4552 964 4618 aeternum,
1001 4551 1208 4622 inquit,
1255 4553 1520 4621 Domine,
1563 4557 1872 4624 permanet

2003 725 2369 797 angelorum.
2396 724 2584 795 Supra
2605 727 2951 794 potestates,
2975 741 3155 795 supra
3180 725 3466 797 Angelos,
3491 740 3670 796 supra

2001 814 2340 883 Cherubim,
2376 831 2555 885 supra
2587 813 2919 885 Seraphim,
2955 829 3138 884 supra
3169 829 3402 868 omnem
3426 829 3671 871 sensum

2001 907 2130 972 est;
2162 904 2300 976 quia
2333 904 2620 974 scriptum
2659 906 2752 958 est
2780 919 2792 958 :
2831 927 2851 952 οι
2908 905 3030 958 Pax
3059 905 3255 958 autem
3287 901 3506 957 Christi
3536 919 3671 975 quae

1999 997 2092 1047 est
2123 1009 2303 1063 supra
2333 1009 2566 1048 omnem
2598 1008 2842 1047 sensum
2873 992 2988 1062 (36)
3019 991 3311 1065 (Philipp.
3342 1009 3420 1061 ιν,
3452 991 3530 1062 ‘7).
3559 1013 3580 1040 »ι
3607 992 3669 1048 Si

1998 1099 2111 1151 pax
2133 1082 2353 1136 Christi
2385 1099 2566 1152 supra
2599 1098 2833 1137 omnem
2862 1098 3110 1137 sensum
3142 1086 3254 1150 est,
3287 1081 3666 1152 quemadmov

1998 1172 2135 1227 dum
2166 1188 2282 1226 non
2313 1175 2406 1226 est
2436 1188 2616 1243 supra
2649 1187 2880 1227 omnem
2933 1187 3179 1227 sensum
3209 1175 3365 1226 tanta
3412 1186 3662 1242 genera-

1995 1260 2076 1316 tio
2098 1263 2126 1317 ἱ)

2065 1351 2153 1405 65.
2185 1350 2270 1406 Tu
2303 1367 2538 1424 quoque
2575 1368 2812 1407 manum
2847 1351 2934 1406 ori
2965 1350 3233 1419 admove,
3269 1349 3522 1405 scrutari
3551 1350 3664 1422 (37)

1995 1457 2112 1495 non
2143 1441 2279 1495 licet
2309 1457 2564 1511 superna
2587 1441 2886 1512 mysteria.
2911 1441 3073 1495 Licet
3106 1439 3262 1494 scire
3284 1439 3442 1512 quod
3483 1440 3656 1495 natus

1995 1530 2110 1598 sit;
2161 1546 2278 1585 non
2311 1530 2447 1585 licet
2477 1530 2775 1586 discutere
2829 1529 3323 1602 quemadmodum
3356 1531 3530 1584 natus
3560 1528 3657 1584 sit.

1992 1618 2138 1672 illud
2171 1633 2391 1690 negare
2422 1619 2560 1674 mihi
2594 1635 2711 1674 non
2733 1619 2888 1688 licet,
2915 1619 3031 1674 hoc
3047 1634 3316 1691 quaerere
3339 1621 3530 1672 metus
3545 1619 3656 1673 est.

1993 1707 2141 1762 Nam
2173 1707 2222 1762 si
2257 1708 2476 1763 Paulus
2508 1725 2575 1763 ea
2606 1725 2740 1780 quae
2789 1709 3011 1763 audivit
3061 1710 3264 1779 raptus
3315 1707 3375 1763 in
3426 1707 3656 1762 tertium

1991 1798 2226 1867 coelum,
2262 1797 2579 1853 inetl‘abilia
2627 1798 2787 1868 dicit,
2820 1799 3116 1870 quomodo
3166 1813 3276 1852 nos
3324 1796 3655 1868 exprimere

1901 1887 2312 1970 B‘possumus
2357 1891 2617 1957 paternae
2663 1887 3066 1960 generationis
3135 1903 3436 1958 arcanum,
3497 1886 3653 1959 quod

1987 1992 2098 2030 nec
2127 1977 2349 2031 sentire
2379 1977 2700 2047 potuimus,
2736 1993 2846 2033 nec
2877 1977 3081 2032 audire
3101 1979 3130 2032 ?

2056 2066 2146 2120 66.
2182 2066 2396 2120 Verum
2430 2067 2482 2121 si
2514 2082 2606 2121 me
2637 2066 2710 2121 ad
2740 2067 3232 2121 consuetudinem
3262 2065 3450 2121 trahis
3474 2081 3654 2138 gene-

1987 2155 2232 2210 rationis
2283 2155 2574 2225 humanze,
2609 2159 2670 2210 ut
2717 2155 2948 2210 Patrem
2984 2155 3152 2211 dicas
3200 2156 3480 2226 priorem,
3517 2155 3650 2210 vide

1987 2246 2181 2298 utrum
2210 2243 2283 2298 ad
2314 2244 2755 2316 generationem
2789 2245 2894 2299 Dei
2939 2247 3192 2300 terrenae
3245 2243 3650 2316 generationis

1988 2333 2254 2404 exempla
2278 2333 2649 2388 conveniant.
2683 2333 2745 2388 Si
2763 2333 3092 2388 secundum
3120 2333 3420 2388 hominem
3448 2333 3652 2406 loqua-

1987 2439 2137 2491 mur,
2171 2438 2388 2494 negare
2421 2439 2538 2477 non
2577 2423 2801 2494 poteris
2849 2422 3080 2494 priores
3124 2439 3262 2478 esse
3305 2422 3364 2478 in
3413 2422 3650 2478 homine

1985 2513 2168 2583 patris
2229 2528 2403 2584 quam
2464 2512 2568 2566 11111
2633 2513 2970 2583 passiones.
3016 2502 3167 2568 457
3212 2512 3384 2566 Prior
3439 2511 3648 2581 crevit,

1983 2602 2148 2672 prior
2176 2601 2392 2668 senuit,
2425 2601 2589 2672 prior
2617 2601 2821 2670 doluit,
2853 2602 3017 2672 prior
3047 2600 3225 2657 ﬂevit.
3260 2600 3321 2656 Si
3351 2601 3533 2674 igitur
3553 2600 3650 2656 hic

1985 2693 2245 2762 tempore
2277 2691 2488 2761 minor,
2515 2691 2611 2746 ille
2631 2690 2928 2763 antiquior
2945 2691 3250 2763 passione.
3277 2690 3339 2746 Si
3358 2691 3454 2746 hic
3477 2705 3654 2764 gene-

1985 2782 2230 2836 rationis
2261 2781 2506 2836 incurrit
2544 2783 2794 2852 aetatem,
2832 2796 2942 2836 nec
2973 2780 3070 2836 ille
3105 2781 3428 2853 generandi
3461 2779 3651 2835 evasit

1983 2871 2288 2940 pudorem.

2054 2961 2142 3016 6'7.
2175 2959 2325 3027 Quid
2356 2963 2410 3016 te
2442 2961 2553 3016 ista
2584 2960 2982 3033 qusestionum
3005 2963 3292 3016 tormenta
3317 2961 3650 3016 delectant?

1983 3049 2171 3106 Audis
2205 3049 2308 3106 Dei
2339 3049 2589 3105 Filium:
2640 3053 2739 3105 aut
2778 3050 2907 3106 dele
2953 3067 3188 3116 nomen,
3241 3051 3340 3106 aut
3387 3066 3651 3122 agnosce

1982 3142 2270 3195 naturam.
2340 3139 2528 3194 Audis
2594 3143 2846 3209 uterum,
2915 3155 3180 3213 agnosce
3242 3139 3646 3212 generationis

1900 3229 2655 3340 cperspicumjveri‘tatem
2697 3228 2828 3300 (38).
2865 3230 3054 3284 Audis
3100 3229 3522 3340 CO'I',‘\:0PDUI.D
3553 3230 3648 3340 ip-

1981 3319 2202 3392 tellige.
2227 3319 2415 3374 Audis
2452 3319 2773 3387 dexteram,
2821 3335 3084 3391 agnosce
3129 3318 3425 3373 virtutem.
3460 3318 3648 3373 Audis

1982 3425 2072 3478 os,
2105 3424 2370 3480 agnosce
2400 3409 2769 3480 sapientiam.
2795 3408 2928 3464 Non
2956 3407 3087 3464 haec
3109 3410 3248 3463 sunt
3271 3407 3330 3463 in
3361 3407 3482 3463 Deo
3516 3423 3646 3463 cor-
3726 3468 3746 3488 ο

1982 3499 2260 3569 poraliter
2290 3498 2655 3553 aestimanda.
2692 3497 3378 3568 lncomprehensibiliter
3409 3511 3650 3570 genam-

1983 3593 2077 3642 tur
2108 3589 2292 3644 Filius
2319 3603 2331 3643 :
2376 3587 2826 3658 impassibiliter
2852 3589 3098 3660 generat
3125 3585 3332 3655 Pater;
3367 3590 3421 3642 et
3450 3588 3645 3641 tamen

1981 3695 2058 3735 ex
2087 3693 2154 3734 se
2185 3678 2510 3750 generavit,
2545 3679 2603 3732 et
2630 3679 2763 3732 ante
2796 3691 3027 3732 omnem
3067 3676 3427 3732 intellectum
3459 3692 3646 3749 gene-

1981 3768 2132 3824 ravit
2160 3768 2320 3822 Deus
2351 3782 2532 3822 verus
2563 3767 2750 3822 Deum
2777 3780 3005 3822 verum.
3039 3767 3214 3821 Pater
3243 3765 3454 3838 diligit,
3490 3767 3546 3820 et
3581 3768 3644 3820 tu

1979 3857 2268 3926 discutis;
2303 3857 2476 3911 Pater
2503 3857 2850 3926 complacet,
2883 3857 2940 3911 et
2967 3858 3031 3912 tu
3063 3869 3196 3910 cum
3228 3855 3456 3910 Judzeis
3488 3855 3644 3909 invi-

1980 3947 2128 4016 des;
2163 3946 2336 4001 Pater
2364 3946 2736 4016 honoriticat,
2768 3949 2825 4001 et
2862 3948 2924 4001 tu
2957 3961 3090 4001 cum
3123 3945 3401 4018 gentibus
3435 3945 3645 4001 convio

1980 4051 2179 4091 0181⁸18.

3672 3507 3688 3566 l

2619 4137 2873 4198 CAPUT
2899 4143 3001 4200 Xl.

1978 4251 2112 4307 Non
2128 4267 2306 4324 posse
2315 4249 2568 4322 probari
2603 4267 2635 4305 e
2671 4251 2985 4332 Scriptura
3009 4251 3255 4332 Patrem
3294 4250 3449 4332 Filio
3480 4250 3644 4332 prio-

2050 4323 2176 4378 rem
2197 4338 2372 4395 esse;
2405 4339 2593 4394 neque
2622 4323 2800 4376 etiam
2837 4323 3210 4395 argumentis
3246 4337 3325 4378 ex
3344 4323 3638 4376 hominum

2048 4393 2439 4466 generatione
2456 4393 2814 4465 desumptis;
2838 4393 2966 4466 eum
2982 4394 3124 4448 inde
3147 4394 3456 4466 innumera
3478 4405 3643 4445 secu-

2054 4464 2185 4520 tura
2217 4471 2423 4522 essent
2457 4464 2757 4538 absurda:
2799 4465 2950 4538 quod
2992 4472 3186 4519 autem
3221 4464 3647 4538 Chi-istanci-

2053 4543 2314 4608 tempore
2345 4543 2543 4608 natum
2575 4531 3232 4608 audent'pronuntiare,
3266 4535 3330 4590 id
3359 4531 3644 4604 cumulum

213 4630 456 4692 Verbum
490 4641 655 4692 tuum
687 4637 746 4692 in
786 4607 1166 4708 coelo'(l’s.al.
1195 4607 1412 4707 ’cxvm,
1465 4607 1580 4708 86):
1615 4607 1656 4691 in,
1697 4643 1864 4708 Quod

2051 4607 2185 4664 esse
2227 4607 2570 4680 impietatis.

207 4723 347 4777 enim
377 4731 595 4794 manet,
627 4743 738 4782 nec
765 4728 1118 4795 substantia,
1153 4747 1262 4784 nec
1287 4732 1614 4787 (etei-nitate
1639 4732 1865 4788 deficit.

271 4813 354 4869 64.
399 4816 634 4881 Quaeris
683 4833 716 4870 a
755 4833 846 4872 me
891 4819 1188 4889 quomodo
1237 4820 1422 4874 Filius
1484 4822 1580 4886 sit,
1643 4821 1696 4875 si
1751 4837 1869 4877 non

212 4902 454 4969 priorem
476 4905 689 4959 habeat
714 4905 944 4961 Patrem
961 4909 988 4961 ‘?
1005 4907 1217 4973 Quaero
1242 4909 1380 4963 item
1402 4909 1511 4964 abs
1536 4914 1612 4979 te,
1634 4911 1870 4982 quando

213 4993 298 5044 aut
325 4995 618 5064 quomodo
653 4994 861 5049 Filium
897 5000 1069 5066 putes
1122 5012 1260 5052 esse
1293 5002 1640 5070 generatum
1667 5002 1696 5053 ‘2
1727 4987 1871 5054 Mihi

273 5135 852 5212 E_hriil._codex,
892 5164 912 5186 «ι
951 5142 1124 5212 atque
1155 5143 1463 5211 sapientia.
1506 5167 1526 5190 η

277 5206 540 5286 (:3§)_V’et.
566 5209 714 5286 edit.
748 5206 882 5264 cum
907 5206 1052 5266 mss'.
1075 5206 1410 5284 perpaucis,
1447 5237 1466 5261 η
1505 5214 1630 5284 Est,
1657 5214 1864 5286 inquit,

218 5278 356 5344 quod
389 5279 798 5335 indesinenter
828 5286 937 5337 est.
976 5307 998 5329 ιν

279 5348 565 5425 (36))185.
599 5369 715 5425 non
750 5355 938 5425 pauci,
969 5378 988 5402 α
1013 5372 1146 5425 quae
1176 5357 1460 5412 exuberat
1483 5373 1714 5412 omnem
1741 5373 1871 5412 sen-

216 5431 361 5496 sum;
387 5420 590 5496 S‘ihpax
622 5420 840 5477 Christi
875 5420 1135 5496 supcrat,
1177 5451 1197 5473 ιι
1253 5431 1364 5482 clc.

240 5557 249 5566 ι
280 5490 383 5571 (37)
414 5492 754 5571 Nitni_1_1_r_r_1_iu
784 5490 1130 5571 scrutandis
1157 5499 1336 5571 rebus
1393 5499 1612 5553 divinis
1659 5515 1728 5553 ac
1760 5516 1870 5569 po-

216 5559 677 5644 tissismiim_Filii
705 5569 1086 5644 generatione
1119 5570 1525 5644 curiositatem
1554 5559 1871 5644 nongso'lus

218 5627 900 5703 damnavitAmbrosius;
935 5656 1064 5694 eam
1085 5641 1242 5694 enim
1270 5643 1470 5696 caeteri
1503 5642 1626 5696 fere
1666 5641 1872 5696 Patres

222 5701 602 5778 eodemmodo
619 5701 1012 5778 proscriptum
1034 5712 1366 5766 voluerunt.
1385 5712 1482 5767 Sic
1507 5714 1872 5767 Athanasius

225 5777 355 5826 orat.
401 5776 434 5829 3
479 5777 534 5834 in
583 5776 808 5851 Ariam,
863 5776 1142 5837 Basilius.
1198 5784 1355 5838 hom.
1407 5784 1496 5854 ‘29,
1542 5784 1872 5858 Gregorius

2045 4731 2136 4788 68.
2165 4733 2399 4798 Quaaris
2427 4750 2458 4786 a
2510 4747 2605 4786 me
2653 4733 2849 4788 utrum
2877 4731 3044 4802 prior
3087 4747 3206 4787 non
3253 4732 3449 4802 possit
3476 4747 3639 4800 ese,

1976 4822 2076 4893 qui
2109 4822 2282 4877 Pater
2310 4825 2419 4876 est.
2453 4819 2666 4886 Qutero
2697 4837 2729 4874 a
2761 4823 2837 4890 te,
2872 4823 2934 4874 ut
2964 4821 3182 4876 doceas
3203 4821 3437 4893 quando
3470 4821 3645 4878 Pater

1976 4911 2140 4981 prior
2189 4909 2382 4977 fuerit,
2435 4908 2813 4979 testimoniis,
2865 4913 2964 4964 aut
3007 4910 3377 4982 argumentis
3424 4911 3639 4984 collige

1977 4999 2301 5054 veritatem.
2345 4999 2408 5053 Si
2438 4997 2816 5069 testimoniis,
2867 4999 3150 5071 accepisti
3183 5000 3384 5072 utique
3417 5001 3640 5073 sempi-

1979 5143 2219 5223 ἕηεὲῑξηο
2269 5141 2516 5223 Plat-.12
2560 5140 2855 5223 ﬁnitas,
2891 5141 3188 5223 iliacasol-
3249 5143 3486 5223 διξεροιι·
3552 5143 3638 5223 tt.

1978 5213 2233 5285 Cyrillus
2255 5213 2421 5285 Alex.
2449 5212 2596 5266 Dial.
2619 5213 2736 5285 ﬁde
2760 5213 2966 5269 Trinit.
2990 5213 3272 5282 Hilarius,
3307 5215 3409 5271 lib.
3450 5234 3511 5284 ιι,
3549 5212 3638 5271 at?

1979 5284 2092 5358 que
2122 5285 2240 5358 alii.
2275 5284 2404 5358 Nec
2428 5286 2619 5358 tamen
2651 5284 2914 5358 theologi
2960 5287 3168 5355 nostri,
3201 5287 3300 5357 qui
3333 5288 3404 5341 de
3436 5286 3640 5342 eadem
3693 5299 3696 5304 '

1980 5355 2361 5430 generatione
2393 5355 2450 5409 in
2499 5355 2726 5410 scholis
2775 5355 3093 5428 dis—putant,
3144 5355 3452 5429 propterea
3505 5361 3642 5411 sunt

1981 5425 2450 5480 condemnandi:
2496 5443 2612 5480 non
2645 5427 2799 5480 enim
2830 5430 2901 5480 ab
2952 5429 3010 5480 in
3057 5429 3236 5480 quieti
3285 5445 3351 5480 ac
3397 5427 3637 5480 superbi

1981 5427 2450 5494 condemnandi;
2496 5443 2612 5480 non
2645 5427 2799 5482 enim
2830 5427 2901 5482 ab
2952 5429 3010 5483 in
3057 5427 3351 5499 quieti'ac
3397 5427 3637 5498 superbi

1979 5498 2158 5552 animi
2207 5497 2368 5564 vitio,
2418 5501 2478 5551 ut
2525 5499 2582 5552 in
2643 5497 2962 5568 haereticis,
3033 5503 3357 5554 nascuntur
3407 5499 3640 5552 illorum

1982 5569 2433 5652 disputationes,
2469 5570 2575 5624 sed
2612 5569 2685 5624 ab
2715 5570 2920 5625 humili
2954 5587 3020 5625 ac
3062 5571 3155 5642 pia
3187 5569 3482 5624 voluntate
3512 5568 3640 5623 dis-

1983 5641 2172 5781 celgiil)
2225 5711 2371 5767 Mss.
2423 5712 2665 5783 aliquot,
2721 5735 2742 5763 «
2792 5713 2978 5768 Audis
3021 5727 3248 5780 verum,
3300 5725 3640 5784 agnosce...

1981 5785 2393 5858 corporalibus
2425 5784 2791 5841 aestimanda.
2831 5809 2853 5832 »ι
