4050 6182
354 226 480 327 ᾆ67

1744 240 1815 351 9:-
1847 238 2297 350 ωεηοειῐι

3684 257 3795 333 568

366 441 593 518 ternam
623 438 732 495 Dei
759 453 899 496 esse
928 441 1225 501 virtutem.
1259 444 1491 519 Legisti
1510 447 1684 504 etiam
1705 447 2032 506 dicentem:
2057 429 2118 501 Ᾱ
2148 537 2162 541 Α
2218 450 2306 541 73.
2340 452 2543 525 Omne,
2577 456 2795 530 inquis,
2844 458 3002 535 quod
3048 461 3241 520 natum
3291 468 3401 539 est,
3451 467 3790 541 principium

371 510 393 576 λε
430 528 634 599 Israel,
667 529 721 585 si
752 545 846 586 me
876 532 1159 604 audieris,
1185 550 1303 591 non
1320 537 1506 592 eritin
1527 540 1584 593 te
1612 536 1776 594 Deus
1796 554 2032 610 recens,

368 633 561 692 neque
591 618 872 676 adorabis
902 622 1089 679 Deum
1119 624 1377 680 alienum
1407 626 1597 699 (Psal.
1630 644 1811 698 Lxxx,
1859 628 1969 699 10).
2009 651 2031 678 ιι

369 705 543 764 Aliud
574 707 786 785 horum
816 710 1221 783 aeternitatem,
1254 714 1412 771 aliud
1440 718 1856 790 proprietatem
1885 718 2034 774 sub-

371 795 602 853 stantia
621 797 736 871 (39)
757 796 1146 858 inditl'erentis
1170 802 1503 881 significat;
1536 810 1598 862 ut
1618 823 1808 880 neque
1840 811 2038 881 poste-

372 887 592 944 riorem
622 887 816 960 Patre,
840 905 1033 962 neque
1049 891 1293 949 alterius
1320 894 1640 952 divinitatis
1664 898 1875 953 Filium
1897 913 2038 955 esse

376 976 711 1033 credamus.
746 978 896 1034 Nam
928 981 980 1034 si
1010 980 1181 1038 Patre
1202 984 1500 1054 posterior
1516 989 1626 1058 est,
1659 1004 1873 1044 recens
1905 992 2033 1044 est:

372 1064 430 1122 et
457 1065 513 1123 si
540 1067 719 1124 unius
749 1084 867 1125 non
898 1072 990 1126 est
1019 1071 1364 1146 divinitatis,
1399 1075 1628 1132 alienus
1645 1080 1756 1133 est.
1776 1078 1895 1134 Sed
1927 1095 2038 1136 nec

371 1157 708 1230 posterior;
741 1159 878 1232 quia
905 1177 1118 1217 recens
1158 1179 1277 1219 non
1298 1167 1426 1221 est:
1458 1182 1568 1222 nec
1598 1167 1850 1238 alienus,
1898 1168 2038 1241 quia

372 1263 450 1307 ex
466 1247 639 1307 Patre
655 1252 828 1306 natus
854 1265 868 1321 ;
899 1251 1037 1325 quia
1070 1276 1093 1301 α
1129 1269 1310 1325 supra
1331 1256 1524 1311 omnia
1557 1262 1648 1312 est
1669 1258 1829 1314 Deus
1849 1259 2037 1315 bene-

372 1336 565 1395 dictus
586 1337 647 1395 in
668 1340 890 1396 saecula
907 1341 1096 1412 (Rom.
1130 1360 1213 1400 ιχ.
1237 1344 1311 1415 5),
1352 1366 1373 1395 υ
1409 1346 1564 1402 sicut
1604 1347 1889 1420 scriptum
1921 1353 2033 1408 est.

306 1426 312 1437 ’
442 1428 532 1484 69.
563 1427 681 1484 Sed
710 1429 765 1484 si
792 1429 1048 1487 alienum
1077 1435 1301 1506 putant,
1335 1451 1442 1493 cur
1470 1436 1715 1493 adorant
1736 1454 1870 1494 eum
1899 1440 2033 1511 (40),

373 1535 508 1579 cum
536 1519 823 1594 scriptum
869 1520 974 1577 sit:
1023 1544 1045 1569 α
1095 1522 1304 1597 Neque
1334 1524 1612 1582 adorabis
1660 1528 1843 1583 Deum
1888 1529 2034 1585 alic-

370 1626 509 1665 num
537 1609 727 1681 (Psal.
779 1629 963 1683 ωαχ)
995 1609 1131 1684 ‘10)?
1176 1634 1197 1661 ι
1234 1615 1351 1669 Aut
1392 1615 1446 1669 si
1485 1630 1602 1672 non
1641 1618 1906 1687 adorant,
1952 1620 2034 1674 fa-

367 1700 622 1771 teantur,
653 1701 711 1755 et
739 1698 875 1755 ﬁnis
904 1702 1030 1771 est;
1066 1717 1141 1757 ne
1172 1717 1347 1774 quem
1377 1704 1491 1759 sub
1537 1704 1806 1778 religiosi
1838 1709 2031 1764 nomi-

2147 537 2361 613 habet;
2394 548 2452 599 et
2480 546 2610 603 ideo
2643 549 2778 621 quia
2809 551 2996 608 Filius
3017 557 3127 624 est,
3152 537 3503 628 principium
3531 537 3718 632 habet,
3739 565 3793 619 et

2147 644 2219 683 ex
2252 634 2513 705 tempore
2538 651 2677 694 esse
2715 642 2912 712 coepit.
2939 643 3104 707 Quod
3143 645 3407 716 ipsorum
3446 663 3547 704 ore
3580 649 3655 704 sit
3673 650 3791 707 dic-

2146 721 2289 812 tum.
2318 721 2444 793 Ego
2462 728 2654 780 autem
2676 728 2884 784 Filium
2914 736 3109 787 natum
3133 750 3271 788 esse
3301 736 3612 806 profiteor:
3646 740 3791 812 quod

2147 809 2438 882 reliquum
2471 817 2562 868 est
2592 814 2927 890 impietatis,
2949 822 3255 880 horresco.
3276 826 3462 881 Deum
3483 809 3789 899 conﬁteris,

2148 896 2344 969 homo,
2377 904 2435 956 et
2475 902 2575 957 tali
2618 905 3065 967 circumscribis
3096 913 3430 971 calumnia?
3460 915 3618 973 Deus
3648 896 3789 974 hanc

2147 995 2496 1046 averruncct
2517 996 2849 1054 amentiam.

2777 1109 3028 1167 CAPUT
3059 1114 3184 1169 ΧΠ.

2146 1205 2392 1265 Iterataa
2435 1210 2499 1296 in
2536 1212 2752 1296 Filium
2775 1217 3124 1296 Acbiectigni
3157 1221 3378 1278 iterum
3414 1224 3798 1296 respondetur

2217 1296 2344 1371 (iam
2370 1287 2709 1371 retorqueri
2724 1287 2902 1371 etiam
2924 1293 2985 1345 in
3006 1291 3490 1371 Patr'em_posse_,j
3518 1287 3646 1352 cum
3667 1313 3799 1371 ergo

2215 1351 2406 1435 Pater
2422 1351 2706 1435 nee—ioco,
2736 1376 2843 1415 nec
2875 1367 3154 1435 tempore,
3182 1351 3380 1422 alihre
3404 1351 3519 1424 alia
3537 1351 3796 1425 creatura

2216 1424 2501 1508 indigeat,
2519 1430 2608 1508 sic
2627 1424 2734 1508 nec
2747 1448 2947 1508 eorum
2964 1424 3357 1508 ihdigentiam
3372 1424 3798 1508 attribuendam

2214 1495 2402 1577 filio:
2434 1500 2603 1577 cujus
2622 1502 2953 1577 singularis
2973 1495 3288 1577 genEratio
3311 1516 3406 1565 est
3429 1526 3543 1566 non
3577 1506 3752 1567 solum
3772 1495 3801 1567 ὸ

2214 1567 2425 1655 {’atre,
2446 1567 2556 1627 sed
2572 1567 2750 1629 etiam
2769 1592 2802 1631 e
2839 1567 3081 1655 γ’ίιξῴιις
3102 1598 3120 1644 ,-
3140 1587 3583 1655 pi'olitereaque
3602 1599 3722 1637 cum
3745 1584 3799 1638 in

2214 1639 2324 1694 hac
2348 1639 2462 1698 non
2482 1654 2780 1724 se.r_ns_au_t
2802 1639 3022 1704 simi-lia
3046 1639 3229 1707 locilm
3250 1639 3596 1724 'Iiabuer'inl,
3621 1655 3681 1709 in
3708 1655 3799 1709 illa

2214 1728 2436 1786 quoque
2454 1731 2566 1771 non
2579 1718 2881 1775 habuisse.

368 1787 463 1845 nis
494 1788 873 1887 professione
901 1789 1214 1863 decipiant.
1248 1792 1407 1887 Erae
1426 1809 1637 1866 nempe
1684 1799 1827 1887 sunt
1866 1798 2029 1853 testi-
2063 1811 2122 1883 Β
2211 1799 2299 1857 74.
2346 1804 2580 1860 Rursus
2603 1806 2928 1878 objiciunt:
2963 1811 3122 1884 Ergo
3140 1830 3257 1869 non
3279 1815 3597 1887 estFilius,
3621 1817 3798 1872 sinon

365 1877 564 1935 monia
592 1877 1051 1951 Scripturarum.
1084 1881 1201 1937 Aut
1232 1880 1286 1937 si
1314 1881 1502 1939 habes
1544 1885 1723 1956 aliud,
1764 1887 2033 1959 proferre

366 1966 637 2026 debebis.

396 2045 405 2051 ’
434 2057 526 2116 70.
557 2059 846 2134 Superest
875 2063 937 2117 ut
967 2064 1024 2117 et
1050 2064 1418 2136 argumentis
1451 2066 1672 2123 veritas
1696 2069 2030 2142 colligatur.

364 2147 708 2224 Quanquam
748 2148 924 2207 etiam
969 2151 1245 2209 humanis
1283 2155 1641 2212 testimoniis
1684 2163 2033 2235 argumenta

365 2238 579 2303 cedere
620 2238 871 2311 soleant,
911 2245 1324 2315 argumentare
1372 2246 1587 2316 tamen,
1637 2244 1939 2317 haeretice,
1971 2252 2035 2305 ut

363 2326 553 2385 voles.
613 2327 764 2401 Usu,
824 2329 1044 2404 inquis,
1094 2331 1423 2405 accipimus
1467 2350 1538 2392 eo
1586 2335 1684 2412 qui
1742 2338 2029 2408 nascitur,

362 2417 622 2489 priorem
641 2414 781 2476 ease
812 2419 919 2492 qui
946 2424 1210 2493 generat.
1244 2423 1614 2498 Persequere
1634 2425 1817 2500 igitur
1837 2428 2033 2484 omnia

363 2507 620 2584 vestigia
635 2508 1108 2581 consuetudinis,
1132 2512 1191 2566 et
1209 2511 1264 2567 si
1280 2515 1494 2569 caetera
1517 2516 1895 2585 conveniunt,
1911 2533 2032 2574 non

363 2595 595 2676 obsisto
623 2597 768 2670 quin
786 2596 845 2653 et
864 2597 1024 2653 istud
1054 2599 1363 2673 requiras:
1398 2603 1452 2657 si
1474 2605 1858 2662 autem‘nulla
1891 2623 2032 2663 con-

364 2687 631 2757 cordant,
671 2687 1168 2760 quemadmodum
1216 2705 1352 2746 cum
1392 2691 1588 2749 desint
1630 2697 1864 2765 caetera,
1915 2696 2030 2753 hoc

362 2775 558 2831 solum
588 2774 834 2848 exigis?
879 2775 1039 2851 Ergo
1081 2778 1219 2851 quia
1261 2795 1437 2836 usum
1474 2783 1755 2854 requiris,
1790 2787 2026 2856 quando

358 2866 680 2939 generatus
717 2867 812 2923 est
853 2882 928 2922 ex
977 2867 1167 2939 Patre,
1211 2869 1496 2941 parvulus
1541 2871 1671 2929 fuit.
1717 2873 1930 2929 Vidisti
1965 2876 2024 2931 in

362 2952 534 3010 cunis
582 2952 934 3010 infantulum
988 2956 1346 3031 vagientem,
1403 2975 1731 3030 processus
1793 2962 2026 3037 aliquos

359 3043 589 3117 accepit
618 3043 849 3115 aetatis;
898 3044 951 3100 si
982 3044 1139 3102 enim
1173 3046 1569 3105 inﬁrmitatem
1622 3053 2026 3124 generationis

2141 1889 2317 1946 habet
2345 1908 2478 1964 quae
2511 1894 2729 1953 habent
2758 1899 2882 1955 filii.
2918 1900 3197 1973 Ignoscat
3228 1905 3372 1960 mihi
3410 1907 3601 1976 Pater,
3634 1905 3797 1980 igno-

2140 1982 2271 2036 scat
2296 1982 2495 2053 Filius,
2538 1984 2812 2058 ignoscat
2841 1992 2899 2045 et
2925 1991 3180 2063 Spiritus
3219 1997 3490 2061 sanctus,
3526 1996 3799 2068 quaestio-

2139 2084 2274 2126 nem
2321 2088 2430 2143 pro
2472 2074 2686 2144 pietate
2736 2078 2847 2148 (42)
2898 2081 3122 2138 referre
3174 2084 3458 2154 cupienti.
3506 2084 3612 2141 Est
3653 2089 3799 2142 certe

2142 2159 2336 2231 Pater,
2374 2164 2428 2217 et
2462 2167 2656 2220 manet
2703 2182 2959 2240 semper,
3007 2175 3146 2226 sunt
3176 2172 3353 2229 etiam
3387 2178 3674 2232 creaturae
3698 2190 3797 2247 pro

2138 2248 2531 2320 dispositione
2562 2254 2780 2312 divina.
2825 2258 2929 2314 Est
2958 2276 3105 2333 ergo
3152 2261 3384 2334 aliquid
3425 2280 3627 2320 earum
3656 2265 3801 2338 quod

2137 2354 2257 2394 non
2288 2341 2627 2414 subjectum
2675 2347 2752 2401 sit
2796 2351 2894 2403 aut
2937 2349 3108 2421 locis,
3155 2355 3251 2406 aut
3284 2353 3681 2425 temporibus,
3712 2357 3802 2409 aut

2140 2430 2442 2502 creationi,
2474 2435 2575 2489 aut
2623 2449 2823 2493 causze
2871 2438 3046 2494 alicui
3079 2440 3168 2495 vel
3202 2442 3488 2497 auctori?
3539 2443 3797 2500 Profecto

2138 2517 2305 2574 nihil.
2336 2519 2486 2585 Quid
2535 2538 2680 2596 ergo
2728 2525 2971 2583 dicitis?
3010 2528 3116 2584 Est
3159 2530 3369 2585 horum
3427 2532 3648 2605 aliquid
3690 2549 3797 2605 quo

2139 2610 2312 2679 egeat
2344 2610 2515 2667 Pater
2532 2614 2561 2667 ?
2588 2614 2831 2684 lmpium
2861 2621 2953 2671 est
2973 2617 3190 2673 dicere.
3218 2620 3383 2691 Ergo
3410 2625 3511 2677 aut
3530 2622 3791 2694 desinite,

2140 2711 2275 2767 quae
2332 2703 2734 2759 creaturarum
2774 2710 2934 2776 sunt,
2983 2711 3183 2778 aptare
3233 2709 3566 2767 divinitati:
3609 2715 3706 2767 aut
3745 2711 3796 2767 si

2141 2801 2482 2857 comparare
2515 2794 2888 2861 contenditis,
2915 2797 3288 2854 considerate
3310 2814 3435 2871 quo
3456 2804 3654 2857 vestra
3674 2816 3798 2872 pro-

2142 2879 2311 2938 cedat
2330 2883 2621 2956 impietas,
2653 2885 2810 2956 quod
2839 2886 2995 2942 absit
3021 2891 3081 2941 ut
3106 2888 3199 2942 vel
3232 2889 3291 2942 in
3313 2904 3545 2947 sensus
3565 2895 3793 2947 nostros

2137 2972 2453 3045 aliquando
2486 2975 2700 3030 veniat.

2208 3063 2297 3119 75.
2322 3064 2448 3120 Nos
2470 3065 2625 3120 enim
2645 3065 2799 3136 piam
2811 3067 3265 3137 responsionem
3288 3072 3586 3127 tenemus.
3625 3070 3794 3126 Nam-

358 3131 584 3244 habuit,
624 3149 880 3237 necesse
901 3137 1002 3244 est
1041 3125 1299 3244 4§8uut
1327 3152 1445 3244 Ilion
1474 3139 1671 3244 solum
1712 3142 2021 3215 nascendi,
2056 3167 2254 3244 eque
2275 3125 2832 3225 omnipotensDeus
2866 3125 2979 3225 est,
3003 3160 3061 3212 et
3097 3158 3228 3213 ideo
3251 3125 3421 3215 nullo
3457 3125 3660 3216 eorum
3690 3161 3796 3215 Pa-

358 3222 468 3280 sed
494 3224 671 3282 etiam
706 3224 946 3282 vivendi
974 3225 1248 3282 inciderit
1273 3226 1689 3286 infirmitatem.

426 3330 519 3391 Ἡ.
550 3333 668 3391 Sed
685 3333 942 3392 fortasse
972 3350 1044 3391 eo
1062 3334 1396 3407 prolabaris
1416 3337 1708 3411 amentiae,
1732 3341 1797 3394 ut
1823 3339 1896 3397 de
1918 3340 2027 3397 Dei

357 3421 509 3483 Filio
535 3421 651 3479 ista
678 3439 801 3480 non
837 3424 1088 3495 abnues,
1133 3425 1234 3497 qui
1268 3441 1404 3481 eum
1433 3441 1510 3482 ex
1546 3426 1821 3484 infirmita
1851 3431 2025 3486 meti-

354 3510 754 3584 rishumana;
784 3513 926 3587 quid
955 3513 1009 3570 si
1039 3514 1225 3571 Deum
1255 3530 1477 3588 negare
1507 3531 1625 3573 non
1653 3521 1823 3588 potes
1844 3520 2027 3575 nomi-

356 3617 454 3675 ne,
483 3601 821 3660 inﬁrmitate
857 3605 1055 3660 tamen
1084 3603 1382 3661 hominem
1411 3604 1505 3662 vis
1534 3606 1787 3678 probare
1808 3610 1838 3665 ?
1870 3608 2023 3675 Quid

357 3690 417 3745 si
442 3690 583 3748 dum
612 3690 826 3749 Filium
874 3692 1152 3765 discutis,
1202 3695 1434 3751 Patrem
1477 3697 1718 3769 arguis:
1776 3700 1835 3754 et
1880 3699 2022 3756 dum

290 3812 299 3817 ν
355 3777 592 3839 Christo
619 3780 1003 3855 prmjndicas,
1026 3782 1257 3840 Patrem
1273 3784 1584 3857 adjudicas
1601 3788 1631 3842 ?

422 3869 516 3927 '12.
546 3869 699 3929 Nam
720 3871 774 3927 si
791 3871 991 3931 divina
1006 3875 1311 3945 generatio
1334 3874 1604 3947 subjecta
1621 3879 1871 3948 tempori
1888 3878 2018 3949 fuit,

354 3960 413 4014 et
438 3957 500 4014 id
527 3974 606 4014 ex
631 3975 748 4016 usu
775 3961 1179 4034 generationis
1198 3967 1521 4035 usurpatur
1536 3965 1808 4022 humanae
1832 3983 1847 4036 ;
1870 3983 2020 4040 ergo

352 4046 631 4120 etPater
675 4050 967 4123 corporali
1014 4053 1183 4108 utero
1219 4054 1474 4123 portavit
1521 4054 1753 4124 Filium,
1814 4056 2021 4113 decem

352 4140 649 4203 mensium
677 4139 994 4198 curriculis
1025 4130 1178 4197 onus
1207 4142 1389 4197 vexit.
1423 4142 1539 4199 Sed
1569 4147 1865 4216 quomodo
1887 4148 2018 4203 sine

352 4246 505 4290 sexu
548 4230 733 4288 altero
770 4228 1178 4307 generationis
1226 4234 1423 4288 usus?
1467 4231 1649 4288 Vides
1689 4233 2017 4292 solemnem

349 4320 1005 4397 generationisseriem
1033 4336 1153 4377 non
1181 4322 1461 4393 coepisse,
1493 4324 1552 4378 et
1583 4326 1643 4385 tu
1671 4328 1877 4394 partus
1908 4342 2017 4382 ου-

343 4410 589 4485 inetiam
617 4426 923 4485 corporeo
950 4410 1328 4467 necessitatis
1356 4410 1471 4483 (At)
1499 4413 1671 4483 putas
1700 4412 1895 4470 fuisse
1925 4430 2020 4472 θος

347 4504 598 4562 lemnes.
629 4502 720 4559 Tu
749 4517 925 4558 usum
956 4501 1200 4574 quaeris,
1234 4516 1347 4574 ego
1383 4517 1633 4558 sexum:
1675 4503 1741 4559 tu
1779 4505 2013 4577 tempus

348 4594 567 4667 exigis,
591 4608 706 4666 ego
736 4591 1035 4649 ordinem:
1060 4594 1123 4647 tu
1151 4590 1326 4646 tinem
1358 4591 1629 4663 discutis,
1664 4608 1778 4665 ego
1809 4610 2013 4666 quaero

346 4682 722 4755 principium,
745 4697 959 4754 nempe
985 4681 1126 4737 finis
1152 4696 1229 4738 ex
1264 4679 1575 4753 principio,
1622 4697 1741 4738 non
1788 4683 2014 4754 princi-

344 4771 509 4842 pium
533 4771 751 4844 pendet
775 4788 851 4829 ex
873 4772 1010 4828 ﬁne.

439 4914 531 4984 39)
563 4914 735 4971 Rom.
769 4914 909 4970 edit.
943 4912 1091 4984 sola,
1128 4934 1151 4964 ι
1187 4914 1467 4972 unitatem
1500 4913 1873 4973 substantiae.
1913 4940 1933 4963 --

439 4915 509 4973 39
563 4915 735 4971 Rom.
769 4915 909 4970 edit.
943 4915 1091 4984 sola,
1128 4934 1151 4964 ι
1187 4915 1467 4972 unitatem
1500 4915 1873 4973 substantiae.
1913 4940 1933 4963 --

414 4915 545 5061 240;
586 4984 731 5042 Haec
787 4984 1066 5061 objectio_
1102 4984 1259 5061 haud
1314 4984 1524 5061 leviter
1555 4987 2008 5061 urgebathillos

342 5056 682 5131 hdreticos,
731 5072 907 5131 quam
940 5056 1187 5131 proinde
1215 5056 1383 5131 ⁸ἱρείε
1433 5056 1691 5131 subinde
1738 5058 2006 5131 objicere

339 5125 699 5202 Ambrosius
727 5125 1287 5202 nonprlgtermisit:
1322 5130 1573 5184 attamen
1604 5129 1796 5202 eidem
1817 5125 2005 5202 'repo-

338 5199 558 5259 nebant
587 5200 818 5257 Patrem
848 5197 906 5255 in
938 5197 1087 5255 Filio
1116 5201 1390 5270 tanquam
1421 5215 1623 5271 regem
1654 5200 1715 5256 in
1744 5197 2002 5271 imagine

335 5275 446 5330 abs
474 5289 542 5332 se
571 5272 804 5330 adorari
835 5271 1089 5343 colique,
1111 5273 1289 5343 Ante:
1320 5271 1624 5328 Athanasii
1669 5278 1815 5329 orat.
1860 5271 1892 5330 ἱ
1936 5275 1996 5331 in

334 5347 591 5408 Arianos
640 5343 874 5425 discere
931 5341 1042 5405 est.
1102 5341 1218 5398 Sed
1259 5358 1394 5399 cum
1435 5347 1720 5425 sequatur
1762 5361 1838 5425 ex
1880 5345 1994 5425 hoc.

332 5432 632 5498 responso
675 5416 940 5498 eamdem
986 5426 1223 5498 quoque
1272 5416 1725 5498 venerationem
1770 5416 1993 5473 homini

332 5486 545 5573 iitpote
562 5488 640 5573 ad
673 5486 1133 5573 imaginem'Dei
1174 5486 1411 5573 condito
1457 5486 1725 5570 exhiberi
1763 5505 1991 5573 posse;

330 5558 432 5618 illo
461 5558 681 5633 etl‘ugio
704 5558 850 5633 nihil
867 5558 1160 5627 obstante,
1190 5558 1624 5633 auctore_s_ejus
1646 5558 1995 5633 inethnicoé

332 5649 462 5689 rum
491 5630 677 5692 ferme
706 5632 972 5691 ordinem
1003 5633 1394 5708 reposuerunt
1428 5630 1583 5686 idem
1634 5632 1994 5695 Athanasius

2097 3232 2487 3316 nlerindiget,
2515 3246 2618 3316 qui
2644 3261 2764 3301 non
2786 3245 2962 3301 habet
2984 3248 3364 3303 mutationem
3388 3250 3490 3305 sui
3527 3251 3791 3323 aliquam,

2136 3332 2231 3387 vel
2255 3333 2583 3403 profectum
2604 3351 2721 3407 quo
2752 3352 2862 3391 nos
2895 3352 3162 3408 egemus,
3205 3353 3466 3409 quorum
3495 3339 3793 3395 infirmitas

2138 3437 2213 3477 ex
2243 3422 2589 3496 hujusmodi
2618 3425 2802 3480 rebus
2832 3425 3159 3496 profectum
3200 3428 3441 3499 accipit.
3473 3429 3587 3496 Qui
3612 3433 3794 3485 autem

2136 3513 2508 3585 omnipotens
2536 3517 2650 3583 est,
2693 3506 2841 3571 459
2885 3517 3086 3589 utique
3132 3533 3249 3572 non
3290 3523 3554 3591 creatus,
3586 3523 3641 3576 et
3672 3519 3792 3573 sine

2134 3601 2288 3673 loco,
2322 3606 2381 3658 et
2407 3619 2584 3675 supra
2616 3607 2877 3676 tempora
2908 3609 3018 3660 est.
3045 3606 3203 3662 Nihil
3237 3608 3394 3663 enim
3430 3612 3565 3665 ante
3596 3609 3789 3675 Deum,

2135 3692 2254 3748 imo
2295 3692 2408 3748 hoc
2436 3694 2634 3764 ipsum
2682 3695 2960 3763 Verbum,
2993 3700 3127 3751 ante
3174 3696 3359 3752 Deum
3409 3699 3612 3755 dicere
3661 3711 3789 3753 esse

2135 3781 2377 3854 aliquid,
2393 3799 2575 3855 grave
2596 3784 2729 3854 (43).
2752 3784 2910 3857 Ergo
2934 3787 2984 3839 si
3004 3786 3080 3840 ita
3104 3789 3215 3855 est,
3240 3786 3377 3858 quia
3420 3788 3569 3843 nihil
3592 3787 3790 3843 horum

2135 3874 2227 3926 est
2257 3871 2316 3926 in
2346 3873 2466 3928 Deo
2502 3873 2690 3941 Patre,
2723 3889 2856 3945 quae
2886 3873 3215 3944 profectum
3249 3876 3632 3948 signiﬁcent;
3661 3874 3789 3947 quia

2132 3960 2291 4017 Deus
2321 3966 2446 4018 est:
2482 3962 2628 4019 nihil
2650 3964 2862 4019 horum
2891 3965 3079 4034 aptari
3107 3966 3281 4020 etiam
3322 3968 3520 4035 potest
3552 3966 3656 4020 Dei
3693 3964 3785 4019 Fi-

2133 4050 2232 4119 lio,
2275 4055 2338 4106 ut
2378 4052 2473 4107 vel
2513 4052 2744 4109 initium
2791 4054 3061 4124 accipiat,
3111 4055 3202 4107 vel
3244 4054 3613 4125 profectum;
3658 4053 3785 4125 quia

2133 4139 2294 4196 Deus
2324 4158 2506 4197 verus
2524 4158 2600 4198 ex
2624 4143 2745 4199 Deo
2782 4159 2920 4199 vero
2951 4147 3062 4199 est.

2201 4229 2291 4286 76.
2326 4231 2485 4305 Ergo
2516 4233 2653 4304 quia
2684 4233 2961 4288 usitatum
2991 4249 3109 4288 non
3146 4233 3482 4303 reperimus
3528 4234 3782 4291 ordinem

2130 4321 2468 4393 acquiesco,
2504 4321 2741 4390 Ariane,
2779 4321 3135 4394 praecipuam
3179 4321 3309 4376 Filii
3350 4322 3782 4395 generationem

2129 4409 2341 4466 fuisse.
2367 4410 2718 4483 Acquiesce,
2754 4410 3026 4482 inquam;
3078 4415 3134 4466 et
3165 4411 3217 4466 si
3251 4411 3393 4466 mihi
3423 4429 3542 4469 non
3573 4411 3778 4476 credis,

2129 4500 2419 4556 erubesco
2440 4500 2533 4555 vel
2566 4500 2670 4555 Dei
2715 4516 2924 4556 vocem
2959 4500 3247 4556 dicentis:
3305 4525 3326 4547 «
3360 4500 3470 4556 Cui
3499 4517 3592 4557 me
3622 4499 3781 4556 simi-

2108 4584 2242 4649 {lem
2290 4589 2633 4645 mstimastis
2673 4587 2811 4657 (Isa.
2846 4607 2999 4657 XLVl,
3032 4591 3076 4658 5,
3106 4592 3134 4645 ?
3167 4590 3234 4645 F.t
3284 4590 3531 4647 i'erum:
3588 4613 3608 4640 ι
3643 4590 3777 4655 Quia

2127 4695 2244 4735 non
2286 4679 2440 4735 sicut
2481 4679 2681 4750 homo,
2723 4678 2803 4734 ita
2841 4683 2933 4735 est
2975 4679 3133 4735 Deus
3174 4680 3371 4751 (Nam.
3405 4696 3573 4750 χχιιι,
3610 4678 3712 4750 t9).
3748 4699 3768 4726 ι

2126 4768 2354 4825 Etenim
2384 4768 2437 4824 si
2468 4770 2730 4840 operatio
2767 4768 2865 4824 Dei
2898 4768 3192 4840 praecipua
3215 4773 3324 4839 est,
3356 4770 3492 4841 quia
3524 4785 3638 4825 non
3667 4782 3780 4822 ma-

2125 4917 2272 4970 orat.
2303 4913 2338 4968 8
2368 4918 2425 4969 et
2458 4914 2490 4969 4
2521 4917 2724 4969 contra
2773 4914 3037 4982 eosdem,
3082 4914 3362 4983 Basilius,
3405 4913 3564 4969 hom.
3615 4910 3772 4983 2'7ﬂin

2122 4984 2339 5058 Sabell.
2373 4985 2699 5058 Gregorius
2730 4985 2912 5058 Nyss.
2946 4980 3141 5058 etalii.
3169 4980 3433 5058 Consule
3464 4984 3638 5041 etiam
3668 4980 3770 5034 Va-

2121 5057 2447 5134 lesi_i_nctas
2470 5056 2540 5112 ad
2574 5056 2673 5134 lib.
2708 5074 2746 5111 ιι
2778 5056 2935 5112 Hist.
2980 5056 3267 5134 Tileodor.
3302 5057 3392 5111 ‘23.
3475 5131 3482 5134 _
3662 5123 3673 5134 θ

2189 5130 2302 5199 (41)
2323 5131 2541 5185 Omnes
2560 5130 2696 5183 edit.
2719 5145 2849 5184 cum
2871 5129 3075 5197 paucis
3097 5144 3264 5193 mss.,
3305 5151 3325 5176 α
3362 5131 3563 5199 partus
3580 5129 3767 5199 cujus-

2118 5200 2250 5255 dam
2282 5197 2549 5272 COrporei
2569 5201 2979 5272 necessitates,
3020 5222 3039 5249 ν
3069 5199 3170 5272 alii
3198 5217 3344 5256 mss.
3364 5197 3555 5255 'multo
3575 5197 3763 5268 plures

2113 5270 2517 5345 potioresque,
2563 5296 2583 5318 σε
2620 5275 2824 5342 partus
2870 5270 3181 5341 cujusdam
3230 5286 3529 5345 vaporem
3560 5281 3763 5345 neces-

2113 5344 2327 5410 sitatis,
2366 5341 2632 5408 »ddest,
2667 5349 2870 5413 partus
2916 5358 3219 5410 corporeae
3261 5341 3613 5397 conditionis
3659 5352 3758 5391 ne-

2110 5417 2375 5470 cessitati
2406 5416 2680 5470 subditos
2708 5419 2883 5485 atque
2913 5417 3194 5470 astrictus
3220 5420 3416 5485 putas.

2178 5486 2290 5558 (42)
2321 5487 2533 5543 Teller.
2568 5486 2757 5541 codex
2788 5481 2981 5555 'uzius,
3038 5509 3059 5537 ε
3097 5481 3489 5558 «inﬂationem
3517 5481 3586 5538 de
3623 5492 3753 5551 pro-

2103 5558 2370 5629 prietate.
2412 5583 2433 5605 ιι

2172 5631 2284 5705 (43)
2316 5630 2462 5686 Mss.
2496 5628 2740 5705 aliquot,
2778 5651 2799 5677 ι
2852 5628 3069 5698 dicere,
3105 5631 3194 5689 est
3239 5627 3461 5705 aliquid
3493 5638 3683 5702 grave.
3726 5643 3745 5668 ι
