4050 6182
208 335 304 418 δϐο
1518 338 1631 415 DE
1672 347 1866 414 FIDE
1909 349 2062 415 LIB.
2105 349 2185 414 Π.

3441 343 3561 417 570

206 554 335 611 nibus
361 554 617 625 cperatur
662 552 903 627 aliquid,
954 568 1074 610 non
1120 552 1322 610 labore
1370 552 1626 625 conficit,
1675 568 1795 609 non
1819 535 1869 601 Α
1970 553 2057 609 80.
2094 554 2222 609 Rex
2254 553 2493 628 gentilis
2523 553 2583 611 in
2623 555 2763 629 igne
2794 571 2927 611 cun:
2965 556 3158 612 tribus
3200 555 3404 628 pueris
3434 555 3556 612 He~

201 643 363 699 diebus
388 642 668 699 absolvit:
706 665 729 694 ι
763 644 897 716 Ipse
944 645 1103 700 enim
1133 644 1302 714 dixit,
1336 647 1394 700 et
1438 643 1592 699 facta
1629 646 1788 715 sunt,

193 734 291 804 ipse
309 732 597 802 mandavit,
639 735 695 788 et
727 736 922 789 creata
960 736 1100 789 sunt
1128 733 1319 804 (Psal.
1362 750 1599 804 chvm,
1630 734 1727 804 5);
1764 756 1787 782 η

188 836 271 876 cur
292 837 394 877 non
422 821 724 878 credamus
771 825 1128 894 praecipuam
1176 824 1617 897 generationem
1649 838 1789 878 esse

184 909 356 981 ejusin
379 910 534 981 Filio,
568 911 745 983 cujus
776 911 1136 985 praecipuam
1178 915 1536 969 creationem
1585 909 1697 983 (4t)
1727 914 1789 967 in

183 998 420 1071 aperibus
440 992 820 1073 agnoscimus
840 1004 869 1057 ?
899 1003 1152 1075 Dignum
1166 1006 1325 1059 certe
1342 1006 1434 1059 est
1461 1005 1525 1058 ut
1552 1002 1787 1074 specia-

179 1081 284 1144 llter
297 1092 346 1144 et
359 1090 644 1161 praacipue
662 1080 929 1147 videatur
946 1106 1272 1165 generasse
1289 1091 1521 1148 Filium.
1563 1084 1791 1147 Habeat

178 1179 528 1250 generationis
564 1179 857 1237 inusitata:
888 1180 1157 1255 gloriam,
1189 1182 1290 1255 qui
1321 1179 1497 1238 habet
1524 1181 1787 1253 potesta-

177 1268 235 1323 tis
258 1268 528 1325 inusitata
560 1272 829 1344 gratiam.

231 1352 303 1411 Π.
325 1353 444 1413 Non
461 1358 587 1414 sola
610 1356 974 1415 admirabilis
992 1376 1065 1416 ex
1084 1356 1254 1416 Patre
1271 1360 1573 1434 generatio
1590 1359 1789 1416 Chris-

174 1442 222 1517 ti,
246 1442 588 1504 admirabilis
617 1446 791 1504 etiam
836 1450 961 1520 ipsa
1013 1448 1315 1522 generatio
1362 1450 1497 1522 ejus
1545 1464 1620 1505 ex
1650 1448 1787 1505 Vir-

174 1536 301 1608 gine.
328 1536 408 1592 'l‘u
435 1538 596 1593 illam
625 1538 777 1594 dicis
812 1542 1032 1595 nostrae
1074 1537 1328 1594 similem
1359 1530 1783 1610 conceptionis,

172 1631 214 1681 et
239 1643 334 1700 ego
362 1627 542 1698 probo
576 1630 633 1683 et
661 1627 835 1683 istam
864 1632 1084 1684 nostrae
1116 1643 1254 1684 esse
1278 1628 1648 1699 dissimilem,
1669 1627 1786 1684 imo

171 1716 382 1787 teipsum
399 1732 608 1790 cogam
630 1717 821 1774 fateri.
854 1719 959 1773 Dic
994 1718 1485 1791 quemadmodum
1508 1717 1586 1773 sit
1615 1720 1787 1774 natus

168 1820 224 1859 ex
240 1805 419 1877 Maria,
452 1822 573 1878 quo
604 1823 718 1862 usu
749 1810 947 1863 uteres
988 1823 1121 1862 eum
1154 1806 1424 1862 habuerit
1454 1806 1785 1879 virginalis,

1901 642 2082 699 bracis
2113 644 2302 717 quarti
2348 645 2520 716 quasi
2570 644 2766 717 angeli
2812 645 2957 700 vidit
3000 645 3292 718 figuram;
3338 648 3394 701 et
3424 644 3562 718 quia

1898 736 2183 804 praestare
2203 734 2442 804 putabat
2470 734 2723 806 angelis,
2745 734 2850 789 Dei
2881 734 3084 803 filium,
3118 750 3291 806 quem
3323 750 3441 789 non
3471 734 3560 789 le-

1899 822 2005 896 git,
2038 824 2146 879 sed
2178 823 2444 892 credidit,
2486 823 2774 895 judicavit
2812 823 2985 892 (Dan.
3009 824 3224 895 111,92).
3264 824 3563 880 Abraham

1899 925 2135 986 quoque
2175 916 2298 970 tres
2332 913 2496 986 vidit,
2529 917 2585 968 et
2613 929 2793 969 unum
2823 914 3087 969 adoravit
3131 913 3306 985 (Gen.
3332 930 3495 981 XVIII,
3530 912 3565 967 2

1898 1003 2111 1077 seqq).

1969 1093 2057 1148 81.
2080 1095 2290 1150 Petrus
2330 1094 2390 1150 in
2430 1094 2626 1151 monte
2662 1086 2909 1166 Moysen
2943 1092 3000 1150 et
3029 1086 3215 1149 Etiam
3248 1106 3380 1147 cum
3413 1086 3563 1147 Filio

1896 1177 2004 1237 Dei
2024 1182 2188 1252 vidit,
2208 1199 2319 1239 nec
2354 1185 2571 1240 erravit
2599 1185 2660 1239 in
2699 1187 2924 1254 natura,
2963 1199 3072 1238 nec
3091 1182 3309 1237 erravit
3340 1181 3395 1235 in
3430 1174 3563 1251 glo‘

1891 1272 2001 1328 ria.
2035 1273 2300 1346 Denique
2348 1274 2490 1347 quid
2538 1273 2734 1330 facere
2782 1273 3042 1342 deberet,
3095 1288 3215 1327 non
3262 1271 3422 1339 illos,
3456 1264 3565 1323 sed

1893 1359 2194 1417 Christum
2208 1362 2625 1437 interrogavit;
2652 1379 2786 1417 nam
2800 1363 2911 1418 etsi
2932 1362 3121 1417 tribus
3140 1361 3381 1433 parabat
3394 1359 3565 1414 obse°

1896 1452 2120 1523 quium,
2162 1451 2342 1507 unius
2393 1455 2587 1508 tamen
2637 1451 3021 1523 exspectabat
3069 1452 3399 1522 imperium.
3447 1447 3565 1502 Sed

1897 1540 2172 1613 quoniam
2190 1542 2283 1596 vel
2306 1541 2821 1597 tabernaculorum
2836 1557 3145 1597 numerum
3176 1537 3560 1595 deferendum

1893 1630 2088 1686 tribus
2107 1631 2457 1702 simpliciter
2478 1624 2810 1701 aestimavit,
2854 1631 3197 1686 emendatur
3235 1628 3339 1684 Dei
3369 1625 3561 1683 Patris

1896 1720 2240 1775 auctoritate
2271 1720 2557 1775 dicentis:
2604 1744 2625 1767 ιι
2664 1720 2774 1775 Hic
2823 1723 2915 1775 est
2946 1713 3132 1774 Filius
3178 1728 3345 1773 meus
3378 1711 3563 1770 dilec-

1895 1809 2188 1880 tissimus,
2222 1810 2418 1881 ipsum
2469 1809 2664 1865 audite
2707 1809 2946 1880 (Matth.
2981 1825 3125 1863 xvn.
3163 1806 3239 1877 5),
3279 1829 3299 1855 ι
3342 1804 3398 1860 id
3431 1804 3560 1860 est:

167 1890 419 1965 quomodo
451 1897 585 1951 sine
615 1896 843 1951 semine
873 1896 979 1951 viri
1003 1899 1228 1967 partus,
1252 1896 1406 1952 unde
1436 1895 1607 1968 virgo
1629 1911 1786 1967 prai-
1819 1920 1866 1981 Β
1894 1897 2044 1964 Quid
2103 1913 2430 1955 conservos
2486 1905 2621 1955 tuos
2668 1914 2800 1954 cum
2851 1898 3098 1955 Domino
3158 1895 3356 1952 socias
3415 1898 3514 1949 tuo
3534 1895 3563 1947 ?

164 1998 337 2055 gnans,
393 1984 890 2058 quemadmodum
945 1984 1139 2056 puella
1186 1989 1371 2040 mater
1413 1988 1547 2040 ante
1605 1981 1781 2055 fctus,

163 2089 304 2143 quam
332 2075 599 2145 copulam
630 2077 694 2130 ut
720 2090 873 2129 uxor
889 2078 1131 2144 experta
1159 2074 1311 2146 (45)?
1342 2073 1531 2130 Causa
1563 2073 1785 2145 deerat,

162 2165 205 2217 et
227 2164 606 2237 generabatur
635 2164 815 2219 filius.
851 2163 1019 2219 Unde
1050 2180 1195 2239 ergo
1218 2163 1372 2239 legis
1402 2166 1632 2220 novatae
1660 2180 1787 2236 par-

160 2255 276 2309 tus?
1168 2250 1189 2259 λ

214 2338 288 2397 78.
316 2341 373 2399 Si
402 2341 590 2418 igitur
619 2345 681 2401 in
713 2339 960 2418 Virgine
990 2361 1139 2402 usus
1170 2339 1355 2401 defuit
1383 2344 1788 2419 generationis

158 2430 409 2504 humana),
443 2435 944 2507 quemadmodum
972 2436 1033 2490 in
1056 2435 1180 2491 Deo
1211 2435 1382 2491 Patre
1408 2435 1663 2506 propriae
1685 2450 1790 2509 ge-

156 2523 639 2580 nerationisusum
671 2524 928 2597 requiris
949 2526 977 2579 εν
1008 2524 1178 2580 Certe
1217 2540 1365 2579 usus
1397 2525 1457 2579 in
1488 2540 1638 2580 sexu
1672 2527 1785 2592 est,

154 2610 263 2681 quia
289 2628 465 2669 sexus
515 2614 585 2668 in
633 2630 809 2670 carne
837 2616 966 2670 est:
1018 2614 1121 2669 ubi
1164 2629 1309 2686 ergo
1341 2629 1478 2669 caro
1523 2629 1641 2669 non
1672 2616 1783 2684 est,

155 2703 612 2770 quemadmodum
648 2703 844 2759 carnis
876 2704 1272 2758 infirmitatem
1311 2703 1552 2775 exigis?
1597 2702 1785 2758 Nemo

151 2787 410 2847 meliorem
451 2790 740 2848 discutit:
787 2790 1028 2848 credere
1074 2792 1175 2847 tibi
1217 2791 1461 2864 jussum
1505 2794 1620 2860 est,
1666 2807 1785 2846 non

151 2876 405 2937 discutere
422 2883 791 2954 permissum
813 2886 922 2938 est.
942 2882 1237 2953 Scriptum
1256 2884 1347 2936 est
1367 2882 1522 2937 enim
1547 2897 1559 2937 :
1589 2903 1611 2932 ι
1648 2881 1787 2936 Cre-

149 2965 265 3023 didit
290 2970 587 3027 Abraham
620 2972 763 3040 Deo,
799 2975 855 3027 et
882 2973 1215 3043 reputatum
1246 2973 1338 3026 est
1367 2970 1450 3025 illi
1502 2971 1576 3026 ad
1602 2969 1786 3044 justi-

151 3055 263 3111 tiam
290 3059 454 3128 (Gen.
488 3079 595 3129 xv,
628 3060 707 3129 5).
746 3083 766 3109 ι
802 3061 926 3115 Nec
958 3061 1152 3115 solum
1185 3060 1244 3115 in
1275 3060 1658 3132 generatione
1692 3060 1784 3116 Fi—

148 3143 196 3197 lii
220 3162 398 3206 sermo
429 3151 656 3219 deficit,
691 3150 799 3206 sed
828 3150 1001 3206 etiam
1031 3150 1091 3204 in
1122 3150 1404 3221 cperibus
1436 3150 1563 3205 Dei.
1595 3150 1787 3223 Scrip-

150 3237 246 3290 tum
271 3242 356 3292 est
383 3240 579 3297 enim:
639 3264 660 3288 α
697 3239 902 3295 Omnia
948 3256 1127 3311 opera
1165 3237 1301 3310 ejus
1335 3239 1396 3293 in
1443 3239 1557 3293 flde
1591 3238 1780 3308 (Psal.

150 3338 301 3397 xxxii,
328 3329 401 3397 4).
440 3351 461 3379 ι
496 3329 694 3401 Opera
723 3345 867 3402 ergo
887 3330 945 3384 in
964 3330 1095 3393 fide,
1132 3328 1434 3402 generatio
1455 3328 1585 3384 sine
1621 3329 1732 3384 fide
1754 3331 1782 3384 ‘?
1814 3328 1864 3355 “’

151 3410 203 3466 Et
249 3416 594 3474 discutimus
655 3435 788 3491 quae
842 3435 962 3474 non
1017 3418 1307 3487 videmus,
1342 3417 1444 3489 qui
1496 3416 1779 3490 jubemur

149 3505 352 3563 credere
380 3509 579 3582 magis
612 3524 788 3581 quam
821 3508 1138 3578 discutere,
1170 3523 1304 3580 quae
1332 3506 1603 3562 videmus
1626 3509 1655 3562 ε»

716 3633 969 3690 CAPUT
998 3633 1148 3690 XllI.

153 3751 505 3834 Questionem
523 3758 812 3834 quomodo
832 3761 1075 3834 genitus
1094 3760 1177 3814 sit
1194 3759 1387 3834 Filius
1402 3758 1584 3834 solvit
1605 3774 1780 3834 sanc-

201 3832 282 3883 tas
303 3830 508 3887 doctor
524 3830 550 3895 ,ῖ
577 3836 641 3886 et
672 3847 744 3885 re
757 3831 1038 3886 relationi
1066 3832 1427 3887 credendum
1458 3830 1781 3885 Nabucho-

196 3898 485 3979 donosoris
496 3920 568 3958 ac
582 3902 767 3979 Petri
785 3902 1055 3979 exemplo
1067 3903 1258 3958 docet.
1283 3902 1475 3979 Has
1494 3902 1687 3979 ultimi
1707 3902 1782 3956 vi-

199 3974 343 4025 sione
369 3976 779 4046 wternitatem
795 3974 867 4046 Adi
878 3974 1000 4046 vini
1005 3980 1297 4046 talemque
1329 3974 1475 4046 Filii
1486 3974 1781 4046 signatam

199 4055 345 4128 esse;
367 4051 542 4128 atque
560 4044 714 4127 adeo
730 4044 823 4128 illi
839 4044 1209 4128 credendum
1221 4044 1514 4128 neglectis
1528 4044 1783 4128 philoso-

195 4112 331 4183 phis,
354 4112 725 4188 quibusjam
753 4115 965 4188 ubique
986 4116 1137 4188 lldes
1173 4112 1595 4188 abrogabatur.
1625 4115 1779 4188 Con-

197 4188 277 4237 tra
311 4186 445 4243 vero
471 4186 814 4261 gentilibus
842 4186 1238 4243 ostenduntur
1265 4186 1498 4243 similes
1535 4186 1776 4241 Ariani.

196 4306 271 4363 '79.
291 4311 447 4368 Dicet
466 4311 692 4385 aliquis
718 4327 730 4367 :
762 4311 1068 4377 Quomodo
1097 4315 1416 4385 generatus
1440 4314 1531 4367 est
1551 4311 1779 4366 Filius?

143 4392 288 4458 Quasi
303 4402 727 4472 sempiternus,
747 4400 918 4474 quasi
936 4400 1213 4471 Verbum,
1230 4392 1376 4455 460
1395 4401 1566 4472 quasi
1585 4400 1780 4471 splen-

145 4483 230 4538 dor
248 4487 387 4545 lucis
417 4494 668 4545 aeternae
706 4489 921 4560 (Hebr.
966 4507 1003 4553 ι,
1038 4490 1115 4559 3),
1169 4490 1305 4562 quia
1353 4490 1529 4544 simul
1576 4490 1779 4560 splen-

143 4570 229 4627 dor
250 4582 534 4649 operatur,
570 4581 638 4634 ut
667 4577 1081 4649 nascitur(46).
1110 4579 1379 4650 Apostoli
1398 4578 1557 4633 istud
1580 4594 1778 4633 exem-

142 4661 269 4727 Pium
297 4671 403 4737 est,
434 4685 557 4723 non
592 4671 685 4722 est
715 4683 929 4722 meum.
983 4666 1119 4721 Noli
1148 4682 1295 4740 ergo
1347 4668 1589 4723 credere
1622 4656 1851 4739 quodD

144 4746 398 4812 iueritvcl
440 4762 805 4813 momentum
855 4756 1093 4829 aliquod
1126 4772 1244 4829 quo
1293 4756 1470 4812 fuerit
1500 4756 1631 4811 sine
1676 4772 1779 4811 sa-

143 4840 320 4905 pientia
349 4847 528 4916 Deus,
563 4850 664 4900 aut
694 4848 824 4901 sine
857 4846 1173 4916 splendore
1195 4847 1318 4902 lux.
1352 4845 1510 4918 Noli,
1537 4845 1775 4916 Ariane,

144 4940 200 4981 ex
226 4937 428 4991 nostris
458 4938 760 4993 aestimare
792 4936 986 4990 divina
1013 4952 1024 4992 :
1072 4937 1180 4991 sed
1209 4935 1406 4991 divina
1439 4935 1636 5005 crede,
1669 4935 1771 4991 ubi

144 5012 355 5077 humana
386 5042 505 5081 non
536 5026 795 5081 invenis.

200 5162 294 5231 (44)
317 5167 537 5240 Omnes
599 5169 737 5225 edit.
796 5185 864 5223 ac
896 5169 1068 5239 pauci
1124 5184 1298 5237 mss.,
1332 5192 1353 5216 «ι
1407 5168 1771 5240 praecipuam

146 5238 537 5312 ﬁllerationem:
577 5262 604 5290 ιο
638 5241 738 5296 alii
759 5238 1044 5309 nonnulli,
1071 5263 1090 5288 α
1114 5238 1476 5311 praecipuam
1516 5256 1771 5312 genera-

146 5303 352 5386 lienem;
389 5332 409 5359 ι
429 5313 631 5386 caeteri
653 5312 882 5375 melius,
913 5334 934 5361 «
962 5303 1320 5386 υνέῐιοῖρυεσί
1342 5303 1719 5386 creationem,
1744 5332 1767 5361 ι

145 5380 353 5454 “lixam
374 5383 625 5451 scilicet,
659 5400 773 5454 qua
804 5380 1024 5438 creavit
1072 5380 1349 5437 universa
1381 5398 1487 5453 per
1536 5382 1768 5437 Filium.

198 5448 292 5526 (t5)
321 5452 395 5508 lta
426 5470 579 5509 mss.
614 5448 913 5526 plerique;
947 5454 1212 5509 nonnulli
1238 5454 1357 5522 alii,
1382 5448 1416 5503 “«
1443 5454 1648 5526 matris
1668 5470 1770 5507 an-

148 5514 387 5597 leﬂfetus,
436 5514 633 5597 quam?
665 5514 934 5596 copulam
966 5525 1193 5594 uxoris,
1233 5549 1254 5597 ξ»
1315 5514 1415 5579 alii
1446 5525 1682 5597 demum
1704 5527 1770 5597 et

148 5587 253 5668 edit.
284 5587 502 5668 omnes,
537 5587 851 5668 nobiscum
896 5597 1136 5667 faciunt,
1180 5587 1304 5652 'nisi
1336 5596 1493 5668 quod
1525 5612 1632 5667 pro
1680 5595 1769 5651 fe-

151 5661 234 5719 ίυς.
264 5664 454 5730 plures
486 5661 736 5723 efl'ciunt
768 5668 912 5724 feta.

199 5732 292 5802 fit?)
317 5735 459 5794 Edit.
485 5755 713 5806 omnes,
741 5764 760 5785 «
792 5739 977 5796 Filius
1002 5739 1173 5813 quasi
1197 5739 1617 5813 sempiternus,
1637 5756 1774 5812 qua-

1905 2004 1926 2035 u
1964 1988 2074 2044 Hic
2102 1991 2196 2044 est
2234 1988 2419 2044 Filius
2448 2005 2637 2044 meus.
2676 2010 2698 2039 ι
2749 1989 2883 2044 Non
2931 1989 3171 2059 Moyses
3201 1986 3408 2052 Filius,
3444 1999 3560 2039 non

1897 2077 2057 2132 Elias
2087 2076 2310 2133 Filius:
2355 2070 2462 2133 sed
2504 2072 2599 2133 hic
2621 2077 2829 2133 Filius.
2863 2076 3062 2132 Sensit
3092 2073 3559 2130 emendationem

1896 2166 2222 2239 apostolus,
2257 2167 2507 2238 procidit
2536 2167 2596 2221 in
2627 2167 2858 2236 faciem,
2910 2166 3325 2220 consternatus
3371 2161 3564 2216 Patris

1896 2272 2065 2328 voce,
2104 2260 2160 2313 et
2199 2256 2329 2312 Filii
2357 2256 2650 2312 claritate:
2693 2256 2799 2311 sed
2821 2254 3170 2311 sublevatur
3197 2266 3229 2306 a
3259 2248 3427 2321 Filio,
3461 2246 3561 2321 qui

1890 2346 2162 2419 jacentes
2195 2347 2427 2419 erigere
2458 2346 2789 2401 consuevit.
2823 2344 3020 2400 Unum
3049 2342 3214 2412 vidit,
3255 2340 3449 2396 solum
3479 2336 3566 2393 vi-

1896 2435 1979 2492 dit
2002 2431 2108 2492 Dei
2130 2436 2360 2491 Filium.
2387 2436 2793 2491 Recesserunt
2828 2434 2986 2489 enim
3025 2431 3269 2495 servuli,
3312 2432 3374 2484 ut
3394 2428 3563 2483 solus

1898 2526 2205 2596 Dominus,
2231 2527 2332 2598 qui
2353 2525 2522 2581 solus
2543 2521 2971 2597 designabatur
2993 2522 3202 2591 Filius,
3244 2520 3561 2575 videretur.

1969 2616 2056 2671 82.
2080 2615 2229 2681 Quid
2252 2616 2434 2689 igitur
2467 2615 2584 2670 sibi
2618 2614 2802 2669 voluit
2824 2608 2920 2668 illa
2951 2611 3127 2681 visio,
3162 2626 3280 2665 non
3326 2606 3567 2680 aequali-

1895 2706 2071 2761 tatem
2092 2706 2759 2777 Christiservorumque
2788 2702 3159 2775 signiﬁcans,
3203 2699 3313 2754 sed
3346 2700 3567 2770 myste-

1892 2794 2047 2850 rium
2064 2796 2335 2868 signans,
2362 2795 2476 2850 nisi
2515 2797 2577 2850 ut
2604 2795 2912 2866 appareret
2943 2790 3117 2847 nobis
3153 2787 3310 2862 quod
3351 2787 3477 2841 Lex
3510 2787 3569 2841 et

1895 2882 2204 2956 Prophetas
2219 2902 2352 2940 cum
2368 2884 2689 2956 Evangelio
2705 2878 3559 2955 congruentes,sempiternum

1894 2974 2000 3030 Dei
2023 2975 2252 3045 Filium,
2279 2990 2451 3046 quem
2473 2973 2981 3042 annuntiaverant,
2996 2968 3369 3025 revelarent‘?
3405 2965 3564 3038 Ergo

1894 3066 2082 3120 etnos
2141 3081 2275 3121 cum
2304 3064 2577 3119 audimus
2634 3077 2708 3116 ex
2756 3063 2924 3117 utero
2986 3058 3221 3128 Filium,
3256 3072 3331 3110 ex
3386 3054 3565 3110 corde

1894 3154 2174 3225 Verbum,
2205 3155 2519 3212 credamus
2550 3154 2689 3226 quia
2737 3167 2858 3208 non
2889 3150 3219 3222 plasmatus
3266 3144 3563 3213 manibus,

1893 3246 1998 3300 sed
2030 3260 2105 3300 ex
2138 3247 2306 3301 Patre
2344 3246 2556 3301 natus:
2591 3257 2709 3299 non
2757 3239 3003 3296 artificis
3050 3250 3225 3309 opus,
3270 3233 3375 3288 scd
3421 3247 3566 3301 pro—

1892 3336 2101 3408 genies
2134 3338 2225 3390 est
2245 3334 2526 3407 parentis.

1961 3444 2050 3497 83.
2091 3443 2162 3498 Et
2208 3444 2340 3499 ideo
2387 3442 2489 3515 qui
2532 3442 2708 3498 dicit:
2748 3464 2769 3491 ιι
2808 3441 2919 3496 Hic
2950 3441 3042 3494 cst
3081 3436 3269 3493 Filius
3309 3450 3500 3505 meus,
3537 3448 3562 3484 ii

1890 3548 2008 3589 nou
2024 3533 2207 3589 dixit:
2241 3534 2351 3589 Hic
2381 3537 2474 3588 est
2502 3531 2843 3603 temporalis
2869 3546 2884 3599 ς
2915 3544 3033 3584 non
3065 3526 3248 3582 dixit:
3285 3524 3449 3593 Haec}
3469 3526 3566 3579 est

1891 3626 2159 3679 creatura
2179 3639 2327 3695 mea,
2354 3624 2484 3679 hmc
2502 3622 2759 3678 fractura
2783 3636 2932 3690 mea,
2958 3619 3054 3673 hic
3094 3632 3312 3672 servus
3348 3630 3517 3669 meus
3544 3629 3559 3683 ;

1890 3714 1998 3768 sed
2016 3713 2112 3768 hic
2136 3713 2323 3768 Filius
2346 3717 2535 3778 meus,
2568 3728 2739 3783 quem
2766 3710 2979 3764 videtis
3005 3725 3063 3762 in
3096 3706 3305 3779 gloria.
3333 3704 3442 3758 Hic
3472 3704 3566 3758 est

1888 3803 2048 3858 Deus
2072 3803 2390 3872 Abraham,
2417 3803 2576 3858 Deus
2598 3802 2784 3871 Isaac,
2806 3801 2984 3854 "Deus
3016 3796 3222 3865 Jacob,
3257 3794 3358 3867 qui
3386 3808 3564 3864 appa-

1884 3893 2002 3947 ruit
2020 3893 2080 3947 in
2102 3893 2252 3948 rubo
2284 3892 2498 3963 Moysi,
2540 3892 2612 3947 de
2653 3906 2770 3963 quo
2809 3889 3051 3960 Moyses
3083 3886 3190 3941 ait:
3233 3908 3255 3933 a
3291 3883 3402 3950 Qui
3445 3884 3561 3951 est;

1885 3981 2048 4035 misit
2083 3998 2174 4036 me
2203 3982 2422 4053 (Exod.
2447 3999 2528 4048 ιιι,
2557 3980 2665 4051 Μ).
2696 4001 2718 4030 ι
2753 3980 2886 4034 Non
2919 3980 3092 4033 Pater
3122 3976 3182 4030 in
3233 3974 3405 4040 rubo,
3439 3987 3558 4026 non

1888 4072 2062 4125 Pater
2083 4072 2143 4125 in
2160 4087 2360 4126 eremo
2392 4088 2404 4126 :
2440 4071 2547 4126 sed
2571 4070 2756 4125 Filius
2797 4068 2990 4140 Moysi
3026 4067 3261 4122 locutus
3301 4066 3394 4118 est
3422 4061 3559 4131 (4'7).

1889 4160 2154 4232 Denique
2175 4161 2246 4215 de
2268 4161 2400 4231 ipso
2422 4160 2758 4231 Stephanus
2780 4158 2955 4214 dixit:
2984 4179 3006 4207 α
3054 4156 3165 4212 Hic
3190 4156 3281 4209 est
3312 4151 3411 4224 qui
3447 4150 3558 4204 fuit

1887 4250 1945 4303 in
1970 4250 2258 4320 Ecclesia,
2297 4250 2356 4305 in
2392 4266 2611 4321 eremo,
2638 4266 2772 4305 cum
2802 4247 3015 4322 angelo
3053 4245 3213 4319 (Act.
3255 4259 3357 4311 vn,
3380 4238 3493 4309 38).
3533 4260 3557 4286 ι

1888 4340 1997 4394 llic
2028 4342 2120 4395 est
2148 4356 2293 4412 ergo
2321 4341 2421 4412 qui
2454 4340 2649 4412 legem
2678 4339 2857 4408 dedit,
2890 4340 3022 4410 ipse
3055 4336 3156 4409 qui
3197 4332 3433 4389 locutus
3465 4330 3561 4383 est

1887 4430 2099 4501 Moysi,
2134 4429 2374 4486 dicens:
2430 4453 2450 4476 α
2505 4429 2633 4502 Ego
2663 4444 2797 4484 sum
2834 4428 2994 4483 Deus
3024 4424 3341 4494 Abraham,
3394 4420 3557 4475 Deus

1884 4521 2072 4591 Isaac,
2109 4520 2267 4576 Deus
2301 4519 2485 4575 Jacob
2533 4518 2751 4588 (Exod.
2783 4534 2868 4587 in,
2919 4516 3028 4586 16).
3065 4536 3087 4564 ιι
3124 4514 3235 4569 Hic
3266 4514 3359 4568 est
3404 4523 3554 4583 ergo

1885 4610 2044 4665 Deus
2075 4609 2562 4681 patriarcharum,
2595 4607 2693 4662 hic
2725 4607 2883 4661 Deus
2917 4608 3008 4661 est
3036 4602 3475 4676 prophetarum.

1954 4718 2042 4773 84.
2084 4718 2297 4773 Filium
2332 4731 2445 4788 ego
2479 4715 2773 4787 legimus:
2810 4727 2978 4767 meus
3020 4714 3117 4766 tua
3148 4710 3396 4782 percipit
3425 4711 3550 4767 lec-

1883 4807 2272 4877 tionem,edat
2292 4806 2495 4878 lingua
2524 4802 2986 4859 confessionem.
3021 4800 3551 4872 Auferhincargu-

1882 4900 2095 4966 menta,
2117 4896 2219 4952 ubi
2241 4896 2391 4952 fides
2425 4894 2739 4966 quaeritur:
2782 4891 2843 4946 in
2871 4891 3021 4962 ipsis
3056 4890 3386 4963 gymnasiis
3417 4890 3549 4947 suis

1876 4986 2002 5058 jam
2041 4986 2345 5041 dialectica
2386 4984 2592 5037 taceat.
2636 4981 2769 5037 Non
2811 4996 3014 5053 quaero
3043 4980 3185 5052 quid
3231 4980 3549 5052 loquantur

1878 5074 2240 5148 philosophi,
2261 5072 2500 5145 requiro
2518 5071 2657 5143 quid
2682 5070 2916 5125 faciant.
2952 5069 3088 5125 Sola
3121 5070 3179 5124 in
3211 5069 3340 5124 suis
3374 5084 3549 5142 εγω-ι

1880 5220 1933 5275 si
1966 5218 2243 5286 Verbum,
2304 5216 2477 5288 quasi
2534 5214 2818 5286 splendor
2874 5214 3027 5269 lucis
3068 5216 3346 5288 aeternis,
3405 5212 3542 5288 quia

1879 5290 2162 5362 splendor
2209 5286 2387 5362 simul
2446 5290 2740 5357 operatur,
2781 5288 2880 5362 _utf
2915 5286 3222 5340 nascitur?
3258 5306 3282 5336 ii
3332 5286 3545 5355 Aptius

1877 5358 2024 5416 mss.
2059 5362 2181 5416 fere
2210 5360 2283 5414 ad
2312 5375 2510 5425 unum,
2544 5361 2607 5413 ut
2636 5374 2747 5413 nos
2779 5358 2837 5412 in
2867 5361 3050 5412 textu.

1946 5432 2059 5503 (3'1)
2086 5432 2384 5502 Compone
2417 5446 2549 5485 cum
2582 5430 2693 5485 hoc
2721 5430 2853 5484 loco
2882 5445 3014 5503 quae
3037 5444 3220 5498 super
3245 5428 3356 5503 hac
3379 5442 3541 5503 quae-

1877 5497 2069 5560 stione
2102 5497 2358 5573 disputat
2389 5506 2523 5557 ante
2573 5504 2835 5555 exortam
2872 5497 3223 5573 Arianorum
3267 5497 3541 5573 haeresim

1876 5577 2159 5643 Irenaeus,
2193 5571 2233 5629 l'.
2268 5591 2325 5628 IV
2358 5575 2494 5629 adv.
2528 5572 2787 5635 Haeres,
2847 5588 2898 5625 c.
2932 5571 3021 5639 26,
3054 5574 3111 5643 et

1877 5638 2156 5717 llilarius,
2193 5646 2292 5701 lib.
2327 5662 2392 5699 in
2423 5648 2480 5700 et
2508 5662 2566 5698 1v
2598 5644 2684 5717 de,
2713 5638 3318 5717 TrinittLBasilii—isll.
3344 5656 3380 5692 ιι
3405 5638 3542 5693 adv.

1870 5712 2151 5786 Eunoni;
2182 5717 2575 5790 Augustinus,
2612 5715 2785 5770 etiam
2818 5714 2892 5769 de
2930 5713 3168 5781 Trinit.,
3202 5712 3305 5769 lib.
3329 5727 3385 5775 ιι,
3415 5724 3545 5780 cap,

1870 5790 1940 5862 7;
1976 5787 2335 5846 Prudentius
2366 5791 2424 5845 et
2451 5787 2571 5842 alii.
3503 5792 3508 5796 '

3166 5568 3540 5640 postmodum
