3982 6174
413 364 527 430 571

1927 359 1991 421 S.
2044 353 2462 422 AMBROSII
3705 362 3796 427 572

417 573 582 628 nasis
639 574 1072 628 remanserunt.
1126 571 1272 628 V'ide
1302 521 1446 628 461¹
1484 587 1661 644 quam
1704 570 1854 627 ﬁdes
1910 538 2164 642 erga-5
2198 557 2376 614 ίίοηίε
2405 555 2581 628 (Ibid.
2613 555 2724 620 21)-
2773 577 2801 644 »ν
2841 553 3124 610 Videmus
3168 553 3647 644 Ϋὶείῑιιιῇῐηθεηειπι
3670 557 3796 615 inter

417 662 630 718 mentis
647 662 1080 734 praeponderet.
1108 661 1199 716 Illi
1220 661 1481 735 quotidie
1503 678 1535 716 a
1554 662 1683 716 suis
1703 659 2088 716 consortibus

418 753 794 822 deseruntur,
842 751 943 824 qui
987 751 1228 822 capiose
1277 751 1614 822 disputant:
1671 751 1772 804 isti
1827 747 2088 820 quotidie

415 844 713 910 crescunt,
745 841 843 913 qui
877 841 1226 912 simpliciter
1257 840 1505 894 credunt
1536 840 1669 908 (48).
1705 840 1838 893 Non
1889 838 2086 892 credi-

415 933 513 986 tur
541 930 934 1002 philosophis,
971 929 1230 986 creditur
1257 929 1693 1000 piscatoribus:
1729 943 1847 982 non
1897 927 2087 982 credi-

417 1022 512 1074 tur
543 1019 888 1086 dialecticis,
937 1019 1197 1074 creditur
1242 1018 1597 1090 publicanis.
1649 1017 1736 1071 llli
1771 1016 2087 1087 voluptati-

417 1108 532 1164 bus
565 1113 622 1164 et
653 1109 864 1163 delicis
894 1109 1098 1164 orbem
1128 1108 1407 1180 ligarunt,
1441 1107 1537 1160 isti
1569 1105 1818 1178 jejuniis
1849 1110 1906 1161 et
1932 1105 2088 1160 dolo.

417 1198 586 1252 ribus
617 1200 884 1253 exerunt.
953 1198 1162 1252 Plures
1213 1197 1408 1270 itaque
1450 1195 1575 1268 jam
1631 1195 1807 1266 coepit
1862 1195 2086 1250 illicerc

419 1286 636 1360 injuria
665 1303 840 1359 quam
869 1287 1162 1358 voluptas.

641 1411 814 1466 Nunc
871 1411 1178 1467 videamus
1235 1427 1352 1484 quo
1408 1413 1628 1466 distant
1671 1426 1704 1466 a
1763 1410 2086 1483 gentilibus

420 1501 642 1556 Ariani.
667 1501 750 1555 llli
771 1501 917 1556 deos
935 1501 1228 1572 appellant
1249 1501 1525 1572 dispares
1547 1517 1718 1570 sexu,
1761 1499 2089 1554 dissimiles

419 1593 736 1660 potestate:
761 1589 860 1647 isti
881 1591 1225 1646 Trinitatem
1257 1593 1536 1646 asserunt
1565 1589 1896 1646 differentis
1935 1589 2088 1644 divi-

418 1679 638 1749 nitatis,
663 1682 721 1733 et
741 1679 1056 1734 dissimilis
1077 1680 1408 1751 potestatis.
1445 1679 1534 1734 llli
1565 1679 1812 1734 deorum
1843 1693 2090 1734 suorum

418 1768 776 1839 principium
797 1773 1148 1824 asseverant
1167 1768 1522 1839 temporale;
1555 1771 1612 1823 et
1643 1769 1743 1823 isti
1789 1767 2090 1822 Christum

421 1857 681 1928 ccepisse
705 1873 780 1913 ex
803 1861 1064 1929 tempore
1089 1858 1465 1912 mentiuntur.
1492 1857 1703 1912 Nonne
1723 1873 1795 1912 ex
1817 1855 2088 1926 philoso-

2201 649 2528 703 creaturam
2556 649 2613 702 et
2642 643 2950 702 Dominum
2983 659 3122 699 esse
3151 643 3476 698 distantiam
3505 645 3639 714 (19):
3681 650 3792 719 quia

2201 737 2462 792 servitus
2495 737 2762 792 creatura
2792 736 2920 789 est:
2980 755 3001 782 α
3057 731 3342 787 Dominus
3373 735 3554 786 autem
3596 736 3802 805 spiritus

2201 830 2332 895 est;
2381 825 2484 880 ubi
2523 827 2719 880 autem
2769 822 3017 894 spiritus
3067 820 3300 876 Domini
3345 823 3450 890 est,
3498 821 3572 876 ibi
3601 822 3802 881 libertas

2201 915 2289 986 (II
2315 915 2451 970 Cor.
2483 931 2566 985 ιιι,
2601 913 2709 983 1Ἷ).
2748 933 2770 962 »
3323 967 3328 974 ,

2269 1005 2358 1059 88.
2390 1002 2536 1069 Quis
2567 1003 2725 1057 hunc
2755 1001 2986 1056 induxit
3015 1015 3297 1070 errorem,
3329 1002 3391 1054 ut
3410 1015 3537 1056 eum
3555 1002 3646 1072 qui
3671 1018 3804 1057 crea-

2201 1093 2282 1148 vit
2331 1091 2564 1162 omnia,
2623 1091 2724 1163 qui
2773 1090 2913 1146 t‘ecit
2969 1088 3185 1158 omnia,
3219 1089 3439 1143 diceret
3489 1092 3810 1146 creaturam?

2200 1181 2500 1254 Numquid
2551 1181 2678 1252 ipse
2711 1180 2996 1236 Dominus
3045 1194 3112 1233 se
3143 1177 3412 1232 creavit?
3451 1177 3511 1232 Si
3551 1179 3690 1232 enim
3714 1180 3816 1235 lec-

2197 1273 2317 1326 tum
2349 1273 2440 1326 est
2469 1269 2628 1343 quod
2661 1292 2683 1316 α
2717 1285 2824 1340 per
2852 1268 3047 1340 ipsum
3079 1267 3276 1322 omnia
3301 1265 3449 1320 facta
3467 1269 3614 1336 sunt,
3633 1271 3683 1322 et
3700 1267 3806 1323 sine

2197 1360 2329 1432 ipso
2360 1359 2576 1414 factum
2605 1359 2699 1413 est
2727 1357 2872 1412 nihil
2913 1356 3103 1428 (Joan.
3138 1373 3177 1424 ι,
3210 1355 3308 1425 3);
3347 1375 3368 1404 ι
3421 1357 3688 1428 numquid
3715 1356 3818 1428 ipse

2199 1463 2267 1503 se
2297 1448 2482 1503 fecit?
2509 1438 2660 1503 462
2685 1445 2748 1502 Si
2779 1447 2997 1502 lectum
3029 1447 3140 1514 est,
3175 1443 3333 1516 quod
3365 1443 3567 1516 negari
3614 1460 3717 1499 non
3737 1460 3850 1515 po--

2197 1539 2333 1606 test,
2369 1535 2468 1608 qui
2499 1536 2659 1592 Deus
2687 1535 2748 1590 in
2781 1535 3068 1606 sapientia
3105 1533 3245 1589 fecit
3293 1533 3487 1588 omnia
3517 1532 3694 1603 (Psal.
3727 1551 3824 1598 Clll,

2197 1626 2288 1696 24)
2316 1641 2328 1682 :
2361 1625 2644 1697 numquid
2676 1625 3000 1680 verisimile
3042 1623 3232 1678 videri
3282 1625 3481 1694 potest
3508 1623 3639 1692 quia
3682 1623 3734 1676 in
3773 1639 3826 1677 se

2201 1716 2330 1787 ipsa
2362 1716 2477 1787 (50)
2508 1717 2604 1769 est
2636 1714 2786 1768 facta
2809 1713 3096 1784 sapientia
3117 1714 3144 1767 ‘?

2270 1821 2360 1877 89.
2393 1822 2675 1894 Legimus
2703 1821 2964 1894 genitum
2991 1863 3004 1890 ,
3055 1820 3192 1892 quia
3237 1819 3413 1874 Pater
3459 1818 3640 1874 dixit:
3677 1841 3696 1866 α
3729 1818 3832 1891 Ego

429 1907 678 1928 -πτ-π-
708 1907 780 1913 ν--
806 1907 1017 1929 --η-τ--
1037 1907 1061 1912 -
1089 1907 1465 1912 "ww—mum-
1493 1907 1698 1912 -ην---η
1728 1907 1795 1912 -η
1821 1907 2045 1926 rw-"
2794 1909 2806 1921 .
3204 1909 3215 1920 .

415 1945 554 2016 phia
587 1961 821 2002 omnem
844 1947 1159 2017 impietatis
1179 1963 1305 2002 suae
1335 1949 1642 2002 traxerunt
1673 1946 1977 2000 colorem?
1999 1945 2092 2000 llli
2120 1923 2176 1988 Β
2301 1913 2472 2017 Et???
3245 1911 3305 2017 ῳ
3338 1907 3832 2017 (Ξῗηιξ,ηξξῖᾍ3)ξ,’

417 2030 616 2089 tamen
661 2036 819 2108 quod
865 2039 1241 2104 venerantur,
1291 2036 1681 2106 ainpliticant:
1719 2035 1812 2089 isti
1865 2035 1966 2088 Dei
1999 2034 2092 2090 Fi-

416 2121 560 2179 lium
591 2129 919 2180 creaturam
951 2128 1231 2182 asserunt
1260 2141 1420 2195 esse,
1456 2125 1558 2196 qui
1591 2125 1748 2180 Deus
1782 2128 1892 2179 est.

1023 2250 1276 2304 CAPUT
1329 2249 1483 2304 XIV.

422 2372 772 2429 Creaturam
835 2391 946 2430 non
977 2391 1112 2430 esse
1171 2375 1284 2429 Dei
1313 2373 1528 2429 Filium
1577 2374 1716 2429 hinc
1765 2373 2088 2444 astruitur,

490 2445 640 2518 quod
685 2462 796 2500 non
831 2447 1096 2516 jusserit
1135 2446 1258 2499 sibi
1295 2446 1624 2518 praedicari
1670 2445 2086 2518 Is'vangelium,

489 2517 640 2588 quod
667 2524 943 2571 creatura
982 2518 1232 2588 vanitati
1277 2517 1518 2571 subdita
1564 2519 1665 2584 sit,
1705 2517 1856 2588 quod
1899 2519 2090 2588 omnia

487 2587 814 2660 creaverit,
851 2588 1000 2660 quod
1047 2587 1285 2660 legatur
1334 2588 1599 2660 genitus.
1655 2587 1816 2660 quod,
1852 2587 2089 2660 tandem

491 2658 712 2712 tradita
744 2657 933 2730 fuerit
959 2657 1372 2728 generationis
1428 2665 1486 2730 et
1518 2657 1860 2730 adeptionis
1909 2657 2090 2711 dim}-

488 2730 686 2802 rentia
711 2749 728 2784 :
764 2729 864 2784 ubi
895 2735 1142 2802 utraque
1201 2737 1410 2802 natura
1443 2729 1503 2782 in
1540 2729 1689 2802 ipso,
1726 2729 2087 2802 declaratur.

492 2799 632 2865 Quae
663 2805 746 2872 tot
776 2817 844 2855 ac
875 2799 1055 2855 tanta
1070 2801 1406 2856 testimonia
1441 2799 1749 2872 apostolici
1799 2800 1949 2854 dicti
1979 2817 2088 2854 0.x"-

481 2871 780 2943 positione
811 2872 1257 2928 confirmantur.

486 2995 574 3050 86.
624 2996 820 3067 (Alias
865 3013 992 3068 cap.
1045 2997 1162 3068 VI).
1199 2951 1412 3062 Patuit:
1441 3001 1502 3050 ut
1552 2997 1828 3065 arbitror,
1879 2998 2085 3051 sancte

415 3084 752 3156 imperator,
777 3101 967 3158 neque
991 3085 1343 3140 dissimilem
1369 3087 1546 3154 Patri,
1583 3101 1774 3158 neque
1817 3101 1891 3140 ex
1922 3087 2072 3139 tem-

413 3189 558 3246 pore
579 3189 716 3230 esse
738 3173 1051 3229 Dominum
1071 3175 1297 3230 Jesum.
1336 3177 1542 3230 Restat
1585 3177 1646 3230 ut
1674 3174 1819 3228 illud
1850 3189 2086 3246 quoque

417 3262 801 3336 sacrilegium
832 3264 1241 3336 redarguetur,
1283 3267 1340 3318 et
1387 3264 1711 3334 probemus
1758 3267 2086 3318 creaturam
2125 3282 2179 3347 ο
2266 3266 2356 3322 91.
2390 3266 2462 3321 Et
2491 3264 2750 3320 addidit:
2818 3288 2839 3312 α

415 3368 532 3407 non
555 3369 692 3408 esse
717 3353 819 3408 Dei
849 3353 1094 3409 Filium:
1129 3353 1188 3408 in
1217 3369 1334 3424 quo
1367 3353 1542 3408 nobis
1591 3353 1908 3424 przesentis
1959 3367 2088 3408 ora.

415 3441 615 3496 culum
635 3442 908 3498 lectionis
939 3443 1200 3513 aspirat;
1249 3443 1585 3497 audivimus
1615 3442 1771 3498 enim
1804 3441 1944 3515 legi,
1995 3441 2088 3496 di-

416 3535 584 3586 cente
615 3531 863 3586 Domino
890 3547 902 3586 :
942 3555 963 3578 «
986 3533 1065 3586 lte
1097 3531 1155 3586 in
1187 3532 1391 3586 orbem
1422 3532 1796 3599 universum,
1843 3535 1900 3585 et
1929 3547 2086 3602 pras-

415 3619 606 3675 dicate
628 3619 1016 3692 Evangelium
1049 3622 1348 3676 universae
1381 3625 1667 3676 creaturae
1718 3621 1932 3688 (Marc.
1965 3636 2086 3688 xvr,

415 3708 526 3777 15),
557 3731 578 3758 ιι
601 3709 708 3774 Qui
735 3710 1076 3765 universam
1101 3713 1429 3766 creaturam
1466 3710 1629 3780 dicit,
1673 3711 1892 3764 nullam
1922 3709 2089 3764 exci-

413 3799 519 3868 pit.
549 3797 620 3851 Et
651 3799 780 3852 ideo
815 3798 914 3852 ubi
946 3803 1104 3868 sunt,
1139 3799 1236 3870 qui
1269 3803 1599 3853 creaturam
1649 3798 1948 3853 Christum
1981 3815 2088 3868 ap-

415 3885 636 3955 pellant
656 3889 685 3941 ‘?
714 3887 862 3940 Nam
886 3888 937 3941 si
976 3891 1245 3943 creatura
1281 3890 1464 3956 esset,
1499 3888 1780 3958 numquid
1812 3887 1942 3958 ipse
1973 3887 2088 3941 sibi

415 3975 716 4030 mandaret
737 3975 1122 4048 Evangelium
1141 3977 1453 4048 praedicari
1473 3978 1501 4031 ?
1533 3977 1666 4030 Non
1700 3977 1880 4048 igitur
1919 3992 2090 4030 crea-

415 4065 545 4117 tura
576 4067 686 4134 est,
727 4065 830 4118 sed
864 4069 1116 4134 creator,
1149 4067 1248 4136 qui
1300 4065 1586 4120 docendae
1641 4069 1929 4120 creaturae
1961 4065 2090 4119 dis-

417 4151 630 4222 cipulis
663 4152 792 4208 suis
825 4153 1059 4208 mandat
1089 4153 1375 4208 ofﬁcium.

487 4259 574 4314 87.
609 4259 740 4314 Non
767 4263 1033 4315 creatura
1065 4261 1338 4316 Christus
1365 4277 1377 4316 :
1417 4282 1440 4311 ι
1471 4261 1718 4314 Vanitati
1741 4261 1948 4327 (enim)
1973 4277 2094 4314 cre-

413 4351 579 4404 atura
613 4348 885 4421 subjecta
919 4353 1028 4419 est,
1069 4373 1090 4398 ‹‹
1145 4351 1300 4404 sicut
1347 4351 1670 4420 Apostolus
1693 4349 1865 4434 dixit
1898 4349 2086 4417 (Rom.

415 4455 538 4507 vm,
562 4437 674 4509 20).
711 4439 1006 4511 Numquid
1043 4455 1186 4512 ergo
1209 4439 1482 4494 Christus
1517 4439 1828 4510 subjectus
1863 4441 1953 4492 est
1983 4455 2088 4492 va-

415 4528 580 4582 nitati
602 4530 632 4583 ‘!
667 4529 900 4584 Rursus
914 4527 1162 4600 exjusta
1181 4527 1449 4583 eumdem
1473 4527 1848 4599 Apostolum:
1873 4549 1894 4576 ιι
1921 4527 2090 4582 Crea-

2199 1999 2484 2072 Legimus
2513 1999 2970 2071 primogenitum
2999 1997 3237 2066 (Matth.
3276 2014 3317 2068 ι,
3361 1996 3475 2064 2'5).
3513 1996 3738 2063 Filium,
3768 1996 3838 2050 le-

2200 2089 2398 2162 gimus
2428 2087 2795 2160 unigenitum
2847 2087 3038 2156 tJoau.
3089 2103 3166 2154 tv,
3216 2085 3330 2150 16).
3387 2085 3842 2157 Primogenitum,

2199 2178 2336 2250 quia
2388 2193 2561 2234 nemo
2613 2181 2746 2232 ante
2789 2177 3028 2248 ipsum;
3079 2175 3486 2248 unigenitum,
3520 2175 3650 2245 quia
3705 2189 3848 2228 nemo

2201 2271 2336 2339 post
2366 2267 2582 2339 ipsum.
2619 2266 2914 2340 Legimus
2945 2265 3158 2320 etiam:
3196 2286 3217 2314 α
3253 2264 3709 2336 Generationem
3736 2261 3848 2333 ejus

2200 2357 2336 2428 quis
2367 2356 2670 2412 enarrabit
2695 2355 2834 2425 (Isa.
2873 2372 2990 2424 LIII,
3037 2355 3136 2424 8)?
3179 2375 3201 2402 ι
3263 2353 3745 2419 Gcnerationcm,
3775 2352 3850 2404 in-

2199 2446 2344 2518 quit,
2379 2461 2497 2502 non
2557 2445 2932 2500 creationem.
2983 2443 3133 2508 Quid
3176 2443 3276 2498 his
3329 2443 3512 2498 tantis
3545 2459 3614 2496 ac
3661 2441 3849 2496 talibus

2201 2535 2457 2590 conferri
2489 2536 2732 2606 potest?

2271 2643 2360 2696 90.
2379 2641 2648 2696 Ostendit
2681 2639 2855 2695 etiam
2878 2639 2986 2694 Dei
3026 2639 3212 2694 Filius
3251 2637 3599 2694 distantiam
3641 2651 3858 2710 genera-

2197 2731 2378 2788 tionis
2428 2733 2485 2785 et
2533 2730 2763 2802 gratiae,
2824 2729 3070 2784 dicens:
3125 2749 3148 2778 ε
3185 2727 3480 2784 Ascendo
3541 2727 3612 2780 ad
3656 2725 3858 2780 Patrem

2198 2837 2414 2892 meum,
2434 2823 2493 2876 et
2514 2820 2748 2874 Patrem
2772 2821 3035 2873 vestrum
3059 2833 3074 2888 ;
3110 2817 3302 2872 Deum
3357 2833 3584 2886 meum,
3617 2817 3673 2870 et
3701 2815 3861 2868 Deum

2195 2909 2677 2976 vestrum(Joan.
2715 2925 2816 2977 xx,
2861 2907 2970 2977 l7).
3010 2929 3030 2955 ιι
3087 2906 3221 2962 Νοιι
3255 2906 3452 2962 dixit:
3510 2903 3780 2960 Ascendo
3805 2900 3867 2955 ad

2201 3001 2431 3054 Patrem
2452 3001 2743 3067 nostrum,
2765 2996 2902 3052 sed:
2933 3019 2956 3043 ιι
2979 2995 3262 3051 Ascendo
3282 2995 3362 3050 ad
3396 2995 3640 3050 Patrem
3668 3006 3862 3056 meum,

2199 3091 2256 3144 et
2301 3087 2534 3142 Patrem
2581 3089 2866 3141 vestrum.
2905 3107 2926 3135 »
2961 3085 3270 3156 Separatio
3325 3084 3447 3140 ista
3483 3081 3870 3140 diversitatem

2197 3177 2476 3248 ostendit,
2508 3175 2668 3248 quod
2697 3175 2858 3230 illius
2890 3176 3230 3246 generator,
3267 3178 3493 3229 noster
3525 3175 3756 3228 creator
3783 3169 3864 3222 sit.

2908 3264 3091 3318 Deum
3122 3278 3354 3334 meum,
3411 3264 3474 3318 et
3504 3263 3697 3318 Deum
3749 3273 3872 3312 ves-

2195 3359 2351 3411 trum
2377 3371 2392 3425 ;
2428 3379 2448 3403 n
2477 3355 2612 3430 quia
2636 3354 2772 3408 licet
2791 3353 2920 3425 ipse
2945 3355 3000 3407 et
3021 3352 3192 3407 Pater
3211 3369 3412 3407 unum
3439 3351 3586 3421 sint,
3621 3354 3678 3406 et
3696 3349 3773 3403 illi
3794 3347 3880 3400 Pa-

2196 3448 2288 3500 ter
2317 3444 2395 3500 sit
2420 3444 2774 3516 pr0prietate
2805 3444 3050 3510 naturae,
3087 3440 3269 3496 nobis
3303 3441 3481 3496 Deus
3511 3442 3684 3512 pater
3713 3450 3880 3508 caepe-

2195 3534 2273 3589 rit
2300 3549 2438 3588 esse
2459 3548 2565 3604 per
2588 3531 2822 3598 Filium,
2863 3546 2982 3586 non
3013 3533 3242 3585 naturae
3291 3529 3466 3602 jure,
3503 3529 3616 3584 sed
3649 3527 3877 3600 gratiae;

2197 3627 2391 3678 tamen
2404 3625 2713 3693 utramque
2736 3623 3000 3674 naturam
3026 3619 3124 3674 hic
3164 3619 3540 3692 significare
3578 3617 3808 3673 videtur
3831 3613 3881 3667 in

2196 3711 2434 3767 Christo
2457 3713 2514 3766 et
2533 3709 2858 3764 divinitatis
2881 3711 2938 3764 et
2961 3708 3160 3764 carnis
3185 3723 3202 3778 ς
3229 3709 3588 3764 divinitatis
3607 3723 3686 3762 ex
3708 3705 3877 3768 Patre,

2199 3801 2397 3855 carnis
2441 3815 2518 3854 ex
2558 3801 2762 3867 matre,
2811 3797 3090 3869 illamque
3129 3801 3272 3852 ante
3323 3798 3562 3867 omnia,
3613 3797 3883 3864 istamque

2197 3905 2274 3944 ex
2304 3888 2568 3962 Virgine.
2604 3888 2868 3958 Denique
2897 3890 3030 3940 ante
3057 3886 3296 3940 Patrem
3329 3891 3400 3942 ut
3426 3887 3626 3942 Filius
3658 3883 3891 3940 nomina-

2195 3979 2299 4047 vit,
2335 3977 2522 4032 Deum
2551 3978 2759 4048 postea
2788 3977 2849 4030 ut
2877 3974 3055 4030 homo
3086 3982 3507 4048 nuncupavit.

2268 4085 2358 4140 92.
2386 4085 2620 4156 Ubique
2642 4085 2836 4138 autem
2859 4082 3047 4138 Deum
3068 4099 3275 4152 suum,
3321 4085 3499 4155 quod
3541 4099 3621 4140 cx
3655 4093 3888 4154 persona

2199 4173 2355 4228 dicat
2399 4172 2678 4242 hominis,
2726 4171 3063 4227 testimonia
3109 4171 3386 4228 docent:
3446 4195 3470 4223 α
3511 4174 3701 4240 Deus,
3755 4170 3893 4224 Deus

2203 4277 2391 4328 meus,
2441 4261 2678 4332 respice
2707 4275 2840 4330 me;
2875 4275 3056 4333 quare
3105 4275 3198 4315 me
3256 4262 3668 4335 dereliquisti
3717 4254 3889 4330 (Psal.

2199 4369 2324 4421 χχι,
2355 4351 2458 4420 2)?
2493 4374 2514 4400 ιι
2552 4349 2622 4405 Et
2647 4349 2824 4404 alibi:
2865 4371 2886 4398 α
2924 4349 3006 4403 De
3037 4351 3251 4404 ventre
3287 4351 3520 4406 matris
3564 4366 3716 4406 meae
3755 4348 3896 4402 Deus

2197 4455 2368 4496 meus
2387 4443 2534 4495 estu
2573 4439 2748 4509 (Ibid.
2773 4438 2881 4508 tl).
2931 4460 2952 4486 ι
2995 4437 3065 4492 Et
3097 4453 3293 4508 supra
3321 4441 3514 4512 quasi
3549 4441 3734 4498 homo
3765 4435 3899 4510 pati-

2196 4533 2292 4584 tur
2315 4545 2328 4585 :
2363 4532 2420 4583 et
2443 4529 2593 4584 infra
2613 4529 2792 4584 homo
2813 4531 2924 4596 est,
2940 4527 3040 4600 qui
3061 4542 3138 4582 ex
3150 4529 3383 4584 matris
3399 4528 3893 4612 ventrejactatur.

414 4620 543 4672 tura
567 4618 959 4690 congemiscit
997 4621 1052 4672 et
1091 4618 1472 4688 comparturit
1509 4633 1699 4688 usque
1722 4633 1876 4671 nunc
1909 4615 2080 4681 (Ibid.
2120 4619 2395 4706 Dltaque
2443 4635 2574 4674 cum
2607 4617 2783 4673 dicit:
2843 4640 2864 4667 α
2902 4617 2986 4672 De
3033 4619 3250 4672 ventre
3287 4619 3522 4675 matris
3565 4634 3720 4675 metu
3759 4615 3902 4672 Deus

415 4707 528 4776 22).
559 4727 581 4756 ν
607 4706 906 4778 Numquid
931 4723 1078 4780 ergo
1109 4707 1385 4762 Christus
1423 4707 1815 4778 congemiscit
1834 4709 1890 4760 et
1921 4721 2086 4761 com-

415 4796 686 4866 parturit,
736 4797 836 4866 qui
882 4801 1122 4851 nostros
1153 4812 1184 4850 a
1232 4799 1418 4851 morte
1460 4796 1716 4868 gemitus
1768 4795 2088 4850 liberavit?

421 4904 444 4934 α
479 4884 778 4952 Creatura,
811 4885 1019 4956 inquit,
1053 4884 1402 4940 liberabitur
1429 4901 1464 4940 a
1506 4885 1792 4940 servitute
1834 4899 2084 4956 corrup-

489 5028 600 5096 (48)
627 5027 835 5098 Liquet
857 5043 931 5082 ex
952 5027 1066 5082 hoc
1099 5030 1217 5084 toto
1253 5027 1384 5082 loco
1409 5044 1612 5082 eorum
1635 5027 1733 5098 qui
1772 5031 1909 5082 tunc
1942 5031 2084 5098 tem-

489 5045 600 5096 (ιδ)
627 5045 688 5082 1.:
741 5045 835 5082 uel
857 5045 931 5082 ex
955 5045 1066 5082 noc
1099 5045 1217 5084 ιοιο
1256 5045 1384 5082 ιοοο
1409 5045 1612 5082 eorum
1635 5045 1733 5098 qui
1772 5045 1909 5082 tunc
1942 5045 2084 5081 tem-

416 5100 583 5171 poris
611 5045 1046 5171 phiiosophiam
1085 5098 1536 5171 profitebantur,
1572 5099 1859 5169 plurimos
1895 5097 2084 5171 idolis

415 5169 782 5240 inaneipatos
807 5169 1018 5224 fuisse.
1071 5169 1201 5224 Jam
1232 5170 1366 5225 inde
1417 5171 1490 5223 ab
1531 5187 1685 5224 anno
1731 5171 1854 5236 362,
1891 5170 2083 5241 legem

417 5245 697 5296 sanxerat
720 5241 989 5296 Julianus
1015 5242 1316 5311 Apostata,
1341 5257 1473 5312 quin
1507 5241 1879 5295 Christianos
1909 5257 1938 5292 a
1975 5242 2082 5295 do-

417 5313 624 5370 cendis
647 5313 1026 5368 disrendisve
1065 5313 1274 5368 litteris
1317 5313 1763 5368 humanioribus
1793 5329 1861 5367 ac
1895 5312 2083 5382 philo-

416 5384 625 5456 sophia
649 5385 702 5438 in
727 5384 1057 5456 gymnasiis
1079 5384 1333 5454 publicis
1352 5383 1723 5456 removebat:
1766 5382 1942 5456 cujus
1961 5384 2078 5456 leg.

414 5453 541 5512 3de
583 5453 793 5511 Medic.
847 5459 903 5510 et
953 5453 1387 5511 Prdiessllod.
1422 5455 1649 5509 'l‘hcod.
1695 5453 2078 5524 appendicem

415 5533 554 5583 esse
571 5528 870 5608 Duronius
889 5527 1184 5608 atquealii
1207 5527 1622 5608 observarunt.
1647 5525 1864 5608 Contra
1900 5524 2076 5608 cujus

415 5598 856 5680 constitutionis
879 5597 1250 5680 oinjustitiar‘n
1277 5597 1693 5680 reclam‘a‘runt
1737 5612 1856 5680 non
1904 5598 2076 5680 modo

413 5671 740 5740 scriptores
754 5666 1096 5736 Christiani,
1117 5667 1222 5740 sed
1237 5666 1724 5740 etiamintideles;
1747 5667 2076 5740 utilegimus

414 5737 570 5810 apud
606 5740 962 5812 Gregorium
1007 5739 1248 5812 Nazian.
1285 5742 1412 5812 orat
1443 5755 1460 5792 ι
1489 5738 1552 5793 in
1595 5737 1748 5810 Jul.;
1781 5737 2077 5812 Hierony-

413 5825 592 5877 mum,
627 5811 686 5864 in
719 5809 1049 5875 Clu'onico;
1099 5809 1510 5880 Ambrosium,
1552 5816 1760 5866 contra
1806 5809 2076 5884 Syllum,-

2196 4723 2366 4762 meus
2423 4723 2492 4763 es
2539 4709 2626 4776 tu,
2663 4729 2684 4754 ιι
2746 4705 3045 4778 significat
3073 4721 3210 4760 eum
3279 4707 3395 4780 qui
3433 4710 3624 4764 Pater
3681 4718 3904 4774 semper

2195 4799 2340 4868 erat,
2372 4812 2449 4852 ex
2477 4811 2548 4852 eo
2581 4795 2769 4852 Deum
2798 4793 2912 4850 sibi
2945 4809 3106 4865 esse,
3139 4809 3223 4850 ex
3258 4811 3396 4868 quo
3441 4797 3523 4854 de
3553 4801 3767 4854 ventre
3793 4807 3906 4848 ma-

2192 4885 2302 4940 tris
2328 4884 2589 4957 jaetatus
2611 4887 2722 4940 est.

2194 5026 2724 5099 Augustinum,de
2759 5025 2941 5099 Civit.
2989 5025 3099 5080 Dei
3128 5024 3242 5080 lib.
3315 5045 3506 5098 xvm,
3546 5046 3602 5085 c.
3654 5029 3728 5094 5;
3781 5027 3908 5080 Am-

2193 5097 2370 5154 mian.
2405 5097 2812 5154 Marcellinum
2843 5097 2946 5152 lib.
2980 5114 3125 5164 xxu,
3159 5099 3226 5150 et
3274 5097 3597 5155 alios.’At
3637 5099 3902 5154 revocata

2192 5170 2490 5242 invenitur
2533 5185 2603 5224 ea
2650 5169 2763 5242 lex_
2797 5184 2847 5242 a7
2887 5166 3344 5242 Yalentiniano,
3381 5172 3454 5226 ut
3500 5174 3672 5242 patet
3702 5187 3776 5225 ex
3806 5181 3910 5242 sc-

2191 5240 2510 5312 quentibus
2541 5256 2702 5294 num.
2735 5239 2770 5293 6
2798 5241 2856 5294 et
2898 5239 2952 5308 7,
2984 5239 3057 5312 in,
3088 5254 3251 5312 quas
3274 5239 3571 5312 iconsule
3621 5239 3907 5312 Godol’rc-

2190 5308 2349 5368 dum.
2383 5311 2528 5384 Cum
2560 5315 2756 5384 autem
2785 5309 2996 5382 pagani
3022 5309 3244 5384 iisdem
3271 5311 3542 5384 legibus
3576 5328 3610 5384 a
3644 5308 3906 5384 scientia-

2189 5400 2320 5438 rum
2383 5380 2942 5452 professione—non
2999 5380 3525 5452 prohiberentur,
3595 5383 3656 5440 in
3718 5381 3911 5442 eadem

2189 5453 2782 5526 publicegexercenda
2814 5458 3318 5526 perseverarunt.

2260 5523 2375 5592 (49)
2395 5524 2528 5596 Non
2547 5525 2718 5596 pauci
2734 5539 2911 5596 mss.,
2942 5545 2962 5572 α
2990 5525 3048 5578 et
3064 5523 3266 5596 Deum
3300 5540 3460 5583 esse
3485 5525 3858 5582 distantiam.
3888 5545 3904 5562 ις

2259 5596 2372 5666 (50)
2401 5594 2622 5670 Omnes
2653 5595 2791 5670 edit.
2840 5611 2974 5650 cum
3023 5594 3242 5670 paucis
3297 5613 3496 5668 mss.,
3543 5622 3565 5649 ε
3631 5598 3826 5670 quiaa
3855 5607 3918 5670 se

2185 5664 2336 5751 ipsa,
2367 5688 2390 5750 ξ
2427 5665 2779 5722 concinnius
2808 5682 2954 5722 vero
2990 5664 3137 5720 mss.
3183 5664 3395 5741 longe
3427 5664 3712 5740 plurimi,
3741 5690 3762 5716 ιι
3791 5666 3918 5740 quia

2185 5756 2247 5795 ιιι
2277 5753 2344 5795 se
2376 5754 2525 5810 ipsa.
2567 5762 2587 5785 ιι
