  <div class='ocr_page' id='page_1' title='image "/cluster/home/n/w/nwhite01/storage/ocr_20150623/16/hvd.32044096580444/292.png"; bbox 0 0 4050 6182; ppageno 0'>
   <div class='ocr_carea' id='block_1_1' title="bbox 127 395 237 461">
    <p class='ocr_par' dir='ltr' id='par_1_1' title="bbox 127 395 237 461">
     <span class='ocr_line' id='line_1_1' title="bbox 127 395 237 461; baseline -0.036 0"><span class='ocrx_word' id='word_1_1' title='bbox 127 395 237 461; x_wconf 83' lang='grc'>573</span> 
     </span>
    </p>
   </div>
   <div class='ocr_carea' id='block_1_2' title="bbox 1480 389 2090 456">
    <p class='ocr_par' dir='ltr' id='par_1_2' title="bbox 1480 389 2090 456">
     <span class='ocr_line' id='line_1_2' title="bbox 1480 389 2090 456; baseline 0 -1"><span class='ocrx_word' id='word_1_2' title='bbox 1480 389 1591 455; x_wconf 91' lang='lat' dir='ltr'>DE</span> <span class='ocrx_word' id='word_1_3' title='bbox 1622 390 1815 456; x_wconf 87' lang='lat' dir='ltr'>FIDE</span> <span class='ocrx_word' id='word_1_4' title='bbox 1845 391 1985 455; x_wconf 87' lang='lat' dir='ltr'>LIB</span> <span class='ocrx_word' id='word_1_5' title='bbox 2042 392 2090 455; x_wconf 94' lang='grc' dir='ltr'>Ι.</span> 
     </span>
    </p>
   </div>
   <div class='ocr_carea' id='block_1_3' title="bbox 3396 394 3512 457">
    <p class='ocr_par' dir='ltr' id='par_1_3' title="bbox 3396 394 3512 457">
     <span class='ocr_line' id='line_1_3' title="bbox 3396 394 3512 457; baseline -0.009 0"><span class='ocrx_word' id='word_1_6' title='bbox 3396 394 3512 457; x_wconf 79' lang='grc'>574</span> 
     </span>
    </p>
   </div>
   <div class='ocr_carea' id='block_1_4' title="bbox 175 575 3511 667">
    <p class='ocr_par' dir='ltr' id='par_1_4' title="bbox 175 575 3511 667">
     <span class='ocr_line' id='line_1_4' title="bbox 175 575 3511 667; baseline -0 -16"><span class='ocrx_word' id='word_1_7' title='bbox 175 594 245 651; x_wconf 84' lang='grc'>93.</span> <span class='ocrx_word' id='word_1_8' title='bbox 275 593 414 648; x_wconf 89' lang='lat' dir='ltr'>Cum</span> <span class='ocrx_word' id='word_1_9' title='bbox 438 592 614 666; x_wconf 89' lang='lat' dir='ltr'>igitur</span> <span class='ocrx_word' id='word_1_10' title='bbox 644 592 703 647; x_wconf 89' lang='lat' dir='ltr'>in</span> <span class='ocrx_word' id='word_1_11' title='bbox 722 592 1067 665; x_wconf 85' lang='lat' dir='ltr'>Evangelio,</span> <span class='ocrx_word' id='word_1_12' title='bbox 1100 591 1160 647; x_wconf 87' lang='lat' dir='ltr'>iu</span> <span class='ocrx_word' id='word_1_13' title='bbox 1182 593 1490 664; x_wconf 81' lang='lat' dir='ltr'>Apostolo,</span> <span class='ocrx_word' id='word_1_14' title='bbox 1515 593 1574 647; x_wconf 90' lang='lat' dir='ltr'>in</span> <span class='ocrx_word' id='word_1_15' title='bbox 1606 575 1818 663; x_wconf 49' lang='lat' dir='ltr'>pro-1X</span> <span class='ocrx_word' id='word_1_16' title='bbox 1917 592 2006 648; x_wconf 86' lang='lat'>9&#39;7.</span> <span class='ocrx_word' id='word_1_17' title='bbox 2055 594 2178 649; x_wconf 85' lang='lat' dir='ltr'>Nec</span> <span class='ocrx_word' id='word_1_18' title='bbox 2226 594 2609 651; x_wconf 72' lang='lat' dir='ltr'>dubitandum</span> <span class='ocrx_word' id='word_1_19' title='bbox 2656 594 2814 667; x_wconf 92' lang='lat' dir='ltr'>quod</span> <span class='ocrx_word' id='word_1_20' title='bbox 2870 596 3233 667; x_wconf 85' lang='lat' dir='ltr'>praeteritum</span> <span class='ocrx_word' id='word_1_21' title='bbox 3290 596 3511 667; x_wconf 84' lang='lat' dir='ltr'>posuit,</span> 
     </span>
    </p>
   </div>
   <div class='ocr_carea' id='block_1_5' title="bbox 106 681 1743 758">
    <p class='ocr_par' dir='ltr' id='par_1_5' title="bbox 106 681 1743 758">
     <span class='ocr_line' id='line_1_5' title="bbox 106 681 1743 758; baseline -0.002 -18"><span class='ocrx_word' id='word_1_22' title='bbox 106 685 275 758; x_wconf 88' lang='lat' dir='ltr'>phetis</span> <span class='ocrx_word' id='word_1_23' title='bbox 314 682 753 755; x_wconf 82' lang='lat' dir='ltr'>generationem</span> <span class='ocrx_word' id='word_1_24' title='bbox 784 681 1005 737; x_wconf 82' lang='lat' dir='ltr'>Christi</span> <span class='ocrx_word' id='word_1_25' title='bbox 1055 682 1403 755; x_wconf 77' lang='lat' dir='ltr'>legerimus,</span> <span class='ocrx_word' id='word_1_26' title='bbox 1447 682 1602 737; x_wconf 90' lang='lat' dir='ltr'>unde</span> <span class='ocrx_word' id='word_1_27' title='bbox 1636 698 1743 736; x_wconf 92' lang='lat' dir='ltr'>au-</span> 
     </span>
    </p>
   </div>
   <div class='ocr_carea' id='block_1_6' title="bbox 107 770 1738 843">
    <p class='ocr_par' dir='ltr' id='par_1_6' title="bbox 107 770 1738 843">
     <span class='ocr_line' id='line_1_6' title="bbox 107 770 1738 843; baseline -0.002 -15"><span class='ocrx_word' id='word_1_28' title='bbox 107 776 224 829; x_wconf 90' lang='lat' dir='ltr'>dent</span> <span class='ocrx_word' id='word_1_29' title='bbox 249 772 442 827; x_wconf 88' lang='lat' dir='ltr'>dicere</span> <span class='ocrx_word' id='word_1_30' title='bbox 467 777 727 826; x_wconf 88' lang='lat' dir='ltr'>creatum</span> <span class='ocrx_word' id='word_1_31' title='bbox 757 787 895 826; x_wconf 90' lang='lat' dir='ltr'>esse</span> <span class='ocrx_word' id='word_1_32' title='bbox 926 771 1019 826; x_wconf 90' lang='lat' dir='ltr'>vel</span> <span class='ocrx_word' id='word_1_33' title='bbox 1043 770 1305 826; x_wconf 80' lang='lat' dir='ltr'>factum?</span> <span class='ocrx_word' id='word_1_34' title='bbox 1338 774 1394 826; x_wconf 91' lang='lat' dir='ltr'>et</span> <span class='ocrx_word' id='word_1_35' title='bbox 1414 770 1651 843; x_wconf 87' lang='lat' dir='ltr'>quidem</span> <span class='ocrx_word' id='word_1_36' title='bbox 1683 772 1738 824; x_wconf 92' lang='lat' dir='ltr'>in</span> 
     </span>
    </p>
   </div>
   <div class='ocr_carea' id='block_1_7' title="bbox 104 860 1743 934">
    <p class='ocr_par' dir='ltr' id='par_1_7' title="bbox 104 860 1743 934">
     <span class='ocr_line' id='line_1_7' title="bbox 104 860 1743 934; baseline -0.002 -17"><span class='ocrx_word' id='word_1_37' title='bbox 104 879 201 934; x_wconf 86' lang='lat' dir='ltr'>quo</span> <span class='ocrx_word' id='word_1_38' title='bbox 230 865 480 916; x_wconf 88' lang='lat' dir='ltr'>creatum</span> <span class='ocrx_word' id='word_1_39' title='bbox 521 861 633 930; x_wconf 82' lang='grc'>(51)</span> <span class='ocrx_word' id='word_1_40' title='bbox 675 860 947 931; x_wconf 79' lang='lat' dir='ltr'>legerint,</span> <span class='ocrx_word' id='word_1_41' title='bbox 995 860 1055 914; x_wconf 90' lang='lat' dir='ltr'>in</span> <span class='ocrx_word' id='word_1_42' title='bbox 1101 876 1217 930; x_wconf 91' lang='lat' dir='ltr'>quo</span> <span class='ocrx_word' id='word_1_43' title='bbox 1269 860 1503 934; x_wconf 82' lang='lat' dir='ltr'>factum,</span> <span class='ocrx_word' id='word_1_44' title='bbox 1540 860 1743 914; x_wconf 91' lang='lat' dir='ltr'>consi-</span> 
     </span>
    </p>
   </div>
   <div class='ocr_carea' id='block_1_8' title="bbox 103 932 1744 1017">
    <p class='ocr_par' dir='ltr' id='par_1_8' title="bbox 103 932 1744 1017">
     <span class='ocr_line' id='line_1_8' title="bbox 103 932 1744 1017; baseline -0.001 -12"><span class='ocrx_word' id='word_1_45' title='bbox 103 932 283 1006; x_wconf 84' lang='lat' dir='ltr'>derare</span> <span class='ocrx_word' id='word_1_46' title='bbox 314 950 616 1004; x_wconf 87' lang='lat' dir='ltr'>deberent.</span> <span class='ocrx_word' id='word_1_47' title='bbox 665 949 950 1003; x_wconf 90' lang='lat' dir='ltr'>Edoctum</span> <span class='ocrx_word' id='word_1_48' title='bbox 981 951 1072 1003; x_wconf 90' lang='lat' dir='ltr'>est</span> <span class='ocrx_word' id='word_1_49' title='bbox 1103 949 1396 1017; x_wconf 45' lang='lat' dir='ltr'>enilelei</span> <span class='ocrx_word' id='word_1_50' title='bbox 1430 932 1641 1003; x_wconf 63' lang='lat' dir='ltr'>Filium</span> <span class='ocrx_word' id='word_1_51' title='bbox 1673 948 1744 1003; x_wconf 91' lang='lat' dir='ltr'>de</span> 
     </span>
    </p>
   </div>
   <div class='ocr_carea' id='block_1_9' title="bbox 102 1037 1743 1110">
    <p class='ocr_par' dir='ltr' id='par_1_9' title="bbox 102 1037 1743 1110">
     <span class='ocr_line' id='line_1_9' title="bbox 102 1037 1743 1110; baseline -0.003 -14"><span class='ocrx_word' id='word_1_52' title='bbox 102 1041 205 1096; x_wconf 88' lang='lat' dir='ltr'>Deo</span> <span class='ocrx_word' id='word_1_53' title='bbox 232 1054 365 1094; x_wconf 88' lang='lat' dir='ltr'>esse</span> <span class='ocrx_word' id='word_1_54' title='bbox 389 1038 673 1110; x_wconf 90' lang='lat' dir='ltr'>genitum,</span> <span class='ocrx_word' id='word_1_55' title='bbox 719 1037 790 1091; x_wconf 91' lang='lat' dir='ltr'>de</span> <span class='ocrx_word' id='word_1_56' title='bbox 828 1038 947 1093; x_wconf 89' lang='lat' dir='ltr'>Deo</span> <span class='ocrx_word' id='word_1_57' title='bbox 984 1040 1183 1092; x_wconf 92' lang='lat' dir='ltr'>natum</span> <span class='ocrx_word' id='word_1_58' title='bbox 1236 1053 1249 1093; x_wconf 94' lang='lat'>:</span> <span class='ocrx_word' id='word_1_59' title='bbox 1293 1037 1513 1093; x_wconf 83' lang='lat' dir='ltr'>factum</span> <span class='ocrx_word' id='word_1_60' title='bbox 1553 1040 1743 1092; x_wconf 88' lang='lat' dir='ltr'>autem</span> 
     </span>
    </p>
   </div>
   <div class='ocr_carea' id='block_1_10' title="bbox 102 1126 1749 1201">
    <p class='ocr_par' dir='ltr' id='par_1_10' title="bbox 102 1126 1749 1201">
     <span class='ocr_line' id='line_1_10' title="bbox 102 1126 1749 1201; baseline -0.002 -18"><span class='ocrx_word' id='word_1_61' title='bbox 102 1131 151 1183; x_wconf 89' lang='lat' dir='ltr'>in</span> <span class='ocrx_word' id='word_1_62' title='bbox 198 1143 307 1201; x_wconf 86' lang='lat' dir='ltr'>quo</span> <span class='ocrx_word' id='word_1_63' title='bbox 348 1127 624 1199; x_wconf 79' lang='lat' dir='ltr'>legerint,</span> <span class='ocrx_word' id='word_1_64' title='bbox 680 1126 997 1199; x_wconf 80' lang='lat' dir='ltr'>diligenter</span> <span class='ocrx_word' id='word_1_65' title='bbox 1037 1126 1344 1180; x_wconf 87' lang='lat' dir='ltr'>advertant</span> <span class='ocrx_word' id='word_1_66' title='bbox 1377 1142 1389 1181; x_wconf 92' lang='lat'><strong>:</strong></span> <span class='ocrx_word' id='word_1_67' title='bbox 1432 1141 1551 1181; x_wconf 91' lang='lat' dir='ltr'>non</span> <span class='ocrx_word' id='word_1_68' title='bbox 1591 1127 1749 1181; x_wconf 92' lang='lat' dir='ltr'>enim</span> 
     </span>
    </p>
   </div>
   <div class='ocr_carea' id='block_1_11' title="bbox 102 1215 1750 1286">
    <p class='ocr_par' dir='ltr' id='par_1_11' title="bbox 102 1215 1750 1286">
     <span class='ocr_line' id='line_1_11' title="bbox 102 1215 1750 1286; baseline -0.003 -12"><span class='ocrx_word' id='word_1_69' title='bbox 102 1219 237 1274; x_wconf 88' lang='lat' dir='ltr'>Deus</span> <span class='ocrx_word' id='word_1_70' title='bbox 267 1217 480 1285; x_wconf 76' lang='lat' dir='ltr'>iactus,</span> <span class='ocrx_word' id='word_1_71' title='bbox 515 1215 621 1270; x_wconf 87' lang='lat' dir='ltr'>sed</span> <span class='ocrx_word' id='word_1_72' title='bbox 655 1216 814 1271; x_wconf 88' lang='lat' dir='ltr'>Deus</span> <span class='ocrx_word' id='word_1_73' title='bbox 836 1216 941 1271; x_wconf 90' lang='lat' dir='ltr'>Dei</span> <span class='ocrx_word' id='word_1_74' title='bbox 963 1215 1149 1271; x_wconf 87' lang='lat' dir='ltr'>Filius</span> <span class='ocrx_word' id='word_1_75' title='bbox 1168 1219 1341 1270; x_wconf 88' lang='lat' dir='ltr'>natus</span> <span class='ocrx_word' id='word_1_76' title='bbox 1365 1219 1456 1271; x_wconf 88' lang='lat' dir='ltr'>est</span> <span class='ocrx_word' id='word_1_77' title='bbox 1486 1232 1499 1271; x_wconf 92' lang='lat'><strong><em>:</em></strong></span> <span class='ocrx_word' id='word_1_78' title='bbox 1542 1220 1750 1286; x_wconf 88' lang='lat' dir='ltr'>postea</span> 
     </span>
    </p>
   </div>
   <div class='ocr_carea' id='block_1_12' title="bbox 108 1305 1743 1362">
    <p class='ocr_par' dir='ltr' id='par_1_12' title="bbox 108 1305 1743 1362">
     <span class='ocr_line' id='line_1_12' title="bbox 108 1305 1743 1362; baseline -0.001 0"><span class='ocrx_word' id='word_1_79' title='bbox 108 1312 274 1362; x_wconf 87' lang='lat' dir='ltr'>autem</span> <span class='ocrx_word' id='word_1_80' title='bbox 294 1305 625 1361; x_wconf 88' lang='lat' dir='ltr'>secundum</span> <span class='ocrx_word' id='word_1_81' title='bbox 647 1321 883 1360; x_wconf 87' lang='lat' dir='ltr'>carnem</span> <span class='ocrx_word' id='word_1_82' title='bbox 907 1305 1082 1360; x_wconf 89' lang='lat' dir='ltr'>homo</span> <span class='ocrx_word' id='word_1_83' title='bbox 1106 1305 1298 1360; x_wconf 83' lang='lat' dir='ltr'>factus</span> <span class='ocrx_word' id='word_1_84' title='bbox 1316 1321 1391 1360; x_wconf 89' lang='lat' dir='ltr'>ex</span> <span class='ocrx_word' id='word_1_85' title='bbox 1420 1305 1599 1359; x_wconf 87' lang='lat' dir='ltr'>Maria</span> <span class='ocrx_word' id='word_1_86' title='bbox 1633 1308 1743 1360; x_wconf 90' lang='lat' dir='ltr'>est.</span> 
     </span>
    </p>
   </div>
   <div class='ocr_carea' id='block_1_13' title="bbox 158 1394 1752 1464">
    <p class='ocr_par' dir='ltr' id='par_1_13' title="bbox 158 1394 1752 1464">
     <span class='ocr_line' id='line_1_13' title="bbox 158 1394 1752 1464; baseline -0.003 -13"><span class='ocrx_word' id='word_1_87' title='bbox 158 1395 327 1457; x_wconf 63' lang='lat' dir='ltr'>92.,Si</span> <span class='ocrx_word' id='word_1_88' title='bbox 363 1394 509 1448; x_wconf 89' lang='lat' dir='ltr'>mihi</span> <span class='ocrx_word' id='word_1_89' title='bbox 550 1410 668 1449; x_wconf 88' lang='lat' dir='ltr'>non</span> <span class='ocrx_word' id='word_1_90' title='bbox 722 1395 1003 1463; x_wconf 87' lang='lat' dir='ltr'>credunt,</span> <span class='ocrx_word' id='word_1_91' title='bbox 1055 1395 1298 1449; x_wconf 86' lang='lat' dir='ltr'>credant</span> <span class='ocrx_word' id='word_1_92' title='bbox 1331 1395 1617 1464; x_wconf 85' lang='lat' dir='ltr'>Apostolo</span> <span class='ocrx_word' id='word_1_93' title='bbox 1658 1394 1752 1447; x_wconf 88' lang='lat' dir='ltr'>di-</span> 
     </span>
    </p>
   </div>
   <div class='ocr_carea' id='block_1_14' title="bbox 105 1482 1748 1555">
    <p class='ocr_par' dir='ltr' id='par_1_14' title="bbox 105 1482 1748 1555">
     <span class='ocr_line' id='line_1_14' title="bbox 105 1482 1748 1555; baseline -0.002 -16"><span class='ocrx_word' id='word_1_94' title='bbox 105 1485 233 1539; x_wconf 85' lang='lat' dir='ltr'>centi</span> <span class='ocrx_word' id='word_1_95' title='bbox 266 1501 276 1537; x_wconf 91' lang='lat'>:</span> <span class='ocrx_word' id='word_1_96' title='bbox 315 1504 337 1533; x_wconf 78' lang='grc' dir='ltr'>ι</span> <span class='ocrx_word' id='word_1_97' title='bbox 374 1484 700 1555; x_wconf 85' lang='lat' dir='ltr'>Postquam</span> <span class='ocrx_word' id='word_1_98' title='bbox 728 1499 872 1539; x_wconf 89' lang='lat' dir='ltr'>vero</span> <span class='ocrx_word' id='word_1_99' title='bbox 922 1484 1079 1539; x_wconf 83' lang='lat' dir='ltr'>venit</span> <span class='ocrx_word' id='word_1_100' title='bbox 1112 1483 1411 1554; x_wconf 88' lang='lat' dir='ltr'>plenitudo</span> <span class='ocrx_word' id='word_1_101' title='bbox 1442 1482 1748 1553; x_wconf 87' lang='lat' dir='ltr'>temporis,</span> 
     </span>
    </p>
   </div>
   <div class='ocr_carea' id='block_1_15' title="bbox 102 1572 1750 1641">
    <p class='ocr_par' dir='ltr' id='par_1_15' title="bbox 102 1572 1750 1641">
     <span class='ocr_line' id='line_1_15' title="bbox 102 1572 1750 1641; baseline -0.002 -13"><span class='ocrx_word' id='word_1_102' title='bbox 102 1575 237 1629; x_wconf 88' lang='lat' dir='ltr'>misit</span> <span class='ocrx_word' id='word_1_103' title='bbox 268 1574 422 1627; x_wconf 88' lang='lat' dir='ltr'>Deus</span> <span class='ocrx_word' id='word_1_104' title='bbox 448 1573 662 1627; x_wconf 84' lang='lat' dir='ltr'>Filium</span> <span class='ocrx_word' id='word_1_105' title='bbox 695 1589 868 1627; x_wconf 90' lang='lat' dir='ltr'>suum</span> <span class='ocrx_word' id='word_1_106' title='bbox 893 1573 1108 1627; x_wconf 82' lang='lat' dir='ltr'>factum</span> <span class='ocrx_word' id='word_1_107' title='bbox 1142 1589 1216 1627; x_wconf 78' lang='lat' dir='ltr'>ex</span> <span class='ocrx_word' id='word_1_108' title='bbox 1247 1572 1511 1641; x_wconf 88' lang='lat' dir='ltr'>muliere,</span> <span class='ocrx_word' id='word_1_109' title='bbox 1532 1572 1750 1626; x_wconf 86' lang='lat' dir='ltr'>factum</span> 
     </span>
    </p>
   </div>
   <div class='ocr_carea' id='block_1_16' title="bbox 104 1661 1752 1734">
    <p class='ocr_par' dir='ltr' id='par_1_16' title="bbox 104 1661 1752 1734">
     <span class='ocr_line' id='line_1_16' title="bbox 104 1661 1752 1734; baseline -0.002 -17"><span class='ocrx_word' id='word_1_110' title='bbox 104 1664 196 1717; x_wconf 86' lang='lat' dir='ltr'>sub</span> <span class='ocrx_word' id='word_1_111' title='bbox 222 1663 348 1734; x_wconf 84' lang='lat' dir='ltr'>lege</span> <span class='ocrx_word' id='word_1_112' title='bbox 379 1661 606 1733; x_wconf 82' lang='lat' dir='ltr'>(Galat.</span> <span class='ocrx_word' id='word_1_113' title='bbox 641 1679 719 1731; x_wconf 83' lang='lat' dir='ltr'>iv,</span> <span class='ocrx_word' id='word_1_114' title='bbox 754 1663 829 1730; x_wconf 76' lang='lat'>4).</span> <span class='ocrx_word' id='word_1_115' title='bbox 868 1683 889 1710; x_wconf 68' lang='grc' dir='ltr'><strong><em>ι</em></strong></span> <span class='ocrx_word' id='word_1_116' title='bbox 924 1661 1140 1715; x_wconf 86' lang='lat' dir='ltr'>Filium</span> <span class='ocrx_word' id='word_1_117' title='bbox 1172 1662 1380 1732; x_wconf 87' lang='lat' dir='ltr'>inquit,</span> <span class='ocrx_word' id='word_1_118' title='bbox 1415 1676 1600 1729; x_wconf 88' lang='lat' dir='ltr'>suum,</span> <span class='ocrx_word' id='word_1_119' title='bbox 1635 1676 1752 1715; x_wconf 90' lang='lat' dir='ltr'>non</span> 
     </span>
    </p>
   </div>
   <div class='ocr_carea' id='block_1_17' title="bbox 105 1748 1752 1818">
    <p class='ocr_par' dir='ltr' id='par_1_17' title="bbox 105 1748 1752 1818">
     <span class='ocr_line' id='line_1_17' title="bbox 105 1748 1752 1818; baseline -0.003 -12"><span class='ocrx_word' id='word_1_120' title='bbox 105 1768 257 1806; x_wconf 89' lang='lat' dir='ltr'>unum</span> <span class='ocrx_word' id='word_1_121' title='bbox 277 1752 348 1806; x_wconf 91' lang='lat' dir='ltr'>de</span> <span class='ocrx_word' id='word_1_122' title='bbox 369 1751 581 1805; x_wconf 89' lang='lat' dir='ltr'>multis</span> <span class='ocrx_word' id='word_1_123' title='bbox 614 1767 626 1805; x_wconf 92' lang='lat'>:</span> <span class='ocrx_word' id='word_1_124' title='bbox 660 1767 778 1807; x_wconf 90' lang='lat' dir='ltr'>non</span> <span class='ocrx_word' id='word_1_125' title='bbox 798 1767 1189 1818; x_wconf 86' lang='lat' dir='ltr'>communem,</span> <span class='ocrx_word' id='word_1_126' title='bbox 1223 1750 1329 1805; x_wconf 92' lang='lat' dir='ltr'>sed</span> <span class='ocrx_word' id='word_1_127' title='bbox 1352 1766 1545 1804; x_wconf 89' lang='lat' dir='ltr'>suum.</span> <span class='ocrx_word' id='word_1_128' title='bbox 1571 1748 1752 1803; x_wconf 85' lang='lat' dir='ltr'>Suum</span> 
     </span>
    </p>
   </div>
   <div class='ocr_carea' id='block_1_18' title="bbox 105 1838 1753 1912">
    <p class='ocr_par' dir='ltr' id='par_1_18' title="bbox 105 1838 1753 1912">
     <span class='ocr_line' id='line_1_18' title="bbox 105 1838 1753 1912; baseline -0.002 -18"><span class='ocrx_word' id='word_1_129' title='bbox 105 1857 215 1894; x_wconf 90' lang='lat' dir='ltr'>cum</span> <span class='ocrx_word' id='word_1_130' title='bbox 237 1841 391 1907; x_wconf 89' lang='lat' dir='ltr'>dicit,</span> <span class='ocrx_word' id='word_1_131' title='bbox 428 1840 839 1912; x_wconf 84' lang='lat' dir='ltr'>generationis</span> <span class='ocrx_word' id='word_1_132' title='bbox 859 1842 1097 1895; x_wconf 64' lang='lat' dir='ltr'>aeternae</span> <span class='ocrx_word' id='word_1_133' title='bbox 1120 1840 1536 1910; x_wconf 75' lang='lat' dir='ltr'>proprietatem</span> <span class='ocrx_word' id='word_1_134' title='bbox 1559 1838 1753 1910; x_wconf 88' lang='lat' dir='ltr'>signi-</span> 
     </span>
    </p>
   </div>
   <div class='ocr_carea' id='block_1_19' title="bbox 107 1928 1827 2021">
    <p class='ocr_par' dir='ltr' id='par_1_19' title="bbox 107 1928 1827 2021">
     <span class='ocr_line' id='line_1_19' title="bbox 107 1928 1827 2021; baseline -0.001 -38"><span class='ocrx_word' id='word_1_135' title='bbox 107 1930 291 1984; x_wconf 81' lang='lat' dir='ltr'>ﬁcavit.</span> <span class='ocrx_word' id='word_1_136' title='bbox 328 1930 507 1984; x_wconf 81' lang='lat' dir='ltr'>Hunc</span> <span class='ocrx_word' id='word_1_137' title='bbox 558 1931 761 2000; x_wconf 86' lang='lat' dir='ltr'>postea</span> <span class='ocrx_word' id='word_1_138' title='bbox 798 1928 1013 1982; x_wconf 78' lang='lat' dir='ltr'>factum</span> <span class='ocrx_word' id='word_1_139' title='bbox 1059 1945 1136 1983; x_wconf 79' lang='lat' dir='ltr'>ex</span> <span class='ocrx_word' id='word_1_140' title='bbox 1177 1928 1429 1982; x_wconf 81' lang='lat' dir='ltr'>muliere</span> <span class='ocrx_word' id='word_1_141' title='bbox 1468 1928 1747 1997; x_wconf 91' lang='lat' dir='ltr'>asseruit,</span> <span class='ocrx_word' id='word_1_142' title='bbox 1780 1961 1827 2021; x_wconf 79' lang='grc' dir='ltr'>Β</span> 
     </span>
    </p>
   </div>
   <div class='ocr_carea' id='block_1_20' title="bbox 109 2016 1753 2088">
    <p class='ocr_par' dir='ltr' id='par_1_20' title="bbox 109 2016 1753 2088">
     <span class='ocr_line' id='line_1_20' title="bbox 109 2016 1753 2088; baseline -0.001 -15"><span class='ocrx_word' id='word_1_143' title='bbox 109 2023 156 2072; x_wconf 82' lang='grc' dir='ltr'>ιιι</span> <span class='ocrx_word' id='word_1_144' title='bbox 182 2019 394 2073; x_wconf 78' lang='lat' dir='ltr'>iactura</span> <span class='ocrx_word' id='word_1_145' title='bbox 426 2034 553 2073; x_wconf 89' lang='lat' dir='ltr'>non</span> <span class='ocrx_word' id='word_1_146' title='bbox 582 2017 891 2088; x_wconf 86' lang='lat' dir='ltr'>divinitati,</span> <span class='ocrx_word' id='word_1_147' title='bbox 917 2018 1022 2072; x_wconf 91' lang='lat' dir='ltr'>sed</span> <span class='ocrx_word' id='word_1_148' title='bbox 1054 2018 1451 2088; x_wconf 88' lang='lat' dir='ltr'>assumptioni</span> <span class='ocrx_word' id='word_1_149' title='bbox 1482 2016 1753 2087; x_wconf 86' lang='lat' dir='ltr'>corporis</span> 
     </span>
    </p>
   </div>
   <div class='ocr_carea' id='block_1_21' title="bbox 105 2107 1755 2177">
    <p class='ocr_par' dir='ltr' id='par_1_21' title="bbox 105 2107 1755 2177">
     <span class='ocr_line' id='line_1_21' title="bbox 105 2107 1755 2177; baseline -0.001 -16"><span class='ocrx_word' id='word_1_150' title='bbox 105 2109 479 2163; x_wconf 85' lang='lat' dir='ltr'>ascriberetur</span> <span class='ocrx_word' id='word_1_151' title='bbox 537 2124 548 2163; x_wconf 91' lang='lat'>:</span> <span class='ocrx_word' id='word_1_152' title='bbox 598 2107 818 2163; x_wconf 79' lang='lat' dir='ltr'>factum</span> <span class='ocrx_word' id='word_1_153' title='bbox 862 2123 940 2163; x_wconf 80' lang='lat' dir='ltr'>ex</span> <span class='ocrx_word' id='word_1_154' title='bbox 966 2107 1219 2162; x_wconf 90' lang='lat' dir='ltr'>muliere</span> <span class='ocrx_word' id='word_1_155' title='bbox 1249 2122 1355 2177; x_wconf 89' lang='lat' dir='ltr'>per</span> <span class='ocrx_word' id='word_1_156' title='bbox 1386 2107 1582 2161; x_wconf 87' lang='lat' dir='ltr'>carnis</span> <span class='ocrx_word' id='word_1_157' title='bbox 1612 2122 1755 2161; x_wconf 87' lang='lat' dir='ltr'>sus-</span> 
     </span>
    </p>
   </div>
   <div class='ocr_carea' id='block_1_22' title="bbox 108 2195 1755 2268">
    <p class='ocr_par' dir='ltr' id='par_1_22' title="bbox 108 2195 1755 2268">
     <span class='ocr_line' id='line_1_22' title="bbox 108 2195 1755 2268; baseline -0.001 -17"><span class='ocrx_word' id='word_1_158' title='bbox 108 2199 405 2268; x_wconf 78' lang='lat' dir='ltr'>captionem</span> <span class='ocrx_word' id='word_1_159' title='bbox 438 2214 451 2253; x_wconf 92' lang='lat'><strong>:</strong></span> <span class='ocrx_word' id='word_1_160' title='bbox 487 2196 711 2253; x_wconf 76' lang='lat' dir='ltr'>factum</span> <span class='ocrx_word' id='word_1_161' title='bbox 747 2196 859 2252; x_wconf 89' lang='lat' dir='ltr'>sub</span> <span class='ocrx_word' id='word_1_162' title='bbox 890 2196 1024 2268; x_wconf 84' lang='lat' dir='ltr'>lege</span> <span class='ocrx_word' id='word_1_163' title='bbox 1052 2212 1159 2267; x_wconf 90' lang='lat' dir='ltr'>per</span> <span class='ocrx_word' id='word_1_164' title='bbox 1193 2195 1629 2251; x_wconf 87' lang='lat' dir='ltr'>observantiam</span> <span class='ocrx_word' id='word_1_165' title='bbox 1666 2195 1755 2249; x_wconf 87' lang='lat' dir='ltr'>le-</span> 
     </span>
    </p>
   </div>
   <div class='ocr_carea' id='block_1_23' title="bbox 108 2284 1758 2359">
    <p class='ocr_par' dir='ltr' id='par_1_23' title="bbox 108 2284 1758 2359">
     <span class='ocr_line' id='line_1_23' title="bbox 108 2284 1758 2359; baseline -0.002 -19"><span class='ocrx_word' id='word_1_166' title='bbox 108 2288 220 2357; x_wconf 83' lang='lat' dir='ltr'>gis;</span> <span class='ocrx_word' id='word_1_167' title='bbox 249 2287 559 2359; x_wconf 80' lang='lat' dir='ltr'>generatio</span> <span class='ocrx_word' id='word_1_168' title='bbox 579 2290 776 2342; x_wconf 87' lang='lat' dir='ltr'>autem</span> <span class='ocrx_word' id='word_1_169' title='bbox 803 2287 903 2341; x_wconf 90' lang='lat' dir='ltr'>illa</span> <span class='ocrx_word' id='word_1_170' title='bbox 934 2286 1199 2341; x_wconf 84' lang='lat' dir='ltr'>caelestis</span> <span class='ocrx_word' id='word_1_171' title='bbox 1229 2289 1361 2340; x_wconf 89' lang='lat' dir='ltr'>ante</span> <span class='ocrx_word' id='word_1_172' title='bbox 1392 2284 1609 2357; x_wconf 88' lang='lat' dir='ltr'>legem,</span> <span class='ocrx_word' id='word_1_173' title='bbox 1643 2284 1758 2338; x_wconf 89' lang='lat' dir='ltr'>ista</span> 
     </span>
    </p>
   </div>
   <div class='ocr_carea' id='block_1_24' title="bbox 109 2371 1754 2449">
    <p class='ocr_par' dir='ltr' id='par_1_24' title="bbox 109 2371 1754 2449">
     <span class='ocr_line' id='line_1_24' title="bbox 109 2371 1754 2449; baseline -0.001 -19"><span class='ocrx_word' id='word_1_174' title='bbox 109 2380 217 2445; x_wconf 87' lang='lat' dir='ltr'>post</span> <span class='ocrx_word' id='word_1_175' title='bbox 246 2377 432 2449; x_wconf 84' lang='lat' dir='ltr'>legem</span> <span class='ocrx_word' id='word_1_176' title='bbox 468 2377 675 2446; x_wconf 82' lang='lat' dir='ltr'>(Cone.</span> <span class='ocrx_word' id='word_1_177' title='bbox 719 2375 1072 2431; x_wconf 81' lang='lat' dir='ltr'>Chalcedon.</span> <span class='ocrx_word' id='word_1_178' title='bbox 1107 2378 1218 2430; x_wconf 84' lang='lat' dir='ltr'>act.</span> <span class='ocrx_word' id='word_1_179' title='bbox 1246 2393 1284 2446; x_wconf 78' lang='grc' dir='ltr'>ι,</span> <span class='ocrx_word' id='word_1_180' title='bbox 1319 2376 1379 2429; x_wconf 88' lang='lat' dir='ltr'>in</span> <span class='ocrx_word' id='word_1_181' title='bbox 1400 2374 1630 2446; x_wconf 72' lang='lat' dir='ltr'>exposit</span> <span class='ocrx_word' id='word_1_182' title='bbox 1653 2371 1754 2428; x_wconf 72' lang='lat' dir='ltr'>fit].</span> 
     </span>
    </p>
   </div>
   <div class='ocr_carea' id='block_1_25' title="bbox 110 2464 264 2519">
    <p class='ocr_par' dir='ltr' id='par_1_25' title="bbox 110 2464 264 2519">
     <span class='ocr_line' id='line_1_25' title="bbox 110 2464 264 2519; baseline 0.013 -2"><span class='ocrx_word' id='word_1_183' title='bbox 110 2464 221 2519; x_wconf 67' lang='lat' dir='ltr'>Nic.</span> <span class='ocrx_word' id='word_1_184' title='bbox 232 2474 243 2517; x_wconf 46' lang='grc' dir='ltr'>λ)</span> <span class='ocrx_word' id='word_1_185' title='bbox 252 2508 264 2519; x_wconf 93' lang='grc'><strong>.</strong></span> 
     </span>
    </p>
   </div>
   <div class='ocr_carea' id='block_1_26' title="bbox 565 2555 1170 2620">
    <p class='ocr_par' dir='ltr' id='par_1_26' title="bbox 565 2555 1170 2620">
     <span class='ocr_line' id='line_1_26' title="bbox 565 2555 1170 2620; baseline -0.003 0"><span class='ocrx_word' id='word_1_186' title='bbox 565 2555 714 2620; x_wconf 82' lang='grc'>463</span> <span class='ocrx_word' id='word_1_187' title='bbox 754 2564 1006 2619; x_wconf 79' lang='lat' dir='ltr'>CAPUT</span> <span class='ocrx_word' id='word_1_188' title='bbox 1047 2565 1170 2619; x_wconf 76' lang='lat' dir='ltr'>XV.</span> 
     </span>
    </p>
   </div>
   <div class='ocr_carea' id='block_1_27' title="bbox 113 2652 1760 2735">
    <p class='ocr_par' dir='ltr' id='par_1_27' title="bbox 113 2652 1760 2735">
     <span class='ocr_line' id='line_1_27' title="bbox 113 2652 1760 2735; baseline -0.001 -30"><span class='ocrx_word' id='word_1_189' title='bbox 113 2652 317 2735; x_wconf 51' lang='lat' dir='ltr'>Duelius</span> <span class='ocrx_word' id='word_1_190' title='bbox 345 2654 694 2735; x_wconf 50' lang='lat' dir='ltr'>Scriptura)</span> <span class='ocrx_word' id='word_1_191' title='bbox 736 2654 885 2735; x_wconf 81' lang='lat' dir='ltr'>locis</span> <span class='ocrx_word' id='word_1_192' title='bbox 927 2653 1148 2735; x_wconf 65' lang='lat' dir='ltr'>quibus</span> <span class='ocrx_word' id='word_1_193' title='bbox 1172 2652 1388 2735; x_wconf 66' lang='lat' dir='ltr'>laetus</span> <span class='ocrx_word' id='word_1_194' title='bbox 1431 2656 1490 2707; x_wconf 81' lang='lat' dir='ltr'>et</span> <span class='ocrx_word' id='word_1_195' title='bbox 1519 2656 1760 2735; x_wconf 72' lang='lat' dir='ltr'>creatus</span> 
     </span>
    </p>
   </div>
   <div class='ocr_carea' id='block_1_28' title="bbox 169 2722 1759 2805">
    <p class='ocr_par' dir='ltr' id='par_1_28' title="bbox 169 2722 1759 2805">
     <span class='ocr_line' id='line_1_28' title="bbox 169 2722 1759 2805; baseline -0.002 -27"><span class='ocrx_word' id='word_1_196' title='bbox 169 2725 431 2805; x_wconf 65' lang='lat' dir='ltr'>Christus</span> <span class='ocrx_word' id='word_1_197' title='bbox 462 2722 716 2805; x_wconf 72' lang='lat' dir='ltr'>dicitur,</span> <span class='ocrx_word' id='word_1_198' title='bbox 756 2732 814 2779; x_wconf 82' lang='lat' dir='ltr'>ut</span> <span class='ocrx_word' id='word_1_199' title='bbox 845 2722 1182 2805; x_wconf 76' lang='lat' dir='ltr'>satisfaciat</span> <span class='ocrx_word' id='word_1_200' title='bbox 1221 2730 1463 2805; x_wconf 72' lang='lat' dir='ltr'>sanctus</span> <span class='ocrx_word' id='word_1_201' title='bbox 1493 2722 1759 2805; x_wconf 25' lang='lat' dir='ltr'>praesim;</span> 
     </span>
    </p>
   </div>
   <div class='ocr_carea' id='block_1_29' title="bbox 170 2795 1761 2865">
    <p class='ocr_par' dir='ltr' id='par_1_29' title="bbox 170 2795 1761 2865">
     <span class='ocr_line' id='line_1_29' title="bbox 170 2795 1761 2865; baseline -0.001 -17"><span class='ocrx_word' id='word_1_202' title='bbox 170 2797 287 2850; x_wconf 85' lang='lat' dir='ltr'>illos</span> <span class='ocrx_word' id='word_1_203' title='bbox 327 2815 438 2852; x_wconf 91' lang='lat' dir='ltr'>non</span> <span class='ocrx_word' id='word_1_204' title='bbox 486 2798 615 2851; x_wconf 84' lang='lat' dir='ltr'>nisi</span> <span class='ocrx_word' id='word_1_205' title='bbox 657 2797 975 2851; x_wconf 87' lang='lat' dir='ltr'>secundum</span> <span class='ocrx_word' id='word_1_206' title='bbox 1027 2801 1294 2849; x_wconf 81' lang='lat' dir='ltr'>naturam</span> <span class='ocrx_word' id='word_1_207' title='bbox 1345 2795 1602 2849; x_wconf 79' lang='lat' dir='ltr'>hominis</span> <span class='ocrx_word' id='word_1_208' title='bbox 1644 2795 1761 2865; x_wconf 87' lang='lat' dir='ltr'>ipsi</span> 
     </span>
    </p>
   </div>
   <div class='ocr_carea' id='block_1_30' title="bbox 170 2865 1760 2939">
    <p class='ocr_par' dir='ltr' id='par_1_30' title="bbox 170 2865 1760 2939">
     <span class='ocr_line' id='line_1_30' title="bbox 170 2865 1760 2939; baseline -0.001 -20"><span class='ocrx_word' id='word_1_209' title='bbox 170 2870 476 2923; x_wconf 81' lang='lat' dir='ltr'>convenire</span> <span class='ocrx_word' id='word_1_210' title='bbox 503 2867 817 2923; x_wconf 81' lang='lat' dir='ltr'>declarat:</span> <span class='ocrx_word' id='word_1_211' title='bbox 850 2869 912 2921; x_wconf 91' lang='lat' dir='ltr'>in</span> <span class='ocrx_word' id='word_1_212' title='bbox 946 2867 1157 2939; x_wconf 86' lang='lat' dir='ltr'>quibus</span> <span class='ocrx_word' id='word_1_213' title='bbox 1189 2867 1367 2921; x_wconf 79' lang='lat' dir='ltr'>etiam</span> <span class='ocrx_word' id='word_1_214' title='bbox 1384 2865 1760 2939; x_wconf 72' lang='lat' dir='ltr'>praeteritum</span> 
     </span>
    </p>
   </div>
   <div class='ocr_carea' id='block_1_31' title="bbox 168 2937 1760 3011">
    <p class='ocr_par' dir='ltr' id='par_1_31' title="bbox 168 2937 1760 3011">
     <span class='ocr_line' id='line_1_31' title="bbox 168 2937 1760 3011; baseline -0.003 -18"><span class='ocrx_word' id='word_1_215' title='bbox 168 2956 263 3008; x_wconf 84' lang='lat' dir='ltr'>pro</span> <span class='ocrx_word' id='word_1_216' title='bbox 300 2940 506 2994; x_wconf 81' lang='lat' dir='ltr'>futuro</span> <span class='ocrx_word' id='word_1_217' title='bbox 556 2937 984 3011; x_wconf 13' lang='lat' dir='ltr'>positumresse</span> <span class='ocrx_word' id='word_1_218' title='bbox 1033 2954 1111 2993; x_wconf 78' lang='lat' dir='ltr'>ex</span> <span class='ocrx_word' id='word_1_219' title='bbox 1146 2954 1450 2993; x_wconf 83' lang='lat' dir='ltr'>sacrorum</span> <span class='ocrx_word' id='word_1_220' title='bbox 1500 2937 1760 2992; x_wconf 87' lang='lat' dir='ltr'>codicum</span> 
     </span>
    </p>
   </div>
   <div class='ocr_carea' id='block_1_32' title="bbox 172 3010 963 3082">
    <p class='ocr_par' dir='ltr' id='par_1_32' title="bbox 172 3010 963 3082">
     <span class='ocr_line' id='line_1_32' title="bbox 172 3010 963 3082; baseline 0.004 -20"><span class='ocrx_word' id='word_1_221' title='bbox 172 3013 517 3066; x_wconf 75' lang='lat' dir='ltr'>auctoritate</span> <span class='ocrx_word' id='word_1_222' title='bbox 542 3010 779 3082; x_wconf 75' lang='lat' dir='ltr'>planum</span> <span class='ocrx_word' id='word_1_223' title='bbox 797 3010 963 3066; x_wconf 79' lang='lat' dir='ltr'>facit.</span> 
     </span>
    </p>
   </div>
   <div class='ocr_carea' id='block_1_33' title="bbox 169 3115 1761 3191">
    <p class='ocr_par' dir='ltr' id='par_1_33' title="bbox 169 3115 1761 3191">
     <span class='ocr_line' id='line_1_33' title="bbox 169 3115 1761 3191; baseline -0.001 -21"><span class='ocrx_word' id='word_1_224' title='bbox 169 3118 465 3191; x_wconf 68' lang='lat' dir='ltr'>95.1.4lias</span> <span class='ocrx_word' id='word_1_225' title='bbox 501 3134 632 3188; x_wconf 87' lang='lat' dir='ltr'>cap.</span> <span class='ocrx_word' id='word_1_226' title='bbox 673 3117 819 3189; x_wconf 63' lang='grc' dir='ltr'>νη]</span> <span class='ocrx_word' id='word_1_227' title='bbox 855 3118 1022 3172; x_wconf 89' lang='lat' dir='ltr'>Unde</span> <span class='ocrx_word' id='word_1_228' title='bbox 1073 3120 1129 3172; x_wconf 89' lang='lat' dir='ltr'>et</span> <span class='ocrx_word' id='word_1_229' title='bbox 1178 3117 1321 3171; x_wconf 87' lang='lat' dir='ltr'>illud</span> <span class='ocrx_word' id='word_1_230' title='bbox 1358 3132 1507 3170; x_wconf 90' lang='lat' dir='ltr'>vane</span> <span class='ocrx_word' id='word_1_231' title='bbox 1533 3115 1761 3187; x_wconf 77' lang='lat' dir='ltr'>jactare</span> 
     </span>
    </p>
   </div>
   <div class='ocr_carea' id='block_1_34' title="bbox 120 3206 1761 3278">
    <p class='ocr_par' dir='ltr' id='par_1_34' title="bbox 120 3206 1761 3278">
     <span class='ocr_line' id='line_1_34' title="bbox 120 3206 1761 3278; baseline 0.001 -22"><span class='ocrx_word' id='word_1_232' title='bbox 120 3211 441 3262; x_wconf 85' lang='lat' dir='ltr'>consuerunt</span> <span class='ocrx_word' id='word_1_233' title='bbox 474 3208 639 3278; x_wconf 85' lang='lat' dir='ltr'>quod</span> <span class='ocrx_word' id='word_1_234' title='bbox 672 3207 960 3276; x_wconf 85' lang='lat' dir='ltr'>scriptum</span> <span class='ocrx_word' id='word_1_235' title='bbox 990 3209 1082 3261; x_wconf 88' lang='lat' dir='ltr'>est</span> <span class='ocrx_word' id='word_1_236' title='bbox 1107 3222 1119 3261; x_wconf 92' lang='lat'>:</span> <span class='ocrx_word' id='word_1_237' title='bbox 1147 3228 1166 3253; x_wconf 75' lang='grc' dir='ltr'>α</span> <span class='ocrx_word' id='word_1_238' title='bbox 1206 3206 1276 3259; x_wconf 83' lang='grc' dir='ltr'>Ει</span> <span class='ocrx_word' id='word_1_239' title='bbox 1296 3206 1605 3260; x_wconf 91' lang='lat' dir='ltr'>Dominum</span> <span class='ocrx_word' id='word_1_240' title='bbox 1627 3220 1761 3259; x_wconf 89' lang='lat' dir='ltr'>eum</span> 
     </span>
    </p>
   </div>
   <div class='ocr_carea' id='block_1_35' title="bbox 1850 683 3516 756">
    <p class='ocr_par' dir='ltr' id='par_1_35' title="bbox 1850 683 3516 756">
     <span class='ocr_line' id='line_1_35' title="bbox 1850 683 3516 756; baseline 0.001 -18"><span class='ocrx_word' id='word_1_241' title='bbox 1850 683 2004 754; x_wconf 91' lang='lat' dir='ltr'>quod</span> <span class='ocrx_word' id='word_1_242' title='bbox 2039 687 2162 739; x_wconf 85' lang='lat' dir='ltr'>erat</span> <span class='ocrx_word' id='word_1_243' title='bbox 2194 683 2456 739; x_wconf 84' lang='lat' dir='ltr'>futurum</span> <span class='ocrx_word' id='word_1_244' title='bbox 2487 700 2500 740; x_wconf 89' lang='lat'><strong>:</strong></span> <span class='ocrx_word' id='word_1_245' title='bbox 2537 685 2665 739; x_wconf 77' lang='lat' dir='ltr'>haec</span> <span class='ocrx_word' id='word_1_246' title='bbox 2696 685 2850 739; x_wconf 91' lang='lat' dir='ltr'>enim</span> <span class='ocrx_word' id='word_1_247' title='bbox 2874 685 3241 741; x_wconf 89' lang='lat' dir='ltr'>consuetudo</span> <span class='ocrx_word' id='word_1_248' title='bbox 3273 688 3364 741; x_wconf 87' lang='lat' dir='ltr'>est</span> <span class='ocrx_word' id='word_1_249' title='bbox 3386 700 3516 756; x_wconf 88' lang='lat' dir='ltr'>pro-</span> 
     </span>
    </p>
   </div>
   <div class='ocr_carea' id='block_1_36' title="bbox 1850 772 3514 845">
    <p class='ocr_par' dir='ltr' id='par_1_36' title="bbox 1850 772 3514 845">
     <span class='ocr_line' id='line_1_36' title="bbox 1850 772 3514 845; baseline 0.001 -20"><span class='ocrx_word' id='word_1_250' title='bbox 1850 772 2085 842; x_wconf 69' lang='lat' dir='ltr'>phetice,</span> <span class='ocrx_word' id='word_1_251' title='bbox 2119 776 2184 828; x_wconf 90' lang='lat' dir='ltr'>ut</span> <span class='ocrx_word' id='word_1_252' title='bbox 2230 790 2363 844; x_wconf 67' lang='lat' dir='ltr'>quae</span> <span class='ocrx_word' id='word_1_253' title='bbox 2394 773 2587 828; x_wconf 81' lang='lat' dir='ltr'>futura</span> <span class='ocrx_word' id='word_1_254' title='bbox 2635 777 2792 843; x_wconf 89' lang='lat' dir='ltr'>sunt,</span> <span class='ocrx_word' id='word_1_255' title='bbox 2824 774 2919 829; x_wconf 88' lang='lat' dir='ltr'>vel</span> <span class='ocrx_word' id='word_1_256' title='bbox 2961 774 3130 845; x_wconf 87' lang='lat' dir='ltr'>quasi</span> <span class='ocrx_word' id='word_1_257' title='bbox 3174 774 3514 844; x_wconf 71' lang='lat' dir='ltr'>praesentia,</span> 
     </span>
    </p>
   </div>
   <div class='ocr_carea' id='block_1_37' title="bbox 1853 862 3516 935">
    <p class='ocr_par' dir='ltr' id='par_1_37' title="bbox 1853 862 3516 935">
     <span class='ocr_line' id='line_1_37' title="bbox 1853 862 3516 935; baseline 0.001 -20"><span class='ocrx_word' id='word_1_258' title='bbox 1853 862 1947 916; x_wconf 87' lang='lat' dir='ltr'>vel</span> <span class='ocrx_word' id='word_1_259' title='bbox 1981 862 2153 933; x_wconf 87' lang='lat' dir='ltr'>quasi</span> <span class='ocrx_word' id='word_1_260' title='bbox 2177 862 2326 917; x_wconf 83' lang='lat' dir='ltr'>facta</span> <span class='ocrx_word' id='word_1_261' title='bbox 2358 863 2646 918; x_wconf 85' lang='lat' dir='ltr'>dicantur.</span> <span class='ocrx_word' id='word_1_262' title='bbox 2684 864 2947 935; x_wconf 88' lang='lat' dir='ltr'>Denique</span> <span class='ocrx_word' id='word_1_263' title='bbox 2978 864 3037 918; x_wconf 90' lang='lat' dir='ltr'>in</span> <span class='ocrx_word' id='word_1_264' title='bbox 3053 864 3281 934; x_wconf 88' lang='lat' dir='ltr'>psalmo</span> <span class='ocrx_word' id='word_1_265' title='bbox 3314 881 3414 917; x_wconf 72' lang='lat' dir='ltr'>xxx</span> <span class='ocrx_word' id='word_1_266' title='bbox 3435 864 3516 917; x_wconf 86' lang='lat' dir='ltr'>le-</span> 
     </span>
    </p>
   </div>
   <div class='ocr_carea' id='block_1_38' title="bbox 1853 951 3515 1025">
    <p class='ocr_par' dir='ltr' id='par_1_38' title="bbox 1853 951 3515 1025">
     <span class='ocr_line' id='line_1_38' title="bbox 1853 951 3515 1025; baseline -0.001 -19"><span class='ocrx_word' id='word_1_267' title='bbox 1853 953 2031 1025; x_wconf 88' lang='lat' dir='ltr'>gisti:</span> <span class='ocrx_word' id='word_1_268' title='bbox 2070 974 2091 1001; x_wconf 86' lang='grc'><strong>«</strong></span> <span class='ocrx_word' id='word_1_269' title='bbox 2130 952 2306 1006; x_wconf 83' lang='lat' dir='ltr'>Tauri</span> <span class='ocrx_word' id='word_1_270' title='bbox 2335 952 2592 1023; x_wconf 88' lang='lat' dir='ltr'>pingues</span> <span class='ocrx_word' id='word_1_271' title='bbox 2623 952 2985 1007; x_wconf 85' lang='lat' dir='ltr'>obsederunt</span> <span class='ocrx_word' id='word_1_272' title='bbox 3027 968 3117 1006; x_wconf 90' lang='lat' dir='ltr'>me</span> <span class='ocrx_word' id='word_1_273' title='bbox 3158 951 3347 1020; x_wconf 81' lang='lat' dir='ltr'>(Psal.</span> <span class='ocrx_word' id='word_1_274' title='bbox 3391 968 3515 1019; x_wconf 71' lang='grc' dir='ltr'><strong>χχι,</strong></span> 
     </span>
    </p>
   </div>
   <div class='ocr_carea' id='block_1_39' title="bbox 1855 1040 3517 1113">
    <p class='ocr_par' dir='ltr' id='par_1_39' title="bbox 1855 1040 3517 1113">
     <span class='ocr_line' id='line_1_39' title="bbox 1855 1040 3517 1113; baseline -0.002 -17"><span class='ocrx_word' id='word_1_275' title='bbox 1855 1043 1981 1111; x_wconf 84' lang='grc'>13);</span> <span class='ocrx_word' id='word_1_276' title='bbox 2020 1064 2039 1089; x_wconf 76' lang='grc' dir='ltr'><strong><em>η</em></strong></span> <span class='ocrx_word' id='word_1_277' title='bbox 2075 1041 2275 1113; x_wconf 89' lang='lat' dir='ltr'>legisti</span> <span class='ocrx_word' id='word_1_278' title='bbox 2326 1041 2500 1096; x_wconf 88' lang='lat' dir='ltr'>etiam</span> <span class='ocrx_word' id='word_1_279' title='bbox 2533 1056 2545 1095; x_wconf 92' lang='lat'>:</span> <span class='ocrx_word' id='word_1_280' title='bbox 2588 1063 2609 1089; x_wconf 74' lang='grc' dir='ltr'><strong>α</strong></span> <span class='ocrx_word' id='word_1_281' title='bbox 2646 1040 2988 1095; x_wconf 87' lang='lat' dir='ltr'>Diviserunt</span> <span class='ocrx_word' id='word_1_282' title='bbox 3030 1041 3144 1095; x_wconf 84' lang='lat' dir='ltr'>sibi</span> <span class='ocrx_word' id='word_1_283' title='bbox 3168 1041 3517 1094; x_wconf 88' lang='lat' dir='ltr'>vestimenta</span> 
     </span>
    </p>
   </div>
   <div class='ocr_carea' id='block_1_40' title="bbox 1853 1128 3524 1202">
    <p class='ocr_par' dir='ltr' id='par_1_40' title="bbox 1853 1128 3524 1202">
     <span class='ocr_line' id='line_1_40' title="bbox 1853 1128 3524 1202; baseline -0.002 -16"><span class='ocrx_word' id='word_1_284' title='bbox 1853 1146 1981 1186; x_wconf 90' lang='lat' dir='ltr'>mea</span> <span class='ocrx_word' id='word_1_285' title='bbox 2014 1130 2190 1198; x_wconf 83' lang='lat' dir='ltr'>(Ibid.</span> <span class='ocrx_word' id='word_1_286' title='bbox 2224 1128 2350 1200; x_wconf 74' lang='lat'>19);</span> <span class='ocrx_word' id='word_1_287' title='bbox 2376 1154 2397 1177; x_wconf 69' lang='grc' dir='ltr'><strong><em>ι»</em></strong></span> <span class='ocrx_word' id='word_1_288' title='bbox 2430 1130 2967 1202; x_wconf 89' lang='lat' dir='ltr'>quodevangelista</span> <span class='ocrx_word' id='word_1_289' title='bbox 2990 1130 3062 1184; x_wconf 88' lang='lat' dir='ltr'>de</span> <span class='ocrx_word' id='word_1_290' title='bbox 3090 1132 3351 1199; x_wconf 90' lang='lat' dir='ltr'>tempore</span> <span class='ocrx_word' id='word_1_291' title='bbox 3381 1143 3524 1199; x_wconf 83' lang='lat' dir='ltr'>pas—</span> 
     </span>
    </p>
   </div>
   <div class='ocr_carea' id='block_1_41' title="bbox 1851 1217 3521 1291">
    <p class='ocr_par' dir='ltr' id='par_1_41' title="bbox 1851 1217 3521 1291">
     <span class='ocr_line' id='line_1_41' title="bbox 1851 1217 3521 1291; baseline -0.002 -17"><span class='ocrx_word' id='word_1_292' title='bbox 1851 1220 2042 1275; x_wconf 91' lang='lat' dir='ltr'>sionis</span> <span class='ocrx_word' id='word_1_293' title='bbox 2073 1219 2485 1291; x_wconf 83' lang='lat' dir='ltr'>prophetatum</span> <span class='ocrx_word' id='word_1_294' title='bbox 2517 1234 2655 1273; x_wconf 89' lang='lat' dir='ltr'>esse</span> <span class='ocrx_word' id='word_1_295' title='bbox 2685 1220 3023 1291; x_wconf 77' lang='lat' dir='ltr'>significat;</span> <span class='ocrx_word' id='word_1_296' title='bbox 3057 1219 3178 1273; x_wconf 91' lang='lat' dir='ltr'>Deo</span> <span class='ocrx_word' id='word_1_297' title='bbox 3209 1217 3364 1273; x_wconf 91' lang='lat' dir='ltr'>enim</span> <span class='ocrx_word' id='word_1_298' title='bbox 3388 1234 3521 1288; x_wconf 64' lang='lat' dir='ltr'>quia</span> 
     </span>
    </p>
   </div>
   <div class='ocr_carea' id='block_1_42' title="bbox 1855 1307 3520 1379">
    <p class='ocr_par' dir='ltr' id='par_1_42' title="bbox 1855 1307 3520 1379">
     <span class='ocr_line' id='line_1_42' title="bbox 1855 1307 3520 1379; baseline -0.004 -14"><span class='ocrx_word' id='word_1_299' title='bbox 1855 1311 1994 1365; x_wconf 91' lang='lat' dir='ltr'>sunt</span> <span class='ocrx_word' id='word_1_300' title='bbox 2016 1308 2230 1379; x_wconf 86' lang='lat' dir='ltr'>futura,</span> <span class='ocrx_word' id='word_1_301' title='bbox 2267 1308 2587 1378; x_wconf 82' lang='lat' dir='ltr'>praesentia</span> <span class='ocrx_word' id='word_1_302' title='bbox 2638 1312 2777 1363; x_wconf 89' lang='lat' dir='ltr'>sunt</span> <span class='ocrx_word' id='word_1_303' title='bbox 2811 1324 2824 1364; x_wconf 91' lang='lat'>:</span> <span class='ocrx_word' id='word_1_304' title='bbox 2860 1312 2915 1363; x_wconf 90' lang='lat' dir='ltr'>et</span> <span class='ocrx_word' id='word_1_305' title='bbox 2948 1308 3001 1363; x_wconf 90' lang='lat' dir='ltr'>ei</span> <span class='ocrx_word' id='word_1_306' title='bbox 3033 1308 3129 1362; x_wconf 91' lang='lat' dir='ltr'>cui</span> <span class='ocrx_word' id='word_1_307' title='bbox 3156 1307 3520 1378; x_wconf 86' lang='lat' dir='ltr'>praecognita</span> 
     </span>
    </p>
   </div>
   <div class='ocr_carea' id='block_1_43' title="bbox 1852 1395 3521 1467">
    <p class='ocr_par' dir='ltr' id='par_1_43' title="bbox 1852 1395 3521 1467">
     <span class='ocr_line' id='line_1_43' title="bbox 1852 1395 3521 1467; baseline -0.004 -13"><span class='ocrx_word' id='word_1_308' title='bbox 1852 1397 2221 1467; x_wconf 88' lang='lat' dir='ltr'>suntomnia,</span> <span class='ocrx_word' id='word_1_309' title='bbox 2255 1400 2501 1452; x_wconf 88' lang='lat' dir='ltr'>ventura</span> <span class='ocrx_word' id='word_1_310' title='bbox 2533 1412 2640 1467; x_wconf 89' lang='lat' dir='ltr'>pro</span> <span class='ocrx_word' id='word_1_311' title='bbox 2662 1395 2836 1450; x_wconf 83' lang='lat' dir='ltr'>factis</span> <span class='ocrx_word' id='word_1_312' title='bbox 2870 1399 3028 1466; x_wconf 91' lang='lat' dir='ltr'>sunt,</span> <span class='ocrx_word' id='word_1_313' title='bbox 3055 1397 3208 1451; x_wconf 90' lang='lat' dir='ltr'>sicut</span> <span class='ocrx_word' id='word_1_314' title='bbox 3239 1396 3521 1467; x_wconf 87' lang='lat' dir='ltr'>scriptum</span> 
     </span>
    </p>
   </div>
   <div class='ocr_carea' id='block_1_44' title="bbox 1853 1484 3521 1557">
    <p class='ocr_par' dir='ltr' id='par_1_44' title="bbox 1853 1484 3521 1557">
     <span class='ocr_line' id='line_1_44' title="bbox 1853 1484 3521 1557; baseline -0.004 -14"><span class='ocrx_word' id='word_1_315' title='bbox 1853 1490 1945 1543; x_wconf 89' lang='lat' dir='ltr'>est</span> <span class='ocrx_word' id='word_1_316' title='bbox 1974 1488 2088 1557; x_wconf 83' lang='grc'>(55)</span> <span class='ocrx_word' id='word_1_317' title='bbox 2124 1502 2136 1541; x_wconf 80' lang='lat'><strong>2</strong></span> <span class='ocrx_word' id='word_1_318' title='bbox 2176 1508 2197 1535; x_wconf 82' lang='grc' dir='ltr'><strong><em>α</em></strong></span> <span class='ocrx_word' id='word_1_319' title='bbox 2232 1484 2377 1550; x_wconf 88' lang='lat' dir='ltr'>Quis</span> <span class='ocrx_word' id='word_1_320' title='bbox 2411 1486 2548 1540; x_wconf 80' lang='lat' dir='ltr'>fecit</span> <span class='ocrx_word' id='word_1_321' title='bbox 2580 1502 2713 1557; x_wconf 65' lang='lat' dir='ltr'>quae</span> <span class='ocrx_word' id='word_1_322' title='bbox 2758 1488 3003 1540; x_wconf 87' lang='lat' dir='ltr'>ventura</span> <span class='ocrx_word' id='word_1_323' title='bbox 3032 1488 3172 1540; x_wconf 90' lang='lat' dir='ltr'>sunt</span> <span class='ocrx_word' id='word_1_324' title='bbox 3212 1484 3351 1554; x_wconf 84' lang='lat' dir='ltr'>(lsa.</span> <span class='ocrx_word' id='word_1_325' title='bbox 3388 1501 3521 1552; x_wconf 73' lang='lat' dir='ltr'>XLV,</span> 
     </span>
    </p>
   </div>
   <div class='ocr_carea' id='block_1_45' title="bbox 1855 1576 2016 1646">
    <p class='ocr_par' dir='ltr' id='par_1_45' title="bbox 1855 1576 2016 1646">
     <span class='ocr_line' id='line_1_45' title="bbox 1855 1576 2016 1646; baseline -0.043 -14"><span class='ocrx_word' id='word_1_326' title='bbox 1855 1576 1963 1646; x_wconf 71' lang='lat'>14).</span> <span class='ocrx_word' id='word_1_327' title='bbox 1995 1600 2016 1624; x_wconf 65' lang='grc' dir='ltr'>ι,</span> 
     </span>
    </p>
   </div>
   <div class='ocr_carea' id='block_1_46' title="bbox 1924 1663 3526 1720">
    <p class='ocr_par' dir='ltr' id='par_1_46' title="bbox 1924 1663 3526 1720">
     <span class='ocr_line' id='line_1_46' title="bbox 1924 1663 3526 1720; baseline -0.002 0"><span class='ocrx_word' id='word_1_328' title='bbox 1924 1666 2013 1720; x_wconf 84' lang='grc'>98.</span> <span class='ocrx_word' id='word_1_329' title='bbox 2039 1665 2164 1719; x_wconf 82' lang='lat' dir='ltr'>Nec</span> <span class='ocrx_word' id='word_1_330' title='bbox 2200 1663 2412 1718; x_wconf 88' lang='lat' dir='ltr'>mirum</span> <span class='ocrx_word' id='word_1_331' title='bbox 2446 1664 2501 1718; x_wconf 91' lang='lat' dir='ltr'>si</span> <span class='ocrx_word' id='word_1_332' title='bbox 2529 1667 2662 1718; x_wconf 91' lang='lat' dir='ltr'>ante</span> <span class='ocrx_word' id='word_1_333' title='bbox 2711 1663 2932 1718; x_wconf 80' lang='lat' dir='ltr'>saecula</span> <span class='ocrx_word' id='word_1_334' title='bbox 2963 1663 3407 1718; x_wconf 80' lang='lat' dir='ltr'>fundamentum</span> <span class='ocrx_word' id='word_1_335' title='bbox 3458 1678 3526 1717; x_wconf 87' lang='lat' dir='ltr'>se</span> 
     </span>
    </p>
   </div>
   <div class='ocr_carea' id='block_1_47' title="bbox 1857 1752 3528 1824">
    <p class='ocr_par' dir='ltr' id='par_1_47' title="bbox 1857 1752 3528 1824">
     <span class='ocr_line' id='line_1_47' title="bbox 1857 1752 3528 1824; baseline -0.002 -15"><span class='ocrx_word' id='word_1_336' title='bbox 1857 1769 1994 1809; x_wconf 87' lang='lat' dir='ltr'>esse</span> <span class='ocrx_word' id='word_1_337' title='bbox 2026 1753 2185 1823; x_wconf 89' lang='lat' dir='ltr'>dicit,</span> <span class='ocrx_word' id='word_1_338' title='bbox 2220 1768 2353 1807; x_wconf 91' lang='lat' dir='ltr'>cum</span> <span class='ocrx_word' id='word_1_339' title='bbox 2382 1753 2605 1824; x_wconf 88' lang='lat' dir='ltr'>legeris</span> <span class='ocrx_word' id='word_1_340' title='bbox 2627 1752 3110 1823; x_wconf 68' lang='lat' dir='ltr'>praedestinatum</span> <span class='ocrx_word' id='word_1_341' title='bbox 3142 1755 3273 1806; x_wconf 88' lang='lat' dir='ltr'>ante</span> <span class='ocrx_word' id='word_1_342' title='bbox 3305 1754 3528 1822; x_wconf 85' lang='lat' dir='ltr'>tempo-</span> 
     </span>
    </p>
   </div>
   <div class='ocr_carea' id='block_1_48' title="bbox 1857 1840 3527 1906">
    <p class='ocr_par' dir='ltr' id='par_1_48' title="bbox 1857 1840 3527 1906">
     <span class='ocr_line' id='line_1_48' title="bbox 1857 1840 3527 1906; baseline -0.003 -8"><span class='ocrx_word' id='word_1_343' title='bbox 1857 1860 1921 1898; x_wconf 88' lang='lat' dir='ltr'>ra</span> <span class='ocrx_word' id='word_1_344' title='bbox 1942 1843 2273 1898; x_wconf 68' lang='lat' dir='ltr'>saecularia.</span> <span class='ocrx_word' id='word_1_345' title='bbox 2312 1840 2498 1906; x_wconf 87' lang='lat' dir='ltr'>Quam</span> <span class='ocrx_word' id='word_1_346' title='bbox 2526 1858 2667 1897; x_wconf 87' lang='lat' dir='ltr'>vere</span> <span class='ocrx_word' id='word_1_347' title='bbox 2698 1842 2770 1897; x_wconf 88' lang='lat' dir='ltr'>de</span> <span class='ocrx_word' id='word_1_348' title='bbox 2799 1841 3206 1896; x_wconf 88' lang='lat' dir='ltr'>incarnatione</span> <span class='ocrx_word' id='word_1_349' title='bbox 3232 1841 3287 1895; x_wconf 90' lang='lat' dir='ltr'>id</span> <span class='ocrx_word' id='word_1_350' title='bbox 3320 1840 3527 1894; x_wconf 88' lang='lat' dir='ltr'>videa-</span> 
     </span>
    </p>
   </div>
   <div class='ocr_carea' id='block_1_49' title="bbox 1858 1929 3523 2003">
    <p class='ocr_par' dir='ltr' id='par_1_49' title="bbox 1858 1929 3523 2003">
     <span class='ocr_line' id='line_1_49' title="bbox 1858 1929 3523 2003; baseline -0.004 -16"><span class='ocrx_word' id='word_1_351' title='bbox 1858 1936 1954 1987; x_wconf 90' lang='lat' dir='ltr'>tur</span> <span class='ocrx_word' id='word_1_352' title='bbox 1981 1947 2336 2003; x_wconf 80' lang='lat' dir='ltr'>expressum</span> <span class='ocrx_word' id='word_1_353' title='bbox 2358 1973 2372 2000; x_wconf 94' lang='lat'>,</span> <span class='ocrx_word' id='word_1_354' title='bbox 2407 1931 2708 1986; x_wconf 85' lang='lat' dir='ltr'>declarant</span> <span class='ocrx_word' id='word_1_355' title='bbox 2739 1931 3048 2003; x_wconf 86' lang='lat' dir='ltr'>sequentia</span> <span class='ocrx_word' id='word_1_356' title='bbox 3081 1946 3093 1985; x_wconf 90' lang='lat'><strong>:</strong></span> <span class='ocrx_word' id='word_1_357' title='bbox 3145 1954 3165 1975; x_wconf 76' lang='grc' dir='ltr'>«ι</span> <span class='ocrx_word' id='word_1_358' title='bbox 3202 1929 3523 2000; x_wconf 86' lang='lat' dir='ltr'>Sapientia,</span> 
     </span>
    </p>
   </div>
   <div class='ocr_carea' id='block_1_50' title="bbox 1859 2018 3528 2094">
    <p class='ocr_par' dir='ltr' id='par_1_50' title="bbox 1859 2018 3528 2094">
     <span class='ocr_line' id='line_1_50' title="bbox 1859 2018 3528 2094; baseline -0.003 -18"><span class='ocrx_word' id='word_1_359' title='bbox 1859 2021 2067 2094; x_wconf 88' lang='lat' dir='ltr'>inquit,</span> <span class='ocrx_word' id='word_1_360' title='bbox 2091 2020 2405 2076; x_wconf 79' lang='lat' dir='ltr'>aediﬁcavit</span> <span class='ocrx_word' id='word_1_361' title='bbox 2436 2020 2553 2074; x_wconf 87' lang='lat' dir='ltr'>sibi</span> <span class='ocrx_word' id='word_1_362' title='bbox 2575 2020 2834 2090; x_wconf 89' lang='lat' dir='ltr'>domum,</span> <span class='ocrx_word' id='word_1_363' title='bbox 2858 2023 2914 2074; x_wconf 91' lang='lat' dir='ltr'>et</span> <span class='ocrx_word' id='word_1_364' title='bbox 2936 2019 3199 2074; x_wconf 88' lang='lat' dir='ltr'>subdidit</span> <span class='ocrx_word' id='word_1_365' title='bbox 3223 2018 3528 2074; x_wconf 88' lang='lat' dir='ltr'>columnas</span> 
     </span>
    </p>
   </div>
   <div class='ocr_carea' id='block_1_51' title="bbox 1861 2107 3528 2182">
    <p class='ocr_par' dir='ltr' id='par_1_51' title="bbox 1861 2107 3528 2182">
     <span class='ocr_line' id='line_1_51' title="bbox 1861 2107 3528 2182; baseline -0.004 -17"><span class='ocrx_word' id='word_1_366' title='bbox 1861 2115 2108 2182; x_wconf 89' lang='lat' dir='ltr'>septem,</span> <span class='ocrx_word' id='word_1_367' title='bbox 2142 2111 2200 2164; x_wconf 88' lang='lat' dir='ltr'>et</span> <span class='ocrx_word' id='word_1_368' title='bbox 2229 2108 2522 2164; x_wconf 88' lang='lat' dir='ltr'>interfecit</span> <span class='ocrx_word' id='word_1_369' title='bbox 2553 2125 2697 2163; x_wconf 88' lang='lat' dir='ltr'>suas</span> <span class='ocrx_word' id='word_1_370' title='bbox 2728 2109 2958 2164; x_wconf 88' lang='lat' dir='ltr'>hostias</span> <span class='ocrx_word' id='word_1_371' title='bbox 2992 2124 3004 2164; x_wconf 90' lang='lat'><strong>:</strong></span> <span class='ocrx_word' id='word_1_372' title='bbox 3040 2108 3276 2163; x_wconf 59' lang='lat' dir='ltr'>miscuit</span> <span class='ocrx_word' id='word_1_373' title='bbox 3307 2107 3366 2162; x_wconf 91' lang='lat' dir='ltr'>in</span> <span class='ocrx_word' id='word_1_374' title='bbox 3397 2122 3528 2160; x_wconf 84' lang='lat' dir='ltr'>cra-</span> 
     </span>
    </p>
   </div>
   <div class='ocr_carea' id='block_1_52' title="bbox 1858 2196 3531 2268">
    <p class='ocr_par' dir='ltr' id='par_1_52' title="bbox 1858 2196 3531 2268">
     <span class='ocr_line' id='line_1_52' title="bbox 1858 2196 3531 2268; baseline -0.004 -12"><span class='ocrx_word' id='word_1_375' title='bbox 1858 2203 1983 2256; x_wconf 87' lang='lat' dir='ltr'>tera</span> <span class='ocrx_word' id='word_1_376' title='bbox 2014 2199 2214 2253; x_wconf 89' lang='lat' dir='ltr'>vinum</span> <span class='ocrx_word' id='word_1_377' title='bbox 2245 2213 2440 2266; x_wconf 91' lang='lat' dir='ltr'>suum,</span> <span class='ocrx_word' id='word_1_378' title='bbox 2494 2201 2550 2253; x_wconf 90' lang='lat' dir='ltr'>et</span> <span class='ocrx_word' id='word_1_379' title='bbox 2596 2196 2823 2268; x_wconf 87' lang='lat' dir='ltr'>paravit</span> <span class='ocrx_word' id='word_1_380' title='bbox 2872 2213 3041 2251; x_wconf 88' lang='lat' dir='ltr'>suam</span> <span class='ocrx_word' id='word_1_381' title='bbox 3090 2211 3414 2263; x_wconf 85' lang='lat' dir='ltr'>memsam;</span> <span class='ocrx_word' id='word_1_382' title='bbox 3474 2198 3531 2249; x_wconf 88' lang='lat' dir='ltr'>et</span> 
     </span>
    </p>
   </div>
   <div class='ocr_carea' id='block_1_53' title="bbox 1858 2283 3530 2357">
    <p class='ocr_par' dir='ltr' id='par_1_53' title="bbox 1858 2283 3530 2357">
     <span class='ocr_line' id='line_1_53' title="bbox 1858 2283 3530 2357; baseline -0.004 -14"><span class='ocrx_word' id='word_1_383' title='bbox 1858 2289 2021 2344; x_wconf 89' lang='lat' dir='ltr'>misit</span> <span class='ocrx_word' id='word_1_384' title='bbox 2042 2303 2188 2343; x_wconf 90' lang='lat' dir='ltr'>suos</span> <span class='ocrx_word' id='word_1_385' title='bbox 2210 2301 2445 2357; x_wconf 85' lang='lat' dir='ltr'>servos,</span> <span class='ocrx_word' id='word_1_386' title='bbox 2466 2302 2807 2341; x_wconf 87' lang='lat' dir='ltr'>convocans</span> <span class='ocrx_word' id='word_1_387' title='bbox 2832 2302 2965 2341; x_wconf 91' lang='lat' dir='ltr'>cum</span> <span class='ocrx_word' id='word_1_388' title='bbox 2994 2284 3284 2339; x_wconf 88' lang='lat' dir='ltr'>altissima</span> <span class='ocrx_word' id='word_1_389' title='bbox 3319 2283 3530 2354; x_wconf 80' lang='lat' dir='ltr'>pracdi-</span> 
     </span>
    </p>
   </div>
   <div class='ocr_carea' id='block_1_54' title="bbox 1860 2373 3531 2446">
    <p class='ocr_par' dir='ltr' id='par_1_54' title="bbox 1860 2373 3531 2446">
     <span class='ocr_line' id='line_1_54' title="bbox 1860 2373 3531 2446; baseline -0.005 -13"><span class='ocrx_word' id='word_1_390' title='bbox 1860 2379 2111 2446; x_wconf 90' lang='lat' dir='ltr'>catione,</span> <span class='ocrx_word' id='word_1_391' title='bbox 2144 2376 2351 2431; x_wconf 90' lang='lat' dir='ltr'>dicens</span> <span class='ocrx_word' id='word_1_392' title='bbox 2384 2373 2531 2439; x_wconf 89' lang='lat' dir='ltr'>:Qui</span> <span class='ocrx_word' id='word_1_393' title='bbox 2561 2378 2653 2429; x_wconf 89' lang='lat' dir='ltr'>est</span> <span class='ocrx_word' id='word_1_394' title='bbox 2689 2374 2984 2446; x_wconf 88' lang='lat' dir='ltr'>insipiens</span> <span class='ocrx_word' id='word_1_395' title='bbox 3016 2373 3272 2429; x_wconf 89' lang='lat' dir='ltr'>declinet</span> <span class='ocrx_word' id='word_1_396' title='bbox 3307 2373 3379 2426; x_wconf 93' lang='lat' dir='ltr'>ad</span> <span class='ocrx_word' id='word_1_397' title='bbox 3438 2388 3531 2426; x_wconf 89' lang='lat' dir='ltr'>me</span> 
     </span>
    </p>
   </div>
   <div class='ocr_carea' id='block_1_55' title="bbox 1860 2461 3531 2537">
    <p class='ocr_par' dir='ltr' id='par_1_55' title="bbox 1860 2461 3531 2537">
     <span class='ocr_line' id='line_1_55' title="bbox 1860 2461 3531 2537; baseline -0.004 -16"><span class='ocrx_word' id='word_1_398' title='bbox 1860 2467 1971 2536; x_wconf 82' lang='lat'>(56)</span> <span class='ocrx_word' id='word_1_399' title='bbox 1993 2466 2204 2537; x_wconf 84' lang='lat' dir='ltr'>(Prov.</span> <span class='ocrx_word' id='word_1_400' title='bbox 2229 2482 2310 2534; x_wconf 78' lang='lat' dir='ltr'>ix,</span> <span class='ocrx_word' id='word_1_401' title='bbox 2337 2465 2388 2535; x_wconf 85' lang='grc'>1,</span> <span class='ocrx_word' id='word_1_402' title='bbox 2425 2465 2501 2534; x_wconf 61' lang='grc' dir='ltr'>ιι).</span> <span class='ocrx_word' id='word_1_403' title='bbox 2541 2486 2561 2513; x_wconf 76' lang='grc' dir='ltr'><strong>ιο</strong></span> <span class='ocrx_word' id='word_1_404' title='bbox 2598 2465 2809 2519; x_wconf 87' lang='lat' dir='ltr'>Nonne</span> <span class='ocrx_word' id='word_1_405' title='bbox 2839 2464 2899 2519; x_wconf 91' lang='lat' dir='ltr'>in</span> <span class='ocrx_word' id='word_1_406' title='bbox 2921 2462 3246 2535; x_wconf 88' lang='lat' dir='ltr'>Evangelio</span> <span class='ocrx_word' id='word_1_407' title='bbox 3277 2464 3413 2533; x_wconf 88' lang='lat' dir='ltr'>post</span> <span class='ocrx_word' id='word_1_408' title='bbox 3447 2461 3531 2515; x_wconf 84' lang='lat' dir='ltr'>in-</span> 
     </span>
    </p>
   </div>
   <div class='ocr_carea' id='block_1_56' title="bbox 1862 2551 3529 2621">
    <p class='ocr_par' dir='ltr' id='par_1_56' title="bbox 1862 2551 3529 2621">
     <span class='ocr_line' id='line_1_56' title="bbox 1862 2551 3529 2621; baseline -0.005 -9"><span class='ocrx_word' id='word_1_409' title='bbox 1862 2556 2259 2612; x_wconf 89' lang='lat' dir='ltr'>carnationem</span> <span class='ocrx_word' id='word_1_410' title='bbox 2289 2554 2420 2609; x_wconf 71' lang='lat' dir='ltr'>haec</span> <span class='ocrx_word' id='word_1_411' title='bbox 2470 2554 2665 2609; x_wconf 90' lang='lat' dir='ltr'>omnia</span> <span class='ocrx_word' id='word_1_412' title='bbox 2712 2553 2984 2608; x_wconf 89' lang='lat' dir='ltr'>videmus</span> <span class='ocrx_word' id='word_1_413' title='bbox 3015 2567 3155 2608; x_wconf 91' lang='lat' dir='ltr'>esse</span> <span class='ocrx_word' id='word_1_414' title='bbox 3203 2551 3492 2621; x_wconf 89' lang='lat' dir='ltr'>completa</span> <span class='ocrx_word' id='word_1_415' title='bbox 3516 2592 3529 2619; x_wconf 92' lang='lat'>,</span> 
     </span>
    </p>
   </div>
   <div class='ocr_carea' id='block_1_57' title="bbox 1862 2640 3532 2718">
    <p class='ocr_par' dir='ltr' id='par_1_57' title="bbox 1862 2640 3532 2718">
     <span class='ocr_line' id='line_1_57' title="bbox 1862 2640 3532 2718; baseline -0.005 -16"><span class='ocrx_word' id='word_1_416' title='bbox 1862 2645 2019 2718; x_wconf 90' lang='lat' dir='ltr'>quod</span> <span class='ocrx_word' id='word_1_417' title='bbox 2041 2644 2198 2700; x_wconf 88' lang='lat' dir='ltr'>sacri</span> <span class='ocrx_word' id='word_1_418' title='bbox 2228 2643 2488 2699; x_wconf 88' lang='lat' dir='ltr'>convivii</span> <span class='ocrx_word' id='word_1_419' title='bbox 2509 2643 2834 2699; x_wconf 88' lang='lat' dir='ltr'>celebravit</span> <span class='ocrx_word' id='word_1_420' title='bbox 2856 2641 3155 2713; x_wconf 80' lang='lat' dir='ltr'>mysteria,</span> <span class='ocrx_word' id='word_1_421' title='bbox 3180 2640 3339 2712; x_wconf 89' lang='lat' dir='ltr'>quod</span> <span class='ocrx_word' id='word_1_422' title='bbox 3357 2655 3532 2710; x_wconf 66' lang='lat' dir='ltr'>aposo</span> 
     </span>
    </p>
   </div>
   <div class='ocr_carea' id='block_1_58' title="bbox 1861 2728 3534 2804">
    <p class='ocr_par' dir='ltr' id='par_1_58' title="bbox 1861 2728 3534 2804">
     <span class='ocr_line' id='line_1_58' title="bbox 1861 2728 3534 2804; baseline -0.004 -15"><span class='ocrx_word' id='word_1_423' title='bbox 1861 2735 2016 2791; x_wconf 92' lang='lat' dir='ltr'>tolos</span> <span class='ocrx_word' id='word_1_424' title='bbox 2039 2734 2217 2799; x_wconf 84' lang='lat' dir='ltr'>misit,</span> <span class='ocrx_word' id='word_1_425' title='bbox 2252 2748 2400 2789; x_wconf 89' lang='lat' dir='ltr'>voce</span> <span class='ocrx_word' id='word_1_426' title='bbox 2431 2748 2645 2804; x_wconf 90' lang='lat' dir='ltr'>magna</span> <span class='ocrx_word' id='word_1_427' title='bbox 2674 2732 2946 2786; x_wconf 87' lang='lat' dir='ltr'>clamavit</span> <span class='ocrx_word' id='word_1_428' title='bbox 2967 2730 3164 2786; x_wconf 92' lang='lat' dir='ltr'>dicent</span> <span class='ocrx_word' id='word_1_429' title='bbox 3195 2746 3206 2784; x_wconf 89' lang='lat'>:</span> <span class='ocrx_word' id='word_1_430' title='bbox 3252 2751 3273 2779; x_wconf 73' lang='grc' dir='ltr'><strong>α</strong></span> <span class='ocrx_word' id='word_1_431' title='bbox 3306 2728 3369 2785; x_wconf 88' lang='lat' dir='ltr'>Si</span> <span class='ocrx_word' id='word_1_432' title='bbox 3400 2728 3534 2799; x_wconf 85' lang='lat' dir='ltr'>quis</span> 
     </span>
    </p>
   </div>
   <div class='ocr_carea' id='block_1_59' title="bbox 1865 2817 3536 2893">
    <p class='ocr_par' dir='ltr' id='par_1_59' title="bbox 1865 2817 3536 2893">
     <span class='ocr_line' id='line_1_59' title="bbox 1865 2817 3536 2893; baseline -0.004 -15"><span class='ocrx_word' id='word_1_433' title='bbox 1865 2824 2006 2893; x_wconf 89' lang='lat' dir='ltr'>sitit,</span> <span class='ocrx_word' id='word_1_434' title='bbox 2039 2822 2235 2878; x_wconf 88' lang='lat' dir='ltr'>veniat</span> <span class='ocrx_word' id='word_1_435' title='bbox 2265 2821 2336 2876; x_wconf 86' lang='lat' dir='ltr'>ad</span> <span class='ocrx_word' id='word_1_436' title='bbox 2360 2836 2474 2891; x_wconf 89' lang='lat' dir='ltr'>me,</span> <span class='ocrx_word' id='word_1_437' title='bbox 2506 2825 2562 2877; x_wconf 90' lang='lat' dir='ltr'>et</span> <span class='ocrx_word' id='word_1_438' title='bbox 2592 2821 2753 2876; x_wconf 88' lang='lat' dir='ltr'>bibat</span> <span class='ocrx_word' id='word_1_439' title='bbox 2783 2821 2976 2890; x_wconf 84' lang='lat' dir='ltr'>(Joan.</span> <span class='ocrx_word' id='word_1_440' title='bbox 3009 2836 3108 2884; x_wconf 88' lang='lat' dir='ltr'>vn,</span> <span class='ocrx_word' id='word_1_441' title='bbox 3134 2818 3224 2888; x_wconf 78' lang='lat'>3&#39;7)</span> <span class='ocrx_word' id='word_1_442' title='bbox 3254 2818 3284 2873; x_wconf 85' lang='lat'><strong>?</strong></span> <span class='ocrx_word' id='word_1_443' title='bbox 3326 2839 3347 2867; x_wconf 69' lang='grc' dir='ltr'><strong><em>ιν</em></strong></span> <span class='ocrx_word' id='word_1_444' title='bbox 3378 2817 3536 2889; x_wconf 84' lang='lat' dir='ltr'>Ergo</span> 
     </span>
    </p>
   </div>
   <div class='ocr_carea' id='block_1_60' title="bbox 1865 2908 3539 2984">
    <p class='ocr_par' dir='ltr' id='par_1_60' title="bbox 1865 2908 3539 2984">
     <span class='ocr_line' id='line_1_60' title="bbox 1865 2908 3539 2984; baseline -0.004 -16"><span class='ocrx_word' id='word_1_445' title='bbox 1865 2912 2173 2984; x_wconf 88' lang='lat' dir='ltr'>sequentia</span> <span class='ocrx_word' id='word_1_446' title='bbox 2202 2910 2563 2982; x_wconf 85' lang='lat' dir='ltr'>respondent</span> <span class='ocrx_word' id='word_1_447' title='bbox 2593 2910 2912 2981; x_wconf 88' lang='lat' dir='ltr'>prioribus,</span> <span class='ocrx_word' id='word_1_448' title='bbox 2966 2910 3020 2963; x_wconf 89' lang='lat' dir='ltr'>et</span> <span class='ocrx_word' id='word_1_449' title='bbox 3064 2908 3244 2962; x_wconf 88' lang='lat' dir='ltr'>totius</span> <span class='ocrx_word' id='word_1_450' title='bbox 3297 2921 3539 2961; x_wconf 86' lang='lat' dir='ltr'>cursum</span> 
     </span>
    </p>
   </div>
   <div class='ocr_carea' id='block_1_61' title="bbox 1867 2995 3540 3071">
    <p class='ocr_par' dir='ltr' id='par_1_61' title="bbox 1867 2995 3540 3071">
     <span class='ocr_line' id='line_1_61' title="bbox 1867 2995 3540 3071; baseline -0.005 -14"><span class='ocrx_word' id='word_1_451' title='bbox 1867 3001 2291 3057; x_wconf 87' lang='lat' dir='ltr'>incarnationis</span> <span class='ocrx_word' id='word_1_452' title='bbox 2339 3000 2612 3056; x_wconf 88' lang='lat' dir='ltr'>videmus</span> <span class='ocrx_word' id='word_1_453' title='bbox 2661 2998 2987 3071; x_wconf 63' lang='lat' dir='ltr'>prophetia</span> <span class='ocrx_word' id='word_1_454' title='bbox 3035 2996 3408 3069; x_wconf 83' lang='lat' dir='ltr'>expositione</span> <span class='ocrx_word' id='word_1_455' title='bbox 3454 2995 3540 3050; x_wconf 83' lang='lat' dir='ltr'>di-</span> 
     </span>
    </p>
   </div>
   <div class='ocr_carea' id='block_1_62' title="bbox 1868 3095 2126 3164">
    <p class='ocr_par' dir='ltr' id='par_1_62' title="bbox 1868 3095 2126 3164">
     <span class='ocr_line' id='line_1_62' title="bbox 1868 3095 2126 3164; baseline -0.012 -16"><span class='ocrx_word' id='word_1_456' title='bbox 1868 3095 2101 3164; x_wconf 81' lang='lat' dir='ltr'>gestum</span> <span class='ocrx_word' id='word_1_457' title='bbox 2112 3132 2126 3146; x_wconf 93' lang='lat'>.</span> 
     </span>
    </p>
   </div>
   <div class='ocr_carea' id='block_1_63' title="bbox 1937 3190 3541 3267">
    <p class='ocr_par' dir='ltr' id='par_1_63' title="bbox 1937 3190 3541 3267">
     <span class='ocr_line' id='line_1_63' title="bbox 1937 3190 3541 3267; baseline -0.006 -14"><span class='ocrx_word' id='word_1_458' title='bbox 1937 3200 2025 3253; x_wconf 89' lang='lat'>99.</span> <span class='ocrx_word' id='word_1_459' title='bbox 2061 3198 2240 3253; x_wconf 87' lang='lat' dir='ltr'>Multa</span> <span class='ocrx_word' id='word_1_460' title='bbox 2264 3196 2376 3255; x_wconf 86' lang='lat' dir='ltr'>alia</span> <span class='ocrx_word' id='word_1_461' title='bbox 2398 3197 2747 3252; x_wconf 88' lang='lat' dir='ltr'>documenta</span> <span class='ocrx_word' id='word_1_462' title='bbox 2769 3197 2990 3267; x_wconf 80' lang='lat' dir='ltr'>praesto</span> <span class='ocrx_word' id='word_1_463' title='bbox 3015 3208 3157 3250; x_wconf 88' lang='lat' dir='ltr'>esse</span> <span class='ocrx_word' id='word_1_464' title='bbox 3177 3193 3425 3263; x_wconf 85' lang='lat' dir='ltr'>possent</span> <span class='ocrx_word' id='word_1_465' title='bbox 3441 3190 3541 3244; x_wconf 86' lang='lat' dir='ltr'>hu-</span> 
     </span>
    </p>
   </div>
   <div class='ocr_carea' id='block_1_64' title="bbox 116 3280 3541 3390">
    <p class='ocr_par' dir='ltr' id='par_1_64' title="bbox 116 3280 3541 3390">
     <span class='ocr_line' id='line_1_64' title="bbox 116 3280 3541 3390; baseline -0.004 -44"><span class='ocrx_word' id='word_1_466' title='bbox 116 3295 451 3352; x_wconf 74' lang='lat' dir='ltr'>ethu-istum</span> <span class='ocrx_word' id='word_1_467' title='bbox 482 3296 632 3351; x_wconf 86' lang='lat' dir='ltr'>fecit</span> <span class='ocrx_word' id='word_1_468' title='bbox 663 3296 823 3350; x_wconf 90' lang='lat' dir='ltr'>Deus</span> <span class='ocrx_word' id='word_1_469' title='bbox 852 3296 1013 3364; x_wconf 80' lang='lat' dir='ltr'>(Act.</span> <span class='ocrx_word' id='word_1_470' title='bbox 1063 3312 1129 3364; x_wconf 80' lang='grc' dir='ltr'>ιι,</span> <span class='ocrx_word' id='word_1_471' title='bbox 1170 3295 1281 3364; x_wconf 83' lang='lat'>36).</span> <span class='ocrx_word' id='word_1_472' title='bbox 1321 3315 1342 3343; x_wconf 71' lang='grc' dir='ltr'><strong><em>ι</em></strong></span> <span class='ocrx_word' id='word_1_473' title='bbox 1378 3293 1635 3364; x_wconf 87' lang='lat' dir='ltr'>Imperiti</span> <span class='ocrx_word' id='word_1_474' title='bbox 1669 3286 1757 3347; x_wconf 49' lang='lat' dir='ltr'>le;</span> <span class='ocrx_word' id='word_1_475' title='bbox 1794 3288 2129 3390; x_wconf 80' lang='lat' dir='ltr'>Cjusmodi</span> <span class='ocrx_word' id='word_1_476' title='bbox 2159 3289 2230 3342; x_wconf 89' lang='lat' dir='ltr'>de</span> <span class='ocrx_word' id='word_1_477' title='bbox 2264 3287 2668 3342; x_wconf 84' lang='lat' dir='ltr'>incarnatione</span> <span class='ocrx_word' id='word_1_478' title='bbox 2700 3285 2854 3341; x_wconf 88' lang='lat' dir='ltr'>dicta</span> <span class='ocrx_word' id='word_1_479' title='bbox 2885 3283 3076 3337; x_wconf 86' lang='lat' dir='ltr'>videri</span> <span class='ocrx_word' id='word_1_480' title='bbox 3109 3298 3121 3336; x_wconf 91' lang='lat'><strong>:</strong></span> <span class='ocrx_word' id='word_1_481' title='bbox 3159 3280 3267 3336; x_wconf 90' lang='lat' dir='ltr'>sed</span> <span class='ocrx_word' id='word_1_482' title='bbox 3300 3294 3541 3390; x_wconf 50' lang='lat' dir='ltr'>n‘onme</span> 
     </span>
    </p>
   </div>
   <div class='ocr_carea' id='block_1_65' title="bbox 125 3384 1757 3456">
    <p class='ocr_par' dir='ltr' id='par_1_65' title="bbox 125 3384 1757 3456">
     <span class='ocr_line' id='line_1_65' title="bbox 125 3384 1757 3456; baseline 0 -18"><span class='ocrx_word' id='word_1_483' title='bbox 125 3388 235 3451; x_wconf 73' lang='lat' dir='ltr'>gent</span> <span class='ocrx_word' id='word_1_484' title='bbox 259 3389 456 3455; x_wconf 89' lang='lat' dir='ltr'>totum,</span> <span class='ocrx_word' id='word_1_485' title='bbox 495 3388 561 3440; x_wconf 86' lang='lat' dir='ltr'>et</span> <span class='ocrx_word' id='word_1_486' title='bbox 589 3384 958 3456; x_wconf 84' lang='lat' dir='ltr'>intelligant;</span> <span class='ocrx_word' id='word_1_487' title='bbox 990 3384 1081 3439; x_wconf 90' lang='lat' dir='ltr'>sic</span> <span class='ocrx_word' id='word_1_488' title='bbox 1112 3385 1267 3439; x_wconf 90' lang='lat' dir='ltr'>enim</span> <span class='ocrx_word' id='word_1_489' title='bbox 1300 3384 1586 3453; x_wconf 89' lang='lat' dir='ltr'>scriptum</span> <span class='ocrx_word' id='word_1_490' title='bbox 1617 3385 1709 3437; x_wconf 90' lang='lat' dir='ltr'>est</span> <span class='ocrx_word' id='word_1_491' title='bbox 1745 3399 1757 3438; x_wconf 89' lang='lat'><strong>:</strong></span> 
     </span>
    </p>
   </div>
   <div class='ocr_carea' id='block_1_66' title="bbox 131 3471 1761 3543">
    <p class='ocr_par' dir='ltr' id='par_1_66' title="bbox 131 3471 1761 3543">
     <span class='ocr_line' id='line_1_66' title="bbox 131 3471 1761 3543; baseline -0.002 -16"><span class='ocrx_word' id='word_1_492' title='bbox 131 3494 142 3513; x_wconf 78' lang='grc' dir='ltr'>ι</span> <span class='ocrx_word' id='word_1_493' title='bbox 175 3472 230 3527; x_wconf 84' lang='lat' dir='ltr'>Et</span> <span class='ocrx_word' id='word_1_494' title='bbox 255 3474 571 3531; x_wconf 85' lang='lat' dir='ltr'>Dominum</span> <span class='ocrx_word' id='word_1_495' title='bbox 610 3490 745 3528; x_wconf 90' lang='lat' dir='ltr'>eum</span> <span class='ocrx_word' id='word_1_496' title='bbox 777 3474 935 3543; x_wconf 78' lang='lat' dir='ltr'>fecit,</span> <span class='ocrx_word' id='word_1_497' title='bbox 983 3476 1042 3528; x_wconf 89' lang='lat' dir='ltr'>et</span> <span class='ocrx_word' id='word_1_498' title='bbox 1083 3472 1384 3528; x_wconf 87' lang='lat' dir='ltr'>Christum</span> <span class='ocrx_word' id='word_1_499' title='bbox 1427 3471 1567 3526; x_wconf 80' lang='lat' dir='ltr'>fecit</span> <span class='ocrx_word' id='word_1_500' title='bbox 1602 3471 1761 3525; x_wconf 91' lang='lat' dir='ltr'>Deus</span> 
     </span>
    </p>
   </div>
   <div class='ocr_carea' id='block_1_67' title="bbox 129 3558 1765 3634">
    <p class='ocr_par' dir='ltr' id='par_1_67' title="bbox 129 3558 1765 3634">
     <span class='ocr_line' id='line_1_67' title="bbox 129 3558 1765 3634; baseline 0.001 -22"><span class='ocrx_word' id='word_1_501' title='bbox 129 3558 254 3617; x_wconf 87' lang='lat' dir='ltr'>hunc</span> <span class='ocrx_word' id='word_1_502' title='bbox 280 3564 509 3633; x_wconf 76' lang='lat' dir='ltr'>.lesum,</span> <span class='ocrx_word' id='word_1_503' title='bbox 552 3579 727 3634; x_wconf 89' lang='lat' dir='ltr'>quem</span> <span class='ocrx_word' id='word_1_504' title='bbox 758 3578 868 3617; x_wconf 87' lang='lat' dir='ltr'>vos</span> <span class='ocrx_word' id='word_1_505' title='bbox 900 3561 1285 3617; x_wconf 80' lang='lat' dir='ltr'>crucifixistis</span> <span class='ocrx_word' id='word_1_506' title='bbox 1314 3586 1335 3607; x_wconf 75' lang='grc' dir='ltr'>»ι</span> <span class='ocrx_word' id='word_1_507' title='bbox 1370 3560 1595 3629; x_wconf 84' lang='lat' dir='ltr'>(Ibid.).</span> <span class='ocrx_word' id='word_1_508' title='bbox 1631 3560 1765 3615; x_wconf 89' lang='lat' dir='ltr'>Non</span> 
     </span>
    </p>
   </div>
   <div class='ocr_carea' id='block_1_68' title="bbox 130 3648 1766 3721">
    <p class='ocr_par' dir='ltr' id='par_1_68' title="bbox 130 3648 1766 3721">
     <span class='ocr_line' id='line_1_68' title="bbox 130 3648 1766 3721; baseline 0.001 -21"><span class='ocrx_word' id='word_1_509' title='bbox 130 3648 362 3708; x_wconf 85' lang='lat' dir='ltr'>divinitas</span> <span class='ocrx_word' id='word_1_510' title='bbox 395 3652 691 3707; x_wconf 78' lang='lat' dir='ltr'>cruciﬁxa</span> <span class='ocrx_word' id='word_1_511' title='bbox 711 3693 726 3720; x_wconf 93' lang='lat'>,</span> <span class='ocrx_word' id='word_1_512' title='bbox 777 3650 882 3706; x_wconf 86' lang='lat' dir='ltr'>sed</span> <span class='ocrx_word' id='word_1_513' title='bbox 916 3666 1054 3706; x_wconf 88' lang='lat' dir='ltr'>caro</span> <span class='ocrx_word' id='word_1_514' title='bbox 1090 3653 1203 3705; x_wconf 89' lang='lat' dir='ltr'>est.</span> <span class='ocrx_word' id='word_1_515' title='bbox 1249 3651 1377 3704; x_wconf 81' lang='lat' dir='ltr'>Hoc</span> <span class='ocrx_word' id='word_1_516' title='bbox 1408 3650 1607 3721; x_wconf 87' lang='lat' dir='ltr'>utique</span> <span class='ocrx_word' id='word_1_517' title='bbox 1637 3648 1766 3703; x_wconf 81' lang='lat' dir='ltr'>ﬁeri</span> 
     </span>
    </p>
   </div>
   <div class='ocr_carea' id='block_1_69' title="bbox 132 3737 1771 3814">
    <p class='ocr_par' dir='ltr' id='par_1_69' title="bbox 132 3737 1771 3814">
     <span class='ocr_line' id='line_1_69' title="bbox 132 3737 1771 3814; baseline 0 -23"><span class='ocrx_word' id='word_1_518' title='bbox 132 3741 298 3811; x_wconf 88' lang='lat' dir='ltr'>potuit,</span> <span class='ocrx_word' id='word_1_519' title='bbox 326 3742 483 3814; x_wconf 86' lang='lat' dir='ltr'>quod</span> <span class='ocrx_word' id='word_1_520' title='bbox 525 3741 710 3813; x_wconf 85' lang='lat' dir='ltr'>potuit</span> <span class='ocrx_word' id='word_1_521' title='bbox 733 3741 1022 3812; x_wconf 84' lang='lat' dir='ltr'>crueiﬁgi.</span> <span class='ocrx_word' id='word_1_522' title='bbox 1058 3740 1192 3795; x_wconf 89' lang='lat' dir='ltr'>Non</span> <span class='ocrx_word' id='word_1_523' title='bbox 1228 3755 1373 3811; x_wconf 89' lang='lat' dir='ltr'>ergo</span> <span class='ocrx_word' id='word_1_524' title='bbox 1407 3738 1631 3793; x_wconf 86' lang='lat' dir='ltr'>factura</span> <span class='ocrx_word' id='word_1_525' title='bbox 1665 3737 1771 3792; x_wconf 89' lang='lat' dir='ltr'>Dei</span> 
     </span>
    </p>
   </div>
   <div class='ocr_carea' id='block_1_70' title="bbox 134 3824 304 3885">
    <p class='ocr_par' dir='ltr' id='par_1_70' title="bbox 134 3824 304 3885">
     <span class='ocr_line' id='line_1_70' title="bbox 134 3824 304 3885; baseline 0.047 -7"><span class='ocrx_word' id='word_1_526' title='bbox 134 3824 304 3885; x_wconf 81' lang='lat' dir='ltr'>Filius.</span> 
     </span>
    </p>
   </div>
   <div class='ocr_carea' id='block_1_71' title="bbox 184 3934 1770 4010">
    <p class='ocr_par' dir='ltr' id='par_1_71' title="bbox 184 3934 1770 4010">
     <span class='ocr_line' id='line_1_71' title="bbox 184 3934 1770 4010; baseline -0.003 -19"><span class='ocrx_word' id='word_1_527' title='bbox 184 3936 259 3992; x_wconf 78' lang='lat'>96.</span> <span class='ocrx_word' id='word_1_528' title='bbox 296 3939 585 3995; x_wconf 86' lang='lat' dir='ltr'>Facessat</span> <span class='ocrx_word' id='word_1_529' title='bbox 620 3938 801 4010; x_wconf 85' lang='lat' dir='ltr'>igitur</span> <span class='ocrx_word' id='word_1_530' title='bbox 847 3937 1089 4006; x_wconf 90' lang='lat' dir='ltr'>etillud,</span> <span class='ocrx_word' id='word_1_531' title='bbox 1125 3936 1195 3991; x_wconf 91' lang='lat' dir='ltr'>de</span> <span class='ocrx_word' id='word_1_532' title='bbox 1236 3936 1394 4008; x_wconf 93' lang='lat' dir='ltr'>quod</span> <span class='ocrx_word' id='word_1_533' title='bbox 1426 3934 1770 3989; x_wconf 86' lang='lat' dir='ltr'>calumniari</span> 
     </span>
    </p>
   </div>
   <div class='ocr_carea' id='block_1_72' title="bbox 136 4024 1771 4099">
    <p class='ocr_par' dir='ltr' id='par_1_72' title="bbox 136 4024 1771 4099">
     <span class='ocr_line' id='line_1_72' title="bbox 136 4024 1771 4099; baseline 0.001 -24"><span class='ocrx_word' id='word_1_534' title='bbox 136 4025 308 4097; x_wconf 87' lang='lat' dir='ltr'>solent,</span> <span class='ocrx_word' id='word_1_535' title='bbox 341 4034 395 4083; x_wconf 87' lang='lat' dir='ltr'>et</span> <span class='ocrx_word' id='word_1_536' title='bbox 422 4026 1181 4099; x_wconf 76' lang='lat' dir='ltr'>discautquemadmodufn</span> <span class='ocrx_word' id='word_1_537' title='bbox 1203 4025 1422 4079; x_wconf 90' lang='lat' dir='ltr'>dictum</span> <span class='ocrx_word' id='word_1_538' title='bbox 1444 4025 1521 4078; x_wconf 90' lang='lat' dir='ltr'>sit</span> <span class='ocrx_word' id='word_1_539' title='bbox 1552 4039 1565 4079; x_wconf 90' lang='lat'><strong>:</strong></span> <span class='ocrx_word' id='word_1_540' title='bbox 1599 4047 1618 4072; x_wconf 77' lang='grc' dir='ltr'>α</span> <span class='ocrx_word' id='word_1_541' title='bbox 1658 4024 1771 4076; x_wconf 87' lang='lat' dir='ltr'>Do-</span> 
     </span>
    </p>
   </div>
   <div class='ocr_carea' id='block_1_73' title="bbox 138 4112 1767 4186">
    <p class='ocr_par' dir='ltr' id='par_1_73' title="bbox 138 4112 1767 4186">
     <span class='ocr_line' id='line_1_73' title="bbox 138 4112 1767 4186; baseline -0.001 -17"><span class='ocrx_word' id='word_1_542' title='bbox 138 4115 294 4171; x_wconf 85' lang='lat' dir='ltr'>minus</span> <span class='ocrx_word' id='word_1_543' title='bbox 323 4118 545 4174; x_wconf 86' lang='lat' dir='ltr'>creavit</span> <span class='ocrx_word' id='word_1_544' title='bbox 579 4133 672 4173; x_wconf 89' lang='lat' dir='ltr'>me</span> <span class='ocrx_word' id='word_1_545' title='bbox 702 4116 815 4186; x_wconf 81' lang='grc'>(53)</span> <span class='ocrx_word' id='word_1_546' title='bbox 837 4117 1047 4182; x_wconf 77' lang='lat' dir='ltr'>(Prov.</span> <span class='ocrx_word' id='word_1_547' title='bbox 1072 4132 1193 4184; x_wconf 79' lang='lat' dir='ltr'>vni;</span> <span class='ocrx_word' id='word_1_548' title='bbox 1226 4115 1335 4183; x_wconf 70' lang='lat'>22).</span> <span class='ocrx_word' id='word_1_549' title='bbox 1374 4137 1394 4161; x_wconf 79' lang='grc' dir='ltr'><strong><em>ιο</em></strong></span> <span class='ocrx_word' id='word_1_550' title='bbox 1423 4114 1557 4168; x_wconf 89' lang='lat' dir='ltr'>Non</span> <span class='ocrx_word' id='word_1_551' title='bbox 1588 4112 1767 4167; x_wconf 67' lang='lat' dir='ltr'>dixit:</span> 
     </span>
    </p>
   </div>
   <div class='ocr_carea' id='block_1_74' title="bbox 140 4201 1772 4273">
    <p class='ocr_par' dir='ltr' id='par_1_74' title="bbox 140 4201 1772 4273">
     <span class='ocr_line' id='line_1_74' title="bbox 140 4201 1772 4273; baseline 0.001 -21"><span class='ocrx_word' id='word_1_552' title='bbox 140 4201 278 4259; x_wconf 84' lang='lat' dir='ltr'>Pater</span> <span class='ocrx_word' id='word_1_553' title='bbox 320 4208 561 4273; x_wconf 85' lang='lat' dir='ltr'>creavit,</span> <span class='ocrx_word' id='word_1_554' title='bbox 602 4207 709 4261; x_wconf 90' lang='lat' dir='ltr'>sed</span> <span class='ocrx_word' id='word_1_555' title='bbox 749 4231 769 4253; x_wconf 73' lang='grc' dir='ltr'><strong><em>α</em></strong></span> <span class='ocrx_word' id='word_1_556' title='bbox 810 4207 1094 4260; x_wconf 80' lang='lat' dir='ltr'>Dominus</span> <span class='ocrx_word' id='word_1_557' title='bbox 1135 4204 1355 4259; x_wconf 87' lang='lat' dir='ltr'>creavit</span> <span class='ocrx_word' id='word_1_558' title='bbox 1399 4217 1511 4257; x_wconf 92' lang='lat' dir='ltr'>me.</span> <span class='ocrx_word' id='word_1_559' title='bbox 1552 4224 1573 4250; x_wconf 69' lang='grc' dir='ltr'>ι</span> <span class='ocrx_word' id='word_1_560' title='bbox 1622 4203 1772 4255; x_wconf 78' lang='lat' dir='ltr'>Caro</span> 
     </span>
    </p>
   </div>
   <div class='ocr_carea' id='block_1_75' title="bbox 144 4290 1774 4370">
    <p class='ocr_par' dir='ltr' id='par_1_75' title="bbox 144 4290 1774 4370">
     <span class='ocr_line' id='line_1_75' title="bbox 144 4290 1774 4370; baseline 0.001 -28"><span class='ocrx_word' id='word_1_561' title='bbox 144 4290 408 4351; x_wconf 77' lang='lat' dir='ltr'>hominum</span> <span class='ocrx_word' id='word_1_562' title='bbox 425 4296 727 4370; x_wconf 85' lang='lat' dir='ltr'>agnoscit,</span> <span class='ocrx_word' id='word_1_563' title='bbox 755 4296 942 4368; x_wconf 85' lang='lat' dir='ltr'>gloria</span> <span class='ocrx_word' id='word_1_564' title='bbox 962 4296 1193 4349; x_wconf 83' lang='lat' dir='ltr'>Patrem</span> <span class='ocrx_word' id='word_1_565' title='bbox 1225 4292 1523 4364; x_wconf 80' lang='lat' dir='ltr'>signiﬁcat</span> <span class='ocrx_word' id='word_1_566' title='bbox 1556 4307 1568 4346; x_wconf 94' lang='lat'>:</span> <span class='ocrx_word' id='word_1_567' title='bbox 1605 4307 1774 4345; x_wconf 87' lang='lat' dir='ltr'>crea-</span> 
     </span>
    </p>
   </div>
   <div class='ocr_carea' id='block_1_76' title="bbox 146 4381 1777 4451">
    <p class='ocr_par' dir='ltr' id='par_1_76' title="bbox 146 4381 1777 4451">
     <span class='ocr_line' id='line_1_76' title="bbox 146 4381 1777 4451; baseline -0.003 -14"><span class='ocrx_word' id='word_1_568' title='bbox 146 4383 246 4436; x_wconf 76' lang='lat' dir='ltr'>tura</span> <span class='ocrx_word' id='word_1_569' title='bbox 282 4390 477 4441; x_wconf 84' lang='lat' dir='ltr'>nostra</span> <span class='ocrx_word' id='word_1_570' title='bbox 514 4386 840 4441; x_wconf 90' lang='lat' dir='ltr'>Dominum</span> <span class='ocrx_word' id='word_1_571' title='bbox 872 4385 1216 4451; x_wconf 80' lang='lat' dir='ltr'>conﬁtetur,</span> <span class='ocrx_word' id='word_1_572' title='bbox 1253 4382 1512 4436; x_wconf 87' lang='lat' dir='ltr'>charitas</span> <span class='ocrx_word' id='word_1_573' title='bbox 1546 4381 1777 4434; x_wconf 78' lang='lat' dir='ltr'>Patrem</span> 
     </span>
    </p>
   </div>
   <div class='ocr_carea' id='block_1_77' title="bbox 146 4470 1778 4545">
    <p class='ocr_par' dir='ltr' id='par_1_77' title="bbox 146 4470 1778 4545">
     <span class='ocr_line' id='line_1_77' title="bbox 146 4470 1778 4545; baseline 0 -26"><span class='ocrx_word' id='word_1_574' title='bbox 146 4472 274 4525; x_wconf 80' lang='lat' dir='ltr'>novit</span> <span class='ocrx_word' id='word_1_575' title='bbox 309 4476 437 4545; x_wconf 78' lang='lat' dir='ltr'>(5i).</span> <span class='ocrx_word' id='word_1_576' title='bbox 487 4476 690 4545; x_wconf 74' lang='lat' dir='ltr'>Itaque</span> <span class='ocrx_word' id='word_1_577' title='bbox 750 4474 887 4545; x_wconf 87' lang='lat' dir='ltr'>quis</span> <span class='ocrx_word' id='word_1_578' title='bbox 945 4473 1178 4544; x_wconf 84' lang='lat' dir='ltr'>ignoret</span> <span class='ocrx_word' id='word_1_579' title='bbox 1217 4472 1354 4541; x_wconf 83' lang='lat' dir='ltr'>quia</span> <span class='ocrx_word' id='word_1_580' title='bbox 1412 4470 1486 4523; x_wconf 85' lang='lat' dir='ltr'>ob</span> <span class='ocrx_word' id='word_1_581' title='bbox 1537 4483 1778 4522; x_wconf 86' lang='lat' dir='ltr'>causam</span> 
     </span>
    </p>
   </div>
   <div class='ocr_carea' id='block_1_78' title="bbox 147 4555 1778 4632">
    <p class='ocr_par' dir='ltr' id='par_1_78' title="bbox 147 4555 1778 4632">
     <span class='ocr_line' id='line_1_78' title="bbox 147 4555 1778 4632; baseline -0.002 -20"><span class='ocrx_word' id='word_1_582' title='bbox 147 4555 599 4632; x_wconf 78' lang='lat' dir='ltr'>incorporationis</span> <span class='ocrx_word' id='word_1_583' title='bbox 638 4564 751 4619; x_wconf 87' lang='lat' dir='ltr'>hoc</span> <span class='ocrx_word' id='word_1_584' title='bbox 791 4564 1007 4618; x_wconf 88' lang='lat' dir='ltr'>dicitur</span> <span class='ocrx_word' id='word_1_585' title='bbox 1036 4566 1062 4615; x_wconf 57' lang='grc' dir='ltr'><strong><em>Ὺ</em></strong></span> <span class='ocrx_word' id='word_1_586' title='bbox 1110 4562 1174 4615; x_wconf 88' lang='lat' dir='ltr'>In</span> <span class='ocrx_word' id='word_1_587' title='bbox 1206 4577 1275 4615; x_wconf 90' lang='lat' dir='ltr'>eo</span> <span class='ocrx_word' id='word_1_588' title='bbox 1311 4561 1491 4630; x_wconf 75' lang='lat' dir='ltr'>igitur</span> <span class='ocrx_word' id='word_1_589' title='bbox 1513 4574 1579 4613; x_wconf 86' lang='lat' dir='ltr'>se</span> <span class='ocrx_word' id='word_1_590' title='bbox 1610 4573 1778 4611; x_wconf 86' lang='lat' dir='ltr'>crea-</span> 
     </span>
    </p>
   </div>
   <div class='ocr_carea' id='block_1_79' title="bbox 148 4648 1774 4725">
    <p class='ocr_par' dir='ltr' id='par_1_79' title="bbox 148 4648 1774 4725">
     <span class='ocr_line' id='line_1_79' title="bbox 148 4648 1774 4725; baseline -0.001 -24"><span class='ocrx_word' id='word_1_591' title='bbox 148 4649 242 4703; x_wconf 82' lang='lat' dir='ltr'>tum</span> <span class='ocrx_word' id='word_1_592' title='bbox 267 4652 414 4720; x_wconf 86' lang='lat' dir='ltr'>dicit,</span> <span class='ocrx_word' id='word_1_593' title='bbox 438 4656 497 4709; x_wconf 90' lang='lat' dir='ltr'>in</span> <span class='ocrx_word' id='word_1_594' title='bbox 530 4670 651 4725; x_wconf 89' lang='lat' dir='ltr'>quo</span> <span class='ocrx_word' id='word_1_595' title='bbox 683 4657 740 4708; x_wconf 87' lang='lat' dir='ltr'>et</span> <span class='ocrx_word' id='word_1_596' title='bbox 782 4652 1077 4707; x_wconf 88' lang='lat' dir='ltr'>hominem</span> <span class='ocrx_word' id='word_1_597' title='bbox 1121 4650 1474 4705; x_wconf 82' lang='lat' dir='ltr'>testiﬁcatur</span> <span class='ocrx_word' id='word_1_598' title='bbox 1521 4648 1728 4700; x_wconf 88' lang='lat' dir='ltr'>dicens</span> <span class='ocrx_word' id='word_1_599' title='bbox 1762 4660 1774 4699; x_wconf 92' lang='lat'><strong>:</strong></span> 
     </span>
    </p>
   </div>
   <div class='ocr_carea' id='block_1_80' title="bbox 154 4737 1778 4814">
    <p class='ocr_par' dir='ltr' id='par_1_80' title="bbox 154 4737 1778 4814">
     <span class='ocr_line' id='line_1_80' title="bbox 154 4737 1778 4814; baseline -0.002 -23"><span class='ocrx_word' id='word_1_600' title='bbox 154 4756 168 4778; x_wconf 86' lang='grc'><strong>·</strong></span> <span class='ocrx_word' id='word_1_601' title='bbox 195 4740 317 4800; x_wconf 79' lang='lat' dir='ltr'>Quid</span> <span class='ocrx_word' id='word_1_602' title='bbox 350 4760 435 4797; x_wconf 88' lang='lat' dir='ltr'>me</span> <span class='ocrx_word' id='word_1_603' title='bbox 466 4744 737 4814; x_wconf 51' lang='lat' dir='ltr'>quaeritis</span> <span class='ocrx_word' id='word_1_604' title='bbox 782 4742 1054 4795; x_wconf 62' lang='lat' dir='ltr'>occidero</span> <span class='ocrx_word' id='word_1_605' title='bbox 1089 4740 1409 4807; x_wconf 90' lang='lat' dir='ltr'>hominem,</span> <span class='ocrx_word' id='word_1_606' title='bbox 1440 4737 1542 4808; x_wconf 89' lang='lat' dir='ltr'>qui</span> <span class='ocrx_word' id='word_1_607' title='bbox 1565 4737 1778 4789; x_wconf 81' lang='lat' dir='ltr'>verita-</span> 
     </span>
    </p>
   </div>
   <div class='ocr_carea' id='block_1_81' title="bbox 152 4825 1779 4897">
    <p class='ocr_par' dir='ltr' id='par_1_81' title="bbox 152 4825 1779 4897">
     <span class='ocr_line' id='line_1_81' title="bbox 152 4825 1779 4897; baseline 0.002 -23"><span class='ocrx_word' id='word_1_608' title='bbox 152 4826 239 4878; x_wconf 85' lang='lat' dir='ltr'>tem</span> <span class='ocrx_word' id='word_1_609' title='bbox 259 4828 474 4885; x_wconf 83' lang='lat' dir='ltr'>locutus</span> <span class='ocrx_word' id='word_1_610' title='bbox 498 4848 631 4886; x_wconf 90' lang='lat' dir='ltr'>sum</span> <span class='ocrx_word' id='word_1_611' title='bbox 658 4831 829 4885; x_wconf 83' lang='lat' dir='ltr'>vobis</span> <span class='ocrx_word' id='word_1_612' title='bbox 849 4831 1039 4895; x_wconf 76' lang='lat' dir='ltr'>(.lJan.</span> <span class='ocrx_word' id='word_1_613' title='bbox 1074 4845 1197 4897; x_wconf 79' lang='lat' dir='ltr'>vui,</span> <span class='ocrx_word' id='word_1_614' title='bbox 1226 4825 1317 4895; x_wconf 76' lang='lat'>40)</span> <span class='ocrx_word' id='word_1_615' title='bbox 1346 4828 1375 4881; x_wconf 67' lang='grc' dir='ltr'>ἱ)</span> <span class='ocrx_word' id='word_1_616' title='bbox 1410 4848 1430 4874; x_wconf 84' lang='grc'><strong>»</strong></span> <span class='ocrx_word' id='word_1_617' title='bbox 1467 4825 1779 4879; x_wconf 83' lang='lat' dir='ltr'>Hominem</span> 
     </span>
    </p>
   </div>
   <div class='ocr_carea' id='block_1_82' title="bbox 154 4912 1778 4991">
    <p class='ocr_par' dir='ltr' id='par_1_82' title="bbox 154 4912 1778 4991">
     <span class='ocr_line' id='line_1_82' title="bbox 154 4912 1778 4991; baseline 0.003 -30"><span class='ocrx_word' id='word_1_618' title='bbox 154 4912 278 4982; x_wconf 68' lang='lat' dir='ltr'>dicit,</span> <span class='ocrx_word' id='word_1_619' title='bbox 301 4919 352 4972; x_wconf 87' lang='lat' dir='ltr'>in</span> <span class='ocrx_word' id='word_1_620' title='bbox 381 4937 494 4991; x_wconf 87' lang='lat' dir='ltr'>quo</span> <span class='ocrx_word' id='word_1_621' title='bbox 528 4924 584 4975; x_wconf 86' lang='lat' dir='ltr'>et</span> <span class='ocrx_word' id='word_1_622' title='bbox 618 4920 939 4974; x_wconf 67' lang='lat' dir='ltr'>cruciﬁxus</span> <span class='ocrx_word' id='word_1_623' title='bbox 987 4924 1041 4971; x_wconf 88' lang='lat' dir='ltr'>et</span> <span class='ocrx_word' id='word_1_624' title='bbox 1092 4920 1380 4985; x_wconf 88' lang='lat' dir='ltr'>mortuus,</span> <span class='ocrx_word' id='word_1_625' title='bbox 1422 4919 1479 4971; x_wconf 91' lang='lat' dir='ltr'>et</span> <span class='ocrx_word' id='word_1_626' title='bbox 1509 4913 1778 4985; x_wconf 88' lang='lat' dir='ltr'>sepultus</span> 
     </span>
    </p>
   </div>
   <div class='ocr_carea' id='block_1_83' title="bbox 158 5008 242 5056">
    <p class='ocr_par' dir='ltr' id='par_1_83' title="bbox 158 5008 242 5056">
     <span class='ocr_line' id='line_1_83' title="bbox 158 5008 242 5056; baseline 0.036 -7"><span class='ocrx_word' id='word_1_627' title='bbox 158 5008 242 5056; x_wconf 67' lang='lat' dir='ltr'>est.</span> 
     </span>
    </p>
   </div>
   <div class='ocr_carea' id='block_1_84' title="bbox 164 5129 1779 5244">
    <p class='ocr_par' dir='ltr' id='par_1_84' title="bbox 164 5129 1779 5244">
     <span class='ocr_line' id='line_1_84' title="bbox 164 5129 1779 5244; baseline -0.001 -62"><span class='ocrx_word' id='word_1_628' title='bbox 164 5198 175 5244; x_wconf 47' lang='grc' dir='ltr'><strong>ι</strong></span> <span class='ocrx_word' id='word_1_629' title='bbox 212 5129 305 5195; x_wconf 58' lang='lat' dir='ltr'>Gil)</span> <span class='ocrx_word' id='word_1_630' title='bbox 347 5134 487 5188; x_wconf 72' lang='lat' dir='ltr'>Mss.</span> <span class='ocrx_word' id='word_1_631' title='bbox 541 5136 782 5206; x_wconf 76' lang='lat' dir='ltr'>aliquot,</span> <span class='ocrx_word' id='word_1_632' title='bbox 840 5157 859 5183; x_wconf 74' lang='grc' dir='ltr'>ι(</span> <span class='ocrx_word' id='word_1_633' title='bbox 902 5133 967 5187; x_wconf 76' lang='lat' dir='ltr'>Et</span> <span class='ocrx_word' id='word_1_634' title='bbox 1010 5132 1151 5205; x_wconf 84' lang='lat' dir='ltr'>quid</span> <span class='ocrx_word' id='word_1_635' title='bbox 1200 5134 1292 5187; x_wconf 86' lang='lat' dir='ltr'>est</span> <span class='ocrx_word' id='word_1_636' title='bbox 1341 5132 1402 5186; x_wconf 88' lang='lat' dir='ltr'>in</span> <span class='ocrx_word' id='word_1_637' title='bbox 1448 5145 1565 5202; x_wconf 86' lang='lat' dir='ltr'>quo</span> <span class='ocrx_word' id='word_1_638' title='bbox 1611 5143 1779 5183; x_wconf 87' lang='lat' dir='ltr'>crea-</span> 
     </span>
     <span class='ocr_line' id='line_1_85' title="bbox 181 5212 323 5244; baseline 0 0"><span class='ocrx_word' id='word_1_639' title='bbox 181 5212 252 5244; x_wconf 69' lang='lat' dir='ltr'>llll]</span> <span class='ocrx_word' id='word_1_640' title='bbox 307 5226 323 5244; x_wconf 63' lang='grc' dir='ltr'><strong><em>λ</em></strong></span> 
     </span>
    </p>
   </div>
   <div class='ocr_carea' id='block_1_85' title="bbox 181 5212 323 5253">
    <p class='ocr_par' dir='ltr' id='par_1_85' title="bbox 181 5212 323 5253">
     <span class='ocr_line' id='line_1_86' title="bbox 181 5212 323 5253; baseline 0 -6"><span class='ocrx_word' id='word_1_641' title='bbox 181 5212 272 5253; x_wconf 71' lang='grc' dir='ltr'>υῖίἶ.</span> <span class='ocrx_word' id='word_1_642' title='bbox 307 5226 323 5247; x_wconf 66' lang='lat' dir='ltr'>a</span> 
     </span>
    </p>
   </div>
   <div class='ocr_carea' id='block_1_86' title="bbox 194 5271 1780 5390">
    <p class='ocr_par' dir='ltr' id='par_1_86' title="bbox 194 5271 1780 5390">
     <span class='ocr_line' id='line_1_87' title="bbox 194 5271 1780 5390; baseline 0.001 -68"><span class='ocrx_word' id='word_1_643' title='bbox 194 5271 306 5390; x_wconf 33' lang='lat'>117)?)</span> <span class='ocrx_word' id='word_1_644' title='bbox 346 5274 513 5345; x_wconf 63' lang='lat' dir='ltr'>lidit.,</span> <span class='ocrx_word' id='word_1_645' title='bbox 550 5301 570 5325; x_wconf 70' lang='grc' dir='ltr'><em>α</em></span> <span class='ocrx_word' id='word_1_646' title='bbox 623 5280 679 5331; x_wconf 87' lang='lat' dir='ltr'>et</span> <span class='ocrx_word' id='word_1_647' title='bbox 726 5276 907 5331; x_wconf 89' lang='lat' dir='ltr'>Deum</span> <span class='ocrx_word' id='word_1_648' title='bbox 955 5292 1154 5330; x_wconf 87' lang='lat' dir='ltr'>cum...</span> <span class='ocrx_word' id='word_1_649' title='bbox 1202 5279 1257 5330; x_wconf 88' lang='lat' dir='ltr'>et</span> <span class='ocrx_word' id='word_1_650' title='bbox 1294 5276 1479 5328; x_wconf 88' lang='lat' dir='ltr'>Deum</span> <span class='ocrx_word' id='word_1_651' title='bbox 1525 5287 1659 5326; x_wconf 92' lang='lat' dir='ltr'>eum</span> <span class='ocrx_word' id='word_1_652' title='bbox 1691 5272 1780 5325; x_wconf 80' lang='lat' dir='ltr'>te-</span> 
     </span>
     <span class='ocr_line' id='line_1_88' title="bbox 194 5355 289 5390; baseline 0 -2"><span class='ocrx_word' id='word_1_653' title='bbox 194 5355 203 5387; x_wconf 85' lang='lat' dir='ltr'>i</span> <span class='ocrx_word' id='word_1_654' title='bbox 230 5381 239 5390; x_wconf 87' lang='lat'>.</span> <span class='ocrx_word' id='word_1_655' title='bbox 273 5365 289 5387; x_wconf 62' lang='grc' dir='ltr'><strong>ι</strong></span> 
     </span>
    </p>
   </div>
   <div class='ocr_carea' id='block_1_87' title="bbox 167 5354 289 5392">
    <p class='ocr_par' dir='ltr' id='par_1_87' title="bbox 167 5354 289 5392">
     <span class='ocr_line' id='line_1_89' title="bbox 167 5354 289 5392; baseline 0 -5"><span class='ocrx_word' id='word_1_656' title='bbox 167 5354 239 5392; x_wconf 70' lang='lat' dir='ltr'>Cll.</span> <span class='ocrx_word' id='word_1_657' title='bbox 273 5365 289 5387; x_wconf 61' lang='grc' dir='ltr'><strong>ι</strong></span> 
     </span>
    </p>
   </div>
   <div class='ocr_carea' id='block_1_88' title="bbox 219 5411 1780 5491">
    <p class='ocr_par' dir='ltr' id='par_1_88' title="bbox 219 5411 1780 5491">
     <span class='ocr_line' id='line_1_90' title="bbox 219 5411 1780 5491; baseline -0.007 -16"><span class='ocrx_word' id='word_1_658' title='bbox 219 5411 483 5491; x_wconf 27' lang='lat' dir='ltr'>(533)‘|luic</span> <span class='ocrx_word' id='word_1_659' title='bbox 515 5420 644 5475; x_wconf 89' lang='lat' dir='ltr'>loco</span> <span class='ocrx_word' id='word_1_660' title='bbox 676 5436 850 5491; x_wconf 85' lang='lat' dir='ltr'>quem</span> <span class='ocrx_word' id='word_1_661' title='bbox 901 5434 1015 5472; x_wconf 90' lang='lat' dir='ltr'>non</span> <span class='ocrx_word' id='word_1_662' title='bbox 1061 5418 1436 5491; x_wconf 85' lang='lat' dir='ltr'>mediocriter</span> <span class='ocrx_word' id='word_1_663' title='bbox 1478 5413 1780 5491; x_wconf 76' lang='lat' dir='ltr'>jactabant</span> 
     </span>
    </p>
   </div>
   <div class='ocr_carea' id='block_1_89' title="bbox 173 5479 1779 5563">
    <p class='ocr_par' dir='ltr' id='par_1_89' title="bbox 173 5479 1779 5563">
     <span class='ocr_line' id='line_1_91' title="bbox 173 5479 1779 5563; baseline 0.007 -32"><span class='ocrx_word' id='word_1_664' title='bbox 173 5479 352 5563; x_wconf 41' lang='lat' dir='ltr'>ariani,</span> <span class='ocrx_word' id='word_1_665' title='bbox 374 5505 665 5561; x_wconf 87' lang='lat' dir='ltr'>nunquam</span> <span class='ocrx_word' id='word_1_666' title='bbox 695 5479 814 5563; x_wconf 70' lang='lat' dir='ltr'>non</span> <span class='ocrx_word' id='word_1_667' title='bbox 851 5491 1057 5544; x_wconf 84' lang='lat' dir='ltr'>eodem</span> <span class='ocrx_word' id='word_1_668' title='bbox 1091 5490 1262 5544; x_wconf 90' lang='lat' dir='ltr'>modo</span> <span class='ocrx_word' id='word_1_669' title='bbox 1294 5479 1615 5563; x_wconf 66' lang='lat' dir='ltr'>respondet</span> <span class='ocrx_word' id='word_1_670' title='bbox 1645 5486 1779 5563; x_wconf 79' lang='lat' dir='ltr'>A_m-</span> 
     </span>
    </p>
   </div>
   <div class='ocr_carea' id='block_1_90' title="bbox 173 5546 1782 5632">
    <p class='ocr_par' dir='ltr' id='par_1_90' title="bbox 173 5546 1782 5632">
     <span class='ocr_line' id='line_1_92' title="bbox 173 5546 1782 5632; baseline 0.006 -29"><span class='ocrx_word' id='word_1_671' title='bbox 173 5546 389 5632; x_wconf 65' lang='lat' dir='ltr'>brosius,</span> <span class='ocrx_word' id='word_1_672' title='bbox 419 5546 547 5629; x_wconf 66' lang='lat' dir='ltr'>puta</span> <span class='ocrx_word' id='word_1_673' title='bbox 577 5564 634 5618; x_wconf 90' lang='lat' dir='ltr'>in</span> <span class='ocrx_word' id='word_1_674' title='bbox 669 5562 877 5632; x_wconf 82' lang='lat' dir='ltr'>psalm.</span> <span class='ocrx_word' id='word_1_675' title='bbox 904 5578 1103 5625; x_wconf 75' lang='lat' dir='ltr'>cxvm,</span> <span class='ocrx_word' id='word_1_676' title='bbox 1126 5578 1305 5616; x_wconf 89' lang='lat' dir='ltr'>serm.</span> <span class='ocrx_word' id='word_1_677' title='bbox 1341 5546 1782 5632; x_wconf 40' lang='lat' dir='ltr'>5,.ctinfi&#39;a1hu-</span> 
     </span>
    </p>
   </div>
   <div class='ocr_carea' id='block_1_91' title="bbox 173 5625 1779 5705">
    <p class='ocr_par' dir='ltr' id='par_1_91' title="bbox 173 5625 1779 5705">
     <span class='ocr_line' id='line_1_93' title="bbox 173 5625 1779 5705; baseline -0.007 -16"><span class='ocrx_word' id='word_1_678' title='bbox 173 5635 246 5684; x_wconf 61' lang='lat' dir='ltr'>ius</span> <span class='ocrx_word' id='word_1_679' title='bbox 272 5625 579 5705; x_wconf 15' lang='lat' dir='ltr'>Operl&#39;isljb.</span> <span class='ocrx_word' id='word_1_680' title='bbox 616 5625 698 5701; x_wconf 63' lang='lat' dir='ltr'>ni,</span> <span class='ocrx_word' id='word_1_681' title='bbox 732 5650 859 5704; x_wconf 90' lang='lat' dir='ltr'>cap.</span> <span class='ocrx_word' id='word_1_682' title='bbox 902 5633 952 5698; x_wconf 71' lang='lat'>4,</span> <span class='ocrx_word' id='word_1_683' title='bbox 1002 5632 1099 5686; x_wconf 83' lang='lat' dir='ltr'>ubi</span> <span class='ocrx_word' id='word_1_684' title='bbox 1122 5625 1779 5705; x_wconf 71' lang='lat' dir='ltr'>eumdeinaccuratius</span> 
     </span>
    </p>
   </div>
   <div class='ocr_carea' id='block_1_92' title="bbox 177 5697 1783 5776">
    <p class='ocr_par' dir='ltr' id='par_1_92' title="bbox 177 5697 1783 5776">
     <span class='ocr_line' id='line_1_94' title="bbox 177 5697 1783 5776; baseline 0 -27"><span class='ocrx_word' id='word_1_685' title='bbox 177 5699 437 5776; x_wconf 49' lang='lat' dir='ltr'>effeminat.</span> <span class='ocrx_word' id='word_1_686' title='bbox 470 5697 739 5760; x_wconf 73' lang='lat' dir='ltr'>Eamdem</span> <span class='ocrx_word' id='word_1_687' title='bbox 775 5697 1011 5776; x_wconf 66' lang='lat' dir='ltr'>quoque</span> <span class='ocrx_word' id='word_1_688' title='bbox 1044 5704 1398 5758; x_wconf 90' lang='lat' dir='ltr'>solutionem</span> <span class='ocrx_word' id='word_1_689' title='bbox 1421 5700 1607 5776; x_wconf 79' lang='lat' dir='ltr'>habes</span> <span class='ocrx_word' id='word_1_690' title='bbox 1630 5697 1783 5776; x_wconf 85' lang='lat' dir='ltr'>apud</span> 
     </span>
    </p>
   </div>
   <div class='ocr_carea' id='block_1_93' title="bbox 180 5764 1783 5845">
    <p class='ocr_par' dir='ltr' id='par_1_93' title="bbox 180 5764 1783 5845">
     <span class='ocr_line' id='line_1_95' title="bbox 180 5764 1783 5845; baseline -0.011 -6"><span class='ocrx_word' id='word_1_691' title='bbox 180 5764 507 5845; x_wconf 65' lang='lat' dir='ltr'>&#39;.\.”“mﬂxium</span> <span class='ocrx_word' id='word_1_692' title='bbox 546 5764 814 5845; x_wconf 73' lang='lat' dir='ltr'>pluribus</span> <span class='ocrx_word' id='word_1_693' title='bbox 848 5764 1020 5843; x_wconf 71' lang='lat' dir='ltr'>locis,</span> <span class='ocrx_word' id='word_1_694' title='bbox 1044 5776 1328 5829; x_wconf 79' lang='lat' dir='ltr'>Basilium</span> <span class='ocrx_word' id='word_1_695' title='bbox 1352 5777 1407 5828; x_wconf 93' lang='lat' dir='ltr'>et</span> <span class='ocrx_word' id='word_1_696' title='bbox 1428 5764 1783 5845; x_wconf 77' lang='lat' dir='ltr'>Gregorium</span> 
     </span>
    </p>
   </div>
   <div class='ocr_carea' id='block_1_94' title="bbox 184 5829 1784 5920">
    <p class='ocr_par' dir='ltr' id='par_1_94' title="bbox 184 5829 1784 5920">
     <span class='ocr_line' id='line_1_96' title="bbox 184 5829 1784 5920; baseline -0.006 -17"><span class='ocrx_word' id='word_1_697' title='bbox 184 5829 325 5903; x_wconf 53' lang='lat' dir='ltr'>X398.</span> <span class='ocrx_word' id='word_1_698' title='bbox 355 5829 628 5904; x_wconf 60' lang='lat' dir='ltr'>adversus</span> <span class='ocrx_word' id='word_1_699' title='bbox 648 5829 1020 5916; x_wconf 66' lang='lat' dir='ltr'>Eunomium,</span> <span class='ocrx_word' id='word_1_700' title='bbox 1042 5846 1395 5920; x_wconf 81' lang='lat' dir='ltr'>Gregorium</span> <span class='ocrx_word' id='word_1_701' title='bbox 1415 5829 1784 5899; x_wconf 37' lang='lat' dir='ltr'>Nasziero-</span> 
     </span>
    </p>
   </div>
   <div class='ocr_carea' id='block_1_95' title="bbox 1870 3368 3540 3447">
    <p class='ocr_par' dir='ltr' id='par_1_95' title="bbox 1870 3368 3540 3447">
     <span class='ocr_line' id='line_1_97' title="bbox 1870 3368 3540 3447; baseline -0.007 -15"><span class='ocrx_word' id='word_1_702' title='bbox 1870 3378 2108 3434; x_wconf 89' lang='lat' dir='ltr'>involvo</span> <span class='ocrx_word' id='word_1_703' title='bbox 2142 3377 2335 3447; x_wconf 90' lang='lat' dir='ltr'>libris,</span> <span class='ocrx_word' id='word_1_704' title='bbox 2370 3392 2443 3431; x_wconf 92' lang='lat' dir='ltr'>ne</span> <span class='ocrx_word' id='word_1_705' title='bbox 2475 3378 2759 3430; x_wconf 87' lang='lat' dir='ltr'>tractatus</span> <span class='ocrx_word' id='word_1_706' title='bbox 2777 3373 3047 3428; x_wconf 88' lang='lat' dir='ltr'>videatur</span> <span class='ocrx_word' id='word_1_707' title='bbox 3074 3385 3213 3427; x_wconf 91' lang='lat' dir='ltr'>esse</span> <span class='ocrx_word' id='word_1_708' title='bbox 3246 3368 3540 3424; x_wconf 84' lang='lat' dir='ltr'>ditl&#39;usior.</span> 
     </span>
    </p>
   </div>
   <div class='ocr_carea' id='block_1_96' title="bbox 2377 3483 2994 3547">
    <p class='ocr_par' dir='ltr' id='par_1_96' title="bbox 2377 3483 2994 3547">
     <span class='ocr_line' id='line_1_98' title="bbox 2377 3483 2994 3547; baseline -0.006 0"><span class='ocrx_word' id='word_1_709' title='bbox 2377 3483 2529 3547; x_wconf 82' lang='grc'>464</span> <span class='ocrx_word' id='word_1_710' title='bbox 2560 3490 2816 3545; x_wconf 66' lang='lat' dir='ltr'>CAPUT</span> <span class='ocrx_word' id='word_1_711' title='bbox 2846 3489 2994 3544; x_wconf 74' lang='lat' dir='ltr'>XVI.</span> 
     </span>
    </p>
   </div>
   <div class='ocr_carea' id='block_1_97' title="bbox 1872 3591 3542 3671">
    <p class='ocr_par' dir='ltr' id='par_1_97' title="bbox 1872 3591 3542 3671">
     <span class='ocr_line' id='line_1_99' title="bbox 1872 3591 3542 3671; baseline -0.008 -14"><span class='ocrx_word' id='word_1_712' title='bbox 1872 3603 2155 3671; x_wconf 82' lang='lat' dir='ltr'>Arinnos,</span> <span class='ocrx_word' id='word_1_713' title='bbox 2209 3620 2261 3656; x_wconf 84' lang='lat' dir='ltr'>SI</span> <span class='ocrx_word' id='word_1_714' title='bbox 2317 3605 2579 3671; x_wconf 86' lang='lat' dir='ltr'>creatum</span> <span class='ocrx_word' id='word_1_715' title='bbox 2629 3605 2685 3652; x_wconf 81' lang='lat' dir='ltr'>et</span> <span class='ocrx_word' id='word_1_716' title='bbox 2744 3596 3008 3671; x_wconf 78' lang='lat' dir='ltr'>genitum</span> <span class='ocrx_word' id='word_1_717' title='bbox 3068 3591 3542 3671; x_wconf 76' lang='lat' dir='ltr'>illis__ide_insi(,</span> 
     </span>
    </p>
   </div>
   <div class='ocr_carea' id='block_1_98' title="bbox 1949 3664 3546 3741">
    <p class='ocr_par' dir='ltr' id='par_1_98' title="bbox 1949 3664 3546 3741">
     <span class='ocr_line' id='line_1_100' title="bbox 1949 3664 3546 3741; baseline -0.009 -13"><span class='ocrx_word' id='word_1_718' title='bbox 1949 3664 2193 3730; x_wconf 75' lang='lat' dir='ltr'>Christo</span> <span class='ocrx_word' id='word_1_719' title='bbox 2214 3672 2451 3727; x_wconf 76' lang='lat' dir='ltr'>inferre</span> <span class='ocrx_word' id='word_1_720' title='bbox 2482 3664 2802 3741; x_wconf 68' lang='lat' dir='ltr'>injurinni:</span> <span class='ocrx_word' id='word_1_721' title='bbox 2827 3669 2921 3721; x_wconf 69' lang='lat' dir='ltr'>sl‘n</span> <span class='ocrx_word' id='word_1_722' title='bbox 2941 3675 3132 3719; x_wconf 80' lang='lat' dir='ltr'>autem</span> <span class='ocrx_word' id='word_1_723' title='bbox 3171 3664 3273 3718; x_wconf 82' lang='lat' dir='ltr'>illa</span> <span class='ocrx_word' id='word_1_724' title='bbox 3314 3665 3546 3741; x_wconf 74' lang='lat' dir='ltr'>distare</span> 
     </span>
    </p>
   </div>
   <div class='ocr_carea' id='block_1_99' title="bbox 1948 3736 3549 3815">
    <p class='ocr_par' dir='ltr' id='par_1_99' title="bbox 1948 3736 3549 3815">
     <span class='ocr_line' id='line_1_101' title="bbox 1948 3736 3549 3815; baseline -0.009 -14"><span class='ocrx_word' id='word_1_725' title='bbox 1948 3746 2217 3812; x_wconf 82' lang='lat' dir='ltr'>credant,</span> <span class='ocrx_word' id='word_1_726' title='bbox 2253 3760 2418 3815; x_wconf 84' lang='lat' dir='ltr'>quem</span> <span class='ocrx_word' id='word_1_727' title='bbox 2462 3736 2721 3815; x_wconf 52' lang='lat' dir='ltr'>legerint</span> <span class='ocrx_word' id='word_1_728' title='bbox 2753 3740 3049 3815; x_wconf 55' lang='lat' dir='ltr'>fienilum,</span> <span class='ocrx_word' id='word_1_729' title='bbox 3102 3741 3395 3815; x_wconf 67' lang='lat' dir='ltr'>creutnrze</span> <span class='ocrx_word' id='word_1_730' title='bbox 3426 3736 3549 3787; x_wconf 87' lang='lat' dir='ltr'>loco</span> 
     </span>
    </p>
   </div>
   <div class='ocr_carea' id='block_1_100' title="bbox 1951 3806 3545 3873">
    <p class='ocr_par' dir='ltr' id='par_1_100' title="bbox 1951 3806 3545 3873">
     <span class='ocr_line' id='line_1_102' title="bbox 1951 3806 3545 3873; baseline -0.009 -2"><span class='ocrx_word' id='word_1_731' title='bbox 1951 3835 2061 3873; x_wconf 88' lang='lat' dir='ltr'>non</span> <span class='ocrx_word' id='word_1_732' title='bbox 2083 3806 2435 3871; x_wconf 68' lang='lat' dir='ltr'>habendum.</span> <span class='ocrx_word' id='word_1_733' title='bbox 2462 3806 2583 3867; x_wconf 75' lang='lat' dir='ltr'>[loc</span> <span class='ocrx_word' id='word_1_734' title='bbox 2609 3806 2785 3865; x_wconf 73' lang='lat' dir='ltr'>l’uuli</span> <span class='ocrx_word' id='word_1_735' title='bbox 2806 3827 2876 3864; x_wconf 84' lang='lat' dir='ltr'>ne</span> <span class='ocrx_word' id='word_1_736' title='bbox 2900 3817 3194 3863; x_wconf 53' lang='lat' dir='ltr'>creaturae</span> <span class='ocrx_word' id='word_1_737' title='bbox 3216 3806 3545 3868; x_wconf 77' lang='lat' dir='ltr'>serviatur,</span> 
     </span>
    </p>
   </div>
   <div class='ocr_carea' id='block_1_101' title="bbox 1942 3884 3549 3961">
    <p class='ocr_par' dir='ltr' id='par_1_101' title="bbox 1942 3884 3549 3961">
     <span class='ocr_line' id='line_1_103' title="bbox 1942 3884 3549 3961; baseline -0.009 -18"><span class='ocrx_word' id='word_1_738' title='bbox 1942 3886 2365 3961; x_wconf 62' lang='lat' dir='ltr'>prohibentis;</span> <span class='ocrx_word' id='word_1_739' title='bbox 2392 3884 2625 3961; x_wconf 77' lang='lat' dir='ltr'>Christi</span> <span class='ocrx_word' id='word_1_740' title='bbox 2646 3890 2839 3961; x_wconf 66' lang='lat' dir='ltr'>tamen</span> <span class='ocrx_word' id='word_1_741' title='bbox 2877 3896 2942 3961; x_wconf 77' lang='lat' dir='ltr'>se</span> <span class='ocrx_word' id='word_1_742' title='bbox 2965 3896 3207 3961; x_wconf 75' lang='lat' dir='ltr'>servum</span> <span class='ocrx_word' id='word_1_743' title='bbox 3242 3892 3377 3933; x_wconf 86' lang='lat' dir='ltr'>esse</span> <span class='ocrx_word' id='word_1_744' title='bbox 3403 3892 3549 3961; x_wconf 50' lang='lat' dir='ltr'>[gro-</span> 
     </span>
    </p>
   </div>
   <div class='ocr_carea' id='block_1_102' title="bbox 1946 3947 3550 4021">
    <p class='ocr_par' dir='ltr' id='par_1_102' title="bbox 1946 3947 3550 4021">
     <span class='ocr_line' id='line_1_104' title="bbox 1946 3947 3550 4021; baseline -0.011 -4"><span class='ocrx_word' id='word_1_745' title='bbox 1946 3947 2194 4021; x_wconf 66' lang='lat' dir='ltr'>litezitis,</span> <span class='ocrx_word' id='word_1_746' title='bbox 2223 3957 2559 4011; x_wconf 85' lang='lat' dir='ltr'>testimonio</span> <span class='ocrx_word' id='word_1_747' title='bbox 2578 3952 2919 4008; x_wconf 75' lang='lat' dir='ltr'>conﬁrmari</span> <span class='ocrx_word' id='word_1_748' title='bbox 2938 3972 2953 4004; x_wconf 92' lang='lat'><em>:</em></span> <span class='ocrx_word' id='word_1_749' title='bbox 2974 3950 3276 4021; x_wconf 81' lang='lat' dir='ltr'>euipotius</span> <span class='ocrx_word' id='word_1_750' title='bbox 3295 3947 3550 4021; x_wconf 81' lang='lat' dir='ltr'>creden-</span> 
     </span>
    </p>
   </div>
   <div class='ocr_carea' id='block_1_103' title="bbox 1951 4019 3551 4102">
    <p class='ocr_par' dir='ltr' id='par_1_103' title="bbox 1951 4019 3551 4102">
     <span class='ocr_line' id='line_1_105' title="bbox 1951 4019 3551 4102; baseline -0.009 -18"><span class='ocrx_word' id='word_1_751' title='bbox 1951 4033 2084 4085; x_wconf 77' lang='lat' dir='ltr'>(lnm</span> <span class='ocrx_word' id='word_1_752' title='bbox 2137 4019 2303 4102; x_wconf 75' lang='lat' dir='ltr'>quam</span> <span class='ocrx_word' id='word_1_753' title='bbox 2351 4028 2521 4081; x_wconf 78' lang='lat' dir='ltr'>Ario.</span> <span class='ocrx_word' id='word_1_754' title='bbox 2573 4024 2867 4102; x_wconf 55' lang='lat' dir='ltr'>Suhrlitur</span> <span class='ocrx_word' id='word_1_755' title='bbox 2904 4019 3448 4102; x_wconf 42' lang='lat' dir='ltr'>etiannerenturam</span> <span class='ocrx_word' id='word_1_756' title='bbox 3491 4019 3551 4069; x_wconf 85' lang='lat' dir='ltr'>in</span> 
     </span>
    </p>
   </div>
   <div class='ocr_carea' id='block_1_104' title="bbox 1953 4091 3552 4167">
    <p class='ocr_par' dir='ltr' id='par_1_104' title="bbox 1953 4091 3552 4167">
     <span class='ocr_line' id='line_1_106' title="bbox 1953 4091 3552 4167; baseline -0.009 -10"><span class='ocrx_word' id='word_1_757' title='bbox 1953 4105 2073 4157; x_wconf 71' lang='lat' dir='ltr'>Deo</span> <span class='ocrx_word' id='word_1_758' title='bbox 2098 4091 2208 4155; x_wconf 77' lang='lat' dir='ltr'>non</span> <span class='ocrx_word' id='word_1_759' title='bbox 2224 4116 2377 4166; x_wconf 80' lang='lat' dir='ltr'>esse,</span> <span class='ocrx_word' id='word_1_760' title='bbox 2400 4115 2524 4151; x_wconf 87' lang='lat' dir='ltr'>cum</span> <span class='ocrx_word' id='word_1_761' title='bbox 2539 4096 2793 4167; x_wconf 77' lang='lat' dir='ltr'>simplex</span> <span class='ocrx_word' id='word_1_762' title='bbox 2808 4096 2887 4147; x_wconf 85' lang='lat' dir='ltr'>sit</span> <span class='ocrx_word' id='word_1_763' title='bbox 2909 4114 2925 4147; x_wconf 88' lang='lat'><strong><em>:</em></strong></span> <span class='ocrx_word' id='word_1_764' title='bbox 2947 4109 3053 4167; x_wconf 81' lang='lat' dir='ltr'>nec</span> <span class='ocrx_word' id='word_1_765' title='bbox 3071 4092 3287 4167; x_wconf 70' lang='lat' dir='ltr'>Filium</span> <span class='ocrx_word' id='word_1_766' title='bbox 3307 4091 3370 4167; x_wconf 78' lang='lat' dir='ltr'>in</span> <span class='ocrx_word' id='word_1_767' title='bbox 3386 4106 3552 4143; x_wconf 80' lang='lat' dir='ltr'>crea-</span> 
     </span>
    </p>
   </div>
   <div class='ocr_carea' id='block_1_105' title="bbox 1954 4162 3550 4238">
    <p class='ocr_par' dir='ltr' id='par_1_105' title="bbox 1954 4162 3550 4238">
     <span class='ocr_line' id='line_1_107' title="bbox 1954 4162 3550 4238; baseline -0.009 -11"><span class='ocrx_word' id='word_1_768' title='bbox 1954 4181 2101 4227; x_wconf 73' lang='lat' dir='ltr'>tm&#39;w</span> <span class='ocrx_word' id='word_1_769' title='bbox 2125 4162 2392 4226; x_wconf 78' lang='lat' dir='ltr'>ordinem</span> <span class='ocrx_word' id='word_1_770' title='bbox 2430 4162 2841 4238; x_wconf 73' lang='lat' dir='ltr'>redigendum,</span> <span class='ocrx_word' id='word_1_771' title='bbox 2868 4182 2993 4219; x_wconf 88' lang='lat' dir='ltr'>eum</span> <span class='ocrx_word' id='word_1_772' title='bbox 3018 4164 3078 4217; x_wconf 85' lang='lat' dir='ltr'>in</span> <span class='ocrx_word' id='word_1_773' title='bbox 3103 4179 3170 4219; x_wconf 89' lang='lat' dir='ltr'>eo</span> <span class='ocrx_word' id='word_1_774' title='bbox 3191 4162 3370 4216; x_wconf 78' lang='lat' dir='ltr'>Patri</span> <span class='ocrx_word' id='word_1_775' title='bbox 3392 4177 3550 4215; x_wconf 85' lang='lat' dir='ltr'>eom-</span> 
     </span>
    </p>
   </div>
   <div class='ocr_carea' id='block_1_106' title="bbox 1946 4245 2199 4317">
    <p class='ocr_par' dir='ltr' id='par_1_106' title="bbox 1946 4245 2199 4317">
     <span class='ocr_line' id='line_1_108' title="bbox 1946 4245 2199 4317; baseline 0 -20"><span class='ocrx_word' id='word_1_776' title='bbox 1946 4245 2199 4317; x_wconf 67' lang='lat' dir='ltr'>placent.</span> 
     </span>
    </p>
   </div>
   <div class='ocr_carea' id='block_1_107' title="bbox 1962 4338 3552 4419">
    <p class='ocr_par' dir='ltr' id='par_1_107' title="bbox 1962 4338 3552 4419">
     <span class='ocr_line' id='line_1_109' title="bbox 1962 4338 3552 4419; baseline -0.011 -13"><span class='ocrx_word' id='word_1_777' title='bbox 1962 4353 2079 4406; x_wconf 88' lang='grc'><strong>100.</strong></span> <span class='ocrx_word' id='word_1_778' title='bbox 2114 4350 2285 4404; x_wconf 84' lang='lat' dir='ltr'>Nunc</span> <span class='ocrx_word' id='word_1_779' title='bbox 2318 4349 2485 4419; x_wconf 90' lang='lat' dir='ltr'>ipsos</span> <span class='ocrx_word' id='word_1_780' title='bbox 2523 4346 2778 4401; x_wconf 84' lang='lat' dir='ltr'>Arianos</span> <span class='ocrx_word' id='word_1_781' title='bbox 2810 4344 3140 4415; x_wconf 82' lang='lat' dir='ltr'>interrogo,</span> <span class='ocrx_word' id='word_1_782' title='bbox 3174 4343 3370 4395; x_wconf 89' lang='lat' dir='ltr'>utrum</span> <span class='ocrx_word' id='word_1_783' title='bbox 3399 4338 3552 4391; x_wconf 92' lang='lat' dir='ltr'>idem</span> 
     </span>
    </p>
   </div>
   <div class='ocr_carea' id='block_1_108' title="bbox 1882 4426 3552 4513">
    <p class='ocr_par' dir='ltr' id='par_1_108' title="bbox 1882 4426 3552 4513">
     <span class='ocr_line' id='line_1_110' title="bbox 1882 4426 3552 4513; baseline -0.011 -16"><span class='ocrx_word' id='word_1_784' title='bbox 1882 4444 2086 4513; x_wconf 88' lang='lat' dir='ltr'>putent</span> <span class='ocrx_word' id='word_1_785' title='bbox 2115 4456 2254 4495; x_wconf 87' lang='lat' dir='ltr'>esse</span> <span class='ocrx_word' id='word_1_786' title='bbox 2286 4438 2573 4510; x_wconf 85' lang='lat' dir='ltr'>genitum,</span> <span class='ocrx_word' id='word_1_787' title='bbox 2598 4435 2754 4506; x_wconf 90' lang='lat' dir='ltr'>quod</span> <span class='ocrx_word' id='word_1_788' title='bbox 2786 4436 3049 4487; x_wconf 88' lang='lat' dir='ltr'>creatum</span> <span class='ocrx_word' id='word_1_789' title='bbox 3076 4432 3103 4485; x_wconf 90' lang='lat'><strong>?</strong></span> <span class='ocrx_word' id='word_1_790' title='bbox 3133 4430 3197 4484; x_wconf 88' lang='lat' dir='ltr'>Si</span> <span class='ocrx_word' id='word_1_791' title='bbox 3217 4429 3374 4483; x_wconf 90' lang='lat' dir='ltr'>enim</span> <span class='ocrx_word' id='word_1_792' title='bbox 3397 4426 3552 4480; x_wconf 86' lang='lat' dir='ltr'>idem</span> 
     </span>
    </p>
   </div>
   <div class='ocr_carea' id='block_1_109' title="bbox 1884 4518 3544 4599">
    <p class='ocr_par' dir='ltr' id='par_1_109' title="bbox 1884 4518 3544 4599">
     <span class='ocr_line' id='line_1_111' title="bbox 1884 4518 3544 4599; baseline -0.011 -14"><span class='ocrx_word' id='word_1_793' title='bbox 1884 4532 2107 4599; x_wconf 88' lang='lat' dir='ltr'>dicunt,</span> <span class='ocrx_word' id='word_1_794' title='bbox 2128 4527 2277 4583; x_wconf 90' lang='lat' dir='ltr'>nihil</span> <span class='ocrx_word' id='word_1_795' title='bbox 2308 4527 2508 4597; x_wconf 89' lang='lat' dir='ltr'>utique</span> <span class='ocrx_word' id='word_1_796' title='bbox 2540 4525 2717 4579; x_wconf 86' lang='lat' dir='ltr'>distat</span> <span class='ocrx_word' id='word_1_797' title='bbox 2748 4523 2901 4578; x_wconf 86' lang='lat' dir='ltr'>inter</span> <span class='ocrx_word' id='word_1_798' title='bbox 2923 4533 3210 4593; x_wconf 89' lang='lat' dir='ltr'>generare</span> <span class='ocrx_word' id='word_1_799' title='bbox 3230 4518 3285 4572; x_wconf 91' lang='lat' dir='ltr'>et</span> <span class='ocrx_word' id='word_1_800' title='bbox 3314 4530 3544 4570; x_wconf 88' lang='lat' dir='ltr'>creare.</span> 
     </span>
    </p>
   </div>
   <div class='ocr_carea' id='block_1_110' title="bbox 1884 4605 3557 4692">
    <p class='ocr_par' dir='ltr' id='par_1_110' title="bbox 1884 4605 3557 4692">
     <span class='ocr_line' id='line_1_112' title="bbox 1884 4605 3557 4692; baseline -0.011 -18"><span class='ocrx_word' id='word_1_801' title='bbox 1884 4621 2043 4692; x_wconf 73' lang='lat' dir='ltr'>Ergo</span> <span class='ocrx_word' id='word_1_802' title='bbox 2094 4617 2370 4689; x_wconf 91' lang='lat' dir='ltr'>quoniam</span> <span class='ocrx_word' id='word_1_803' title='bbox 2418 4619 2474 4669; x_wconf 89' lang='lat' dir='ltr'>et</span> <span class='ocrx_word' id='word_1_804' title='bbox 2510 4631 2621 4668; x_wconf 89' lang='lat' dir='ltr'>nos</span> <span class='ocrx_word' id='word_1_805' title='bbox 2669 4611 2848 4666; x_wconf 87' lang='lat' dir='ltr'>creati</span> <span class='ocrx_word' id='word_1_806' title='bbox 2886 4623 3115 4674; x_wconf 88' lang='lat' dir='ltr'>sumus,</span> <span class='ocrx_word' id='word_1_807' title='bbox 3171 4606 3321 4659; x_wconf 81' lang='lat' dir='ltr'>inter</span> <span class='ocrx_word' id='word_1_808' title='bbox 3356 4619 3467 4658; x_wconf 85' lang='lat' dir='ltr'>nos</span> <span class='ocrx_word' id='word_1_809' title='bbox 3500 4605 3557 4657; x_wconf 89' lang='lat' dir='ltr'>et</span> 
     </span>
    </p>
   </div>
   <div class='ocr_carea' id='block_1_111' title="bbox 1805 4692 3582 4764">
    <p class='ocr_par' dir='ltr' id='par_1_111' title="bbox 1805 4692 3582 4764">
     <span class='ocr_line' id='line_1_113' title="bbox 1805 4692 3582 4764; baseline -0.012 1"><span class='ocrx_word' id='word_1_810' title='bbox 1805 4692 1861 4755; x_wconf 79' lang='grc' dir='ltr'>Ῑ)</span> <span class='ocrx_word' id='word_1_811' title='bbox 1888 4709 2183 4764; x_wconf 63' lang='lat' dir='ltr'>Ljhristum</span> <span class='ocrx_word' id='word_1_812' title='bbox 2208 4709 2260 4760; x_wconf 89' lang='lat' dir='ltr'>ct</span> <span class='ocrx_word' id='word_1_813' title='bbox 2280 4705 2565 4760; x_wconf 87' lang='lat' dir='ltr'>elementa</span> <span class='ocrx_word' id='word_1_814' title='bbox 2586 4701 2744 4756; x_wconf 90' lang='lat' dir='ltr'>nulla</span> <span class='ocrx_word' id='word_1_815' title='bbox 2766 4698 3042 4753; x_wconf 85' lang='lat' dir='ltr'>distantia</span> <span class='ocrx_word' id='word_1_816' title='bbox 3072 4699 3182 4750; x_wconf 91' lang='lat' dir='ltr'>est.</span> <span class='ocrx_word' id='word_1_817' title='bbox 3204 4694 3319 4749; x_wconf 89' lang='lat' dir='ltr'>Sed</span> <span class='ocrx_word' id='word_1_818' title='bbox 3351 4709 3582 4764; x_wconf 32' lang='lat' dir='ltr'>quamn</span> 
     </span>
    </p>
   </div>
   <div class='ocr_carea' id='block_1_112' title="bbox 1885 4783 3480 4859">
    <p class='ocr_par' dir='ltr' id='par_1_112' title="bbox 1885 4783 3480 4859">
     <span class='ocr_line' id='line_1_114' title="bbox 1885 4783 3480 4859; baseline -0.011 -6"><span class='ocrx_word' id='word_1_819' title='bbox 1885 4799 1977 4853; x_wconf 90' lang='lat' dir='ltr'>vis</span> <span class='ocrx_word' id='word_1_820' title='bbox 2010 4801 2274 4852; x_wconf 86' lang='lat' dir='ltr'>amentes</span> <span class='ocrx_word' id='word_1_821' title='bbox 2308 4794 2443 4859; x_wconf 87' lang='lat' dir='ltr'>sint,</span> <span class='ocrx_word' id='word_1_822' title='bbox 2474 4792 2528 4845; x_wconf 90' lang='lat' dir='ltr'>id</span> <span class='ocrx_word' id='word_1_823' title='bbox 2568 4794 2759 4845; x_wconf 88' lang='lat' dir='ltr'>tamen</span> <span class='ocrx_word' id='word_1_824' title='bbox 2795 4803 2912 4843; x_wconf 91' lang='lat' dir='ltr'>non</span> <span class='ocrx_word' id='word_1_825' title='bbox 2941 4784 3241 4841; x_wconf 88' lang='lat' dir='ltr'>audebunt</span> <span class='ocrx_word' id='word_1_826' title='bbox 3263 4783 3480 4837; x_wconf 89' lang='lat' dir='ltr'>dicere.</span> 
     </span>
    </p>
   </div>
   <div class='ocr_carea' id='block_1_113' title="bbox 1958 4890 3556 4968">
    <p class='ocr_par' dir='ltr' id='par_1_113' title="bbox 1958 4890 3556 4968">
     <span class='ocr_line' id='line_1_115' title="bbox 1958 4890 3556 4968; baseline -0.009 -9"><span class='ocrx_word' id='word_1_827' title='bbox 1958 4906 2079 4959; x_wconf 81' lang='grc'>101.</span> <span class='ocrx_word' id='word_1_828' title='bbox 2118 4905 2421 4958; x_wconf 79' lang='lat' dir='ltr'>Postremo</span> <span class='ocrx_word' id='word_1_829' title='bbox 2454 4901 2517 4953; x_wconf 91' lang='lat' dir='ltr'>ut</span> <span class='ocrx_word' id='word_1_830' title='bbox 2537 4896 2891 4968; x_wconf 71' lang='lat' dir='ltr'>insipientia:</span> <span class='ocrx_word' id='word_1_831' title='bbox 2927 4909 3129 4949; x_wconf 88' lang='lat' dir='ltr'>eorum</span> <span class='ocrx_word' id='word_1_832' title='bbox 3160 4890 3316 4962; x_wconf 89' lang='lat' dir='ltr'>quod</span> <span class='ocrx_word' id='word_1_833' title='bbox 3350 4905 3556 4945; x_wconf 89' lang='lat' dir='ltr'>verum</span> 
     </span>
    </p>
   </div>
   <div class='ocr_carea' id='block_1_114' title="bbox 1889 4978 3549 5062">
    <p class='ocr_par' dir='ltr' id='par_1_114' title="bbox 1889 4978 3549 5062">
     <span class='ocr_line' id='line_1_116' title="bbox 1889 4978 3549 5062; baseline -0.011 -12"><span class='ocrx_word' id='word_1_834' title='bbox 1889 5011 2006 5049; x_wconf 90' lang='lat' dir='ltr'>non</span> <span class='ocrx_word' id='word_1_835' title='bbox 2037 4997 2148 5062; x_wconf 85' lang='lat' dir='ltr'>cst,</span> <span class='ocrx_word' id='word_1_836' title='bbox 2183 4990 2559 5058; x_wconf 85' lang='lat' dir='ltr'>indulgeam:</span> <span class='ocrx_word' id='word_1_837' title='bbox 2594 4985 2647 5040; x_wconf 93' lang='lat' dir='ltr'>si</span> <span class='ocrx_word' id='word_1_838' title='bbox 2691 4984 2857 5054; x_wconf 87' lang='lat' dir='ltr'>nihil,</span> <span class='ocrx_word' id='word_1_839' title='bbox 2890 4986 2953 5037; x_wconf 90' lang='lat' dir='ltr'>ut</span> <span class='ocrx_word' id='word_1_840' title='bbox 2982 4984 3204 5053; x_wconf 88' lang='lat' dir='ltr'>putant,</span> <span class='ocrx_word' id='word_1_841' title='bbox 3263 4979 3441 5034; x_wconf 85' lang='lat' dir='ltr'>distat</span> <span class='ocrx_word' id='word_1_842' title='bbox 3491 4978 3549 5033; x_wconf 92' lang='lat' dir='ltr'>in</span> 
     </span>
    </p>
   </div>
   <div class='ocr_carea' id='block_1_115' title="bbox 1887 5103 3558 5191">
    <p class='ocr_par' dir='ltr' id='par_1_115' title="bbox 1887 5103 3558 5191">
     <span class='ocr_line' id='line_1_117' title="bbox 1887 5103 3558 5191; baseline -0.013 -15"><span class='ocrx_word' id='word_1_843' title='bbox 1887 5136 2148 5191; x_wconf 65' lang='lat' dir='ltr'>nymum,</span> <span class='ocrx_word' id='word_1_844' title='bbox 2179 5114 2587 5191; x_wconf 71' lang='lat' dir='ltr'>Augustinum</span> <span class='ocrx_word' id='word_1_845' title='bbox 2610 5114 2783 5181; x_wconf 89' lang='lat' dir='ltr'>atque</span> <span class='ocrx_word' id='word_1_846' title='bbox 2815 5108 2987 5191; x_wconf 73' lang='lat' dir='ltr'>alios.</span> <span class='ocrx_word' id='word_1_847' title='bbox 3014 5107 3209 5191; x_wconf 42' lang='lat' dir='ltr'>.Fuere</span> <span class='ocrx_word' id='word_1_848' title='bbox 3232 5108 3428 5191; x_wconf 76' lang='lat' dir='ltr'>tamen</span> <span class='ocrx_word' id='word_1_849' title='bbox 3446 5103 3558 5191; x_wconf 44' lang='lat' dir='ltr'>‘qui</span> 
     </span>
    </p>
   </div>
   <div class='ocr_carea' id='block_1_116' title="bbox 1889 5179 3557 5261">
    <p class='ocr_par' dir='ltr' id='par_1_116' title="bbox 1889 5179 3557 5261">
     <span class='ocr_line' id='line_1_118' title="bbox 1889 5179 3557 5261; baseline -0.011 -15"><span class='ocrx_word' id='word_1_850' title='bbox 1889 5179 2050 5246; x_wconf 74' lang='lat' dir='ltr'>illum</span> <span class='ocrx_word' id='word_1_851' title='bbox 2077 5179 2492 5261; x_wconf 51' lang='lat' dir='ltr'>ipsum&#39;locum</span> <span class='ocrx_word' id='word_1_852' title='bbox 2533 5179 2979 5261; x_wconf 26' lang='lat' dir='ltr'>diverso‘modo</span> <span class='ocrx_word' id='word_1_853' title='bbox 3011 5179 3557 5261; x_wconf 38' lang='lat' dir='ltr'>intmipre‘taifntur,</span> 
     </span>
    </p>
   </div>
   <div class='ocr_carea' id='block_1_117' title="bbox 1890 5247 3557 5333">
    <p class='ocr_par' dir='ltr' id='par_1_117' title="bbox 1890 5247 3557 5333">
     <span class='ocr_line' id='line_1_119' title="bbox 1890 5247 3557 5333; baseline -0.012 -15"><span class='ocrx_word' id='word_1_854' title='bbox 1890 5280 2004 5333; x_wconf 85' lang='lat' dir='ltr'>qua</span> <span class='ocrx_word' id='word_1_855' title='bbox 2036 5247 2114 5317; x_wconf 68' lang='lat' dir='ltr'>de</span> <span class='ocrx_word' id='word_1_856' title='bbox 2150 5276 2236 5333; x_wconf 37' lang='lat' dir='ltr'>re“</span> <span class='ocrx_word' id='word_1_857' title='bbox 2263 5256 2493 5333; x_wconf 84' lang='lat' dir='ltr'>consuli</span> <span class='ocrx_word' id='word_1_858' title='bbox 2525 5258 2720 5333; x_wconf 74' lang='lat' dir='ltr'>potest</span> <span class='ocrx_word' id='word_1_859' title='bbox 2765 5252 3063 5320; x_wconf 88' lang='lat' dir='ltr'>l’etavius,</span> <span class='ocrx_word' id='word_1_860' title='bbox 3104 5248 3309 5303; x_wconf 86' lang='lat' dir='ltr'>Theo].</span> <span class='ocrx_word' id='word_1_861' title='bbox 3348 5247 3557 5316; x_wconf 83' lang='lat' dir='ltr'>Dogm.</span> 
     </span>
    </p>
   </div>
   <div class='ocr_carea' id='block_1_118' title="bbox 1887 5324 3448 5397">
    <p class='ocr_par' dir='ltr' id='par_1_118' title="bbox 1887 5324 3448 5397">
     <span class='ocr_line' id='line_1_120' title="bbox 1887 5324 3448 5397; baseline -0.004 -7"><span class='ocrx_word' id='word_1_862' title='bbox 1887 5324 1988 5389; x_wconf 82' lang='lat' dir='ltr'>lib.</span> <span class='ocrx_word' id='word_1_863' title='bbox 2015 5352 2051 5389; x_wconf 82' lang='grc' dir='ltr'>ιι</span> <span class='ocrx_word' id='word_1_864' title='bbox 2087 5334 2159 5387; x_wconf 81' lang='lat' dir='ltr'>de</span> <span class='ocrx_word' id='word_1_865' title='bbox 2190 5329 2401 5385; x_wconf 79' lang='lat' dir='ltr'>&#39;I’rmit.</span> <span class='ocrx_word' id='word_1_866' title='bbox 2428 5324 2556 5397; x_wconf 79' lang='lat' dir='ltr'>cap.</span> <span class='ocrx_word' id='word_1_867' title='bbox 2586 5324 2634 5379; x_wconf 83' lang='grc'>1.</span> <span class='ocrx_word' id='word_1_868' title='bbox 2822 5396 2831 5397; x_wconf 17' lang='lat'><em>7</em></span> <span class='ocrx_word' id='word_1_869' title='bbox 2913 5395 2920 5397; x_wconf 10' lang='grc' dir='ltr'>ξ</span> <span class='ocrx_word' id='word_1_870' title='bbox 3056 5394 3091 5397; x_wconf 36' lang='grc' dir='ltr'>μ</span> <span class='ocrx_word' id='word_1_871' title='bbox 3145 5394 3151 5397; x_wconf 87' lang='lat'><em>_</em></span> <span class='ocrx_word' id='word_1_872' title='bbox 3439 5387 3448 5397; x_wconf 66' lang='grc'><em>,</em></span> 
     </span>
    </p>
   </div>
   <div class='ocr_carea' id='block_1_119' title="bbox 1960 5390 3555 5473">
    <p class='ocr_par' dir='ltr' id='par_1_119' title="bbox 1960 5390 3555 5473">
     <span class='ocr_line' id='line_1_121' title="bbox 1960 5390 3555 5473; baseline -0.013 -13"><span class='ocrx_word' id='word_1_873' title='bbox 1960 5407 2073 5473; x_wconf 69' lang='grc'>(54)</span> <span class='ocrx_word' id='word_1_874' title='bbox 2110 5404 2240 5458; x_wconf 87' lang='lat' dir='ltr'>Non</span> <span class='ocrx_word' id='word_1_875' title='bbox 2270 5401 2442 5472; x_wconf 85' lang='lat' dir='ltr'>pauci</span> <span class='ocrx_word' id='word_1_876' title='bbox 2495 5390 2665 5467; x_wconf 65' lang='lat' dir='ltr'>mss,</span> <span class='ocrx_word' id='word_1_877' title='bbox 2717 5419 2737 5443; x_wconf 76' lang='grc' dir='ltr'><strong><em>α</em></strong></span> <span class='ocrx_word' id='word_1_878' title='bbox 2786 5395 3021 5449; x_wconf 87' lang='lat' dir='ltr'>claritas</span> <span class='ocrx_word' id='word_1_879' title='bbox 3056 5394 3286 5446; x_wconf 80' lang='lat' dir='ltr'>Patrem</span> <span class='ocrx_word' id='word_1_880' title='bbox 3316 5390 3494 5443; x_wconf 87' lang='lat' dir='ltr'>novit.</span> <span class='ocrx_word' id='word_1_881' title='bbox 3533 5406 3555 5433; x_wconf 68' lang='grc' dir='ltr'><strong>ν</strong></span> 
     </span>
    </p>
   </div>
   <div class='ocr_carea' id='block_1_120' title="bbox 1893 5473 3381 5539">
    <p class='ocr_par' dir='ltr' id='par_1_120' title="bbox 1893 5473 3381 5539">
     <span class='ocr_line' id='line_1_122' title="bbox 1893 5473 3381 5539; baseline 0.001 -8"><span class='ocrx_word' id='word_1_882' title='bbox 1893 5479 2132 5531; x_wconf 79' lang='lat' dir='ltr'>Minime</span> <span class='ocrx_word' id='word_1_883' title='bbox 2156 5473 2325 5528; x_wconf 89' lang='lat' dir='ltr'>male.</span> <span class='ocrx_word' id='word_1_884' title='bbox 2986 5536 3000 5539; x_wconf 32' lang='grc' dir='ltr'><strong>Α</strong></span> <span class='ocrx_word' id='word_1_885' title='bbox 3270 5534 3279 5539; x_wconf 89' lang='lat'>_</span> <span class='ocrx_word' id='word_1_886' title='bbox 3371 5529 3381 5539; x_wconf 89' lang='grc'><em>,</em></span> 
     </span>
    </p>
   </div>
   <div class='ocr_carea' id='block_1_121' title="bbox 1965 5530 3554 5617">
    <p class='ocr_par' dir='ltr' id='par_1_121' title="bbox 1965 5530 3554 5617">
     <span class='ocr_line' id='line_1_123' title="bbox 1965 5530 3554 5617; baseline -0.017 -12"><span class='ocrx_word' id='word_1_887' title='bbox 1965 5530 2248 5617; x_wconf 16' lang='lat'>(735)3153.</span> <span class='ocrx_word' id='word_1_888' title='bbox 2283 5544 2524 5615; x_wconf 86' lang='lat' dir='ltr'>aliquot,</span> <span class='ocrx_word' id='word_1_889' title='bbox 2558 5564 2578 5587; x_wconf 86' lang='lat'><strong>«</strong></span> <span class='ocrx_word' id='word_1_890' title='bbox 2605 5542 2850 5594; x_wconf 88' lang='lat' dir='ltr'>ventura</span> <span class='ocrx_word' id='word_1_891' title='bbox 2866 5536 3128 5608; x_wconf 81' lang='lat' dir='ltr'>perlecta</span> <span class='ocrx_word' id='word_1_892' title='bbox 3148 5534 3305 5598; x_wconf 87' lang='lat' dir='ltr'>sunt,</span> <span class='ocrx_word' id='word_1_893' title='bbox 3333 5530 3504 5593; x_wconf 87' lang='lat' dir='ltr'>sicut,</span> <span class='ocrx_word' id='word_1_894' title='bbox 3534 5547 3554 5573; x_wconf 63' lang='grc' dir='ltr'>ν</span> 
     </span>
    </p>
   </div>
   <div class='ocr_carea' id='block_1_122' title="bbox 1893 5625 2004 5675">
    <p class='ocr_par' dir='ltr' id='par_1_122' title="bbox 1893 5625 2004 5675">
     <span class='ocr_line' id='line_1_124' title="bbox 1893 5625 2004 5675; baseline -0.018 0"><span class='ocrx_word' id='word_1_895' title='bbox 1893 5625 2004 5675; x_wconf 88' lang='lat' dir='ltr'>etc.</span> 
     </span>
    </p>
   </div>
   <div class='ocr_carea' id='block_1_123' title="bbox 1965 5668 3561 5761">
    <p class='ocr_par' dir='ltr' id='par_1_123' title="bbox 1965 5668 3561 5761">
     <span class='ocr_line' id='line_1_125' title="bbox 1965 5668 3561 5761; baseline -0.016 -14"><span class='ocrx_word' id='word_1_896' title='bbox 1965 5668 2079 5761; x_wconf 52' lang='lat' dir='ltr'>lilii)</span> <span class='ocrx_word' id='word_1_897' title='bbox 2113 5691 2259 5744; x_wconf 81' lang='lat' dir='ltr'>Mss.</span> <span class='ocrx_word' id='word_1_898' title='bbox 2295 5687 2537 5759; x_wconf 89' lang='lat' dir='ltr'>aliquot,</span> <span class='ocrx_word' id='word_1_899' title='bbox 2578 5708 2599 5731; x_wconf 79' lang='grc' dir='ltr'><em>υ</em></span> <span class='ocrx_word' id='word_1_900' title='bbox 2634 5682 2778 5747; x_wconf 90' lang='lat' dir='ltr'>Quis</span> <span class='ocrx_word' id='word_1_901' title='bbox 2818 5674 3266 5751; x_wconf 81' lang='lat' dir='ltr'>estinsipiens?</span> <span class='ocrx_word' id='word_1_902' title='bbox 3301 5668 3561 5724; x_wconf 82' lang='lat' dir='ltr'>Dcclinet</span> 
     </span>
    </p>
   </div>
   <div class='ocr_carea' id='block_1_124' title="bbox 1892 5765 2169 5819">
    <p class='ocr_par' dir='ltr' id='par_1_124' title="bbox 1892 5765 2169 5819">
     <span class='ocr_line' id='line_1_126' title="bbox 1892 5765 2169 5819; baseline -0.007 0"><span class='ocrx_word' id='word_1_903' title='bbox 1892 5765 1962 5819; x_wconf 86' lang='lat' dir='ltr'>ad</span> <span class='ocrx_word' id='word_1_904' title='bbox 1996 5780 2107 5818; x_wconf 89' lang='lat' dir='ltr'>me.</span> <span class='ocrx_word' id='word_1_905' title='bbox 2150 5787 2169 5808; x_wconf 78' lang='grc' dir='ltr'><em>η</em></span> 
     </span>
    </p>
   </div>
  </div>
