  <div class='ocr_page' id='page_1' title='image "/cluster/home/n/w/nwhite01/storage/ocr_20150623/16/hvd.32044096580444/293.png"; bbox 0 0 4050 6182; ppageno 0'>
   <div class='ocr_carea' id='block_1_1' title="bbox 524 352 644 423">
    <p class='ocr_par' dir='ltr' id='par_1_1' title="bbox 524 352 644 423">
     <span class='ocr_line' id='line_1_1' title="bbox 524 352 644 423; baseline 0 0"><span class='ocrx_word' id='word_1_1' title='bbox 524 352 644 423; x_wconf 74' lang='lat'><strong>575</strong></span> 
     </span>
    </p>
   </div>
   <div class='ocr_carea' id='block_1_2' title="bbox 1969 353 2514 424">
    <p class='ocr_par' dir='ltr' id='par_1_2' title="bbox 1969 353 2514 424">
     <span class='ocr_line' id='line_1_2' title="bbox 1969 353 2514 424; baseline 0.004 -3"><span class='ocrx_word' id='word_1_2' title='bbox 1969 355 2035 422; x_wconf 87' lang='lat' dir='ltr'><strong>S.</strong></span> <span class='ocrx_word' id='word_1_3' title='bbox 2067 353 2514 424; x_wconf 76' lang='lat' dir='ltr'><strong>AMBROSII.</strong></span> 
     </span>
    </p>
   </div>
   <div class='ocr_carea' id='block_1_3' title="bbox 3812 358 3913 430">
    <p class='ocr_par' dir='ltr' id='par_1_3' title="bbox 3812 358 3913 430">
     <span class='ocr_line' id='line_1_3' title="bbox 3812 358 3913 430; baseline 0 0"><span class='ocrx_word' id='word_1_4' title='bbox 3812 358 3913 430; x_wconf 70' lang='lat'><strong>576</strong></span> 
     </span>
    </p>
   </div>
   <div class='ocr_carea' id='block_1_4' title="bbox 525 538 3909 637">
    <p class='ocr_par' dir='ltr' id='par_1_4' title="bbox 525 538 3909 637">
     <span class='ocr_line' id='line_1_4' title="bbox 525 538 3909 637; baseline 0.002 -24"><span class='ocrx_word' id='word_1_5' title='bbox 525 557 710 614; x_wconf 86' lang='lat' dir='ltr'><strong>verba</strong></span> <span class='ocrx_word' id='word_1_6' title='bbox 746 575 758 614; x_wconf 88' lang='lat'><strong>:</strong></span> <span class='ocrx_word' id='word_1_7' title='bbox 793 573 900 614; x_wconf 93' lang='lat' dir='ltr'><strong>cur</strong></span> <span class='ocrx_word' id='word_1_8' title='bbox 933 573 1054 614; x_wconf 90' lang='lat' dir='ltr'><strong>non</strong></span> <span class='ocrx_word' id='word_1_9' title='bbox 1084 573 1219 614; x_wconf 92' lang='lat' dir='ltr'><strong>eum</strong></span> <span class='ocrx_word' id='word_1_10' title='bbox 1249 574 1426 631; x_wconf 89' lang='lat' dir='ltr'><strong>quem</strong></span> <span class='ocrx_word' id='word_1_11' title='bbox 1459 558 1677 629; x_wconf 90' lang='lat' dir='ltr'><strong>colunt,</strong></span> <span class='ocrx_word' id='word_1_12' title='bbox 1719 558 1962 615; x_wconf 80' lang='lat' dir='ltr'><strong>meliore</strong></span> <span class='ocrx_word' id='word_1_13' title='bbox 1991 559 2196 629; x_wconf 91' lang='lat' dir='ltr'><strong>appel-</strong></span> <span class='ocrx_word' id='word_1_14' title='bbox 2217 538 2267 600; x_wconf 81' lang='grc' dir='ltr'><strong>Α</strong></span> <span class='ocrx_word' id='word_1_15' title='bbox 2304 561 2468 615; x_wconf 90' lang='lat' dir='ltr'><strong>trans</strong></span> <span class='ocrx_word' id='word_1_16' title='bbox 2499 538 2713 631; x_wconf 85' lang='lat' dir='ltr'><strong>omnia,</strong></span> <span class='ocrx_word' id='word_1_17' title='bbox 2746 575 3040 632; x_wconf 84' lang='lat' dir='ltr'><strong>nusquam</strong></span> <span class='ocrx_word' id='word_1_18' title='bbox 3084 560 3215 633; x_wconf 91' lang='lat' dir='ltr'><strong>ipse</strong></span> <span class='ocrx_word' id='word_1_19' title='bbox 3255 561 3638 632; x_wconf 87' lang='lat' dir='ltr'><strong>penetrandus</strong></span> <span class='ocrx_word' id='word_1_20' title='bbox 3677 577 3689 617; x_wconf 91' lang='lat'>:</span> <span class='ocrx_word' id='word_1_21' title='bbox 3723 563 3909 637; x_wconf 86' lang='lat' dir='ltr'><strong>ubique</strong></span> 
     </span>
    </p>
   </div>
   <div class='ocr_carea' id='block_1_5' title="bbox 521 647 3912 722">
    <p class='ocr_par' dir='ltr' id='par_1_5' title="bbox 521 647 3912 722">
     <span class='ocr_line' id='line_1_5' title="bbox 521 647 3912 722; baseline 0.002 -20"><span class='ocrx_word' id='word_1_22' title='bbox 521 647 641 703; x_wconf 91' lang='lat' dir='ltr'><strong>lant</strong></span> <span class='ocrx_word' id='word_1_23' title='bbox 673 648 906 704; x_wconf 90' lang='lat' dir='ltr'><strong>nomine</strong></span> <span class='ocrx_word' id='word_1_24' title='bbox 927 650 955 703; x_wconf 70' lang='grc' dir='ltr'><strong>ξ’</strong></span> <span class='ocrx_word' id='word_1_25' title='bbox 1002 665 1110 704; x_wconf 91' lang='lat' dir='ltr'><strong>cur</strong></span> <span class='ocrx_word' id='word_1_26' title='bbox 1136 649 1321 704; x_wconf 91' lang='lat' dir='ltr'><strong>verbo</strong></span> <span class='ocrx_word' id='word_1_27' title='bbox 1369 665 1486 704; x_wconf 89' lang='lat' dir='ltr'><strong>non</strong></span> <span class='ocrx_word' id='word_1_28' title='bbox 1535 651 1780 704; x_wconf 90' lang='lat' dir='ltr'><strong>utuntur</strong></span> <span class='ocrx_word' id='word_1_29' title='bbox 1823 648 2059 703; x_wconf 87' lang='lat' dir='ltr'><strong>Patris?</strong></span> <span class='ocrx_word' id='word_1_30' title='bbox 2091 665 2198 703; x_wconf 90' lang='lat' dir='ltr'><strong>cur</strong></span> <span class='ocrx_word' id='word_1_31' title='bbox 2301 649 2482 718; x_wconf 92' lang='lat' dir='ltr'><strong>totus,</strong></span> <span class='ocrx_word' id='word_1_32' title='bbox 2507 649 2833 722; x_wconf 90' lang='lat' dir='ltr'><strong>eodemque</strong></span> <span class='ocrx_word' id='word_1_33' title='bbox 2861 652 3124 720; x_wconf 84' lang='lat' dir='ltr'><strong>tempore</strong></span> <span class='ocrx_word' id='word_1_34' title='bbox 3153 649 3246 705; x_wconf 90' lang='lat' dir='ltr'><strong>vel</strong></span> <span class='ocrx_word' id='word_1_35' title='bbox 3277 650 3337 705; x_wconf 91' lang='lat' dir='ltr'><strong>in</strong></span> <span class='ocrx_word' id='word_1_36' title='bbox 3365 651 3530 717; x_wconf 68' lang='lat' dir='ltr'><strong>cmlo,</strong></span> <span class='ocrx_word' id='word_1_37' title='bbox 3553 651 3641 706; x_wconf 86' lang='lat' dir='ltr'><strong>vel</strong></span> <span class='ocrx_word' id='word_1_38' title='bbox 3671 651 3725 706; x_wconf 89' lang='lat' dir='ltr'><strong>in</strong></span> <span class='ocrx_word' id='word_1_39' title='bbox 3744 655 3912 722; x_wconf 84' lang='lat' dir='ltr'><strong>terris,</strong></span> 
     </span>
    </p>
   </div>
   <div class='ocr_carea' id='block_1_6' title="bbox 522 737 2190 810">
    <p class='ocr_par' dir='ltr' id='par_1_6' title="bbox 522 737 2190 810">
     <span class='ocr_line' id='line_1_6' title="bbox 522 737 2190 810; baseline -0.001 -17"><span class='ocrx_word' id='word_1_40' title='bbox 522 737 811 808; x_wconf 83' lang='lat' dir='ltr'><strong>abjiciunt</strong></span> <span class='ocrx_word' id='word_1_41' title='bbox 839 737 995 810; x_wconf 88' lang='lat' dir='ltr'><strong>quod</strong></span> <span class='ocrx_word' id='word_1_42' title='bbox 1027 737 1495 794; x_wconf 59' lang='lat' dir='ltr'><strong>honorificentia</strong></span> <span class='ocrx_word' id='word_1_43' title='bbox 1535 741 1646 810; x_wconf 89' lang='lat' dir='ltr'><strong>est,</strong></span> <span class='ocrx_word' id='word_1_44' title='bbox 1695 739 2006 793; x_wconf 90' lang='lat' dir='ltr'><strong>assumunt</strong></span> <span class='ocrx_word' id='word_1_45' title='bbox 2035 737 2190 809; x_wconf 92' lang='lat' dir='ltr'><strong>quod</strong></span> 
     </span>
    </p>
   </div>
   <div class='ocr_carea' id='block_1_7' title="bbox 519 825 814 900">
    <p class='ocr_par' dir='ltr' id='par_1_7' title="bbox 519 825 814 900">
     <span class='ocr_line' id='line_1_7' title="bbox 519 825 814 900; baseline 0.007 -18"><span class='ocrx_word' id='word_1_46' title='bbox 519 825 757 900; x_wconf 69' lang='lat' dir='ltr'><strong>injuriis</strong></span> <span class='ocrx_word' id='word_1_47' title='bbox 785 828 814 883; x_wconf 72' lang='grc' dir='ltr'><strong>ἱ)</strong></span> 
     </span>
    </p>
   </div>
   <div class='ocr_carea' id='block_1_8' title="bbox 593 933 2194 1007">
    <p class='ocr_par' dir='ltr' id='par_1_8' title="bbox 593 933 2194 1007">
     <span class='ocr_line' id='line_1_8' title="bbox 593 933 2194 1007; baseline -0.001 -17"><span class='ocrx_word' id='word_1_48' title='bbox 593 935 714 990; x_wconf 74' lang='grc'><strong>102.</strong></span> <span class='ocrx_word' id='word_1_49' title='bbox 747 934 807 990; x_wconf 89' lang='lat' dir='ltr'><strong>Si</strong></span> <span class='ocrx_word' id='word_1_50' title='bbox 829 936 1024 988; x_wconf 89' lang='lat' dir='ltr'><strong>autem</strong></span> <span class='ocrx_word' id='word_1_51' title='bbox 1057 933 1238 988; x_wconf 82' lang='lat' dir='ltr'><strong>distat</strong></span> <span class='ocrx_word' id='word_1_52' title='bbox 1266 933 1421 988; x_wconf 89' lang='lat' dir='ltr'><strong>inter</strong></span> <span class='ocrx_word' id='word_1_53' title='bbox 1451 937 1710 989; x_wconf 90' lang='lat' dir='ltr'><strong>creatum</strong></span> <span class='ocrx_word' id='word_1_54' title='bbox 1734 938 1789 988; x_wconf 92' lang='lat' dir='ltr'><strong>et</strong></span> <span class='ocrx_word' id='word_1_55' title='bbox 1819 933 2104 1007; x_wconf 87' lang='lat' dir='ltr'><strong>genitum,</strong></span> <span class='ocrx_word' id='word_1_56' title='bbox 2129 935 2194 988; x_wconf 90' lang='lat' dir='ltr'><strong>ut</strong></span> 
     </span>
    </p>
   </div>
   <div class='ocr_carea' id='block_1_9' title="bbox 519 1022 2190 1097">
    <p class='ocr_par' dir='ltr' id='par_1_9' title="bbox 519 1022 2190 1097">
     <span class='ocr_line' id='line_1_9' title="bbox 519 1022 2190 1097; baseline -0.001 -18"><span class='ocrx_word' id='word_1_57' title='bbox 519 1039 666 1097; x_wconf 90' lang='lat' dir='ltr'><strong>ergo</strong></span> <span class='ocrx_word' id='word_1_58' title='bbox 698 1023 974 1092; x_wconf 76' lang='lat' dir='ltr'><strong>arbitror,</strong></span> <span class='ocrx_word' id='word_1_59' title='bbox 1008 1039 1140 1078; x_wconf 91' lang='lat' dir='ltr'><strong>eum</strong></span> <span class='ocrx_word' id='word_1_60' title='bbox 1169 1023 1493 1095; x_wconf 82' lang='lat' dir='ltr'><strong>legerimus</strong></span> <span class='ocrx_word' id='word_1_61' title='bbox 1525 1024 1807 1096; x_wconf 86' lang='lat' dir='ltr'><strong>genitum,</strong></span> <span class='ocrx_word' id='word_1_62' title='bbox 1841 1040 1957 1078; x_wconf 90' lang='lat' dir='ltr'><strong>non</strong></span> <span class='ocrx_word' id='word_1_63' title='bbox 1989 1022 2190 1094; x_wconf 86' lang='lat' dir='ltr'><strong>utique</strong></span> 
     </span>
    </p>
   </div>
   <div class='ocr_carea' id='block_1_10' title="bbox 518 1111 2191 1185">
    <p class='ocr_par' dir='ltr' id='par_1_10' title="bbox 518 1111 2191 1185">
     <span class='ocr_line' id='line_1_10' title="bbox 518 1111 2191 1185; baseline -0.001 -17"><span class='ocrx_word' id='word_1_64' title='bbox 518 1113 675 1168; x_wconf 90' lang='lat' dir='ltr'><strong>idem</strong></span> <span class='ocrx_word' id='word_1_65' title='bbox 717 1115 772 1167; x_wconf 88' lang='lat' dir='ltr'><strong>et</strong></span> <span class='ocrx_word' id='word_1_66' title='bbox 814 1111 1077 1185; x_wconf 88' lang='lat' dir='ltr'><strong>genitum</strong></span> <span class='ocrx_word' id='word_1_67' title='bbox 1111 1112 1497 1185; x_wconf 76' lang='lat' dir='ltr'><strong>intelligimus</strong></span> <span class='ocrx_word' id='word_1_68' title='bbox 1543 1116 1600 1168; x_wconf 87' lang='lat' dir='ltr'><strong>et</strong></span> <span class='ocrx_word' id='word_1_69' title='bbox 1651 1115 1931 1167; x_wconf 88' lang='lat' dir='ltr'><strong>creatum.</strong></span> <span class='ocrx_word' id='word_1_70' title='bbox 1984 1112 2191 1168; x_wconf 86' lang='lat' dir='ltr'><strong>Dicant</strong></span> 
     </span>
    </p>
   </div>
   <div class='ocr_carea' id='block_1_11' title="bbox 516 1203 2184 1276">
    <p class='ocr_par' dir='ltr' id='par_1_11' title="bbox 516 1203 2184 1276">
     <span class='ocr_line' id='line_1_11' title="bbox 516 1203 2184 1276; baseline 0 -18"><span class='ocrx_word' id='word_1_71' title='bbox 516 1203 700 1276; x_wconf 80' lang='lat' dir='ltr'><strong>igitur</strong></span> <span class='ocrx_word' id='word_1_72' title='bbox 729 1205 1074 1276; x_wconf 89' lang='lat' dir='ltr'><strong>generatum</strong></span> <span class='ocrx_word' id='word_1_73' title='bbox 1093 1217 1168 1256; x_wconf 86' lang='lat' dir='ltr'><strong>ex</strong></span> <span class='ocrx_word' id='word_1_74' title='bbox 1200 1203 1390 1272; x_wconf 87' lang='lat' dir='ltr'><strong>Patre,</strong></span> <span class='ocrx_word' id='word_1_75' title='bbox 1412 1219 1488 1257; x_wconf 89' lang='lat' dir='ltr'><strong>ex</strong></span> <span class='ocrx_word' id='word_1_76' title='bbox 1511 1203 1754 1275; x_wconf 79' lang='lat' dir='ltr'><strong>Virgine</strong></span> <span class='ocrx_word' id='word_1_77' title='bbox 1774 1206 2144 1274; x_wconf 88' lang='lat' dir='ltr'><strong>procreatum</strong></span> <span class='ocrx_word' id='word_1_78' title='bbox 2171 1218 2184 1258; x_wconf 91' lang='lat'>:</span> 
     </span>
    </p>
   </div>
   <div class='ocr_carea' id='block_1_12' title="bbox 517 1291 2184 1362">
    <p class='ocr_par' dir='ltr' id='par_1_12' title="bbox 517 1291 2184 1362">
     <span class='ocr_line' id='line_1_12' title="bbox 517 1291 2184 1362; baseline -0.001 -15"><span class='ocrx_word' id='word_1_79' title='bbox 517 1295 616 1347; x_wconf 89' lang='lat' dir='ltr'><strong>aut</strong></span> <span class='ocrx_word' id='word_1_80' title='bbox 637 1292 834 1347; x_wconf 90' lang='lat' dir='ltr'><strong>dicant</strong></span> <span class='ocrx_word' id='word_1_81' title='bbox 878 1291 1173 1362; x_wconf 91' lang='lat' dir='ltr'><strong>quomodo</strong></span> <span class='ocrx_word' id='word_1_82' title='bbox 1216 1291 1320 1346; x_wconf 87' lang='lat' dir='ltr'><strong>Dei</strong></span> <span class='ocrx_word' id='word_1_83' title='bbox 1352 1292 1536 1346; x_wconf 84' lang='lat' dir='ltr'><strong>Filius</strong></span> <span class='ocrx_word' id='word_1_84' title='bbox 1569 1296 1624 1346; x_wconf 92' lang='lat' dir='ltr'><strong>et</strong></span> <span class='ocrx_word' id='word_1_85' title='bbox 1657 1293 1894 1362; x_wconf 87' lang='lat' dir='ltr'><strong>genitus</strong></span> <span class='ocrx_word' id='word_1_86' title='bbox 1927 1297 1984 1347; x_wconf 90' lang='lat' dir='ltr'><strong>et</strong></span> <span class='ocrx_word' id='word_1_87' title='bbox 2015 1308 2184 1346; x_wconf 83' lang='lat' dir='ltr'><strong>crea-</strong></span> 
     </span>
    </p>
   </div>
   <div class='ocr_carea' id='block_1_13' title="bbox 516 1363 2185 1434">
    <p class='ocr_par' dir='ltr' id='par_1_13' title="bbox 516 1363 2185 1434">
     <span class='ocr_line' id='line_1_13' title="bbox 516 1363 2185 1434; baseline 0 -16"><span class='ocrx_word' id='word_1_88' title='bbox 516 1368 634 1418; x_wconf 92' lang='lat' dir='ltr'><strong>tus.</strong></span> <span class='ocrx_word' id='word_1_89' title='bbox 669 1363 797 1418; x_wconf 89' lang='lat' dir='ltr'><strong>Una</strong></span> <span class='ocrx_word' id='word_1_90' title='bbox 827 1368 1054 1434; x_wconf 88' lang='lat' dir='ltr'><strong>natura,</strong></span> <span class='ocrx_word' id='word_1_91' title='bbox 1090 1366 1145 1419; x_wconf 90' lang='lat' dir='ltr'><strong>et</strong></span> <span class='ocrx_word' id='word_1_92' title='bbox 1177 1364 1430 1418; x_wconf 85' lang='lat' dir='ltr'><strong>maxime</strong></span> <span class='ocrx_word' id='word_1_93' title='bbox 1451 1364 1612 1418; x_wconf 90' lang='lat' dir='ltr'><strong>Deus</strong></span> <span class='ocrx_word' id='word_1_94' title='bbox 1635 1363 2035 1420; x_wconf 82' lang='lat' dir='ltr'><strong>diversitatem</strong></span> <span class='ocrx_word' id='word_1_95' title='bbox 2067 1379 2185 1418; x_wconf 89' lang='lat' dir='ltr'><strong>non</strong></span> 
     </span>
    </p>
   </div>
   <div class='ocr_carea' id='block_1_14' title="bbox 514 1452 744 1510">
    <p class='ocr_par' dir='ltr' id='par_1_14' title="bbox 514 1452 744 1510">
     <span class='ocr_line' id='line_1_14' title="bbox 514 1452 744 1510; baseline 0 -2"><span class='ocrx_word' id='word_1_96' title='bbox 514 1452 744 1510; x_wconf 77' lang='lat' dir='ltr'><strong>recipit.</strong></span> 
     </span>
    </p>
   </div>
   <div class='ocr_carea' id='block_1_15' title="bbox 587 1469 2184 1617">
    <p class='ocr_par' dir='ltr' id='par_1_15' title="bbox 587 1469 2184 1617">
     <span class='ocr_line' id='line_1_15' title="bbox 587 1469 744 1525; baseline 0.006 -18"><span class='ocrx_word' id='word_1_97' title='bbox 587 1469 744 1525; x_wconf 70' lang='lat' dir='ltr'><strong>cipit.</strong></span> 
     </span>
     <span class='ocr_line' id='line_1_16' title="bbox 587 1557 2184 1617; baseline 0 -3"><span class='ocrx_word' id='word_1_98' title='bbox 587 1557 710 1615; x_wconf 91' lang='grc'><strong>103.</strong></span> <span class='ocrx_word' id='word_1_99' title='bbox 741 1559 912 1614; x_wconf 88' lang='lat' dir='ltr'><strong>Certe</strong></span> <span class='ocrx_word' id='word_1_100' title='bbox 945 1560 1202 1615; x_wconf 85' lang='lat' dir='ltr'><strong>facessat</strong></span> <span class='ocrx_word' id='word_1_101' title='bbox 1232 1563 1433 1616; x_wconf 88' lang='lat' dir='ltr'><strong>nostra</strong></span> <span class='ocrx_word' id='word_1_102' title='bbox 1464 1561 1791 1617; x_wconf 85' lang='lat' dir='ltr'><strong>sententia:</strong></span> <span class='ocrx_word' id='word_1_103' title='bbox 1828 1561 2072 1616; x_wconf 91' lang='lat' dir='ltr'><strong>Paulum</strong></span> <span class='ocrx_word' id='word_1_104' title='bbox 2089 1559 2184 1615; x_wconf 86' lang='lat' dir='ltr'><strong>in-</strong></span> 
     </span>
    </p>
   </div>
   <div class='ocr_carea' id='block_1_16' title="bbox 513 1648 2182 1720">
    <p class='ocr_par' dir='ltr' id='par_1_16' title="bbox 513 1648 2182 1720">
     <span class='ocr_line' id='line_1_17' title="bbox 513 1648 2182 1720; baseline 0.001 -17"><span class='ocrx_word' id='word_1_105' title='bbox 513 1651 911 1720; x_wconf 90' lang='lat' dir='ltr'><strong>terrogemus,</strong></span> <span class='ocrx_word' id='word_1_106' title='bbox 945 1649 1043 1720; x_wconf 91' lang='lat' dir='ltr'><strong>qui</strong></span> <span class='ocrx_word' id='word_1_107' title='bbox 1075 1648 1296 1720; x_wconf 83' lang='lat' dir='ltr'><strong>Spiritu</strong></span> <span class='ocrx_word' id='word_1_108' title='bbox 1326 1649 1430 1704; x_wconf 90' lang='lat' dir='ltr'><strong>Dei</strong></span> <span class='ocrx_word' id='word_1_109' title='bbox 1459 1649 1672 1720; x_wconf 91' lang='lat' dir='ltr'><strong>plenus</strong></span> <span class='ocrx_word' id='word_1_110' title='bbox 1704 1648 1812 1704; x_wconf 87' lang='lat' dir='ltr'><strong>has</strong></span> <span class='ocrx_word' id='word_1_111' title='bbox 1843 1650 2182 1720; x_wconf 68' lang='lat' dir='ltr'><strong>prmvidens</strong></span> 
     </span>
    </p>
   </div>
   <div class='ocr_carea' id='block_1_17' title="bbox 513 1737 2184 1810">
    <p class='ocr_par' dir='ltr' id='par_1_17' title="bbox 513 1737 2184 1810">
     <span class='ocr_line' id='line_1_18' title="bbox 513 1737 2184 1810; baseline 0 -17"><span class='ocrx_word' id='word_1_112' title='bbox 513 1737 900 1808; x_wconf 59' lang='lat' dir='ltr'><strong>quaestiones,</strong></span> <span class='ocrx_word' id='word_1_113' title='bbox 944 1737 1302 1809; x_wconf 77' lang='lat' dir='ltr'><strong>generaliter</strong></span> <span class='ocrx_word' id='word_1_114' title='bbox 1331 1741 1534 1792; x_wconf 90' lang='lat' dir='ltr'><strong>contra</strong></span> <span class='ocrx_word' id='word_1_115' title='bbox 1580 1741 1810 1810; x_wconf 86' lang='lat' dir='ltr'><strong>gentes,</strong></span> <span class='ocrx_word' id='word_1_116' title='bbox 1845 1738 2184 1808; x_wconf 86' lang='lat' dir='ltr'><strong>specialiter</strong></span> 
     </span>
    </p>
   </div>
   <div class='ocr_carea' id='block_1_18' title="bbox 512 1825 2176 1896">
    <p class='ocr_par' dir='ltr' id='par_1_18' title="bbox 512 1825 2176 1896">
     <span class='ocr_line' id='line_1_19' title="bbox 512 1825 2176 1896; baseline 0 -15"><span class='ocrx_word' id='word_1_117' title='bbox 512 1828 716 1881; x_wconf 88' lang='lat' dir='ltr'><strong>contra</strong></span> <span class='ocrx_word' id='word_1_118' title='bbox 749 1825 1000 1880; x_wconf 85' lang='lat' dir='ltr'><strong>Arianos</strong></span> <span class='ocrx_word' id='word_1_119' title='bbox 1031 1825 1286 1894; x_wconf 90' lang='lat' dir='ltr'><strong>locutus,</strong></span> <span class='ocrx_word' id='word_1_120' title='bbox 1327 1827 1408 1879; x_wconf 89' lang='lat' dir='ltr'><strong>ait</strong></span> <span class='ocrx_word' id='word_1_121' title='bbox 1423 1825 1623 1881; x_wconf 89' lang='lat' dir='ltr'><strong>divino</strong></span> <span class='ocrx_word' id='word_1_122' title='bbox 1650 1825 1878 1896; x_wconf 87' lang='lat' dir='ltr'><strong>judicio</strong></span> <span class='ocrx_word' id='word_1_123' title='bbox 1907 1841 2013 1881; x_wconf 91' lang='lat' dir='ltr'><strong>eos</strong></span> <span class='ocrx_word' id='word_1_124' title='bbox 2035 1842 2176 1882; x_wconf 88' lang='lat' dir='ltr'><strong>esse</strong></span> 
     </span>
    </p>
   </div>
   <div class='ocr_carea' id='block_1_19' title="bbox 513 1914 2257 1986">
    <p class='ocr_par' dir='ltr' id='par_1_19' title="bbox 513 1914 2257 1986">
     <span class='ocr_line' id='line_1_20' title="bbox 513 1914 2257 1986; baseline 0 -16"><span class='ocrx_word' id='word_1_125' title='bbox 513 1915 843 1982; x_wconf 90' lang='lat' dir='ltr'><strong>damnatos,</strong></span> <span class='ocrx_word' id='word_1_126' title='bbox 867 1915 965 1985; x_wconf 90' lang='lat' dir='ltr'><strong>qui</strong></span> <span class='ocrx_word' id='word_1_127' title='bbox 985 1915 1279 1968; x_wconf 85' lang='lat' dir='ltr'><strong>servirent</strong></span> <span class='ocrx_word' id='word_1_128' title='bbox 1301 1916 1586 1969; x_wconf 82' lang='lat' dir='ltr'><strong>creaturae</strong></span> <span class='ocrx_word' id='word_1_129' title='bbox 1598 1914 1794 1984; x_wconf 89' lang='lat' dir='ltr'><strong>potius</strong></span> <span class='ocrx_word' id='word_1_130' title='bbox 1809 1930 1984 1986; x_wconf 86' lang='lat' dir='ltr'><strong>quam</strong></span> <span class='ocrx_word' id='word_1_131' title='bbox 2005 1915 2180 1970; x_wconf 88' lang='lat' dir='ltr'><strong>Crea-</strong></span> <span class='ocrx_word' id='word_1_132' title='bbox 2211 1915 2257 1976; x_wconf 89' lang='grc' dir='ltr'>Β</span> 
     </span>
    </p>
   </div>
   <div class='ocr_carea' id='block_1_20' title="bbox 509 2003 2180 2074">
    <p class='ocr_par' dir='ltr' id='par_1_20' title="bbox 509 2003 2180 2074">
     <span class='ocr_line' id='line_1_21' title="bbox 509 2003 2180 2074; baseline 0 -15"><span class='ocrx_word' id='word_1_133' title='bbox 509 2003 644 2059; x_wconf 88' lang='lat' dir='ltr'><strong>tori.</strong></span> <span class='ocrx_word' id='word_1_134' title='bbox 679 2003 944 2074; x_wconf 90' lang='lat' dir='ltr'><strong>Denique</strong></span> <span class='ocrx_word' id='word_1_135' title='bbox 983 2003 1072 2056; x_wconf 89' lang='lat' dir='ltr'><strong>sic</strong></span> <span class='ocrx_word' id='word_1_136' title='bbox 1113 2003 1300 2058; x_wconf 89' lang='lat' dir='ltr'><strong>habes</strong></span> <span class='ocrx_word' id='word_1_137' title='bbox 1333 2019 1346 2059; x_wconf 88' lang='lat'><strong>:</strong></span> <span class='ocrx_word' id='word_1_138' title='bbox 1382 2029 1403 2048; x_wconf 76' lang='grc' dir='ltr'><strong>ο·</strong></span> <span class='ocrx_word' id='word_1_139' title='bbox 1443 2003 1704 2058; x_wconf 85' lang='lat' dir='ltr'><strong>Tradidit</strong></span> <span class='ocrx_word' id='word_1_140' title='bbox 1743 2003 1878 2058; x_wconf 90' lang='lat' dir='ltr'><strong>illos</strong></span> <span class='ocrx_word' id='word_1_141' title='bbox 1929 2003 2089 2060; x_wconf 90' lang='lat' dir='ltr'><strong>Deus</strong></span> <span class='ocrx_word' id='word_1_142' title='bbox 2119 2005 2180 2059; x_wconf 92' lang='lat' dir='ltr'><strong>in</strong></span> 
     </span>
    </p>
   </div>
   <div class='ocr_carea' id='block_1_21' title="bbox 511 2092 2182 2162">
    <p class='ocr_par' dir='ltr' id='par_1_21' title="bbox 511 2092 2182 2162">
     <span class='ocr_line' id='line_1_22' title="bbox 511 2092 2182 2162; baseline 0 -14"><span class='ocrx_word' id='word_1_143' title='bbox 511 2092 807 2148; x_wconf 89' lang='lat' dir='ltr'><strong>desideria</strong></span> <span class='ocrx_word' id='word_1_144' title='bbox 837 2092 1036 2147; x_wconf 85' lang='lat' dir='ltr'><strong>cordis</strong></span> <span class='ocrx_word' id='word_1_145' title='bbox 1082 2092 1368 2162; x_wconf 89' lang='lat' dir='ltr'><strong>ipsorum,</strong></span> <span class='ocrx_word' id='word_1_146' title='bbox 1412 2094 1473 2146; x_wconf 90' lang='lat' dir='ltr'><strong>ut</strong></span> <span class='ocrx_word' id='word_1_147' title='bbox 1514 2092 1883 2147; x_wconf 85' lang='lat' dir='ltr'><strong>cantumeliis</strong></span> <span class='ocrx_word' id='word_1_148' title='bbox 1921 2093 2182 2148; x_wconf 78' lang='lat' dir='ltr'><strong>afﬁciant</strong></span> 
     </span>
    </p>
   </div>
   <div class='ocr_carea' id='block_1_22' title="bbox 512 2181 2182 2252">
    <p class='ocr_par' dir='ltr' id='par_1_22' title="bbox 512 2181 2182 2252">
     <span class='ocr_line' id='line_1_23' title="bbox 512 2181 2182 2252; baseline 0 -16"><span class='ocrx_word' id='word_1_149' title='bbox 512 2197 762 2252; x_wconf 89' lang='lat' dir='ltr'><strong>corpora</strong></span> <span class='ocrx_word' id='word_1_150' title='bbox 792 2197 900 2236; x_wconf 89' lang='lat' dir='ltr'><strong>sua</strong></span> <span class='ocrx_word' id='word_1_151' title='bbox 920 2181 1072 2236; x_wconf 88' lang='lat' dir='ltr'><strong>inter</strong></span> <span class='ocrx_word' id='word_1_152' title='bbox 1101 2181 1459 2250; x_wconf 89' lang='lat' dir='ltr'><strong>semetipsos</strong></span> <span class='ocrx_word' id='word_1_153' title='bbox 1495 2196 1507 2235; x_wconf 91' lang='lat'><strong>:</strong></span> <span class='ocrx_word' id='word_1_154' title='bbox 1540 2181 1638 2252; x_wconf 93' lang='lat' dir='ltr'><strong>qui</strong></span> <span class='ocrx_word' id='word_1_155' title='bbox 1672 2183 2182 2236; x_wconf 86' lang='lat' dir='ltr'><strong>commutaverunt</strong></span> 
     </span>
    </p>
   </div>
   <div class='ocr_carea' id='block_1_23' title="bbox 509 2269 2181 2339">
    <p class='ocr_par' dir='ltr' id='par_1_23' title="bbox 509 2269 2181 2339">
     <span class='ocr_line' id='line_1_24' title="bbox 509 2269 2181 2339; baseline 0 -15"><span class='ocrx_word' id='word_1_156' title='bbox 509 2271 819 2326; x_wconf 76' lang='lat' dir='ltr'><strong>veritatem</strong></span> <span class='ocrx_word' id='word_1_157' title='bbox 849 2271 955 2325; x_wconf 88' lang='lat' dir='ltr'><strong>Dei</strong></span> <span class='ocrx_word' id='word_1_158' title='bbox 985 2270 1044 2324; x_wconf 90' lang='lat' dir='ltr'><strong>in</strong></span> <span class='ocrx_word' id='word_1_159' title='bbox 1083 2269 1474 2337; x_wconf 86' lang='lat' dir='ltr'><strong>mendacium,</strong></span> <span class='ocrx_word' id='word_1_160' title='bbox 1508 2273 1566 2324; x_wconf 91' lang='lat' dir='ltr'><strong>et</strong></span> <span class='ocrx_word' id='word_1_161' title='bbox 1597 2269 1923 2339; x_wconf 86' lang='lat' dir='ltr'><strong>coluerunt,</strong></span> <span class='ocrx_word' id='word_1_162' title='bbox 1948 2274 2005 2326; x_wconf 87' lang='lat' dir='ltr'><strong>et</strong></span> <span class='ocrx_word' id='word_1_163' title='bbox 2045 2287 2181 2324; x_wconf 76' lang='lat' dir='ltr'><strong>ser-</strong></span> 
     </span>
    </p>
   </div>
   <div class='ocr_carea' id='block_1_24' title="bbox 507 2359 2181 2431">
    <p class='ocr_par' dir='ltr' id='par_1_24' title="bbox 507 2359 2181 2431">
     <span class='ocr_line' id='line_1_25' title="bbox 507 2359 2181 2431; baseline 0.001 -18"><span class='ocrx_word' id='word_1_164' title='bbox 507 2359 744 2416; x_wconf 81' lang='lat' dir='ltr'><strong>vierunt</strong></span> <span class='ocrx_word' id='word_1_165' title='bbox 787 2362 1073 2415; x_wconf 77' lang='lat' dir='ltr'><strong>creaturae</strong></span> <span class='ocrx_word' id='word_1_166' title='bbox 1121 2359 1318 2430; x_wconf 84' lang='lat' dir='ltr'><strong>potius</strong></span> <span class='ocrx_word' id='word_1_167' title='bbox 1362 2374 1536 2431; x_wconf 90' lang='lat' dir='ltr'><strong>quam</strong></span> <span class='ocrx_word' id='word_1_168' title='bbox 1584 2359 1881 2428; x_wconf 82' lang='lat' dir='ltr'><strong>Creatori,</strong></span> <span class='ocrx_word' id='word_1_169' title='bbox 1927 2360 2028 2431; x_wconf 90' lang='lat' dir='ltr'><strong>qui</strong></span> <span class='ocrx_word' id='word_1_170' title='bbox 2087 2363 2181 2416; x_wconf 89' lang='lat' dir='ltr'><strong>est</strong></span> 
     </span>
    </p>
   </div>
   <div class='ocr_carea' id='block_1_25' title="bbox 512 2447 2012 2519">
    <p class='ocr_par' dir='ltr' id='par_1_25' title="bbox 512 2447 2012 2519">
     <span class='ocr_line' id='line_1_26' title="bbox 512 2447 2012 2519; baseline -0.003 -15"><span class='ocrx_word' id='word_1_171' title='bbox 512 2449 673 2504; x_wconf 86' lang='lat' dir='ltr'><strong>Deus</strong></span> <span class='ocrx_word' id='word_1_172' title='bbox 703 2447 1054 2504; x_wconf 85' lang='lat' dir='ltr'><strong>benedictus</strong></span> <span class='ocrx_word' id='word_1_173' title='bbox 1085 2448 1146 2502; x_wconf 89' lang='lat' dir='ltr'><strong>in</strong></span> <span class='ocrx_word' id='word_1_174' title='bbox 1178 2449 1403 2502; x_wconf 85' lang='lat' dir='ltr'><strong>saecula</strong></span> <span class='ocrx_word' id='word_1_175' title='bbox 1432 2448 1623 2517; x_wconf 80' lang='lat' dir='ltr'><strong>(Rom.</strong></span> <span class='ocrx_word' id='word_1_176' title='bbox 1649 2466 1687 2518; x_wconf 78' lang='grc' dir='ltr'>ι,</span> <span class='ocrx_word' id='word_1_177' title='bbox 1719 2449 1808 2519; x_wconf 70' lang='grc'>24,</span> <span class='ocrx_word' id='word_1_178' title='bbox 1843 2450 1952 2517; x_wconf 70' lang='grc'><strong>25).</strong></span> <span class='ocrx_word' id='word_1_179' title='bbox 1991 2471 2012 2497; x_wconf 76' lang='grc' dir='ltr'><strong><em>ιο</em></strong></span> 
     </span>
    </p>
   </div>
   <div class='ocr_carea' id='block_1_26' title="bbox 581 2554 2175 2626">
    <p class='ocr_par' dir='ltr' id='par_1_26' title="bbox 581 2554 2175 2626">
     <span class='ocr_line' id='line_1_27' title="bbox 581 2554 2175 2626; baseline 0.001 -16"><span class='ocrx_word' id='word_1_180' title='bbox 581 2554 705 2610; x_wconf 73' lang='grc'><strong>104.</strong></span> <span class='ocrx_word' id='word_1_181' title='bbox 743 2555 1022 2610; x_wconf 82' lang='lat' dir='ltr'><strong>Prohibet</strong></span> <span class='ocrx_word' id='word_1_182' title='bbox 1043 2555 1236 2626; x_wconf 90' lang='lat' dir='ltr'><strong>itaque</strong></span> <span class='ocrx_word' id='word_1_183' title='bbox 1255 2571 1346 2609; x_wconf 91' lang='lat' dir='ltr'><strong>me</strong></span> <span class='ocrx_word' id='word_1_184' title='bbox 1362 2555 1581 2610; x_wconf 87' lang='lat' dir='ltr'><strong>Paulus</strong></span> <span class='ocrx_word' id='word_1_185' title='bbox 1607 2558 1891 2611; x_wconf 72' lang='lat' dir='ltr'><strong>creatum</strong></span> <span class='ocrx_word' id='word_1_186' title='bbox 1922 2557 2175 2625; x_wconf 85' lang='lat' dir='ltr'><strong>servire,</strong></span> 
     </span>
    </p>
   </div>
   <div class='ocr_carea' id='block_1_27' title="bbox 508 2644 2176 2717">
    <p class='ocr_par' dir='ltr' id='par_1_27' title="bbox 508 2644 2176 2717">
     <span class='ocr_line' id='line_1_28' title="bbox 508 2644 2176 2717; baseline 0.001 -18"><span class='ocrx_word' id='word_1_187' title='bbox 508 2648 566 2700; x_wconf 88' lang='lat' dir='ltr'><strong>et</strong></span> <span class='ocrx_word' id='word_1_188' title='bbox 593 2644 830 2699; x_wconf 85' lang='lat' dir='ltr'><strong>Christo</strong></span> <span class='ocrx_word' id='word_1_189' title='bbox 859 2644 1132 2698; x_wconf 88' lang='lat' dir='ltr'><strong>admonet</strong></span> <span class='ocrx_word' id='word_1_190' title='bbox 1155 2644 1556 2699; x_wconf 88' lang='lat' dir='ltr'><strong>serviendum.</strong></span> <span class='ocrx_word' id='word_1_191' title='bbox 1583 2645 1714 2700; x_wconf 87' lang='lat' dir='ltr'><strong>Non</strong></span> <span class='ocrx_word' id='word_1_192' title='bbox 1739 2661 1882 2717; x_wconf 84' lang='lat' dir='ltr'><strong>ergo</strong></span> <span class='ocrx_word' id='word_1_193' title='bbox 1908 2650 2176 2700; x_wconf 82' lang='lat' dir='ltr'><strong>creatura</strong></span> 
     </span>
    </p>
   </div>
   <div class='ocr_carea' id='block_1_28' title="bbox 505 2733 2178 2805">
    <p class='ocr_par' dir='ltr' id='par_1_28' title="bbox 505 2733 2178 2805">
     <span class='ocr_line' id='line_1_29' title="bbox 505 2733 2178 2805; baseline 0.001 -17"><span class='ocrx_word' id='word_1_194' title='bbox 505 2733 803 2788; x_wconf 86' lang='lat' dir='ltr'><strong>Christus.</strong></span> <span class='ocrx_word' id='word_1_195' title='bbox 852 2755 873 2781; x_wconf 72' lang='grc' dir='ltr'>α</span> <span class='ocrx_word' id='word_1_196' title='bbox 931 2733 1170 2802; x_wconf 89' lang='lat' dir='ltr'><strong>Paulus,</strong></span> <span class='ocrx_word' id='word_1_197' title='bbox 1221 2733 1430 2805; x_wconf 87' lang='lat' dir='ltr'><strong>inquit,</strong></span> <span class='ocrx_word' id='word_1_198' title='bbox 1483 2751 1698 2790; x_wconf 87' lang='lat' dir='ltr'><strong>servus</strong></span> <span class='ocrx_word' id='word_1_199' title='bbox 1755 2736 1901 2790; x_wconf 77' lang='lat' dir='ltr'><strong>Jesu</strong></span> <span class='ocrx_word' id='word_1_200' title='bbox 1957 2735 2178 2790; x_wconf 88' lang='lat' dir='ltr'><strong>Christi</strong></span> 
     </span>
    </p>
   </div>
   <div class='ocr_carea' id='block_1_29' title="bbox 505 2821 2178 2896">
    <p class='ocr_par' dir='ltr' id='par_1_29' title="bbox 505 2821 2178 2896">
     <span class='ocr_line' id='line_1_30' title="bbox 505 2821 2178 2896; baseline 0.001 -19"><span class='ocrx_word' id='word_1_201' title='bbox 505 2821 685 2892; x_wconf 83' lang='lat' dir='ltr'><strong>(Ibid.</strong></span> <span class='ocrx_word' id='word_1_202' title='bbox 713 2821 785 2892; x_wconf 87' lang='grc'><strong>1).</strong></span> <span class='ocrx_word' id='word_1_203' title='bbox 815 2843 837 2870; x_wconf 75' lang='grc' dir='ltr'>ι</span> <span class='ocrx_word' id='word_1_204' title='bbox 865 2821 936 2876; x_wconf 86' lang='lat' dir='ltr'><strong>Et</strong></span> <span class='ocrx_word' id='word_1_205' title='bbox 953 2822 1145 2877; x_wconf 89' lang='lat' dir='ltr'><strong>bonus</strong></span> <span class='ocrx_word' id='word_1_206' title='bbox 1163 2837 1378 2878; x_wconf 90' lang='lat' dir='ltr'><strong>servus</strong></span> <span class='ocrx_word' id='word_1_207' title='bbox 1401 2825 1500 2894; x_wconf 89' lang='lat' dir='ltr'><strong>qui</strong></span> <span class='ocrx_word' id='word_1_208' title='bbox 1525 2824 1832 2878; x_wconf 86' lang='lat' dir='ltr'><strong>Dominum</strong></span> <span class='ocrx_word' id='word_1_209' title='bbox 1855 2839 2178 2896; x_wconf 84' lang='lat' dir='ltr'><strong>recognos-</strong></span> 
     </span>
    </p>
   </div>
   <div class='ocr_carea' id='block_1_30' title="bbox 509 2911 2176 2984">
    <p class='ocr_par' dir='ltr' id='par_1_30' title="bbox 509 2911 2176 2984">
     <span class='ocr_line' id='line_1_31' title="bbox 509 2911 2176 2984; baseline 0.002 -18"><span class='ocrx_word' id='word_1_210' title='bbox 509 2911 606 2979; x_wconf 87' lang='lat' dir='ltr'><strong>cit,</strong></span> <span class='ocrx_word' id='word_1_211' title='bbox 642 2911 771 2981; x_wconf 91' lang='lat' dir='ltr'><strong>ipse</strong></span> <span class='ocrx_word' id='word_1_212' title='bbox 801 2914 1086 2965; x_wconf 66' lang='lat' dir='ltr'><strong>creaturis</strong></span> <span class='ocrx_word' id='word_1_213' title='bbox 1124 2913 1353 2967; x_wconf 82' lang='lat' dir='ltr'><strong>servire</strong></span> <span class='ocrx_word' id='word_1_214' title='bbox 1403 2929 1514 2967; x_wconf 89' lang='lat' dir='ltr'><strong>nos</strong></span> <span class='ocrx_word' id='word_1_215' title='bbox 1546 2913 1816 2983; x_wconf 87' lang='lat' dir='ltr'><strong>prohibet</strong></span> <span class='ocrx_word' id='word_1_216' title='bbox 1851 2913 2176 2984; x_wconf 80' lang='lat' dir='ltr'><strong>:quemad-</strong></span> 
     </span>
    </p>
   </div>
   <div class='ocr_carea' id='block_1_31' title="bbox 507 2998 2176 3072">
    <p class='ocr_par' dir='ltr' id='par_1_31' title="bbox 507 2998 2176 3072">
     <span class='ocr_line' id='line_1_32' title="bbox 507 2998 2176 3072; baseline 0.002 -18"><span class='ocrx_word' id='word_1_217' title='bbox 507 3000 744 3055; x_wconf 91' lang='lat' dir='ltr'><strong>modum</strong></span> <span class='ocrx_word' id='word_1_218' title='bbox 791 3015 937 3072; x_wconf 90' lang='lat' dir='ltr'><strong>ergo</strong></span> <span class='ocrx_word' id='word_1_219' title='bbox 971 2998 1206 3056; x_wconf 88' lang='lat' dir='ltr'><strong>Christo</strong></span> <span class='ocrx_word' id='word_1_220' title='bbox 1250 3001 1380 3072; x_wconf 92' lang='lat' dir='ltr'><strong>ipse</strong></span> <span class='ocrx_word' id='word_1_221' title='bbox 1425 3003 1694 3072; x_wconf 84' lang='lat' dir='ltr'><strong>serviret,</strong></span> <span class='ocrx_word' id='word_1_222' title='bbox 1747 3002 1802 3056; x_wconf 91' lang='lat' dir='ltr'><strong>si</strong></span> <span class='ocrx_word' id='word_1_223' title='bbox 1847 3005 2176 3058; x_wconf 87' lang='lat' dir='ltr'><strong>creaturam</strong></span> 
     </span>
    </p>
   </div>
   <div class='ocr_carea' id='block_1_32' title="bbox 506 3089 2173 3166">
    <p class='ocr_par' dir='ltr' id='par_1_32' title="bbox 506 3089 2173 3166">
     <span class='ocr_line' id='line_1_33' title="bbox 506 3089 2173 3166; baseline 0.003 -22"><span class='ocrx_word' id='word_1_224' title='bbox 506 3089 806 3144; x_wconf 86' lang='lat' dir='ltr'><strong>Christum</strong></span> <span class='ocrx_word' id='word_1_225' title='bbox 832 3090 1107 3160; x_wconf 86' lang='lat' dir='ltr'><strong>putaret?</strong></span> <span class='ocrx_word' id='word_1_226' title='bbox 1130 3091 1246 3145; x_wconf 86' lang='lat' dir='ltr'><strong>Aut</strong></span> <span class='ocrx_word' id='word_1_227' title='bbox 1268 3092 1452 3164; x_wconf 84' lang='lat' dir='ltr'><strong>igitur</strong></span> <span class='ocrx_word' id='word_1_228' title='bbox 1480 3092 1752 3148; x_wconf 87' lang='lat' dir='ltr'><strong>desinant</strong></span> <span class='ocrx_word' id='word_1_229' title='bbox 1771 3093 1966 3149; x_wconf 89' lang='lat' dir='ltr'><strong>colere</strong></span> <span class='ocrx_word' id='word_1_230' title='bbox 1997 3111 2173 3166; x_wconf 89' lang='lat' dir='ltr'><strong>quem</strong></span> 
     </span>
    </p>
   </div>
   <div class='ocr_carea' id='block_1_33' title="bbox 505 3179 2174 3254">
    <p class='ocr_par' dir='ltr' id='par_1_33' title="bbox 505 3179 2174 3254">
     <span class='ocr_line' id='line_1_34' title="bbox 505 3179 2174 3254; baseline 0.004 -20"><span class='ocrx_word' id='word_1_231' title='bbox 505 3181 835 3235; x_wconf 88' lang='lat' dir='ltr'><strong>creaturam</strong></span> <span class='ocrx_word' id='word_1_232' title='bbox 865 3179 1180 3250; x_wconf 89' lang='lat' dir='ltr'><strong>appellant,</strong></span> <span class='ocrx_word' id='word_1_233' title='bbox 1213 3185 1312 3236; x_wconf 90' lang='lat' dir='ltr'><strong>aut</strong></span> <span class='ocrx_word' id='word_1_234' title='bbox 1359 3181 1634 3238; x_wconf 89' lang='lat' dir='ltr'><strong>desinant</strong></span> <span class='ocrx_word' id='word_1_235' title='bbox 1664 3198 1839 3254; x_wconf 91' lang='lat' dir='ltr'><strong>quem</strong></span> <span class='ocrx_word' id='word_1_236' title='bbox 1880 3184 2076 3240; x_wconf 89' lang='lat' dir='ltr'><strong>colere</strong></span> <span class='ocrx_word' id='word_1_237' title='bbox 2107 3200 2174 3240; x_wconf 91' lang='lat' dir='ltr'><strong>se</strong></span> 
     </span>
    </p>
   </div>
   <div class='ocr_carea' id='block_1_34' title="bbox 2303 737 3913 810">
    <p class='ocr_par' dir='ltr' id='par_1_34' title="bbox 2303 737 3913 810">
     <span class='ocr_line' id='line_1_35' title="bbox 2303 737 3913 810; baseline 0.004 -20"><span class='ocrx_word' id='word_1_238' title='bbox 2303 737 2397 791; x_wconf 91' lang='lat' dir='ltr'><strong>vel</strong></span> <span class='ocrx_word' id='word_1_239' title='bbox 2428 737 2487 791; x_wconf 90' lang='lat' dir='ltr'><strong>in</strong></span> <span class='ocrx_word' id='word_1_240' title='bbox 2531 739 2860 793; x_wconf 89' lang='lat' dir='ltr'><strong>novissimo</strong></span> <span class='ocrx_word' id='word_1_241' title='bbox 2893 739 3076 792; x_wconf 89' lang='lat' dir='ltr'><strong>maris</strong></span> <span class='ocrx_word' id='word_1_242' title='bbox 3127 755 3433 810; x_wconf 56' lang='lat' dir='ltr'><strong>praesens:</strong></span> <span class='ocrx_word' id='word_1_243' title='bbox 3466 739 3594 794; x_wconf 90' lang='lat' dir='ltr'><strong>visu</strong></span> <span class='ocrx_word' id='word_1_244' title='bbox 3622 740 3913 810; x_wconf 88' lang='lat' dir='ltr'><strong>incompre-</strong></span> 
     </span>
    </p>
   </div>
   <div class='ocr_carea' id='block_1_35' title="bbox 2303 825 3911 898">
    <p class='ocr_par' dir='ltr' id='par_1_35' title="bbox 2303 825 3911 898">
     <span class='ocr_line' id='line_1_36' title="bbox 2303 825 3911 898; baseline 0.003 -19"><span class='ocrx_word' id='word_1_245' title='bbox 2303 825 2638 898; x_wconf 88' lang='lat' dir='ltr'><strong>hensibilis,</strong></span> <span class='ocrx_word' id='word_1_246' title='bbox 2681 826 2802 881; x_wconf 88' lang='lat' dir='ltr'><strong>fatu</strong></span> <span class='ocrx_word' id='word_1_247' title='bbox 2834 827 3355 898; x_wconf 88' lang='lat' dir='ltr'><strong>ininterpretabilis</strong></span> <span class='ocrx_word' id='word_1_248' title='bbox 3378 870 3391 897; x_wconf 91' lang='lat'><strong>,</strong></span> <span class='ocrx_word' id='word_1_249' title='bbox 3428 843 3607 882; x_wconf 90' lang='lat' dir='ltr'><strong>sensu</strong></span> <span class='ocrx_word' id='word_1_250' title='bbox 3637 828 3911 884; x_wconf 65' lang='lat' dir='ltr'><strong>inaestima-</strong></span> 
     </span>
    </p>
   </div>
   <div class='ocr_carea' id='block_1_36' title="bbox 2299 913 3913 988">
    <p class='ocr_par' dir='ltr' id='par_1_36' title="bbox 2299 913 3913 988">
     <span class='ocr_line' id='line_1_37' title="bbox 2299 913 3913 988; baseline 0.002 -21"><span class='ocrx_word' id='word_1_251' title='bbox 2299 913 2460 984; x_wconf 87' lang='lat' dir='ltr'><strong>bilis,</strong></span> <span class='ocrx_word' id='word_1_252' title='bbox 2504 915 2618 970; x_wconf 81' lang='lat' dir='ltr'><strong>t&#39;ide</strong></span> <span class='ocrx_word' id='word_1_253' title='bbox 2667 917 3042 988; x_wconf 89' lang='lat' dir='ltr'><strong>sequendus,</strong></span> <span class='ocrx_word' id='word_1_254' title='bbox 3093 916 3383 988; x_wconf 85' lang='lat' dir='ltr'><strong>religione</strong></span> <span class='ocrx_word' id='word_1_255' title='bbox 3419 918 3773 972; x_wconf 88' lang='lat' dir='ltr'><strong>venerandus</strong></span> <span class='ocrx_word' id='word_1_256' title='bbox 3813 933 3824 971; x_wconf 89' lang='lat'>:</span> <span class='ocrx_word' id='word_1_257' title='bbox 3864 920 3913 971; x_wconf 88' lang='lat' dir='ltr'><strong>ut</strong></span> 
     </span>
    </p>
   </div>
   <div class='ocr_carea' id='block_1_37' title="bbox 2301 1003 3914 1077">
    <p class='ocr_par' dir='ltr' id='par_1_37' title="bbox 2301 1003 3914 1077">
     <span class='ocr_line' id='line_1_38' title="bbox 2301 1003 3914 1077; baseline 0.002 -20"><span class='ocrx_word' id='word_1_258' title='bbox 2301 1003 2586 1076; x_wconf 86' lang='lat' dir='ltr'><strong>quidquid</strong></span> <span class='ocrx_word' id='word_1_259' title='bbox 2635 1003 2980 1077; x_wconf 88' lang='lat' dir='ltr'><strong>religiosius</strong></span> <span class='ocrx_word' id='word_1_260' title='bbox 2998 1005 3204 1060; x_wconf 90' lang='lat' dir='ltr'><strong>sentiri</strong></span> <span class='ocrx_word' id='word_1_261' title='bbox 3234 1007 3446 1076; x_wconf 89' lang='lat' dir='ltr'><strong>potest,</strong></span> <span class='ocrx_word' id='word_1_262' title='bbox 3465 1005 3734 1076; x_wconf 88' lang='lat' dir='ltr'><strong>quidquid</strong></span> <span class='ocrx_word' id='word_1_263' title='bbox 3761 1022 3914 1076; x_wconf 66' lang='lat' dir='ltr'><strong>praes-</strong></span> 
     </span>
    </p>
   </div>
   <div class='ocr_carea' id='block_1_38' title="bbox 2299 1091 3913 1165">
    <p class='ocr_par' dir='ltr' id='par_1_38' title="bbox 2299 1091 3913 1165">
     <span class='ocr_line' id='line_1_39' title="bbox 2299 1091 3913 1165; baseline 0.002 -21"><span class='ocrx_word' id='word_1_264' title='bbox 2299 1092 2519 1147; x_wconf 87' lang='lat' dir='ltr'><strong>tantius</strong></span> <span class='ocrx_word' id='word_1_265' title='bbox 2561 1092 2634 1148; x_wconf 91' lang='lat' dir='ltr'><strong>ad</strong></span> <span class='ocrx_word' id='word_1_266' title='bbox 2664 1093 2959 1162; x_wconf 75' lang='lat' dir='ltr'><strong>decorem,</strong></span> <span class='ocrx_word' id='word_1_267' title='bbox 2997 1092 3283 1165; x_wconf 90' lang='lat' dir='ltr'><strong>quidquid</strong></span> <span class='ocrx_word' id='word_1_268' title='bbox 3312 1093 3624 1150; x_wconf 88' lang='lat' dir='ltr'><strong>sublimius</strong></span> <span class='ocrx_word' id='word_1_269' title='bbox 3651 1091 3718 1148; x_wconf 88' lang='lat' dir='ltr'><strong>ad</strong></span> <span class='ocrx_word' id='word_1_270' title='bbox 3747 1097 3913 1165; x_wconf 85' lang='lat' dir='ltr'><strong>potes-</strong></span> 
     </span>
    </p>
   </div>
   <div class='ocr_carea' id='block_1_39' title="bbox 2298 1181 3484 1255">
    <p class='ocr_par' dir='ltr' id='par_1_39' title="bbox 2298 1181 3484 1255">
     <span class='ocr_line' id='line_1_40' title="bbox 2298 1181 3484 1255; baseline 0.003 -20"><span class='ocrx_word' id='word_1_271' title='bbox 2298 1183 2496 1249; x_wconf 86' lang='lat' dir='ltr'><strong>tatem,</strong></span> <span class='ocrx_word' id='word_1_272' title='bbox 2531 1181 2644 1237; x_wconf 92' lang='lat' dir='ltr'><strong>hoc</strong></span> <span class='ocrx_word' id='word_1_273' title='bbox 2663 1181 2786 1237; x_wconf 93' lang='lat' dir='ltr'><strong>Deo</strong></span> <span class='ocrx_word' id='word_1_274' title='bbox 2816 1181 3115 1255; x_wconf 88' lang='lat' dir='ltr'><strong>intelligas</strong></span> <span class='ocrx_word' id='word_1_275' title='bbox 3145 1181 3484 1238; x_wconf 88' lang='lat' dir='ltr'><strong>convenire.</strong></span> 
     </span>
    </p>
   </div>
   <div class='ocr_carea' id='block_1_40' title="bbox 2369 1287 3910 1360">
    <p class='ocr_par' dir='ltr' id='par_1_40' title="bbox 2369 1287 3910 1360">
     <span class='ocr_line' id='line_1_41' title="bbox 2369 1287 3910 1360; baseline 0.003 -19"><span class='ocrx_word' id='word_1_276' title='bbox 2369 1287 2492 1343; x_wconf 81' lang='grc'><strong>107.</strong></span> <span class='ocrx_word' id='word_1_277' title='bbox 2525 1288 2684 1360; x_wconf 89' lang='lat' dir='ltr'><strong>Ergo</strong></span> <span class='ocrx_word' id='word_1_278' title='bbox 2715 1288 2852 1360; x_wconf 89' lang='lat' dir='ltr'><strong>quia</strong></span> <span class='ocrx_word' id='word_1_279' title='bbox 2883 1288 2943 1342; x_wconf 89' lang='lat' dir='ltr'><strong>in</strong></span> <span class='ocrx_word' id='word_1_280' title='bbox 2976 1287 3127 1344; x_wconf 90' lang='lat' dir='ltr'><strong>Filio</strong></span> <span class='ocrx_word' id='word_1_281' title='bbox 3159 1288 3485 1359; x_wconf 90' lang='lat' dir='ltr'><strong>complacet</strong></span> <span class='ocrx_word' id='word_1_282' title='bbox 3514 1289 3680 1343; x_wconf 86' lang='lat' dir='ltr'><strong>Pater</strong></span> <span class='ocrx_word' id='word_1_283' title='bbox 3708 1289 3910 1358; x_wconf 76' lang='lat' dir='ltr'><strong>(Matth.</strong></span> 
     </span>
    </p>
   </div>
   <div class='ocr_carea' id='block_1_41' title="bbox 2296 1376 3911 1449">
    <p class='ocr_par' dir='ltr' id='par_1_41' title="bbox 2296 1376 3911 1449">
     <span class='ocr_line' id='line_1_42' title="bbox 2296 1376 3911 1449; baseline 0.001 -20"><span class='ocrx_word' id='word_1_284' title='bbox 2296 1392 2438 1446; x_wconf 85' lang='lat' dir='ltr'><strong>xvu,</strong></span> <span class='ocrx_word' id='word_1_285' title='bbox 2462 1377 2538 1448; x_wconf 85' lang='lat'><strong>5),</strong></span> <span class='ocrx_word' id='word_1_286' title='bbox 2571 1376 2746 1432; x_wconf 88' lang='lat' dir='ltr'><strong>crede</strong></span> <span class='ocrx_word' id='word_1_287' title='bbox 2777 1376 2913 1448; x_wconf 90' lang='lat' dir='ltr'><strong>quia</strong></span> <span class='ocrx_word' id='word_1_288' title='bbox 2936 1377 3156 1449; x_wconf 88' lang='lat' dir='ltr'><strong>dignus</strong></span> <span class='ocrx_word' id='word_1_289' title='bbox 3190 1377 3361 1431; x_wconf 84' lang='lat' dir='ltr'><strong>Patre</strong></span> <span class='ocrx_word' id='word_1_290' title='bbox 3374 1377 3581 1445; x_wconf 83' lang='lat' dir='ltr'><strong>Filius,</strong></span> <span class='ocrx_word' id='word_1_291' title='bbox 3613 1376 3774 1432; x_wconf 89' lang='lat' dir='ltr'><strong>crede</strong></span> <span class='ocrx_word' id='word_1_292' title='bbox 3799 1377 3911 1449; x_wconf 89' lang='lat' dir='ltr'><strong>quia</strong></span> 
     </span>
    </p>
   </div>
   <div class='ocr_carea' id='block_1_42' title="bbox 2296 1464 3915 1536">
    <p class='ocr_par' dir='ltr' id='par_1_42' title="bbox 2296 1464 3915 1536">
     <span class='ocr_line' id='line_1_43' title="bbox 2296 1464 3915 1536; baseline -0.001 -16"><span class='ocrx_word' id='word_1_293' title='bbox 2296 1481 2330 1520; x_wconf 87' lang='lat' dir='ltr'><strong>a</strong></span> <span class='ocrx_word' id='word_1_294' title='bbox 2359 1465 2482 1521; x_wconf 90' lang='lat' dir='ltr'><strong>Deo</strong></span> <span class='ocrx_word' id='word_1_295' title='bbox 2513 1465 2696 1520; x_wconf 84' lang='lat' dir='ltr'><strong>exivit</strong></span> <span class='ocrx_word' id='word_1_296' title='bbox 2728 1465 2937 1536; x_wconf 89' lang='lat' dir='ltr'><strong>Filius,</strong></span> <span class='ocrx_word' id='word_1_297' title='bbox 2967 1469 3031 1520; x_wconf 91' lang='lat' dir='ltr'><strong>ut</strong></span> <span class='ocrx_word' id='word_1_298' title='bbox 3076 1465 3206 1536; x_wconf 91' lang='lat' dir='ltr'><strong>ipse</strong></span> <span class='ocrx_word' id='word_1_299' title='bbox 3239 1468 3492 1521; x_wconf 89' lang='lat' dir='ltr'><strong>testatur</strong></span> <span class='ocrx_word' id='word_1_300' title='bbox 3525 1465 3722 1521; x_wconf 87' lang='lat' dir='ltr'><strong>dicens</strong></span> <span class='ocrx_word' id='word_1_301' title='bbox 3752 1481 3764 1520; x_wconf 91' lang='lat'><strong>:</strong></span> <span class='ocrx_word' id='word_1_302' title='bbox 3799 1488 3816 1512; x_wconf 82' lang='lat'><strong>-</strong></span> <span class='ocrx_word' id='word_1_303' title='bbox 3846 1464 3915 1519; x_wconf 80' lang='lat' dir='ltr'><strong>Ex</strong></span> 
     </span>
    </p>
   </div>
   <div class='ocr_carea' id='block_1_43' title="bbox 2297 1553 3911 1625">
    <p class='ocr_par' dir='ltr' id='par_1_43' title="bbox 2297 1553 3911 1625">
     <span class='ocr_line' id='line_1_44' title="bbox 2297 1553 3911 1625; baseline -0.001 -16"><span class='ocrx_word' id='word_1_304' title='bbox 2297 1555 2419 1610; x_wconf 92' lang='lat' dir='ltr'><strong>Deo</strong></span> <span class='ocrx_word' id='word_1_305' title='bbox 2453 1553 2762 1625; x_wconf 89' lang='lat' dir='ltr'><strong>processi,</strong></span> <span class='ocrx_word' id='word_1_306' title='bbox 2804 1557 2861 1609; x_wconf 92' lang='lat' dir='ltr'><strong>et</strong></span> <span class='ocrx_word' id='word_1_307' title='bbox 2888 1554 3028 1608; x_wconf 89' lang='lat' dir='ltr'><strong>veni</strong></span> <span class='ocrx_word' id='word_1_308' title='bbox 3073 1553 3266 1622; x_wconf 85' lang='lat' dir='ltr'><strong>(Joan.</strong></span> <span class='ocrx_word' id='word_1_309' title='bbox 3299 1571 3424 1622; x_wconf 81' lang='grc' dir='ltr'><strong>νιιι,</strong></span> <span class='ocrx_word' id='word_1_310' title='bbox 3453 1554 3582 1624; x_wconf 74' lang='lat'><strong>42);</strong></span> <span class='ocrx_word' id='word_1_311' title='bbox 3627 1577 3647 1600; x_wconf 74' lang='grc' dir='ltr'><strong><em>η</em></strong></span> <span class='ocrx_word' id='word_1_312' title='bbox 3681 1556 3734 1608; x_wconf 89' lang='lat' dir='ltr'><strong>et</strong></span> <span class='ocrx_word' id='word_1_313' title='bbox 3757 1553 3911 1608; x_wconf 88' lang='lat' dir='ltr'><strong>alibi:</strong></span> 
     </span>
    </p>
   </div>
   <div class='ocr_carea' id='block_1_44' title="bbox 2301 1640 3916 1712">
    <p class='ocr_par' dir='ltr' id='par_1_44' title="bbox 2301 1640 3916 1712">
     <span class='ocr_line' id='line_1_45' title="bbox 2301 1640 3916 1712; baseline -0.002 -14"><span class='ocrx_word' id='word_1_314' title='bbox 2301 1666 2321 1692; x_wconf 78' lang='grc' dir='ltr'>α</span> <span class='ocrx_word' id='word_1_315' title='bbox 2358 1645 2408 1698; x_wconf 82' lang='grc' dir='ltr'><strong>Α</strong></span> <span class='ocrx_word' id='word_1_316' title='bbox 2431 1644 2552 1698; x_wconf 91' lang='lat' dir='ltr'><strong>Deo</strong></span> <span class='ocrx_word' id='word_1_317' title='bbox 2575 1643 2733 1698; x_wconf 83' lang='lat' dir='ltr'><strong>exivi</strong></span> <span class='ocrx_word' id='word_1_318' title='bbox 2753 1643 2940 1712; x_wconf 87' lang='lat' dir='ltr'><strong>(Joan.</strong></span> <span class='ocrx_word' id='word_1_319' title='bbox 2974 1659 3095 1712; x_wconf 73' lang='lat' dir='ltr'><strong>xvr,</strong></span> <span class='ocrx_word' id='word_1_320' title='bbox 3127 1642 3234 1704; x_wconf 74' lang='lat'><strong>27).</strong></span> <span class='ocrx_word' id='word_1_321' title='bbox 3273 1663 3297 1692; x_wconf 75' lang='grc' dir='ltr'><strong><em>ι</em></strong></span> <span class='ocrx_word' id='word_1_322' title='bbox 3331 1640 3442 1708; x_wconf 89' lang='lat' dir='ltr'><strong>Qui</strong></span> <span class='ocrx_word' id='word_1_323' title='bbox 3471 1657 3546 1697; x_wconf 92' lang='lat' dir='ltr'><strong>ex</strong></span> <span class='ocrx_word' id='word_1_324' title='bbox 3574 1643 3690 1697; x_wconf 90' lang='lat' dir='ltr'><strong>Deo</strong></span> <span class='ocrx_word' id='word_1_325' title='bbox 3711 1657 3916 1712; x_wconf 86' lang='lat' dir='ltr'><strong>proces-</strong></span> 
     </span>
    </p>
   </div>
   <div class='ocr_carea' id='block_1_45' title="bbox 2295 1730 3922 1802">
    <p class='ocr_par' dir='ltr' id='par_1_45' title="bbox 2295 1730 3922 1802">
     <span class='ocr_line' id='line_1_46' title="bbox 2295 1730 3922 1802; baseline -0.002 -15"><span class='ocrx_word' id='word_1_326' title='bbox 2295 1732 2393 1802; x_wconf 87' lang='lat' dir='ltr'><strong>sit,</strong></span> <span class='ocrx_word' id='word_1_327' title='bbox 2428 1735 2486 1787; x_wconf 90' lang='lat' dir='ltr'><strong>et</strong></span> <span class='ocrx_word' id='word_1_328' title='bbox 2515 1747 2547 1788; x_wconf 87' lang='lat' dir='ltr'><strong>a</strong></span> <span class='ocrx_word' id='word_1_329' title='bbox 2577 1733 2697 1788; x_wconf 92' lang='lat' dir='ltr'><strong>Deo</strong></span> <span class='ocrx_word' id='word_1_330' title='bbox 2740 1732 2940 1802; x_wconf 86' lang='lat' dir='ltr'><strong>exivit,</strong></span> <span class='ocrx_word' id='word_1_331' title='bbox 2974 1731 3120 1786; x_wconf 86' lang='lat' dir='ltr'><strong>nihil</strong></span> <span class='ocrx_word' id='word_1_332' title='bbox 3156 1731 3315 1786; x_wconf 88' lang='lat' dir='ltr'><strong>aliud</strong></span> <span class='ocrx_word' id='word_1_333' title='bbox 3347 1733 3543 1802; x_wconf 90' lang='lat' dir='ltr'><strong>potest</strong></span> <span class='ocrx_word' id='word_1_334' title='bbox 3569 1731 3793 1799; x_wconf 89' lang='lat' dir='ltr'><strong>habere,</strong></span> <span class='ocrx_word' id='word_1_335' title='bbox 3826 1730 3922 1784; x_wconf 90' lang='lat' dir='ltr'><strong>nisi</strong></span> 
     </span>
    </p>
   </div>
   <div class='ocr_carea' id='block_1_46' title="bbox 2292 1821 2730 1894">
    <p class='ocr_par' dir='ltr' id='par_1_46' title="bbox 2292 1821 2730 1894">
     <span class='ocr_line' id='line_1_47' title="bbox 2292 1821 2730 1894; baseline 0 -18"><span class='ocrx_word' id='word_1_336' title='bbox 2292 1821 2452 1894; x_wconf 91' lang='lat' dir='ltr'><strong>quod</strong></span> <span class='ocrx_word' id='word_1_337' title='bbox 2482 1821 2585 1876; x_wconf 91' lang='lat' dir='ltr'><strong>Dei</strong></span> <span class='ocrx_word' id='word_1_338' title='bbox 2619 1824 2730 1876; x_wconf 88' lang='lat' dir='ltr'><strong>est.</strong></span> 
     </span>
    </p>
   </div>
   <div class='ocr_carea' id='block_1_47' title="bbox 2887 1965 3352 2036">
    <p class='ocr_par' dir='ltr' id='par_1_47' title="bbox 2887 1965 3352 2036">
     <span class='ocr_line' id='line_1_48' title="bbox 2887 1965 3352 2036; baseline 0.002 -1"><span class='ocrx_word' id='word_1_339' title='bbox 2887 1965 3141 2036; x_wconf 79' lang='lat' dir='ltr'><strong>CAPUT</strong></span> <span class='ocrx_word' id='word_1_340' title='bbox 3169 1981 3352 2036; x_wconf 80' lang='lat' dir='ltr'><strong>xvu.</strong></span> 
     </span>
    </p>
   </div>
   <div class='ocr_carea' id='block_1_48' title="bbox 2295 2121 3922 2194">
    <p class='ocr_par' dir='ltr' id='par_1_48' title="bbox 2295 2121 3922 2194">
     <span class='ocr_line' id='line_1_49' title="bbox 2295 2121 3922 2194; baseline -0.003 -16"><span class='ocrx_word' id='word_1_341' title='bbox 2295 2123 2599 2178; x_wconf 72' lang='lat' dir='ltr'><strong>Christum</strong></span> <span class='ocrx_word' id='word_1_342' title='bbox 2632 2123 2814 2178; x_wconf 86' lang='lat' dir='ltr'><strong>Deum</strong></span> <span class='ocrx_word' id='word_1_343' title='bbox 2852 2139 3054 2178; x_wconf 84' lang='lat' dir='ltr'><strong>verum</strong></span> <span class='ocrx_word' id='word_1_344' title='bbox 3083 2139 3218 2178; x_wconf 87' lang='lat' dir='ltr'><strong>esse</strong></span> <span class='ocrx_word' id='word_1_345' title='bbox 3236 2140 3318 2179; x_wconf 74' lang='lat' dir='ltr'><strong>ex</strong></span> <span class='ocrx_word' id='word_1_346' title='bbox 3348 2140 3418 2178; x_wconf 88' lang='lat' dir='ltr'><strong>eo</strong></span> <span class='ocrx_word' id='word_1_347' title='bbox 3441 2121 3836 2194; x_wconf 50' lang='lat' dir='ltr'><strong>probanguod</strong></span> <span class='ocrx_word' id='word_1_348' title='bbox 3859 2121 3922 2174; x_wconf 85' lang='lat' dir='ltr'><strong>sit</strong></span> 
     </span>
    </p>
   </div>
   <div class='ocr_carea' id='block_1_49' title="bbox 2355 2193 3922 2267">
    <p class='ocr_par' dir='ltr' id='par_1_49' title="bbox 2355 2193 3922 2267">
     <span class='ocr_line' id='line_1_50' title="bbox 2355 2193 3922 2267; baseline -0.003 -18"><span class='ocrx_word' id='word_1_349' title='bbox 2355 2195 2640 2267; x_wconf 83' lang='lat' dir='ltr'><strong>proprius</strong></span> <span class='ocrx_word' id='word_1_350' title='bbox 2687 2195 2802 2250; x_wconf 85' lang='lat' dir='ltr'><strong>Dei</strong></span> <span class='ocrx_word' id='word_1_351' title='bbox 2847 2194 3072 2267; x_wconf 75' lang='lat' dir='ltr'><strong>Filius;</strong></span> <span class='ocrx_word' id='word_1_352' title='bbox 3117 2193 3552 2267; x_wconf 59' lang='lat' dir='ltr'><strong>praemissaque</strong></span> <span class='ocrx_word' id='word_1_353' title='bbox 3589 2193 3922 2267; x_wconf 63' lang='lat' dir='ltr'><strong>difﬁcultatis</strong></span> 
     </span>
    </p>
   </div>
   <div class='ocr_carea' id='block_1_50' title="bbox 2362 2262 3920 2332">
    <p class='ocr_par' dir='ltr' id='par_1_50' title="bbox 2362 2262 3920 2332">
     <span class='ocr_line' id='line_1_51' title="bbox 2362 2262 3920 2332; baseline -0.003 -12"><span class='ocrx_word' id='word_1_354' title='bbox 2362 2262 2736 2321; x_wconf 61' lang='lat' dir='ltr'><strong>sub&#39;orientis</strong></span> <span class='ocrx_word' id='word_1_355' title='bbox 2765 2266 3079 2332; x_wconf 83' lang='lat' dir='ltr'><strong>solutione,</strong></span> <span class='ocrx_word' id='word_1_356' title='bbox 3113 2262 3382 2320; x_wconf 79' lang='lat' dir='ltr'><strong>eamdem</strong></span> <span class='ocrx_word' id='word_1_357' title='bbox 3413 2262 3543 2319; x_wconf 69' lang='lat' dir='ltr'><strong>rem</strong></span> <span class='ocrx_word' id='word_1_358' title='bbox 3575 2265 3708 2319; x_wconf 89' lang='lat' dir='ltr'><strong>inde</strong></span> <span class='ocrx_word' id='word_1_359' title='bbox 3739 2262 3920 2318; x_wconf 76' lang='lat' dir='ltr'><strong>confir-</strong></span> 
     </span>
    </p>
   </div>
   <div class='ocr_carea' id='block_1_51' title="bbox 2361 2336 3919 2410">
    <p class='ocr_par' dir='ltr' id='par_1_51' title="bbox 2361 2336 3919 2410">
     <span class='ocr_line' id='line_1_52' title="bbox 2361 2336 3919 2410; baseline -0.003 -18"><span class='ocrx_word' id='word_1_360' title='bbox 2361 2343 2502 2410; x_wconf 67' lang='lat' dir='ltr'><strong>mat,</strong></span> <span class='ocrx_word' id='word_1_361' title='bbox 2539 2337 2689 2410; x_wconf 69' lang='lat' dir='ltr'><strong>quod</strong></span> <span class='ocrx_word' id='word_1_362' title='bbox 2737 2339 2820 2410; x_wconf 64' lang='lat' dir='ltr'><strong>sit</strong></span> <span class='ocrx_word' id='word_1_363' title='bbox 2849 2337 3394 2410; x_wconf 79' lang='lat' dir='ltr'><strong>genitus,_qu_oque_</strong></span> <span class='ocrx_word' id='word_1_364' title='bbox 3428 2351 3508 2392; x_wconf 73' lang='lat' dir='ltr'><strong>ex</strong></span> <span class='ocrx_word' id='word_1_365' title='bbox 3551 2336 3672 2391; x_wconf 85' lang='lat' dir='ltr'><strong>Deo</strong></span> <span class='ocrx_word' id='word_1_366' title='bbox 3717 2336 3919 2410; x_wconf 75' lang='lat' dir='ltr'><strong>exierit.</strong></span> 
     </span>
    </p>
   </div>
   <div class='ocr_carea' id='block_1_52' title="bbox 2360 2405 3924 2478">
    <p class='ocr_par' dir='ltr' id='par_1_52' title="bbox 2360 2405 3924 2478">
     <span class='ocr_line' id='line_1_53' title="bbox 2360 2405 3924 2478; baseline -0.003 -16"><span class='ocrx_word' id='word_1_367' title='bbox 2360 2407 2477 2462; x_wconf 86' lang='lat' dir='ltr'><strong>His</strong></span> <span class='ocrx_word' id='word_1_368' title='bbox 2504 2405 2710 2478; x_wconf 76' lang='lat' dir='ltr'><strong>subdit</strong></span> <span class='ocrx_word' id='word_1_369' title='bbox 2759 2405 2972 2462; x_wconf 70' lang='lat' dir='ltr'><strong>Patris</strong></span> <span class='ocrx_word' id='word_1_370' title='bbox 3015 2423 3082 2462; x_wconf 85' lang='lat' dir='ltr'><strong>ac</strong></span> <span class='ocrx_word' id='word_1_371' title='bbox 3111 2405 3578 2478; x_wconf 44' lang='lat' dir='ltr'><strong>Filii—unitatem</strong></span> <span class='ocrx_word' id='word_1_372' title='bbox 3609 2405 3924 2478; x_wconf 77' lang='lat' dir='ltr'><strong>Operationis</strong></span> 
     </span>
    </p>
   </div>
   <div class='ocr_carea' id='block_1_53' title="bbox 2364 2477 3922 2548">
    <p class='ocr_par' dir='ltr' id='par_1_53' title="bbox 2364 2477 3922 2548">
     <span class='ocr_line' id='line_1_54' title="bbox 2364 2477 3922 2548; baseline -0.003 -15"><span class='ocrx_word' id='word_1_373' title='bbox 2364 2494 2431 2533; x_wconf 82' lang='lat' dir='ltr'><strong>ac</strong></span> <span class='ocrx_word' id='word_1_374' title='bbox 2467 2477 2810 2533; x_wconf 78' lang='lat' dir='ltr'><strong>voluntatis.</strong></span> <span class='ocrx_word' id='word_1_375' title='bbox 2853 2478 2990 2533; x_wconf 88' lang='lat' dir='ltr'><strong>Tum</strong></span> <span class='ocrx_word' id='word_1_376' title='bbox 3021 2477 3307 2548; x_wconf 84' lang='lat' dir='ltr'><strong>apostolis</strong></span> <span class='ocrx_word' id='word_1_377' title='bbox 3339 2485 3400 2532; x_wconf 78' lang='lat' dir='ltr'><strong>et</strong></span> <span class='ocrx_word' id='word_1_378' title='bbox 3425 2477 3772 2532; x_wconf 73' lang='lat' dir='ltr'><strong>Centurione</strong></span> <span class='ocrx_word' id='word_1_379' title='bbox 3789 2492 3922 2548; x_wconf 69' lang='lat' dir='ltr'><strong>quem</strong></span> 
     </span>
    </p>
   </div>
   <div class='ocr_carea' id='block_1_54' title="bbox 2361 2549 3922 2616">
    <p class='ocr_par' dir='ltr' id='par_1_54' title="bbox 2361 2549 3922 2616">
     <span class='ocr_line' id='line_1_55' title="bbox 2361 2549 3922 2616; baseline -0.003 -13"><span class='ocrx_word' id='word_1_380' title='bbox 2361 2565 2487 2604; x_wconf 90' lang='lat' dir='ltr'><strong>cum</strong></span> <span class='ocrx_word' id='word_1_381' title='bbox 2515 2550 2771 2604; x_wconf 85' lang='lat' dir='ltr'><strong>Arianis</strong></span> <span class='ocrx_word' id='word_1_382' title='bbox 2799 2549 3124 2616; x_wconf 85' lang='lat' dir='ltr'><strong>contendit,</strong></span> <span class='ocrx_word' id='word_1_383' title='bbox 3164 2549 3228 2602; x_wconf 89' lang='lat' dir='ltr'><strong>in</strong></span> <span class='ocrx_word' id='word_1_384' title='bbox 3261 2549 3660 2604; x_wconf 87' lang='lat' dir='ltr'><strong>testimonium</strong></span> <span class='ocrx_word' id='word_1_385' title='bbox 3690 2549 3922 2602; x_wconf 84' lang='lat' dir='ltr'><strong>adductis</strong></span> 
     </span>
    </p>
   </div>
   <div class='ocr_carea' id='block_1_55' title="bbox 2361 2619 3230 2693">
    <p class='ocr_par' dir='ltr' id='par_1_55' title="bbox 2361 2619 3230 2693">
     <span class='ocr_line' id='line_1_56' title="bbox 2361 2619 3230 2693; baseline -0.002 -17"><span class='ocrx_word' id='word_1_386' title='bbox 2361 2619 2578 2676; x_wconf 80' lang='lat' dir='ltr'><strong>Isaiam</strong></span> <span class='ocrx_word' id='word_1_387' title='bbox 2591 2621 2798 2693; x_wconf 82' lang='lat' dir='ltr'><strong>jungit</strong></span> <span class='ocrx_word' id='word_1_388' title='bbox 2829 2636 2896 2675; x_wconf 87' lang='lat' dir='ltr'><strong>ac</strong></span> <span class='ocrx_word' id='word_1_389' title='bbox 2926 2626 3230 2676; x_wconf 79' lang='lat' dir='ltr'><strong>Joannem.</strong></span> 
     </span>
    </p>
   </div>
   <div class='ocr_carea' id='block_1_56' title="bbox 2362 2745 3920 2816">
    <p class='ocr_par' dir='ltr' id='par_1_56' title="bbox 2362 2745 3920 2816">
     <span class='ocr_line' id='line_1_57' title="bbox 2362 2745 3920 2816; baseline -0.003 -16"><span class='ocrx_word' id='word_1_390' title='bbox 2362 2745 2484 2802; x_wconf 86' lang='grc'><strong>108.</strong></span> <span class='ocrx_word' id='word_1_391' title='bbox 2529 2745 2700 2802; x_wconf 88' lang='lat' dir='ltr'><strong>Unde</strong></span> <span class='ocrx_word' id='word_1_392' title='bbox 2755 2761 2874 2802; x_wconf 90' lang='lat' dir='ltr'><strong>non</strong></span> <span class='ocrx_word' id='word_1_393' title='bbox 2921 2745 3116 2801; x_wconf 90' lang='lat' dir='ltr'><strong>solum</strong></span> <span class='ocrx_word' id='word_1_394' title='bbox 3165 2745 3326 2800; x_wconf 91' lang='lat' dir='ltr'><strong>Deus</strong></span> <span class='ocrx_word' id='word_1_395' title='bbox 3353 2787 3368 2816; x_wconf 95' lang='lat'><strong>,</strong></span> <span class='ocrx_word' id='word_1_396' title='bbox 3411 2746 3518 2800; x_wconf 89' lang='lat' dir='ltr'><strong>sed</strong></span> <span class='ocrx_word' id='word_1_397' title='bbox 3557 2745 3722 2800; x_wconf 86' lang='lat' dir='ltr'><strong>etiam</strong></span> <span class='ocrx_word' id='word_1_398' title='bbox 3774 2758 3920 2797; x_wconf 77' lang='lat' dir='ltr'><strong>verus</strong></span> 
     </span>
    </p>
   </div>
   <div class='ocr_carea' id='block_1_57' title="bbox 2290 2830 3920 2906">
    <p class='ocr_par' dir='ltr' id='par_1_57' title="bbox 2290 2830 3920 2906">
     <span class='ocr_line' id='line_1_58' title="bbox 2290 2830 3920 2906; baseline -0.003 -17"><span class='ocrx_word' id='word_1_399' title='bbox 2290 2835 2451 2890; x_wconf 89' lang='lat' dir='ltr'><strong>Deus</strong></span> <span class='ocrx_word' id='word_1_400' title='bbox 2481 2835 2615 2906; x_wconf 84' lang='lat'><strong>(58),</strong></span> <span class='ocrx_word' id='word_1_401' title='bbox 2647 2850 2828 2890; x_wconf 92' lang='lat' dir='ltr'><strong>verus</strong></span> <span class='ocrx_word' id='word_1_402' title='bbox 2859 2851 2891 2889; x_wconf 92' lang='lat' dir='ltr'><strong>e</strong></span> <span class='ocrx_word' id='word_1_403' title='bbox 2925 2850 3088 2904; x_wconf 88' lang='lat' dir='ltr'><strong>vero,</strong></span> <span class='ocrx_word' id='word_1_404' title='bbox 3129 2837 3186 2890; x_wconf 88' lang='lat' dir='ltr'><strong>et</strong></span> <span class='ocrx_word' id='word_1_405' title='bbox 3213 2834 3366 2890; x_wconf 89' lang='lat' dir='ltr'><strong>adeo</strong></span> <span class='ocrx_word' id='word_1_406' title='bbox 3406 2851 3589 2890; x_wconf 89' lang='lat' dir='ltr'><strong>verus</strong></span> <span class='ocrx_word' id='word_1_407' title='bbox 3619 2837 3678 2888; x_wconf 91' lang='lat' dir='ltr'><strong>ut</strong></span> <span class='ocrx_word' id='word_1_408' title='bbox 3707 2834 3820 2902; x_wconf 90' lang='lat' dir='ltr'><strong>ipse</strong></span> <span class='ocrx_word' id='word_1_409' title='bbox 3861 2830 3920 2884; x_wconf 86' lang='lat' dir='ltr'><strong>sit</strong></span> 
     </span>
    </p>
   </div>
   <div class='ocr_carea' id='block_1_58' title="bbox 2286 2923 3916 2996">
    <p class='ocr_par' dir='ltr' id='par_1_58' title="bbox 2286 2923 3916 2996">
     <span class='ocr_line' id='line_1_59' title="bbox 2286 2923 3916 2996; baseline -0.003 -19"><span class='ocrx_word' id='word_1_410' title='bbox 2286 2925 2530 2980; x_wconf 86' lang='lat' dir='ltr'><strong>veritas.</strong></span> <span class='ocrx_word' id='word_1_411' title='bbox 2579 2924 2780 2996; x_wconf 88' lang='lat' dir='ltr'><strong>Itaque</strong></span> <span class='ocrx_word' id='word_1_412' title='bbox 2828 2924 2882 2979; x_wconf 90' lang='lat' dir='ltr'><strong>si</strong></span> <span class='ocrx_word' id='word_1_413' title='bbox 2918 2939 3132 2979; x_wconf 89' lang='lat' dir='ltr'><strong>nomen</strong></span> <span class='ocrx_word' id='word_1_414' title='bbox 3181 2926 3534 2995; x_wconf 89' lang='lat' dir='ltr'><strong>quaerimus,</strong></span> <span class='ocrx_word' id='word_1_415' title='bbox 3584 2923 3790 2978; x_wconf 85' lang='lat' dir='ltr'><strong>veritas</strong></span> <span class='ocrx_word' id='word_1_416' title='bbox 3815 2925 3916 2976; x_wconf 83' lang='lat' dir='ltr'><strong>est:</strong></span> 
     </span>
    </p>
   </div>
   <div class='ocr_carea' id='block_1_59' title="bbox 2288 3011 3919 3085">
    <p class='ocr_par' dir='ltr' id='par_1_59' title="bbox 2288 3011 3919 3085">
     <span class='ocr_line' id='line_1_60' title="bbox 2288 3011 3919 3085; baseline -0.004 -17"><span class='ocrx_word' id='word_1_417' title='bbox 2288 3014 2342 3068; x_wconf 88' lang='lat' dir='ltr'><strong>si</strong></span> <span class='ocrx_word' id='word_1_418' title='bbox 2370 3011 2743 3085; x_wconf 84' lang='lat' dir='ltr'><strong>majestatem</strong></span> <span class='ocrx_word' id='word_1_419' title='bbox 2766 3013 3090 3085; x_wconf 85' lang='lat' dir='ltr'><strong>quaerimus</strong></span> <span class='ocrx_word' id='word_1_420' title='bbox 3121 3013 3451 3068; x_wconf 88' lang='lat' dir='ltr'><strong>naturalem</strong></span> <span class='ocrx_word' id='word_1_421' title='bbox 3485 3013 3620 3082; x_wconf 81' lang='grc'>(59),</span> <span class='ocrx_word' id='word_1_422' title='bbox 3670 3027 3736 3066; x_wconf 90' lang='lat' dir='ltr'><strong>eo</strong></span> <span class='ocrx_word' id='word_1_423' title='bbox 3762 3023 3919 3080; x_wconf 86' lang='lat' dir='ltr'><strong>usque</strong></span> 
     </span>
    </p>
   </div>
   <div class='ocr_carea' id='block_1_60' title="bbox 2292 3099 3922 3172">
    <p class='ocr_par' dir='ltr' id='par_1_60' title="bbox 2292 3099 3922 3172">
     <span class='ocr_line' id='line_1_61' title="bbox 2292 3099 3922 3172; baseline -0.004 -15"><span class='ocrx_word' id='word_1_424' title='bbox 2292 3101 2481 3158; x_wconf 81' lang='lat' dir='ltr'><strong>Filius</strong></span> <span class='ocrx_word' id='word_1_425' title='bbox 2521 3101 2626 3158; x_wconf 91' lang='lat' dir='ltr'><strong>Dei</strong></span> <span class='ocrx_word' id='word_1_426' title='bbox 2656 3117 2840 3157; x_wconf 88' lang='lat' dir='ltr'><strong>verus</strong></span> <span class='ocrx_word' id='word_1_427' title='bbox 2871 3105 2982 3172; x_wconf 90' lang='lat' dir='ltr'><strong>est,</strong></span> <span class='ocrx_word' id='word_1_428' title='bbox 3016 3105 3079 3157; x_wconf 92' lang='lat' dir='ltr'><strong>ut</strong></span> <span class='ocrx_word' id='word_1_429' title='bbox 3109 3104 3166 3157; x_wconf 87' lang='lat' dir='ltr'><strong>et</strong></span> <span class='ocrx_word' id='word_1_430' title='bbox 3202 3103 3508 3172; x_wconf 85' lang='lat' dir='ltr'><strong>prOprius.</strong></span> <span class='ocrx_word' id='word_1_431' title='bbox 3543 3101 3818 3172; x_wconf 86' lang='lat' dir='ltr'><strong>Scriptum</strong></span> <span class='ocrx_word' id='word_1_432' title='bbox 3853 3099 3922 3152; x_wconf 83' lang='lat' dir='ltr'><strong>est</strong></span> 
     </span>
    </p>
   </div>
   <div class='ocr_carea' id='block_1_61' title="bbox 2287 3188 3920 3262">
    <p class='ocr_par' dir='ltr' id='par_1_61' title="bbox 2287 3188 3920 3262">
     <span class='ocr_line' id='line_1_62' title="bbox 2287 3188 3920 3262; baseline -0.004 -18"><span class='ocrx_word' id='word_1_433' title='bbox 2287 3190 2444 3244; x_wconf 91' lang='lat' dir='ltr'><strong>enim</strong></span> <span class='ocrx_word' id='word_1_434' title='bbox 2479 3207 2491 3244; x_wconf 91' lang='lat'>:</span> <span class='ocrx_word' id='word_1_435' title='bbox 2530 3213 2551 3237; x_wconf 82' lang='grc' dir='ltr'><strong>«ι</strong></span> <span class='ocrx_word' id='word_1_436' title='bbox 2589 3189 2700 3255; x_wconf 88' lang='lat' dir='ltr'><strong>Qui</strong></span> <span class='ocrx_word' id='word_1_437' title='bbox 2738 3189 2978 3261; x_wconf 90' lang='lat' dir='ltr'><strong>proprio</strong></span> <span class='ocrx_word' id='word_1_438' title='bbox 3027 3190 3176 3246; x_wconf 90' lang='lat' dir='ltr'><strong>Filio</strong></span> <span class='ocrx_word' id='word_1_439' title='bbox 3221 3205 3343 3245; x_wconf 87' lang='lat' dir='ltr'><strong>non</strong></span> <span class='ocrx_word' id='word_1_440' title='bbox 3391 3190 3672 3262; x_wconf 89' lang='lat' dir='ltr'><strong>pepercit,</strong></span> <span class='ocrx_word' id='word_1_441' title='bbox 3701 3188 3798 3244; x_wconf 89' lang='lat' dir='ltr'><strong>sed</strong></span> <span class='ocrx_word' id='word_1_442' title='bbox 3836 3201 3920 3258; x_wconf 87' lang='lat' dir='ltr'><strong>pro</strong></span> 
     </span>
    </p>
   </div>
   <div class='ocr_carea' id='block_1_62' title="bbox 503 3267 3919 3349">
    <p class='ocr_par' dir='ltr' id='par_1_62' title="bbox 503 3267 3919 3349">
     <span class='ocr_line' id='line_1_63' title="bbox 503 3267 3919 3349; baseline -0.001 -19"><span class='ocrx_word' id='word_1_443' title='bbox 503 3268 804 3334; x_wconf 80' lang='lat' dir='ltr'><strong>simulant.</strong></span> <span class='ocrx_word' id='word_1_444' title='bbox 853 3267 1052 3323; x_wconf 82' lang='lat' dir='ltr'><strong>dicere</strong></span> <span class='ocrx_word' id='word_1_445' title='bbox 1099 3273 1428 3325; x_wconf 82' lang='lat' dir='ltr'><strong>creaturam</strong></span> <span class='ocrx_word' id='word_1_446' title='bbox 1464 3288 1476 3326; x_wconf 90' lang='lat'><strong>:</strong></span> <span class='ocrx_word' id='word_1_447' title='bbox 1511 3287 1584 3326; x_wconf 86' lang='lat' dir='ltr'><strong>ne</strong></span> <span class='ocrx_word' id='word_1_448' title='bbox 1625 3272 1740 3327; x_wconf 86' lang='lat' dir='ltr'><strong>sub</strong></span> <span class='ocrx_word' id='word_1_449' title='bbox 1783 3273 2174 3344; x_wconf 84' lang='lat' dir='ltr'><strong>appellatione</strong></span> <span class='ocrx_word' id='word_1_450' title='bbox 2201 3275 2248 3336; x_wconf 84' lang='lat' dir='ltr'><strong>C</strong></span> <span class='ocrx_word' id='word_1_451' title='bbox 2287 3279 2464 3334; x_wconf 90' lang='lat' dir='ltr'><strong>nobis</strong></span> <span class='ocrx_word' id='word_1_452' title='bbox 2486 3278 2724 3334; x_wconf 85' lang='lat' dir='ltr'><strong>tradidit</strong></span> <span class='ocrx_word' id='word_1_453' title='bbox 2757 3295 2890 3334; x_wconf 91' lang='lat' dir='ltr'><strong>eum</strong></span> <span class='ocrx_word' id='word_1_454' title='bbox 2921 3279 3110 3348; x_wconf 86' lang='lat' dir='ltr'><strong>(Rom.</strong></span> <span class='ocrx_word' id='word_1_455' title='bbox 3162 3296 3287 3349; x_wconf 85' lang='lat' dir='ltr'><strong>vm,</strong></span> <span class='ocrx_word' id='word_1_456' title='bbox 3325 3280 3420 3349; x_wconf 75' lang='lat'><strong>32)</strong></span> <span class='ocrx_word' id='word_1_457' title='bbox 3458 3295 3471 3335; x_wconf 93' lang='lat'>:</span> <span class='ocrx_word' id='word_1_458' title='bbox 3526 3302 3547 3328; x_wconf 78' lang='grc' dir='ltr'><strong><em>ιο</em></strong></span> <span class='ocrx_word' id='word_1_459' title='bbox 3583 3275 3919 3334; x_wconf 82' lang='lat' dir='ltr'><strong>trndidituti-</strong></span> 
     </span>
    </p>
   </div>
   <div class='ocr_carea' id='block_1_63' title="bbox 503 3357 2175 3431">
    <p class='ocr_par' dir='ltr' id='par_1_63' title="bbox 503 3357 2175 3431">
     <span class='ocr_line' id='line_1_64' title="bbox 503 3357 2175 3431; baseline 0.004 -19"><span class='ocrx_word' id='word_1_460' title='bbox 503 3359 793 3414; x_wconf 89' lang='lat' dir='ltr'><strong>cultorum</strong></span> <span class='ocrx_word' id='word_1_461' title='bbox 825 3357 1142 3431; x_wconf 87' lang='lat' dir='ltr'><strong>sacrilegia</strong></span> <span class='ocrx_word' id='word_1_462' title='bbox 1171 3360 1445 3431; x_wconf 88' lang='lat' dir='ltr'><strong>graviora</strong></span> <span class='ocrx_word' id='word_1_463' title='bbox 1493 3363 1873 3418; x_wconf 86' lang='lat' dir='ltr'><strong>committant.</strong></span> <span class='ocrx_word' id='word_1_464' title='bbox 1909 3363 2175 3418; x_wconf 85' lang='lat' dir='ltr'><strong>Detesta-</strong></span> 
     </span>
    </p>
   </div>
   <div class='ocr_carea' id='block_1_64' title="bbox 499 3445 2174 3522">
    <p class='ocr_par' dir='ltr' id='par_1_64' title="bbox 499 3445 2174 3522">
     <span class='ocr_line' id='line_1_65' title="bbox 499 3445 2174 3522; baseline 0.004 -22"><span class='ocrx_word' id='word_1_465' title='bbox 499 3445 679 3503; x_wconf 89' lang='lat' dir='ltr'><strong>bilior</strong></span> <span class='ocrx_word' id='word_1_466' title='bbox 709 3447 864 3502; x_wconf 89' lang='lat' dir='ltr'><strong>enim</strong></span> <span class='ocrx_word' id='word_1_467' title='bbox 903 3447 1268 3503; x_wconf 73' lang='lat' dir='ltr'><strong>domesticus</strong></span> <span class='ocrx_word' id='word_1_468' title='bbox 1312 3449 1504 3506; x_wconf 89' lang='lat' dir='ltr'><strong>hostis</strong></span> <span class='ocrx_word' id='word_1_469' title='bbox 1535 3467 1709 3522; x_wconf 88' lang='lat' dir='ltr'><strong>quam</strong></span> <span class='ocrx_word' id='word_1_470' title='bbox 1742 3455 2060 3507; x_wconf 70' lang='lat' dir='ltr'><strong>extr-ancus</strong></span> <span class='ocrx_word' id='word_1_471' title='bbox 2083 3469 2095 3508; x_wconf 89' lang='lat'><em>:</em></span> <span class='ocrx_word' id='word_1_472' title='bbox 2117 3456 2174 3507; x_wconf 90' lang='lat' dir='ltr'><strong>et</strong></span> 
     </span>
    </p>
   </div>
   <div class='ocr_carea' id='block_1_65' title="bbox 500 3536 2174 3609">
    <p class='ocr_par' dir='ltr' id='par_1_65' title="bbox 500 3536 2174 3609">
     <span class='ocr_line' id='line_1_66' title="bbox 500 3536 2174 3609; baseline 0.004 -19"><span class='ocrx_word' id='word_1_473' title='bbox 500 3536 748 3609; x_wconf 88' lang='lat' dir='ltr'><strong>gravius</strong></span> <span class='ocrx_word' id='word_1_474' title='bbox 805 3537 1007 3591; x_wconf 85' lang='lat' dir='ltr'><strong>scelus</strong></span> <span class='ocrx_word' id='word_1_475' title='bbox 1063 3539 1126 3592; x_wconf 89' lang='lat' dir='ltr'><strong>ut</strong></span> <span class='ocrx_word' id='word_1_476' title='bbox 1171 3537 1464 3594; x_wconf 87' lang='lat' dir='ltr'><strong>adversus</strong></span> <span class='ocrx_word' id='word_1_477' title='bbox 1509 3538 1812 3596; x_wconf 88' lang='lat' dir='ltr'><strong>Christum</strong></span> <span class='ocrx_word' id='word_1_478' title='bbox 1859 3541 2174 3597; x_wconf 87' lang='lat' dir='ltr'><strong>abutantur</strong></span> 
     </span>
    </p>
   </div>
   <div class='ocr_carea' id='block_1_66' title="bbox 497 3623 995 3682">
    <p class='ocr_par' dir='ltr' id='par_1_66' title="bbox 497 3623 995 3682">
     <span class='ocr_line' id='line_1_67' title="bbox 497 3623 995 3682; baseline 0.002 -1"><span class='ocrx_word' id='word_1_479' title='bbox 497 3623 719 3682; x_wconf 89' lang='lat' dir='ltr'><strong>Christi</strong></span> <span class='ocrx_word' id='word_1_480' title='bbox 736 3625 995 3682; x_wconf 90' lang='lat' dir='ltr'><strong>nomine.</strong></span> 
     </span>
    </p>
   </div>
   <div class='ocr_carea' id='block_1_67' title="bbox 574 3734 2172 3814">
    <p class='ocr_par' dir='ltr' id='par_1_67' title="bbox 574 3734 2172 3814">
     <span class='ocr_line' id='line_1_68' title="bbox 574 3734 2172 3814; baseline 0.006 -26"><span class='ocrx_word' id='word_1_481' title='bbox 574 3734 698 3788; x_wconf 86' lang='grc'><strong>105.</strong></span> <span class='ocrx_word' id='word_1_482' title='bbox 733 3734 916 3798; x_wconf 87' lang='lat' dir='ltr'><strong>Quem</strong></span> <span class='ocrx_word' id='word_1_483' title='bbox 963 3734 1144 3806; x_wconf 89' lang='lat' dir='ltr'><strong>igitur</strong></span> <span class='ocrx_word' id='word_1_484' title='bbox 1191 3735 1496 3792; x_wconf 90' lang='lat' dir='ltr'><strong>meliorem</strong></span> <span class='ocrx_word' id='word_1_485' title='bbox 1543 3739 1918 3810; x_wconf 89' lang='lat' dir='ltr'><strong>interpretem</strong></span> <span class='ocrx_word' id='word_1_486' title='bbox 1951 3741 2172 3814; x_wconf 82' lang='lat' dir='ltr'><strong>quaeri-</strong></span> 
     </span>
    </p>
   </div>
   <div class='ocr_carea' id='block_1_68' title="bbox 501 3823 2169 3902">
    <p class='ocr_par' dir='ltr' id='par_1_68' title="bbox 501 3823 2169 3902">
     <span class='ocr_line' id='line_1_69' title="bbox 501 3823 2169 3902; baseline 0.005 -25"><span class='ocrx_word' id='word_1_487' title='bbox 501 3839 636 3877; x_wconf 90' lang='lat' dir='ltr'><strong>mus</strong></span> <span class='ocrx_word' id='word_1_488' title='bbox 665 3823 1122 3892; x_wconf 88' lang='lat' dir='ltr'><strong>Scripturarum,</strong></span> <span class='ocrx_word' id='word_1_489' title='bbox 1157 3839 1332 3895; x_wconf 86' lang='lat' dir='ltr'><strong>quam</strong></span> <span class='ocrx_word' id='word_1_490' title='bbox 1365 3825 1528 3881; x_wconf 92' lang='lat' dir='ltr'><strong>illum</strong></span> <span class='ocrx_word' id='word_1_491' title='bbox 1551 3827 1852 3884; x_wconf 89' lang='lat' dir='ltr'><strong>doctorem</strong></span> <span class='ocrx_word' id='word_1_492' title='bbox 1884 3831 2169 3902; x_wconf 86' lang='lat' dir='ltr'><strong>gentium,</strong></span> 
     </span>
    </p>
   </div>
   <div class='ocr_carea' id='block_1_69' title="bbox 499 3911 2172 3986">
    <p class='ocr_par' dir='ltr' id='par_1_69' title="bbox 499 3911 2172 3986">
     <span class='ocr_line' id='line_1_70' title="bbox 499 3911 2172 3986; baseline 0.006 -21"><span class='ocrx_word' id='word_1_493' title='bbox 499 3928 609 3967; x_wconf 88' lang='lat' dir='ltr'><strong>vas</strong></span> <span class='ocrx_word' id='word_1_494' title='bbox 630 3911 960 3980; x_wconf 88' lang='lat' dir='ltr'><strong>electionis,</strong></span> <span class='ocrx_word' id='word_1_495' title='bbox 995 3912 1245 3968; x_wconf 87' lang='lat' dir='ltr'><strong>electum</strong></span> <span class='ocrx_word' id='word_1_496' title='bbox 1267 3914 1340 3969; x_wconf 91' lang='lat' dir='ltr'><strong>de</strong></span> <span class='ocrx_word' id='word_1_497' title='bbox 1371 3918 1857 3986; x_wconf 87' lang='lat' dir='ltr'><strong>persecutoribus</strong></span> <span class='ocrx_word' id='word_1_498' title='bbox 1878 3922 1906 3974; x_wconf 65' lang='grc' dir='ltr'>ζ)</span> <span class='ocrx_word' id='word_1_499' title='bbox 1933 3919 2042 3984; x_wconf 91' lang='lat' dir='ltr'><strong>Qui</strong></span> <span class='ocrx_word' id='word_1_500' title='bbox 2075 3919 2172 3974; x_wconf 83' lang='lat' dir='ltr'><strong>Je-</strong></span> 
     </span>
    </p>
   </div>
   <div class='ocr_carea' id='block_1_70' title="bbox 503 4001 2171 4078">
    <p class='ocr_par' dir='ltr' id='par_1_70' title="bbox 503 4001 2171 4078">
     <span class='ocr_line' id='line_1_71' title="bbox 503 4001 2171 4078; baseline 0.005 -23"><span class='ocrx_word' id='word_1_501' title='bbox 503 4017 637 4056; x_wconf 91' lang='lat' dir='ltr'><strong>sum</strong></span> <span class='ocrx_word' id='word_1_502' title='bbox 691 4003 1045 4071; x_wconf 89' lang='lat' dir='ltr'><strong>persecutus</strong></span> <span class='ocrx_word' id='word_1_503' title='bbox 1105 4001 1330 4072; x_wconf 78' lang='lat' dir='ltr'><strong>fuerat,</strong></span> <span class='ocrx_word' id='word_1_504' title='bbox 1403 4003 1635 4060; x_wconf 77' lang='lat' dir='ltr'><strong>fatetur.</strong></span> <span class='ocrx_word' id='word_1_505' title='bbox 1709 4006 1961 4078; x_wconf 83' lang='lat' dir='ltr'><strong>Legerat</strong></span> <span class='ocrx_word' id='word_1_506' title='bbox 2019 4009 2171 4072; x_wconf 83' lang='lat'><strong>465</strong></span> 
     </span>
    </p>
   </div>
   <div class='ocr_carea' id='block_1_71' title="bbox 499 4089 2172 4166">
    <p class='ocr_par' dir='ltr' id='par_1_71' title="bbox 499 4089 2172 4166">
     <span class='ocr_line' id='line_1_72' title="bbox 499 4089 2172 4166; baseline 0.004 -22"><span class='ocrx_word' id='word_1_507' title='bbox 499 4089 703 4162; x_wconf 86' lang='lat' dir='ltr'><strong>utique</strong></span> <span class='ocrx_word' id='word_1_508' title='bbox 731 4089 1104 4144; x_wconf 87' lang='lat' dir='ltr'><strong>Salomonem</strong></span> <span class='ocrx_word' id='word_1_509' title='bbox 1133 4091 1268 4161; x_wconf 88' lang='lat' dir='ltr'><strong>plus</strong></span> <span class='ocrx_word' id='word_1_510' title='bbox 1304 4109 1479 4163; x_wconf 91' lang='lat' dir='ltr'><strong>quam</strong></span> <span class='ocrx_word' id='word_1_511' title='bbox 1512 4095 1688 4150; x_wconf 80' lang='lat' dir='ltr'><strong>Arius</strong></span> <span class='ocrx_word' id='word_1_512' title='bbox 1711 4137 1724 4163; x_wconf 92' lang='lat'><strong>,</strong></span> <span class='ocrx_word' id='word_1_513' title='bbox 1770 4100 1825 4149; x_wconf 87' lang='lat' dir='ltr'><strong>et</strong></span> <span class='ocrx_word' id='word_1_514' title='bbox 1855 4099 1981 4150; x_wconf 88' lang='lat' dir='ltr'><strong>erat</strong></span> <span class='ocrx_word' id='word_1_515' title='bbox 2011 4097 2172 4166; x_wconf 88' lang='lat' dir='ltr'><strong>peri-</strong></span> 
     </span>
    </p>
   </div>
   <div class='ocr_carea' id='block_1_72' title="bbox 501 4179 2176 4254">
    <p class='ocr_par' dir='ltr' id='par_1_72' title="bbox 501 4179 2176 4254">
     <span class='ocr_line' id='line_1_73' title="bbox 501 4179 2176 4254; baseline 0.004 -20"><span class='ocrx_word' id='word_1_516' title='bbox 501 4182 600 4234; x_wconf 89' lang='lat' dir='ltr'><strong>tus</strong></span> <span class='ocrx_word' id='word_1_517' title='bbox 630 4179 688 4233; x_wconf 91' lang='lat' dir='ltr'><strong>in</strong></span> <span class='ocrx_word' id='word_1_518' title='bbox 711 4179 866 4250; x_wconf 89' lang='lat' dir='ltr'><strong>lege;</strong></span> <span class='ocrx_word' id='word_1_519' title='bbox 890 4181 946 4232; x_wconf 91' lang='lat' dir='ltr'><strong>et</strong></span> <span class='ocrx_word' id='word_1_520' title='bbox 977 4179 1109 4234; x_wconf 91' lang='lat' dir='ltr'><strong>ideo</strong></span> <span class='ocrx_word' id='word_1_521' title='bbox 1131 4181 1270 4252; x_wconf 88' lang='lat' dir='ltr'><strong>quia</strong></span> <span class='ocrx_word' id='word_1_522' title='bbox 1293 4183 1538 4254; x_wconf 86' lang='lat' dir='ltr'><strong>legerat,</strong></span> <span class='ocrx_word' id='word_1_523' title='bbox 1558 4200 1672 4237; x_wconf 88' lang='lat' dir='ltr'><strong>non</strong></span> <span class='ocrx_word' id='word_1_524' title='bbox 1695 4189 1954 4240; x_wconf 87' lang='lat' dir='ltr'><strong>creatum</strong></span> <span class='ocrx_word' id='word_1_525' title='bbox 1974 4186 2176 4241; x_wconf 83' lang='lat' dir='ltr'><strong>Chris-</strong></span> 
     </span>
    </p>
   </div>
   <div class='ocr_carea' id='block_1_73' title="bbox 500 4268 2169 4346">
    <p class='ocr_par' dir='ltr' id='par_1_73' title="bbox 500 4268 2169 4346">
     <span class='ocr_line' id='line_1_74' title="bbox 500 4268 2169 4346; baseline 0.005 -23"><span class='ocrx_word' id='word_1_526' title='bbox 500 4271 623 4324; x_wconf 91' lang='lat' dir='ltr'><strong>tum</strong></span> <span class='ocrx_word' id='word_1_527' title='bbox 655 4268 796 4323; x_wconf 88' lang='lat' dir='ltr'><strong>dicit</strong></span> <span class='ocrx_word' id='word_1_528' title='bbox 823 4283 984 4332; x_wconf 88' lang='lat' dir='ltr'><strong>esse,</strong></span> <span class='ocrx_word' id='word_1_529' title='bbox 1018 4270 1123 4324; x_wconf 85' lang='lat' dir='ltr'><strong>sed</strong></span> <span class='ocrx_word' id='word_1_530' title='bbox 1139 4271 1424 4342; x_wconf 86' lang='lat' dir='ltr'><strong>genitum.</strong></span> <span class='ocrx_word' id='word_1_531' title='bbox 1460 4273 1712 4345; x_wconf 84' lang='lat' dir='ltr'><strong>Legerat</strong></span> <span class='ocrx_word' id='word_1_532' title='bbox 1741 4275 1894 4329; x_wconf 91' lang='lat' dir='ltr'><strong>enim</strong></span> <span class='ocrx_word' id='word_1_533' title='bbox 1931 4293 1942 4330; x_wconf 89' lang='lat'><strong>:</strong></span> <span class='ocrx_word' id='word_1_534' title='bbox 1987 4299 2006 4323; x_wconf 78' lang='grc' dir='ltr'>α</span> <span class='ocrx_word' id='word_1_535' title='bbox 2037 4276 2169 4346; x_wconf 88' lang='lat' dir='ltr'><strong>Ipse</strong></span> 
     </span>
    </p>
   </div>
   <div class='ocr_carea' id='block_1_74' title="bbox 501 4357 2169 4431">
    <p class='ocr_par' dir='ltr' id='par_1_74' title="bbox 501 4357 2169 4431">
     <span class='ocr_line' id='line_1_75' title="bbox 501 4357 2169 4431; baseline 0.004 -19"><span class='ocrx_word' id='word_1_536' title='bbox 501 4357 670 4426; x_wconf 84' lang='lat' dir='ltr'><strong>dixit,</strong></span> <span class='ocrx_word' id='word_1_537' title='bbox 713 4362 772 4414; x_wconf 87' lang='lat' dir='ltr'><strong>et</strong></span> <span class='ocrx_word' id='word_1_538' title='bbox 819 4357 970 4413; x_wconf 83' lang='lat' dir='ltr'><strong>facta</strong></span> <span class='ocrx_word' id='word_1_539' title='bbox 1023 4362 1161 4414; x_wconf 87' lang='lat' dir='ltr'><strong>sunt</strong></span> <span class='ocrx_word' id='word_1_540' title='bbox 1218 4375 1231 4414; x_wconf 90' lang='lat'>:</span> <span class='ocrx_word' id='word_1_541' title='bbox 1287 4360 1418 4430; x_wconf 88' lang='lat' dir='ltr'><strong>ipse</strong></span> <span class='ocrx_word' id='word_1_542' title='bbox 1478 4362 1812 4431; x_wconf 85' lang='lat' dir='ltr'><strong>mandavit,</strong></span> <span class='ocrx_word' id='word_1_543' title='bbox 1865 4368 1922 4418; x_wconf 90' lang='lat' dir='ltr'><strong>et</strong></span> <span class='ocrx_word' id='word_1_544' title='bbox 1974 4368 2169 4419; x_wconf 89' lang='lat' dir='ltr'><strong>creata</strong></span> 
     </span>
    </p>
   </div>
   <div class='ocr_carea' id='block_1_75' title="bbox 501 4447 2170 4524">
    <p class='ocr_par' dir='ltr' id='par_1_75' title="bbox 501 4447 2170 4524">
     <span class='ocr_line' id='line_1_76' title="bbox 501 4447 2170 4524; baseline 0.004 -22"><span class='ocrx_word' id='word_1_545' title='bbox 501 4452 643 4502; x_wconf 79' lang='lat' dir='ltr'><strong>sunt</strong></span> <span class='ocrx_word' id='word_1_546' title='bbox 679 4447 870 4520; x_wconf 87' lang='lat' dir='ltr'><strong>(Psal.</strong></span> <span class='ocrx_word' id='word_1_547' title='bbox 914 4464 1164 4518; x_wconf 71' lang='lat' dir='ltr'><strong>exnvxu,</strong></span> <span class='ocrx_word' id='word_1_548' title='bbox 1207 4449 1299 4519; x_wconf 80' lang='grc'><strong>5),</strong></span> <span class='ocrx_word' id='word_1_549' title='bbox 1357 4473 1378 4498; x_wconf 72' lang='grc' dir='ltr'><strong>ιν</strong></span> <span class='ocrx_word' id='word_1_550' title='bbox 1439 4450 1740 4524; x_wconf 89' lang='lat' dir='ltr'><strong>Numquid</strong></span> <span class='ocrx_word' id='word_1_551' title='bbox 1781 4453 1937 4508; x_wconf 91' lang='lat' dir='ltr'><strong>dicto</strong></span> <span class='ocrx_word' id='word_1_552' title='bbox 1979 4455 2170 4509; x_wconf 83' lang='lat' dir='ltr'><strong>factus</strong></span> 
     </span>
    </p>
   </div>
   <div class='ocr_carea' id='block_1_76' title="bbox 499 4537 2171 4610">
    <p class='ocr_par' dir='ltr' id='par_1_76' title="bbox 499 4537 2171 4610">
     <span class='ocr_line' id='line_1_77' title="bbox 499 4537 2171 4610; baseline 0.004 -18"><span class='ocrx_word' id='word_1_553' title='bbox 499 4539 593 4592; x_wconf 88' lang='lat' dir='ltr'><strong>est</strong></span> <span class='ocrx_word' id='word_1_554' title='bbox 620 4537 937 4594; x_wconf 83' lang='lat' dir='ltr'><strong>Christus?</strong></span> <span class='ocrx_word' id='word_1_555' title='bbox 967 4537 1250 4610; x_wconf 89' lang='lat' dir='ltr'><strong>numquid</strong></span> <span class='ocrx_word' id='word_1_556' title='bbox 1284 4539 1556 4596; x_wconf 88' lang='lat' dir='ltr'><strong>mandato</strong></span> <span class='ocrx_word' id='word_1_557' title='bbox 1597 4545 1832 4597; x_wconf 88' lang='lat' dir='ltr'><strong>creatus</strong></span> <span class='ocrx_word' id='word_1_558' title='bbox 1859 4546 1950 4598; x_wconf 90' lang='lat' dir='ltr'><strong>est</strong></span> <span class='ocrx_word' id='word_1_559' title='bbox 1967 4543 2171 4598; x_wconf 87' lang='lat' dir='ltr'><strong>Chris-</strong></span> 
     </span>
    </p>
   </div>
   <div class='ocr_carea' id='block_1_77' title="bbox 496 4627 644 4684">
    <p class='ocr_par' dir='ltr' id='par_1_77' title="bbox 496 4627 644 4684">
     <span class='ocr_line' id='line_1_78' title="bbox 496 4627 644 4684; baseline 0.007 -2"><span class='ocrx_word' id='word_1_560' title='bbox 496 4627 644 4684; x_wconf 86' lang='lat' dir='ltr'><strong>tus?</strong></span> 
     </span>
    </p>
   </div>
   <div class='ocr_carea' id='block_1_78' title="bbox 581 4732 2173 4812">
    <p class='ocr_par' dir='ltr' id='par_1_78' title="bbox 581 4732 2173 4812">
     <span class='ocr_line' id='line_1_79' title="bbox 581 4732 2173 4812; baseline 0.004 -24"><span class='ocrx_word' id='word_1_561' title='bbox 581 4732 703 4790; x_wconf 84' lang='grc'><strong>106.</strong></span> <span class='ocrx_word' id='word_1_562' title='bbox 744 4734 1050 4801; x_wconf 91' lang='lat' dir='ltr'><strong>Quomodo</strong></span> <span class='ocrx_word' id='word_1_563' title='bbox 1081 4741 1274 4792; x_wconf 89' lang='lat' dir='ltr'><strong>autem</strong></span> <span class='ocrx_word' id='word_1_564' title='bbox 1315 4741 1580 4794; x_wconf 88' lang='lat' dir='ltr'><strong>creatura</strong></span> <span class='ocrx_word' id='word_1_565' title='bbox 1625 4741 1686 4794; x_wconf 91' lang='lat' dir='ltr'><strong>in</strong></span> <span class='ocrx_word' id='word_1_566' title='bbox 1725 4740 1848 4796; x_wconf 90' lang='lat' dir='ltr'><strong>Deo</strong></span> <span class='ocrx_word' id='word_1_567' title='bbox 1896 4755 2034 4795; x_wconf 89' lang='lat' dir='ltr'><strong>esse</strong></span> <span class='ocrx_word' id='word_1_568' title='bbox 2063 4754 2173 4812; x_wconf 91' lang='lat' dir='ltr'><strong>po-</strong></span> 
     </span>
    </p>
   </div>
   <div class='ocr_carea' id='block_1_79' title="bbox 501 4825 2172 4902">
    <p class='ocr_par' dir='ltr' id='par_1_79' title="bbox 501 4825 2172 4902">
     <span class='ocr_line' id='line_1_80' title="bbox 501 4825 2172 4902; baseline 0.005 -26"><span class='ocrx_word' id='word_1_569' title='bbox 501 4825 666 4878; x_wconf 87' lang='lat' dir='ltr'><strong>test?</strong></span> <span class='ocrx_word' id='word_1_570' title='bbox 689 4825 917 4880; x_wconf 87' lang='lat' dir='ltr'><strong>Etenim</strong></span> <span class='ocrx_word' id='word_1_571' title='bbox 941 4827 1100 4882; x_wconf 92' lang='lat' dir='ltr'><strong>Deus</strong></span> <span class='ocrx_word' id='word_1_572' title='bbox 1124 4831 1348 4884; x_wconf 64' lang='lat' dir='ltr'><strong>naturae</strong></span> <span class='ocrx_word' id='word_1_573' title='bbox 1384 4829 1674 4901; x_wconf 91' lang='lat' dir='ltr'><strong>simplicis</strong></span> <span class='ocrx_word' id='word_1_574' title='bbox 1715 4833 1826 4902; x_wconf 87' lang='lat' dir='ltr'><strong>est,</strong></span> <span class='ocrx_word' id='word_1_575' title='bbox 1871 4845 1987 4886; x_wconf 91' lang='lat' dir='ltr'><strong>non</strong></span> <span class='ocrx_word' id='word_1_576' title='bbox 2024 4845 2172 4884; x_wconf 88' lang='lat' dir='ltr'><strong>con-</strong></span> 
     </span>
    </p>
   </div>
   <div class='ocr_carea' id='block_1_80' title="bbox 499 4911 2168 4990">
    <p class='ocr_par' dir='ltr' id='par_1_80' title="bbox 499 4911 2168 4990">
     <span class='ocr_line' id='line_1_81' title="bbox 499 4911 2168 4990; baseline 0.003 -24"><span class='ocrx_word' id='word_1_577' title='bbox 499 4911 724 4984; x_wconf 65' lang='lat' dir='ltr'><strong>juncta:</strong></span> <span class='ocrx_word' id='word_1_578' title='bbox 763 4917 937 4986; x_wconf 91' lang='lat' dir='ltr'><strong>atque</strong></span> <span class='ocrx_word' id='word_1_579' title='bbox 987 4917 1330 4986; x_wconf 71' lang='lat' dir='ltr'><strong>compositae</strong></span> <span class='ocrx_word' id='word_1_580' title='bbox 1372 4934 1384 4972; x_wconf 91' lang='lat'><strong>:</strong></span> <span class='ocrx_word' id='word_1_581' title='bbox 1423 4918 1517 4974; x_wconf 92' lang='lat' dir='ltr'><strong>cui</strong></span> <span class='ocrx_word' id='word_1_582' title='bbox 1557 4918 1702 4974; x_wconf 90' lang='lat' dir='ltr'><strong>nihil</strong></span> <span class='ocrx_word' id='word_1_583' title='bbox 1747 4920 1989 4975; x_wconf 89' lang='lat' dir='ltr'><strong>accedat</strong></span> <span class='ocrx_word' id='word_1_584' title='bbox 2033 4918 2168 4990; x_wconf 81' lang='lat'><strong>(5&#39;1),</strong></span> 
     </span>
    </p>
   </div>
   <div class='ocr_carea' id='block_1_81' title="bbox 503 5002 2165 5076">
    <p class='ocr_par' dir='ltr' id='par_1_81' title="bbox 503 5002 2165 5076">
     <span class='ocr_line' id='line_1_82' title="bbox 503 5002 2165 5076; baseline 0.004 -20"><span class='ocrx_word' id='word_1_585' title='bbox 503 5002 613 5058; x_wconf 91' lang='lat' dir='ltr'><strong>sed</strong></span> <span class='ocrx_word' id='word_1_586' title='bbox 631 5002 825 5057; x_wconf 91' lang='lat' dir='ltr'><strong>solum</strong></span> <span class='ocrx_word' id='word_1_587' title='bbox 847 5004 1004 5076; x_wconf 89' lang='lat' dir='ltr'><strong>quod</strong></span> <span class='ocrx_word' id='word_1_588' title='bbox 1045 5005 1323 5074; x_wconf 86' lang='lat' dir='ltr'><strong>divinum</strong></span> <span class='ocrx_word' id='word_1_589' title='bbox 1345 5011 1439 5060; x_wconf 90' lang='lat' dir='ltr'><strong>est</strong></span> <span class='ocrx_word' id='word_1_590' title='bbox 1460 5005 1517 5062; x_wconf 92' lang='lat' dir='ltr'><strong>in</strong></span> <span class='ocrx_word' id='word_1_591' title='bbox 1541 5011 1746 5064; x_wconf 88' lang='lat' dir='ltr'><strong>nature</strong></span> <span class='ocrx_word' id='word_1_592' title='bbox 1776 5008 1988 5064; x_wconf 84' lang='lat' dir='ltr'><strong>habent</strong></span> <span class='ocrx_word' id='word_1_593' title='bbox 2028 5024 2165 5063; x_wconf 90' lang='lat' dir='ltr'><strong>sua:</strong></span> 
     </span>
    </p>
   </div>
   <div class='ocr_carea' id='block_1_82' title="bbox 505 5091 2171 5169">
    <p class='ocr_par' dir='ltr' id='par_1_82' title="bbox 505 5091 2171 5169">
     <span class='ocr_line' id='line_1_83' title="bbox 505 5091 2171 5169; baseline 0.004 -23"><span class='ocrx_word' id='word_1_594' title='bbox 505 5091 813 5163; x_wconf 80' lang='lat' dir='ltr'><strong>complens</strong></span> <span class='ocrx_word' id='word_1_595' title='bbox 853 5094 1067 5163; x_wconf 93' lang='lat' dir='ltr'><strong>omnia,</strong></span> <span class='ocrx_word' id='word_1_596' title='bbox 1119 5111 1412 5167; x_wconf 88' lang='lat' dir='ltr'><strong>nusquam</strong></span> <span class='ocrx_word' id='word_1_597' title='bbox 1445 5098 1574 5168; x_wconf 85' lang='lat' dir='ltr'><strong>ipse</strong></span> <span class='ocrx_word' id='word_1_598' title='bbox 1608 5097 1896 5153; x_wconf 80' lang='lat' dir='ltr'><strong>confusus</strong></span> <span class='ocrx_word' id='word_1_599' title='bbox 1932 5114 1944 5152; x_wconf 88' lang='lat'>:</span> <span class='ocrx_word' id='word_1_600' title='bbox 1987 5113 2171 5169; x_wconf 87' lang='lat' dir='ltr'><strong>pene-</strong></span> 
     </span>
    </p>
   </div>
   <div class='ocr_carea' id='block_1_83' title="bbox 1719 5242 2170 5297">
    <p class='ocr_par' dir='ltr' id='par_1_83' title="bbox 1719 5242 2170 5297">
     <span class='ocr_line' id='line_1_84' title="bbox 1719 5242 2170 5297; baseline 0.002 -1"><span class='ocrx_word' id='word_1_601' title='bbox 1719 5243 1812 5297; x_wconf 89' lang='lat' dir='ltr'><strong>cui</strong></span> <span class='ocrx_word' id='word_1_602' title='bbox 1845 5242 1986 5297; x_wconf 89' lang='lat' dir='ltr'><strong>nihil</strong></span> <span class='ocrx_word' id='word_1_603' title='bbox 2010 5243 2170 5297; x_wconf 88' lang='lat' dir='ltr'><strong>acci-</strong></span> 
     </span>
    </p>
   </div>
   <div class='ocr_carea' id='block_1_84' title="bbox 505 5308 2172 5379">
    <p class='ocr_par' dir='ltr' id='par_1_84' title="bbox 505 5308 2172 5379">
     <span class='ocr_line' id='line_1_85' title="bbox 505 5308 2172 5379; baseline 0.005 -16"><span class='ocrx_word' id='word_1_604' title='bbox 505 5308 620 5363; x_wconf 89' lang='lat' dir='ltr'><strong>dit:</strong></span> <span class='ocrx_word' id='word_1_605' title='bbox 648 5329 669 5358; x_wconf 72' lang='grc' dir='ltr'><strong><em>ι</em></strong></span> <span class='ocrx_word' id='word_1_606' title='bbox 701 5308 870 5363; x_wconf 80' lang='lat' dir='ltr'><strong>Rom.</strong></span> <span class='ocrx_word' id='word_1_607' title='bbox 892 5309 1029 5363; x_wconf 89' lang='lat' dir='ltr'><strong>edit.</strong></span> <span class='ocrx_word' id='word_1_608' title='bbox 1055 5313 1112 5364; x_wconf 89' lang='lat' dir='ltr'><strong>et</strong></span> <span class='ocrx_word' id='word_1_609' title='bbox 1131 5311 1228 5364; x_wconf 88' lang='lat' dir='ltr'><strong>alii</strong></span> <span class='ocrx_word' id='word_1_610' title='bbox 1251 5328 1396 5367; x_wconf 85' lang='lat' dir='ltr'><strong>mss.</strong></span> <span class='ocrx_word' id='word_1_611' title='bbox 1421 5308 1958 5379; x_wconf 85' lang='lat' dir='ltr'><strong>numerosiores....</strong></span> <span class='ocrx_word' id='word_1_612' title='bbox 2002 5331 2172 5371; x_wconf 84' lang='lat' dir='ltr'><strong>accc-</strong></span> 
     </span>
    </p>
   </div>
   <div class='ocr_carea' id='block_1_85' title="bbox 503 5379 2168 5441">
    <p class='ocr_par' dir='ltr' id='par_1_85' title="bbox 503 5379 2168 5441">
     <span class='ocr_line' id='line_1_86' title="bbox 503 5379 2168 5441; baseline 0.004 -7"><span class='ocrx_word' id='word_1_613' title='bbox 503 5380 624 5439; x_wconf 81' lang='lat' dir='ltr'><strong>dal.</strong></span> <span class='ocrx_word' id='word_1_614' title='bbox 653 5379 722 5434; x_wconf 79' lang='lat' dir='ltr'><strong>Et</strong></span> <span class='ocrx_word' id='word_1_615' title='bbox 745 5380 896 5434; x_wconf 71' lang='lat' dir='ltr'><strong>intra</strong></span> <span class='ocrx_word' id='word_1_616' title='bbox 922 5381 1022 5434; x_wconf 90' lang='lat' dir='ltr'><strong>ubi</strong></span> <span class='ocrx_word' id='word_1_617' title='bbox 1044 5397 1156 5436; x_wconf 86' lang='lat' dir='ltr'><strong>nos</strong></span> <span class='ocrx_word' id='word_1_618' title='bbox 1176 5399 1309 5436; x_wconf 90' lang='lat' dir='ltr'><strong>cum</strong></span> <span class='ocrx_word' id='word_1_619' title='bbox 1331 5384 1536 5438; x_wconf 88' lang='lat' dir='ltr'><strong>eadem</strong></span> <span class='ocrx_word' id='word_1_620' title='bbox 1561 5386 1729 5440; x_wconf 78' lang='lat' dir='ltr'><strong>Rom.</strong></span> <span class='ocrx_word' id='word_1_621' title='bbox 1755 5387 1892 5440; x_wconf 88' lang='lat' dir='ltr'><strong>edit.</strong></span> <span class='ocrx_word' id='word_1_622' title='bbox 1927 5403 1997 5440; x_wconf 90' lang='lat' dir='ltr'><strong>ac</strong></span> <span class='ocrx_word' id='word_1_623' title='bbox 2021 5401 2168 5441; x_wconf 85' lang='lat' dir='ltr'><strong>mss.</strong></span> 
     </span>
    </p>
   </div>
   <div class='ocr_carea' id='block_1_86' title="bbox 501 5451 2174 5525">
    <p class='ocr_par' dir='ltr' id='par_1_86' title="bbox 501 5451 2174 5525">
     <span class='ocr_line' id='line_1_87' title="bbox 501 5451 2174 5525; baseline 0.004 -19"><span class='ocrx_word' id='word_1_624' title='bbox 501 5451 796 5525; x_wconf 74' lang='lat' dir='ltr'><strong>pluribus,</strong></span> <span class='ocrx_word' id='word_1_625' title='bbox 853 5473 873 5501; x_wconf 79' lang='grc' dir='ltr'>ι</span> <span class='ocrx_word' id='word_1_626' title='bbox 919 5451 1050 5525; x_wconf 63' lang='lat' dir='ltr'><strong>fatu</strong></span> <span class='ocrx_word' id='word_1_627' title='bbox 1101 5453 1582 5525; x_wconf 89' lang='lat' dir='ltr'><strong>interpretabilis,</strong></span> <span class='ocrx_word' id='word_1_628' title='bbox 1621 5477 1642 5504; x_wconf 75' lang='grc' dir='ltr'><strong>ιι</strong></span> <span class='ocrx_word' id='word_1_629' title='bbox 1677 5460 1775 5510; x_wconf 91' lang='lat' dir='ltr'><strong>aut</strong></span> <span class='ocrx_word' id='word_1_630' title='bbox 1810 5457 1992 5512; x_wconf 80' lang='lat' dir='ltr'><strong>all&#39;atu</strong></span> <span class='ocrx_word' id='word_1_631' title='bbox 2025 5460 2083 5512; x_wconf 90' lang='lat' dir='ltr'><strong>ut</strong></span> <span class='ocrx_word' id='word_1_632' title='bbox 2115 5458 2174 5513; x_wconf 92' lang='lat' dir='ltr'><strong>in</strong></span> 
     </span>
    </p>
   </div>
   <div class='ocr_carea' id='block_1_87' title="bbox 503 5523 2177 5594">
    <p class='ocr_par' dir='ltr' id='par_1_87' title="bbox 503 5523 2177 5594">
     <span class='ocr_line' id='line_1_88' title="bbox 503 5523 2177 5594; baseline 0.005 -17"><span class='ocrx_word' id='word_1_633' title='bbox 503 5539 653 5578; x_wconf 88' lang='lat' dir='ltr'><strong>mss.</strong></span> <span class='ocrx_word' id='word_1_634' title='bbox 677 5523 1056 5594; x_wconf 88' lang='lat' dir='ltr'><strong>quibusdam,</strong></span> <span class='ocrx_word' id='word_1_635' title='bbox 1091 5523 1294 5580; x_wconf 73' lang='lat' dir='ltr'><strong>caeteri</strong></span> <span class='ocrx_word' id='word_1_636' title='bbox 1324 5542 1472 5580; x_wconf 87' lang='lat' dir='ltr'><strong>mss.</strong></span> <span class='ocrx_word' id='word_1_637' title='bbox 1506 5523 1746 5592; x_wconf 84' lang='lat' dir='ltr'><strong>etedit.,</strong></span> <span class='ocrx_word' id='word_1_638' title='bbox 1775 5551 1798 5576; x_wconf 79' lang='grc' dir='ltr'>ιι</span> <span class='ocrx_word' id='word_1_639' title='bbox 1825 5528 1982 5585; x_wconf 83' lang='lat' dir='ltr'><strong>factu</strong></span> <span class='ocrx_word' id='word_1_640' title='bbox 2006 5530 2177 5585; x_wconf 88' lang='lat' dir='ltr'><strong>inter-</strong></span> 
     </span>
    </p>
   </div>
   <div class='ocr_carea' id='block_1_88' title="bbox 494 5595 2174 5719">
    <p class='ocr_par' dir='ltr' id='par_1_88' title="bbox 494 5595 2174 5719">
     <span class='ocr_line' id='line_1_89' title="bbox 494 5595 2174 5719; baseline 0.005 -71"><span class='ocrx_word' id='word_1_641' title='bbox 494 5595 834 5719; x_wconf 55' lang='lat' dir='ltr'><strong>Pretabilis.</strong></span> <span class='ocrx_word' id='word_1_642' title='bbox 891 5619 912 5644; x_wconf 76' lang='grc' dir='ltr'><strong>η</strong></span> <span class='ocrx_word' id='word_1_643' title='bbox 961 5595 1095 5651; x_wconf 91' lang='lat' dir='ltr'><strong>Non</strong></span> <span class='ocrx_word' id='word_1_644' title='bbox 1145 5596 1386 5651; x_wconf 90' lang='lat' dir='ltr'><strong>omnino</strong></span> <span class='ocrx_word' id='word_1_645' title='bbox 1419 5596 1590 5668; x_wconf 89' lang='lat' dir='ltr'><strong>male,</strong></span> <span class='ocrx_word' id='word_1_646' title='bbox 1623 5598 1675 5652; x_wconf 90' lang='lat' dir='ltr'><strong>si</strong></span> <span class='ocrx_word' id='word_1_647' title='bbox 1708 5598 1868 5654; x_wconf 75' lang='lat' dir='ltr'><strong>factu</strong></span> <span class='ocrx_word' id='word_1_648' title='bbox 1917 5601 2174 5671; x_wconf 91' lang='lat' dir='ltr'><strong>positum</strong></span> 
     </span>
     <span class='ocr_line' id='line_1_90' title="bbox 531 5665 2174 5719; baseline 0 0"><span class='ocrx_word' id='word_1_649' title='bbox 531 5666 680 5719; x_wconf 89' lang='lat' dir='ltr'><strong>uerit</strong></span> <span class='ocrx_word' id='word_1_650' title='bbox 707 5682 815 5719; x_wconf 77' lang='lat' dir='ltr'><strong>pro</strong></span> <span class='ocrx_word' id='word_1_651' title='bbox 848 5665 1002 5719; x_wconf 79' lang='lat' dir='ltr'><strong>facto</strong></span> <span class='ocrx_word' id='word_1_652' title='bbox 1033 5667 1162 5719; x_wconf 90' lang='lat' dir='ltr'><strong>sive</strong></span> <span class='ocrx_word' id='word_1_653' title='bbox 1195 5669 1557 5719; x_wconf 86' lang='lat' dir='ltr'><strong>oneratione.</strong></span> <span class='ocrx_word' id='word_1_654' title='bbox 1582 5669 1737 5719; x_wconf 83' lang='lat' dir='ltr'><strong>unde</strong></span> <span class='ocrx_word' id='word_1_655' title='bbox 1772 5671 1954 5719; x_wconf 85' lang='lat' dir='ltr'><strong>Deum</strong></span> <span class='ocrx_word' id='word_1_656' title='bbox 1990 5671 2174 5719; x_wconf 74' lang='lat' dir='ltr'><strong>inter-</strong></span> 
     </span>
    </p>
   </div>
   <div class='ocr_carea' id='block_1_89' title="bbox 531 5665 2174 5740">
    <p class='ocr_par' dir='ltr' id='par_1_89' title="bbox 531 5665 2174 5740">
     <span class='ocr_line' id='line_1_91' title="bbox 531 5665 2174 5740; baseline 0.005 -22"><span class='ocrx_word' id='word_1_657' title='bbox 531 5666 680 5740; x_wconf 89' lang='lat' dir='ltr'><strong>uerit</strong></span> <span class='ocrx_word' id='word_1_658' title='bbox 707 5682 815 5736; x_wconf 90' lang='lat' dir='ltr'><strong>pro</strong></span> <span class='ocrx_word' id='word_1_659' title='bbox 848 5665 1002 5722; x_wconf 81' lang='lat' dir='ltr'><strong>facto</strong></span> <span class='ocrx_word' id='word_1_660' title='bbox 1033 5667 1162 5722; x_wconf 90' lang='lat' dir='ltr'><strong>sive</strong></span> <span class='ocrx_word' id='word_1_661' title='bbox 1195 5665 1737 5740; x_wconf 52' lang='lat' dir='ltr'><strong>operatione,&#39;unde</strong></span> <span class='ocrx_word' id='word_1_662' title='bbox 1772 5665 1955 5726; x_wconf 82' lang='lat' dir='ltr'><strong>Deum</strong></span> <span class='ocrx_word' id='word_1_663' title='bbox 1989 5671 2174 5726; x_wconf 89' lang='lat' dir='ltr'><strong>inter-</strong></span> 
     </span>
    </p>
   </div>
   <div class='ocr_carea' id='block_1_90' title="bbox 511 5738 1483 5812">
    <p class='ocr_par' dir='ltr' id='par_1_90' title="bbox 511 5738 1483 5812">
     <span class='ocr_line' id='line_1_92' title="bbox 511 5738 1483 5812; baseline 0.006 -24"><span class='ocrx_word' id='word_1_664' title='bbox 511 5739 811 5812; x_wconf 88' lang='lat' dir='ltr'><strong>pretamur</strong></span> <span class='ocrx_word' id='word_1_665' title='bbox 829 5740 1004 5809; x_wconf 90' lang='lat' dir='ltr'><strong>atque</strong></span> <span class='ocrx_word' id='word_1_666' title='bbox 1035 5738 1483 5810; x_wconf 89' lang='lat' dir='ltr'><strong>cognoscimus.</strong></span> 
     </span>
    </p>
   </div>
   <div class='ocr_carea' id='block_1_91' title="bbox 573 5235 1676 5309">
    <p class='ocr_par' dir='ltr' id='par_1_91' title="bbox 573 5235 1676 5309">
     <span class='ocr_line' id='line_1_93' title="bbox 573 5235 1676 5309; baseline -0.001 -18"><span class='ocrx_word' id='word_1_667' title='bbox 573 5235 846 5309; x_wconf 14' lang='lat' dir='ltr'><strong>(57)7Vet.</strong></span> <span class='ocrx_word' id='word_1_668' title='bbox 873 5237 1011 5292; x_wconf 90' lang='lat' dir='ltr'><strong>edit.</strong></span> <span class='ocrx_word' id='word_1_669' title='bbox 1045 5253 1114 5292; x_wconf 88' lang='lat' dir='ltr'><strong>ac</strong></span> <span class='ocrx_word' id='word_1_670' title='bbox 1143 5254 1291 5294; x_wconf 90' lang='lat' dir='ltr'><strong>mss.</strong></span> <span class='ocrx_word' id='word_1_671' title='bbox 1329 5241 1616 5309; x_wconf 90' lang='lat' dir='ltr'><strong>nonnulli,</strong></span> <span class='ocrx_word' id='word_1_672' title='bbox 1656 5263 1676 5290; x_wconf 75' lang='grc' dir='ltr'><strong><em>α</em></strong></span> 
     </span>
    </p>
   </div>
   <div class='ocr_carea' id='block_1_92' title="bbox 2287 3367 3920 3440">
    <p class='ocr_par' dir='ltr' id='par_1_92' title="bbox 2287 3367 3920 3440">
     <span class='ocr_line' id='line_1_94' title="bbox 2287 3367 3920 3440; baseline -0.006 -16"><span class='ocrx_word' id='word_1_673' title='bbox 2287 3383 2402 3440; x_wconf 90' lang='lat' dir='ltr'><strong>que</strong></span> <span class='ocrx_word' id='word_1_674' title='bbox 2434 3367 2764 3424; x_wconf 89' lang='lat' dir='ltr'><strong>secundum</strong></span> <span class='ocrx_word' id='word_1_675' title='bbox 2803 3383 3061 3424; x_wconf 87' lang='lat' dir='ltr'><strong>carnem.</strong></span> <span class='ocrx_word' id='word_1_676' title='bbox 3110 3369 3456 3440; x_wconf 88' lang='lat' dir='ltr'><strong>Proprietas</strong></span> <span class='ocrx_word' id='word_1_677' title='bbox 3501 3367 3808 3424; x_wconf 87' lang='lat' dir='ltr'><strong>divinitatis</strong></span> <span class='ocrx_word' id='word_1_678' title='bbox 3834 3367 3920 3432; x_wconf 84' lang='lat' dir='ltr'><strong>est,</strong></span> 
     </span>
    </p>
   </div>
   <div class='ocr_carea' id='block_1_93' title="bbox 2285 3453 3923 3530">
    <p class='ocr_par' dir='ltr' id='par_1_93' title="bbox 2285 3453 3923 3530">
     <span class='ocr_line' id='line_1_95' title="bbox 2285 3453 3923 3530; baseline -0.004 -18"><span class='ocrx_word' id='word_1_679' title='bbox 2285 3457 2510 3513; x_wconf 86' lang='lat' dir='ltr'><strong>veritas</strong></span> <span class='ocrx_word' id='word_1_680' title='bbox 2557 3456 2958 3529; x_wconf 87' lang='lat' dir='ltr'><strong>proprietatis,</strong></span> <span class='ocrx_word' id='word_1_681' title='bbox 3003 3457 3420 3513; x_wconf 88' lang='lat' dir='ltr'><strong>misericordia</strong></span> <span class='ocrx_word' id='word_1_682' title='bbox 3462 3457 3713 3530; x_wconf 88' lang='lat' dir='ltr'><strong>pietatis,</strong></span> <span class='ocrx_word' id='word_1_683' title='bbox 3745 3453 3923 3512; x_wconf 85' lang='lat' dir='ltr'><strong>oblatio</strong></span> 
     </span>
    </p>
   </div>
   <div class='ocr_carea' id='block_1_94' title="bbox 2289 3547 2651 3602">
    <p class='ocr_par' dir='ltr' id='par_1_94' title="bbox 2289 3547 2651 3602">
     <span class='ocr_line' id='line_1_96' title="bbox 2289 3547 2651 3602; baseline 0 0"><span class='ocrx_word' id='word_1_684' title='bbox 2289 3547 2651 3602; x_wconf 89' lang='lat' dir='ltr'><strong>securitatis.</strong></span> 
     </span>
    </p>
   </div>
   <div class='ocr_carea' id='block_1_95' title="bbox 2357 3651 3918 3726">
    <p class='ocr_par' dir='ltr' id='par_1_95' title="bbox 2357 3651 3918 3726">
     <span class='ocr_line' id='line_1_97' title="bbox 2357 3651 3918 3726; baseline -0.007 -15"><span class='ocrx_word' id='word_1_685' title='bbox 2357 3653 2480 3710; x_wconf 85' lang='grc'><strong>109.</strong></span> <span class='ocrx_word' id='word_1_686' title='bbox 2513 3653 2629 3710; x_wconf 86' lang='lat' dir='ltr'><strong>Sed</strong></span> <span class='ocrx_word' id='word_1_687' title='bbox 2668 3669 2742 3710; x_wconf 90' lang='lat' dir='ltr'><strong>ne</strong></span> <span class='ocrx_word' id='word_1_688' title='bbox 2775 3653 3292 3723; x_wconf 87' lang='lat' dir='ltr'><strong>calumniarentur,</strong></span> <span class='ocrx_word' id='word_1_689' title='bbox 3341 3655 3484 3726; x_wconf 87' lang='lat' dir='ltr'><strong>quia</strong></span> <span class='ocrx_word' id='word_1_690' title='bbox 3517 3653 3787 3726; x_wconf 89' lang='lat' dir='ltr'><strong>scriptum</strong></span> <span class='ocrx_word' id='word_1_691' title='bbox 3815 3651 3918 3704; x_wconf 87' lang='lat' dir='ltr'><strong>est:</strong></span> 
     </span>
    </p>
   </div>
   <div class='ocr_carea' id='block_1_96' title="bbox 2289 3734 3918 3815">
    <p class='ocr_par' dir='ltr' id='par_1_96' title="bbox 2289 3734 3918 3815">
     <span class='ocr_line' id='line_1_98' title="bbox 2289 3734 3918 3815; baseline -0.007 -16"><span class='ocrx_word' id='word_1_692' title='bbox 2289 3767 2310 3792; x_wconf 79' lang='grc' dir='ltr'><strong><em>α</em></strong></span> <span class='ocrx_word' id='word_1_693' title='bbox 2345 3743 2608 3798; x_wconf 85' lang='lat' dir='ltr'><strong>Tradidit</strong></span> <span class='ocrx_word' id='word_1_694' title='bbox 2639 3758 2774 3798; x_wconf 90' lang='lat' dir='ltr'><strong>cum</strong></span> <span class='ocrx_word' id='word_1_695' title='bbox 2803 3743 2982 3797; x_wconf 88' lang='lat' dir='ltr'><strong>Pater</strong></span> <span class='ocrx_word' id='word_1_696' title='bbox 3009 3741 3248 3814; x_wconf 57' lang='lat' dir='ltr'><strong>(Ibid);</strong></span> <span class='ocrx_word' id='word_1_697' title='bbox 3285 3763 3307 3792; x_wconf 68' lang='lat' dir='ltr'><strong>in</strong></span> <span class='ocrx_word' id='word_1_698' title='bbox 3331 3743 3470 3814; x_wconf 89' lang='lat' dir='ltr'><strong>ipse</strong></span> <span class='ocrx_word' id='word_1_699' title='bbox 3485 3741 3790 3815; x_wconf 83' lang='lat' dir='ltr'><strong>Apostolus</strong></span> <span class='ocrx_word' id='word_1_700' title='bbox 3808 3734 3918 3792; x_wconf 87' lang='lat' dir='ltr'><strong>alibi</strong></span> 
     </span>
    </p>
   </div>
   <div class='ocr_carea' id='block_1_97' title="bbox 2284 3828 3917 3900">
    <p class='ocr_par' dir='ltr' id='par_1_97' title="bbox 2284 3828 3917 3900">
     <span class='ocr_line' id='line_1_99' title="bbox 2284 3828 3917 3900; baseline -0.007 -11"><span class='ocrx_word' id='word_1_701' title='bbox 2284 3832 2432 3889; x_wconf 84' lang='lat' dir='ltr'><strong>dixit</strong></span> <span class='ocrx_word' id='word_1_702' title='bbox 2464 3849 2476 3887; x_wconf 92' lang='lat'>:</span> <span class='ocrx_word' id='word_1_703' title='bbox 2513 3853 2535 3882; x_wconf 71' lang='grc' dir='ltr'><strong>α</strong></span> <span class='ocrx_word' id='word_1_704' title='bbox 2574 3832 2695 3886; x_wconf 84' lang='lat' dir='ltr'><strong>Pax</strong></span> <span class='ocrx_word' id='word_1_705' title='bbox 2725 3848 2757 3885; x_wconf 90' lang='lat' dir='ltr'><strong>a</strong></span> <span class='ocrx_word' id='word_1_706' title='bbox 2791 3831 2914 3887; x_wconf 92' lang='lat' dir='ltr'><strong>Deo</strong></span> <span class='ocrx_word' id='word_1_707' title='bbox 2945 3831 3138 3900; x_wconf 89' lang='lat' dir='ltr'><strong>Patre,</strong></span> <span class='ocrx_word' id='word_1_708' title='bbox 3192 3835 3249 3886; x_wconf 91' lang='lat' dir='ltr'><strong>et</strong></span> <span class='ocrx_word' id='word_1_709' title='bbox 3291 3832 3545 3887; x_wconf 88' lang='lat' dir='ltr'><strong>Domino</strong></span> <span class='ocrx_word' id='word_1_710' title='bbox 3576 3834 3774 3888; x_wconf 90' lang='lat' dir='ltr'><strong>nostro</strong></span> <span class='ocrx_word' id='word_1_711' title='bbox 3802 3828 3917 3882; x_wconf 77' lang='lat' dir='ltr'><strong>Jesu</strong></span> 
     </span>
    </p>
   </div>
   <div class='ocr_carea' id='block_1_98' title="bbox 2283 3920 3917 3992">
    <p class='ocr_par' dir='ltr' id='par_1_98' title="bbox 2283 3920 3917 3992">
     <span class='ocr_line' id='line_1_100' title="bbox 2283 3920 3917 3992; baseline -0.004 -14"><span class='ocrx_word' id='word_1_712' title='bbox 2283 3922 2542 3992; x_wconf 88' lang='lat' dir='ltr'><strong>Christo,</strong></span> <span class='ocrx_word' id='word_1_713' title='bbox 2573 3921 2675 3992; x_wconf 92' lang='lat' dir='ltr'><strong>qui</strong></span> <span class='ocrx_word' id='word_1_714' title='bbox 2705 3936 2772 3976; x_wconf 93' lang='lat' dir='ltr'><strong>se</strong></span> <span class='ocrx_word' id='word_1_715' title='bbox 2795 3920 2957 3975; x_wconf 91' lang='lat' dir='ltr'><strong>dedit</strong></span> <span class='ocrx_word' id='word_1_716' title='bbox 2983 3936 3092 3990; x_wconf 89' lang='lat' dir='ltr'><strong>pro</strong></span> <span class='ocrx_word' id='word_1_717' title='bbox 3123 3921 3392 3990; x_wconf 90' lang='lat' dir='ltr'><strong>peccatis</strong></span> <span class='ocrx_word' id='word_1_718' title='bbox 3426 3921 3650 3977; x_wconf 90' lang='lat' dir='ltr'><strong>nostris</strong></span> <span class='ocrx_word' id='word_1_719' title='bbox 3672 3920 3868 3988; x_wconf 72' lang='lat' dir='ltr'><strong>(Gs/at.</strong></span> <span class='ocrx_word' id='word_1_720' title='bbox 3887 3930 3917 3971; x_wconf 81' lang='grc' dir='ltr'><strong>ι,</strong></span> 
     </span>
    </p>
   </div>
   <div class='ocr_carea' id='block_1_99' title="bbox 2281 4007 3918 4082">
    <p class='ocr_par' dir='ltr' id='par_1_99' title="bbox 2281 4007 3918 4082">
     <span class='ocr_line' id='line_1_101' title="bbox 2281 4007 3918 4082; baseline -0.007 -17"><span class='ocrx_word' id='word_1_721' title='bbox 2281 4010 2338 4082; x_wconf 83' lang='grc'>3,</span> <span class='ocrx_word' id='word_1_722' title='bbox 2371 4010 2470 4081; x_wconf 77' lang='grc'>4).,</span> <span class='ocrx_word' id='word_1_723' title='bbox 2517 4031 2540 4060; x_wconf 69' lang='grc' dir='ltr'><strong>ι</strong></span> <span class='ocrx_word' id='word_1_724' title='bbox 2575 4013 2633 4064; x_wconf 90' lang='lat' dir='ltr'><strong>et</strong></span> <span class='ocrx_word' id='word_1_725' title='bbox 2671 4009 2814 4064; x_wconf 91' lang='lat' dir='ltr'><strong>alibi</strong></span> <span class='ocrx_word' id='word_1_726' title='bbox 2847 4025 2860 4065; x_wconf 88' lang='lat'><strong>:</strong></span> <span class='ocrx_word' id='word_1_727' title='bbox 2898 4033 2920 4056; x_wconf 76' lang='grc' dir='ltr'>α</span> <span class='ocrx_word' id='word_1_728' title='bbox 2956 4008 3135 4081; x_wconf 43' lang='grc' dir='ltr'><strong>ζείουι</strong></span> <span class='ocrx_word' id='word_1_729' title='bbox 3167 4007 3449 4064; x_wconf 87' lang='lat' dir='ltr'><strong>Christus</strong></span> <span class='ocrx_word' id='word_1_730' title='bbox 3499 4010 3700 4065; x_wconf 81' lang='lat' dir='ltr'><strong>dilexit</strong></span> <span class='ocrx_word' id='word_1_731' title='bbox 3735 4021 3849 4068; x_wconf 87' lang='lat' dir='ltr'><strong>nos,</strong></span> <span class='ocrx_word' id='word_1_732' title='bbox 3875 4007 3918 4056; x_wconf 84' lang='lat' dir='ltr'><strong>et</strong></span> 
     </span>
    </p>
   </div>
   <div class='ocr_carea' id='block_1_100' title="bbox 2282 4095 3912 4171">
    <p class='ocr_par' dir='ltr' id='par_1_100' title="bbox 2282 4095 3912 4171">
     <span class='ocr_line' id='line_1_102' title="bbox 2282 4095 3912 4171; baseline -0.006 -17"><span class='ocrx_word' id='word_1_733' title='bbox 2282 4098 2518 4154; x_wconf 89' lang='lat' dir='ltr'><strong>tradidit</strong></span> <span class='ocrx_word' id='word_1_734' title='bbox 2555 4098 2944 4169; x_wconf 90' lang='lat' dir='ltr'><strong>semetipsum</strong></span> <span class='ocrx_word' id='word_1_735' title='bbox 2977 4114 3084 4170; x_wconf 88' lang='lat' dir='ltr'><strong>pro</strong></span> <span class='ocrx_word' id='word_1_736' title='bbox 3114 4098 3290 4154; x_wconf 88' lang='lat' dir='ltr'><strong>nobis</strong></span> <span class='ocrx_word' id='word_1_737' title='bbox 3319 4098 3437 4168; x_wconf 82' lang='lat'><strong>(60)</strong></span> <span class='ocrx_word' id='word_1_738' title='bbox 3470 4099 3712 4171; x_wconf 78' lang='lat' dir='ltr'><strong>(Ephes.</strong></span> <span class='ocrx_word' id='word_1_739' title='bbox 3734 4113 3784 4157; x_wconf 78' lang='grc' dir='ltr'>ν,</span> <span class='ocrx_word' id='word_1_740' title='bbox 3804 4095 3866 4156; x_wconf 76' lang='grc'><strong>2).</strong></span> <span class='ocrx_word' id='word_1_741' title='bbox 3896 4110 3912 4138; x_wconf 72' lang='grc' dir='ltr'><strong><em>ι</em></strong></span> 
     </span>
    </p>
   </div>
   <div class='ocr_carea' id='block_1_101' title="bbox 2283 4179 3916 4261">
    <p class='ocr_par' dir='ltr' id='par_1_101' title="bbox 2283 4179 3916 4261">
     <span class='ocr_line' id='line_1_103' title="bbox 2283 4179 3916 4261; baseline -0.007 -18"><span class='ocrx_word' id='word_1_742' title='bbox 2283 4187 2342 4243; x_wconf 87' lang='lat' dir='ltr'><strong>Si</strong></span> <span class='ocrx_word' id='word_1_743' title='bbox 2375 4203 2522 4261; x_wconf 90' lang='lat' dir='ltr'><strong>ergo</strong></span> <span class='ocrx_word' id='word_1_744' title='bbox 2552 4192 2609 4242; x_wconf 89' lang='lat' dir='ltr'><strong>et</strong></span> <span class='ocrx_word' id='word_1_745' title='bbox 2639 4187 2890 4242; x_wconf 89' lang='lat' dir='ltr'><strong>traditus</strong></span> <span class='ocrx_word' id='word_1_746' title='bbox 2919 4190 3013 4242; x_wconf 90' lang='lat' dir='ltr'><strong>est</strong></span> <span class='ocrx_word' id='word_1_747' title='bbox 3046 4203 3079 4241; x_wconf 91' lang='lat' dir='ltr'><strong>a</strong></span> <span class='ocrx_word' id='word_1_748' title='bbox 3114 4187 3304 4256; x_wconf 81' lang='lat' dir='ltr'><strong>Patre,</strong></span> <span class='ocrx_word' id='word_1_749' title='bbox 3340 4191 3400 4242; x_wconf 89' lang='lat' dir='ltr'><strong>et</strong></span> <span class='ocrx_word' id='word_1_750' title='bbox 3443 4188 3575 4258; x_wconf 91' lang='lat' dir='ltr'><strong>ipse</strong></span> <span class='ocrx_word' id='word_1_751' title='bbox 3604 4201 3670 4242; x_wconf 89' lang='lat' dir='ltr'><strong>se</strong></span> <span class='ocrx_word' id='word_1_752' title='bbox 3700 4179 3916 4242; x_wconf 85' lang='lat' dir='ltr'><strong>tradidit,</strong></span> 
     </span>
    </p>
   </div>
   <div class='ocr_carea' id='block_1_102' title="bbox 2285 4269 3916 4348">
    <p class='ocr_par' dir='ltr' id='par_1_102' title="bbox 2285 4269 3916 4348">
     <span class='ocr_line' id='line_1_104' title="bbox 2285 4269 3916 4348; baseline -0.007 -18"><span class='ocrx_word' id='word_1_753' title='bbox 2285 4279 2526 4348; x_wconf 88' lang='lat' dir='ltr'><strong>apparet</strong></span> <span class='ocrx_word' id='word_1_754' title='bbox 2555 4292 2730 4332; x_wconf 88' lang='lat' dir='ltr'><strong>unam</strong></span> <span class='ocrx_word' id='word_1_755' title='bbox 2751 4291 2892 4331; x_wconf 88' lang='lat' dir='ltr'><strong>esse</strong></span> <span class='ocrx_word' id='word_1_756' title='bbox 2929 4276 3350 4347; x_wconf 85' lang='lat' dir='ltr'><strong>Operationem,</strong></span> <span class='ocrx_word' id='word_1_757' title='bbox 3386 4293 3565 4332; x_wconf 84' lang='lat' dir='ltr'><strong>unam</strong></span> <span class='ocrx_word' id='word_1_758' title='bbox 3596 4291 3727 4330; x_wconf 89' lang='lat' dir='ltr'><strong>esse</strong></span> <span class='ocrx_word' id='word_1_759' title='bbox 3763 4269 3916 4326; x_wconf 86' lang='lat' dir='ltr'><strong>Patris</strong></span> 
     </span>
    </p>
   </div>
   <div class='ocr_carea' id='block_1_103' title="bbox 2284 4365 2911 4422">
    <p class='ocr_par' dir='ltr' id='par_1_103' title="bbox 2284 4365 2911 4422">
     <span class='ocr_line' id='line_1_105' title="bbox 2284 4365 2911 4422; baseline 0 -2"><span class='ocrx_word' id='word_1_760' title='bbox 2284 4369 2340 4420; x_wconf 90' lang='lat' dir='ltr'><strong>et</strong></span> <span class='ocrx_word' id='word_1_761' title='bbox 2370 4365 2498 4420; x_wconf 89' lang='lat' dir='ltr'><strong>Filii</strong></span> <span class='ocrx_word' id='word_1_762' title='bbox 2529 4366 2911 4422; x_wconf 87' lang='lat' dir='ltr'><strong>voluntatem.</strong></span> 
     </span>
    </p>
   </div>
   <div class='ocr_carea' id='block_1_104' title="bbox 2357 4468 3914 4544">
    <p class='ocr_par' dir='ltr' id='par_1_104' title="bbox 2357 4468 3914 4544">
     <span class='ocr_line' id='line_1_106' title="bbox 2357 4468 3914 4544; baseline 0.001 -17"><span class='ocrx_word' id='word_1_763' title='bbox 2357 4472 2478 4528; x_wconf 80' lang='grc'><strong>110.</strong></span> <span class='ocrx_word' id='word_1_764' title='bbox 2533 4471 2596 4526; x_wconf 90' lang='lat' dir='ltr'><strong>Si</strong></span> <span class='ocrx_word' id='word_1_765' title='bbox 2645 4472 2971 4527; x_wconf 90' lang='lat' dir='ltr'><strong>naturalem</strong></span> <span class='ocrx_word' id='word_1_766' title='bbox 3019 4487 3164 4544; x_wconf 88' lang='lat' dir='ltr'><strong>ergo</strong></span> <span class='ocrx_word' id='word_1_767' title='bbox 3209 4472 3584 4543; x_wconf 80' lang='lat' dir='ltr'><strong>majestatem</strong></span> <span class='ocrx_word' id='word_1_768' title='bbox 3615 4468 3914 4543; x_wconf 57' lang='lat' dir='ltr'><strong>quiet-imus.</strong></span> 
     </span>
    </p>
   </div>
   <div class='ocr_carea' id='block_1_105' title="bbox 2282 4555 3912 4634">
    <p class='ocr_par' dir='ltr' id='par_1_105' title="bbox 2282 4555 3912 4634">
     <span class='ocr_line' id='line_1_107' title="bbox 2282 4555 3912 4634; baseline -0.004 -18"><span class='ocrx_word' id='word_1_769' title='bbox 2282 4561 2522 4634; x_wconf 88' lang='lat' dir='ltr'><strong>genitus</strong></span> <span class='ocrx_word' id='word_1_770' title='bbox 2543 4563 2655 4616; x_wconf 90' lang='lat' dir='ltr'><strong>est.</strong></span> <span class='ocrx_word' id='word_1_771' title='bbox 2677 4559 2787 4625; x_wconf 90' lang='lat' dir='ltr'><strong>Qui</strong></span> <span class='ocrx_word' id='word_1_772' title='bbox 2805 4561 3070 4632; x_wconf 90' lang='lat' dir='ltr'><strong>genitum</strong></span> <span class='ocrx_word' id='word_1_773' title='bbox 3091 4561 3406 4632; x_wconf 84' lang='lat' dir='ltr'><strong>inticiatur,</strong></span> <span class='ocrx_word' id='word_1_774' title='bbox 3427 4561 3725 4634; x_wconf 90' lang='lat' dir='ltr'><strong>proprium</strong></span> <span class='ocrx_word' id='word_1_775' title='bbox 3751 4555 3912 4625; x_wconf 79' lang='lat' dir='ltr'><strong>negat.</strong></span> 
     </span>
    </p>
   </div>
   <div class='ocr_carea' id='block_1_106' title="bbox 2191 4637 3914 4723">
    <p class='ocr_par' dir='ltr' id='par_1_106' title="bbox 2191 4637 3914 4723">
     <span class='ocr_line' id='line_1_108' title="bbox 2191 4637 3914 4723; baseline -0.008 -17"><span class='ocrx_word' id='word_1_776' title='bbox 2191 4637 2242 4700; x_wconf 77' lang='grc' dir='ltr'>ί)</span> <span class='ocrx_word' id='word_1_777' title='bbox 2283 4651 2384 4723; x_wconf 88' lang='lat' dir='ltr'><strong>qui</strong></span> <span class='ocrx_word' id='word_1_778' title='bbox 2417 4650 2721 4722; x_wconf 88' lang='lat' dir='ltr'><strong>proprium</strong></span> <span class='ocrx_word' id='word_1_779' title='bbox 2767 4649 2988 4719; x_wconf 89' lang='lat' dir='ltr'><strong>abnuit,</strong></span> <span class='ocrx_word' id='word_1_780' title='bbox 3029 4665 3402 4706; x_wconf 88' lang='lat' dir='ltr'><strong>communem</strong></span> <span class='ocrx_word' id='word_1_781' title='bbox 3435 4652 3670 4707; x_wconf 70' lang='lat' dir='ltr'><strong>caeteris</strong></span> <span class='ocrx_word' id='word_1_782' title='bbox 3700 4646 3914 4702; x_wconf 84' lang='lat' dir='ltr'><strong>arbitra-</strong></span> 
     </span>
    </p>
   </div>
   <div class='ocr_carea' id='block_1_107' title="bbox 2281 4739 3918 4811">
    <p class='ocr_par' dir='ltr' id='par_1_107' title="bbox 2281 4739 3918 4811">
     <span class='ocr_line' id='line_1_109' title="bbox 2281 4739 3918 4811; baseline -0.006 -16"><span class='ocrx_word' id='word_1_783' title='bbox 2281 4743 2396 4796; x_wconf 91' lang='lat' dir='ltr'><strong>tur.</strong></span> <span class='ocrx_word' id='word_1_784' title='bbox 2421 4739 2524 4796; x_wconf 90' lang='lat' dir='ltr'><strong>Sin</strong></span> <span class='ocrx_word' id='word_1_785' title='bbox 2556 4754 2701 4794; x_wconf 83' lang='lat' dir='ltr'><strong>vero</strong></span> <span class='ocrx_word' id='word_1_786' title='bbox 2731 4739 3136 4810; x_wconf 86' lang='lat' dir='ltr'><strong>generationis</strong></span> <span class='ocrx_word' id='word_1_787' title='bbox 3187 4739 3379 4810; x_wconf 85' lang='lat' dir='ltr'><strong>ipsius</strong></span> <span class='ocrx_word' id='word_1_788' title='bbox 3417 4739 3814 4811; x_wconf 83' lang='lat' dir='ltr'><strong>preprietatem</strong></span> <span class='ocrx_word' id='word_1_789' title='bbox 3841 4744 3918 4784; x_wconf 83' lang='lat' dir='ltr'><strong>re-</strong></span> 
     </span>
    </p>
   </div>
   <div class='ocr_carea' id='block_1_108' title="bbox 2283 4827 3914 4900">
    <p class='ocr_par' dir='ltr' id='par_1_108' title="bbox 2283 4827 3914 4900">
     <span class='ocr_line' id='line_1_110' title="bbox 2283 4827 3914 4900; baseline -0.008 -17"><span class='ocrx_word' id='word_1_790' title='bbox 2283 4828 2596 4900; x_wconf 91' lang='lat' dir='ltr'><strong>quirimus,</strong></span> <span class='ocrx_word' id='word_1_791' title='bbox 2622 4843 2696 4884; x_wconf 85' lang='lat' dir='ltr'><strong>ex</strong></span> <span class='ocrx_word' id='word_1_792' title='bbox 2727 4827 2850 4883; x_wconf 91' lang='lat' dir='ltr'><strong>Deo</strong></span> <span class='ocrx_word' id='word_1_793' title='bbox 2882 4827 3082 4883; x_wconf 85' lang='lat' dir='ltr'><strong>exivit.</strong></span> <span class='ocrx_word' id='word_1_794' title='bbox 3103 4827 3251 4882; x_wconf 85' lang='lat' dir='ltr'><strong>Nam</strong></span> <span class='ocrx_word' id='word_1_795' title='bbox 3269 4827 3417 4892; x_wconf 83' lang='lat'><strong>466</strong></span> <span class='ocrx_word' id='word_1_796' title='bbox 3443 4844 3574 4883; x_wconf 90' lang='lat' dir='ltr'><strong>cum</strong></span> <span class='ocrx_word' id='word_1_797' title='bbox 3603 4828 3658 4881; x_wconf 90' lang='lat' dir='ltr'><strong>in</strong></span> <span class='ocrx_word' id='word_1_798' title='bbox 3681 4839 3787 4880; x_wconf 91' lang='lat' dir='ltr'><strong>usu</strong></span> <span class='ocrx_word' id='word_1_799' title='bbox 3803 4833 3914 4874; x_wconf 84' lang='lat' dir='ltr'><strong>nos-</strong></span> 
     </span>
    </p>
   </div>
   <div class='ocr_carea' id='block_1_109' title="bbox 2281 4905 3913 4989">
    <p class='ocr_par' dir='ltr' id='par_1_109' title="bbox 2281 4905 3913 4989">
     <span class='ocr_line' id='line_1_111' title="bbox 2281 4905 3913 4989; baseline -0.009 -16"><span class='ocrx_word' id='word_1_800' title='bbox 2281 4905 2372 4974; x_wconf 80' lang='lat' dir='ltr'><strong>tro</strong></span> <span class='ocrx_word' id='word_1_801' title='bbox 2394 4918 2454 4973; x_wconf 91' lang='lat' dir='ltr'><strong>id</strong></span> <span class='ocrx_word' id='word_1_802' title='bbox 2485 4918 2562 4973; x_wconf 90' lang='lat' dir='ltr'><strong>sit</strong></span> <span class='ocrx_word' id='word_1_803' title='bbox 2583 4919 2746 4973; x_wconf 84' lang='lat' dir='ltr'><strong>exire</strong></span> <span class='ocrx_word' id='word_1_804' title='bbox 2777 4918 2937 4989; x_wconf 89' lang='lat' dir='ltr'><strong>quod</strong></span> <span class='ocrx_word' id='word_1_805' title='bbox 2971 4917 3096 4989; x_wconf 79' lang='lat' dir='ltr'><strong>jam</strong></span> <span class='ocrx_word' id='word_1_806' title='bbox 3134 4918 3232 4988; x_wconf 90' lang='lat' dir='ltr'><strong>sit,</strong></span> <span class='ocrx_word' id='word_1_807' title='bbox 3264 4920 3321 4972; x_wconf 90' lang='lat' dir='ltr'><strong>et</strong></span> <span class='ocrx_word' id='word_1_808' title='bbox 3340 4933 3417 4972; x_wconf 88' lang='lat' dir='ltr'><strong>ex</strong></span> <span class='ocrx_word' id='word_1_809' title='bbox 3439 4914 3805 4972; x_wconf 88' lang='lat' dir='ltr'><strong>interioribus</strong></span> <span class='ocrx_word' id='word_1_810' title='bbox 3832 4920 3913 4961; x_wconf 83' lang='lat' dir='ltr'><strong>se-</strong></span> 
     </span>
    </p>
   </div>
   <div class='ocr_carea' id='block_1_110' title="bbox 2284 4996 3912 5080">
    <p class='ocr_par' dir='ltr' id='par_1_110' title="bbox 2284 4996 3912 5080">
     <span class='ocr_line' id='line_1_112' title="bbox 2284 4996 3912 5080; baseline -0.002 -16"><span class='ocrx_word' id='word_1_811' title='bbox 2284 5009 2463 5064; x_wconf 87' lang='lat' dir='ltr'><strong>cretis</strong></span> <span class='ocrx_word' id='word_1_812' title='bbox 2485 5007 2722 5080; x_wconf 88' lang='lat' dir='ltr'><strong>prodire</strong></span> <span class='ocrx_word' id='word_1_813' title='bbox 2742 5006 3030 5076; x_wconf 82' lang='lat' dir='ltr'><strong>videatur,</strong></span> <span class='ocrx_word' id='word_1_814' title='bbox 3050 5007 3206 5078; x_wconf 84' lang='lat' dir='ltr'><strong>quod</strong></span> <span class='ocrx_word' id='word_1_815' title='bbox 3234 5007 3398 5061; x_wconf 86' lang='lat' dir='ltr'><strong>exire</strong></span> <span class='ocrx_word' id='word_1_816' title='bbox 3432 5005 3766 5076; x_wconf 86' lang='lat' dir='ltr'><strong>perhibetur</strong></span> <span class='ocrx_word' id='word_1_817' title='bbox 3791 4996 3912 5064; x_wconf 54' lang='lat' dir='ltr'><strong>(6t):</strong></span> 
     </span>
    </p>
   </div>
   <div class='ocr_carea' id='block_1_111' title="bbox 2281 5087 3910 5172">
    <p class='ocr_par' dir='ltr' id='par_1_111' title="bbox 2281 5087 3910 5172">
     <span class='ocr_line' id='line_1_113' title="bbox 2281 5087 3910 5172; baseline -0.01 -19"><span class='ocrx_word' id='word_1_818' title='bbox 2281 5099 2556 5172; x_wconf 89' lang='lat' dir='ltr'><strong>angustis</strong></span> <span class='ocrx_word' id='word_1_819' title='bbox 2611 5097 2752 5152; x_wconf 90' lang='lat' dir='ltr'><strong>licet</strong></span> <span class='ocrx_word' id='word_1_820' title='bbox 2818 5096 3196 5152; x_wconf 88' lang='lat' dir='ltr'><strong>sermonibus</strong></span> <span class='ocrx_word' id='word_1_821' title='bbox 3259 5097 3673 5168; x_wconf 89' lang='lat' dir='ltr'><strong>proprietatem</strong></span> <span class='ocrx_word' id='word_1_822' title='bbox 3727 5087 3910 5144; x_wconf 63' lang='lat' dir='ltr'><strong>divina:</strong></span> 
     </span>
    </p>
   </div>
   <div class='ocr_carea' id='block_1_112' title="bbox 2359 5233 3909 5312">
    <p class='ocr_par' dir='ltr' id='par_1_112' title="bbox 2359 5233 3909 5312">
     <span class='ocr_line' id='line_1_114' title="bbox 2359 5233 3909 5312; baseline -0.008 -16"><span class='ocrx_word' id='word_1_823' title='bbox 2359 5241 2470 5312; x_wconf 79' lang='lat'><strong>(58)</strong></span> <span class='ocrx_word' id='word_1_824' title='bbox 2498 5241 2580 5296; x_wconf 90' lang='lat' dir='ltr'><strong>Ita</strong></span> <span class='ocrx_word' id='word_1_825' title='bbox 2609 5240 2746 5296; x_wconf 89' lang='lat' dir='ltr'><strong>Gill.</strong></span> <span class='ocrx_word' id='word_1_826' title='bbox 2781 5256 2850 5312; x_wconf 82' lang='lat' dir='ltr'><strong>ac</strong></span> <span class='ocrx_word' id='word_1_827' title='bbox 2883 5239 3052 5294; x_wconf 79' lang='lat' dir='ltr'><strong>Rom.</strong></span> <span class='ocrx_word' id='word_1_828' title='bbox 3085 5239 3222 5293; x_wconf 89' lang='lat' dir='ltr'><strong>edit.</strong></span> <span class='ocrx_word' id='word_1_829' title='bbox 3259 5255 3394 5312; x_wconf 76' lang='lat' dir='ltr'><strong>cum</strong></span> <span class='ocrx_word' id='word_1_830' title='bbox 3429 5254 3575 5293; x_wconf 92' lang='lat' dir='ltr'><strong>mss.</strong></span> <span class='ocrx_word' id='word_1_831' title='bbox 3609 5233 3909 5312; x_wconf 54' lang='lat' dir='ltr'><strong>plerisque;</strong></span> 
     </span>
    </p>
   </div>
   <div class='ocr_carea' id='block_1_113' title="bbox 2281 5301 3908 5375">
    <p class='ocr_par' dir='ltr' id='par_1_113' title="bbox 2281 5301 3908 5375">
     <span class='ocr_line' id='line_1_115' title="bbox 2281 5301 3908 5375; baseline -0.009 -7"><span class='ocrx_word' id='word_1_832' title='bbox 2281 5301 2520 5368; x_wconf 75' lang='lat' dir='ltr'><strong>Amerb.</strong></span> <span class='ocrx_word' id='word_1_833' title='bbox 2551 5329 2695 5366; x_wconf 91' lang='lat' dir='ltr'><strong>vero</strong></span> <span class='ocrx_word' id='word_1_834' title='bbox 2717 5315 2774 5366; x_wconf 90' lang='lat' dir='ltr'><strong>et</strong></span> <span class='ocrx_word' id='word_1_835' title='bbox 2803 5310 2994 5372; x_wconf 86' lang='lat' dir='ltr'><strong>Eras.,</strong></span> <span class='ocrx_word' id='word_1_836' title='bbox 3032 5334 3053 5356; x_wconf 78' lang='grc' dir='ltr'><strong>ιι</strong></span> <span class='ocrx_word' id='word_1_837' title='bbox 3097 5315 3152 5364; x_wconf 90' lang='lat' dir='ltr'><strong>et</strong></span> <span class='ocrx_word' id='word_1_838' title='bbox 3181 5326 3212 5364; x_wconf 90' lang='lat' dir='ltr'><strong>a</strong></span> <span class='ocrx_word' id='word_1_839' title='bbox 3259 5311 3382 5366; x_wconf 90' lang='lat' dir='ltr'><strong>Deo</strong></span> <span class='ocrx_word' id='word_1_840' title='bbox 3422 5301 3636 5375; x_wconf 57' lang='lat' dir='ltr'><strong>verus&#39;;</strong></span> <span class='ocrx_word' id='word_1_841' title='bbox 3675 5328 3694 5354; x_wconf 75' lang='grc' dir='ltr'><strong>ιο</strong></span> <span class='ocrx_word' id='word_1_842' title='bbox 3729 5301 3908 5369; x_wconf 82' lang='lat' dir='ltr'><strong>reliqm</strong></span> 
     </span>
    </p>
   </div>
   <div class='ocr_carea' id='block_1_114' title="bbox 2281 5381 3842 5455">
    <p class='ocr_par' dir='ltr' id='par_1_114' title="bbox 2281 5381 3842 5455">
     <span class='ocr_line' id='line_1_116' title="bbox 2281 5381 3842 5455; baseline -0.006 -15"><span class='ocrx_word' id='word_1_843' title='bbox 2281 5384 2534 5455; x_wconf 89' lang='lat' dir='ltr'><strong>denique</strong></span> <span class='ocrx_word' id='word_1_844' title='bbox 2567 5399 2738 5450; x_wconf 90' lang='lat' dir='ltr'><strong>mss.,</strong></span> <span class='ocrx_word' id='word_1_845' title='bbox 2762 5404 2783 5431; x_wconf 76' lang='grc' dir='ltr'><strong>ει</strong></span> <span class='ocrx_word' id='word_1_846' title='bbox 2821 5385 2876 5435; x_wconf 90' lang='lat' dir='ltr'><strong>et</strong></span> <span class='ocrx_word' id='word_1_847' title='bbox 2906 5399 2937 5434; x_wconf 92' lang='lat' dir='ltr'><strong>a</strong></span> <span class='ocrx_word' id='word_1_848' title='bbox 2963 5383 3083 5455; x_wconf 82' lang='lat' dir='ltr'><strong>Deo</strong></span> <span class='ocrx_word' id='word_1_849' title='bbox 3116 5381 3304 5455; x_wconf 66' lang='lat' dir='ltr'><strong>Deus.</strong></span> <span class='ocrx_word' id='word_1_850' title='bbox 3336 5403 3357 5431; x_wconf 73' lang='grc' dir='ltr'><strong><em>ι</em></strong></span> <span class='ocrx_word' id='word_1_851' title='bbox 3673 5447 3685 5455; x_wconf 86' lang='lat'><em>_</em></span> <span class='ocrx_word' id='word_1_852' title='bbox 3837 5447 3842 5450; x_wconf 93' lang='lat'><em>_</em></span> 
     </span>
    </p>
   </div>
   <div class='ocr_carea' id='block_1_115' title="bbox 2353 5447 3908 5525">
    <p class='ocr_par' dir='ltr' id='par_1_115' title="bbox 2353 5447 3908 5525">
     <span class='ocr_line' id='line_1_117' title="bbox 2353 5447 3908 5525; baseline -0.007 -17"><span class='ocrx_word' id='word_1_853' title='bbox 2353 5447 2465 5525; x_wconf 76' lang='grc'>(59)</span> <span class='ocrx_word' id='word_1_854' title='bbox 2496 5455 2644 5509; x_wconf 83' lang='lat' dir='ltr'><strong>Mss.</strong></span> <span class='ocrx_word' id='word_1_855' title='bbox 2677 5447 2792 5508; x_wconf 87' lang='lat' dir='ltr'><strong>non</strong></span> <span class='ocrx_word' id='word_1_856' title='bbox 2826 5453 3017 5523; x_wconf 90' lang='lat' dir='ltr'><strong>pauci,</strong></span> <span class='ocrx_word' id='word_1_857' title='bbox 3055 5475 3076 5500; x_wconf 76' lang='grc' dir='ltr'><strong>«ι</strong></span> <span class='ocrx_word' id='word_1_858' title='bbox 3121 5453 3445 5524; x_wconf 69' lang='lat' dir='ltr'><strong>quaerimus</strong></span> <span class='ocrx_word' id='word_1_859' title='bbox 3465 5447 3794 5512; x_wconf 85' lang='lat' dir='ltr'><strong>naturalem,</strong></span> <span class='ocrx_word' id='word_1_860' title='bbox 3825 5447 3908 5513; x_wconf 77' lang='lat' dir='ltr'><strong>ge-</strong></span> 
     </span>
    </p>
   </div>
   <div class='ocr_carea' id='block_1_116' title="bbox 2283 5527 3474 5582">
    <p class='ocr_par' dir='ltr' id='par_1_116' title="bbox 2283 5527 3474 5582">
     <span class='ocr_line' id='line_1_118' title="bbox 2283 5527 3474 5582; baseline -0.003 0"><span class='ocrx_word' id='word_1_861' title='bbox 2283 5527 2442 5582; x_wconf 89' lang='lat' dir='ltr'><strong>nitus</strong></span> <span class='ocrx_word' id='word_1_862' title='bbox 2470 5528 2581 5580; x_wconf 80' lang='lat' dir='ltr'><strong>est.</strong></span> <span class='ocrx_word' id='word_1_863' title='bbox 2619 5548 2641 5573; x_wconf 74' lang='grc' dir='ltr'><strong>ιι</strong></span> <span class='ocrx_word' id='word_1_864' title='bbox 3455 5552 3474 5562; x_wconf 77' lang='grc' dir='ltr'><strong><em>ο</em></strong></span> 
     </span>
    </p>
   </div>
   <div class='ocr_carea' id='block_1_117' title="bbox 2355 5584 3900 5670">
    <p class='ocr_par' dir='ltr' id='par_1_117' title="bbox 2355 5584 3900 5670">
     <span class='ocr_line' id='line_1_119' title="bbox 2355 5584 3900 5670; baseline -0.013 -17"><span class='ocrx_word' id='word_1_865' title='bbox 2355 5597 2466 5670; x_wconf 78' lang='grc'>(60)</span> <span class='ocrx_word' id='word_1_866' title='bbox 2493 5595 2645 5670; x_wconf 68' lang='lat' dir='ltr'><strong>Mss.</strong></span> <span class='ocrx_word' id='word_1_867' title='bbox 2678 5594 2919 5667; x_wconf 85' lang='lat' dir='ltr'><strong>aliquot,</strong></span> <span class='ocrx_word' id='word_1_868' title='bbox 2957 5617 2977 5644; x_wconf 76' lang='grc' dir='ltr'><strong><em>α</em></strong></span> <span class='ocrx_word' id='word_1_869' title='bbox 3015 5595 3218 5670; x_wconf 79' lang='lat' dir='ltr'><strong>dilexit</strong></span> <span class='ocrx_word' id='word_1_870' title='bbox 3247 5609 3378 5670; x_wconf 81' lang='lat' dir='ltr'><strong>vos,</strong></span> <span class='ocrx_word' id='word_1_871' title='bbox 3411 5595 3532 5670; x_wconf 85' lang='lat' dir='ltr'><strong>e_t.._.</strong></span> <span class='ocrx_word' id='word_1_872' title='bbox 3559 5605 3660 5670; x_wconf 77' lang='lat' dir='ltr'><strong>pro</strong></span> <span class='ocrx_word' id='word_1_873' title='bbox 3683 5584 3900 5670; x_wconf 37' lang='lat' dir='ltr'><strong>vobis.)</strong></span> 
     </span>
    </p>
   </div>
   <div class='ocr_carea' id='block_1_118' title="bbox 2355 5659 3906 5742">
    <p class='ocr_par' dir='ltr' id='par_1_118' title="bbox 2355 5659 3906 5742">
     <span class='ocr_line' id='line_1_120' title="bbox 2355 5659 3906 5742; baseline -0.012 -18"><span class='ocrx_word' id='word_1_874' title='bbox 2355 5659 2466 5742; x_wconf 75' lang='lat' dir='ltr'><strong>(0i)</strong></span> <span class='ocrx_word' id='word_1_875' title='bbox 2491 5667 2639 5742; x_wconf 83' lang='lat' dir='ltr'><strong>Mss.</strong></span> <span class='ocrx_word' id='word_1_876' title='bbox 2670 5659 2814 5737; x_wconf 63' lang='lat' dir='ltr'><strong>tres&#39;,</strong></span> <span class='ocrx_word' id='word_1_877' title='bbox 2850 5690 2874 5742; x_wconf 62' lang='grc' dir='ltr'><strong>ει</strong></span> <span class='ocrx_word' id='word_1_878' title='bbox 2901 5659 3058 5741; x_wconf 81' lang='lat' dir='ltr'><strong>quod</strong></span> <span class='ocrx_word' id='word_1_879' title='bbox 3085 5665 3209 5739; x_wconf 80' lang='lat' dir='ltr'><strong>jam</strong></span> <span class='ocrx_word' id='word_1_880' title='bbox 3231 5666 3308 5722; x_wconf 91' lang='lat' dir='ltr'><strong>sit</strong></span> <span class='ocrx_word' id='word_1_881' title='bbox 3337 5659 3412 5722; x_wconf 85' lang='lat' dir='ltr'><strong>ex</strong></span> <span class='ocrx_word' id='word_1_882' title='bbox 3437 5659 3802 5742; x_wconf 62' lang='lat' dir='ltr'><strong>interioribus</strong></span> <span class='ocrx_word' id='word_1_883' title='bbox 3829 5667 3906 5742; x_wconf 61' lang='lat' dir='ltr'><strong>se-</strong></span> 
     </span>
    </p>
   </div>
   <div class='ocr_carea' id='block_1_119' title="bbox 2287 5734 3904 5810">
    <p class='ocr_par' dir='ltr' id='par_1_119' title="bbox 2287 5734 3904 5810">
     <span class='ocr_line' id='line_1_121' title="bbox 2287 5734 3904 5810; baseline -0.009 -16"><span class='ocrx_word' id='word_1_884' title='bbox 2287 5734 2464 5795; x_wconf 81' lang='lat' dir='ltr'><strong>cretis</strong></span> <span class='ocrx_word' id='word_1_885' title='bbox 2486 5739 2672 5808; x_wconf 85' lang='lat' dir='ltr'><strong>exire,</strong></span> <span class='ocrx_word' id='word_1_886' title='bbox 2713 5734 2940 5810; x_wconf 46' lang='lat' dir='ltr'><strong>quod“?</strong></span> <span class='ocrx_word' id='word_1_887' title='bbox 2973 5741 3064 5794; x_wconf 88' lang='lat' dir='ltr'><strong>etc</strong></span> <span class='ocrx_word' id='word_1_888' title='bbox 3078 5734 3121 5807; x_wconf 74' lang='grc' dir='ltr'><strong>.ἶ,</strong></span> <span class='ocrx_word' id='word_1_889' title='bbox 3155 5753 3329 5809; x_wconf 90' lang='lat' dir='ltr'><strong>unus,</strong></span> <span class='ocrx_word' id='word_1_890' title='bbox 3366 5761 3388 5786; x_wconf 74' lang='grc' dir='ltr'><em>α</em></span> <span class='ocrx_word' id='word_1_891' title='bbox 3420 5734 3572 5810; x_wconf 91' lang='lat' dir='ltr'><strong>quod</strong></span> <span class='ocrx_word' id='word_1_892' title='bbox 3596 5734 3718 5810; x_wconf 79' lang='lat' dir='ltr'><strong>jam</strong></span> <span class='ocrx_word' id='word_1_893' title='bbox 3743 5739 3904 5783; x_wconf 72' lang='lat' dir='ltr'><strong>exin-</strong></span> 
     </span>
    </p>
   </div>
   <div class='ocr_carea' id='block_1_120' title="bbox 2287 5809 3665 5884">
    <p class='ocr_par' dir='ltr' id='par_1_120' title="bbox 2287 5809 3665 5884">
     <span class='ocr_line' id='line_1_122' title="bbox 2287 5809 3665 5884; baseline -0.006 -16"><span class='ocrx_word' id='word_1_894' title='bbox 2287 5811 2607 5869; x_wconf 85' lang='lat' dir='ltr'><strong>terioribus</strong></span> <span class='ocrx_word' id='word_1_895' title='bbox 2637 5809 2888 5868; x_wconf 82' lang='lat' dir='ltr'><strong>secretis</strong></span> <span class='ocrx_word' id='word_1_896' title='bbox 2917 5810 3154 5884; x_wconf 89' lang='lat' dir='ltr'><strong>prodire</strong></span> <span class='ocrx_word' id='word_1_897' title='bbox 3176 5809 3458 5882; x_wconf 86' lang='lat' dir='ltr'><strong>videatur,</strong></span> <span class='ocrx_word' id='word_1_898' title='bbox 3501 5828 3522 5857; x_wconf 71' lang='grc' dir='ltr'>υ</span> <span class='ocrx_word' id='word_1_899' title='bbox 3556 5809 3665 5861; x_wconf 86' lang='lat' dir='ltr'><strong>etc.</strong></span> 
     </span>
    </p>
   </div>
  </div>
