3982 6174
465 270 585 332 579

1909 275 1977 339 S.
2023 267 2466 342 AMBROSII.
3747 300 3838 365 530

471 471 596 568 erat
621 470 729 568 iet.
753 467 856 568 qui
879 483 960 568 ex
989 467 1174 568 nihilo
1205 469 1442 540 factum,
1479 475 1578 527 aut
1603 489 1682 568 ex
1709 473 1822 530 alia
1851 475 2136 532 substan-
2166 469 2223 535 Α
2252 480 2506 552 medius,
2539 484 2597 537 et
2615 481 2802 540 effusa
2824 488 2962 568 sunt
2991 487 3186 542 omnia
3205 489 3430 546 viscera
3450 493 3596 566 ejus.
3629 498 3751 557 Non
3776 510 3847 559 est

465 557 543 610 tia
573 553 832 628 velabat?
864 556 1066 612 dicunt
1109 573 1268 629 esse,
1302 562 1402 614 aut
1443 561 1802 634 mutabilem,
1848 565 1947 618 aut
1991 580 2138 620 con-

459 645 796 700 vertibilem
831 645 935 701 Dei
979 647 1214 719 Filium,
1275 649 1722 707 anathematizat
1762 651 2053 708 catholica
2081 657 2140 709 et

464 735 794 805 apostolica
825 734 1118 791 Ecclesia.

535 823 658 878 121.
695 824 1020 895 Accepisti,
1080 828 1289 882 sancte
1339 827 1676 900 imperator,
1711 844 1816 886 eos
1861 830 1963 902 qui
1999 831 2137 886 talia

462 916 764 984 asserunt,
793 911 932 985 jure
965 914 1294 970 damnatos.
1336 916 1471 972 Non
1514 916 1769 972 humana
1822 917 2133 989 industria,

464 1017 583 1058 non
614 1001 942 1072 composito
964 1003 1160 1074 aliquo
1187 1007 1428 1060 trecenti
1452 1006 1658 1062 decem
1688 1011 1744 1062 et
1763 1011 1915 1078 octo,
1935 1011 1998 1063 ut
2027 1025 2136 1064 su-

462 1107 568 1162 pra
597 1091 872 1162 pressius
903 1091 1027 1146 dixi
1059 1093 1320 1166 (Prolog.
1353 1110 1411 1149 ιι.
1439 1095 1518 1166 5),
1540 1095 1808 1168 episcopi
1835 1097 1910 1152 ad
1929 1097 2128 1152 conci-

461 1181 604 1234 lium
635 1183 1040 1236 convenerunt
1067 1181 1176 1252 (6'7)
1211 1198 1225 1237 :
1279 1183 1386 1238 sed
1429 1187 1491 1238 ut
1528 1184 1589 1238 in
1620 1201 1866 1241 numero
1918 1201 2126 1242 eorum

462 1259 614 1325 468
643 1285 749 1340 per
772 1269 1014 1342 signum
1033 1285 1162 1326 suae
1191 1272 1493 1342 passionis
1523 1275 1582 1328 et
1621 1275 1878 1330 nominis
1929 1275 2133 1330 Domi-

466 1375 580 1414 nus
613 1358 794 1413 Jesus
825 1374 937 1414 suo
966 1359 1244 1430 probaret
1269 1376 1336 1416 se
1371 1362 1588 1417 adesse
1627 1363 1880 1418 concilio
1915 1377 1928 1418 :
1975 1362 2136 1419 Crux

465 1448 526 1504 in
547 1447 848 1518 trecentis,
894 1448 1041 1504 Jesu
1073 1465 1288 1505 nomen
1326 1451 1386 1505 in
1417 1450 1624 1506 decem
1653 1454 1711 1507 et
1739 1456 1871 1508 octo
1911 1455 2003 1508 est
2032 1469 2134 1508 sa-

467 1536 829 1593 cerdotibus.

538 1643 660 1700 122.
696 1645 824 1700 Hoc
856 1647 912 1700 et
943 1645 1003 1700 in
1035 1646 1398 1702 Ariminensi
1443 1647 1556 1718 (68)
1613 1649 1866 1704 concilio
1908 1649 2132 1720 habuit,

463 1735 653 1806 prima
677 1734 1076 1805 confessio,et
1105 1740 1240 1806 post
1279 1735 1653 1792 Ariminense
1685 1737 2002 1792 concilium
2033 1754 2134 1794 se-

467 1823 658 1931 ξειτξίῖεέι
682 1823 1760 1931 ⁰2¹Ῐ¹ζθῖἰ¹,¹9;Ρῗηῖθῗῗξίῗηῗῗ¹¹.⁶ἓ⁵¹⁸¹⁰¹⁰
1789 1826 1862 1880 αδ
2170 1852 2220 1912 Β
2251 1859 2425 1914 modo
2449 1874 2594 1931 ergo
2627 1858 2732 1914 Dei
2765 1859 2996 1915 auus?

465 1917 654 1967 torem
713 1911 1120 1968 Constantium
1161 1913 1346 1967 missa
1392 1916 1662 1987 testatur,
1707 1915 2134 1973 correctionem

470 2003 676 2057 secuta
700 2000 952 2056 concilia
982 2001 1351 2057 conﬁtentur.

1081 2126 1334 2180 CAPUT
1365 2127 1520 2182 XIX.

474 2231 590 2290 Ubi
607 2233 760 2306 Aria
773 2234 1031 2306 primum
1053 2249 1085 2289 e
1108 2234 1456 2306 memoratis
1485 2234 1803 2306 erroribus
1832 2237 2134 2306 attribuit,

539 2304 804 2360 eumdem
827 2304 1057 2360 refellit
1081 2304 1327 2360 Joannis
1357 2305 1716 2375 testimonio,
1749 2322 1818 2362 ac
1845 2323 1876 2362 e
1895 2323 1966 2363 re
1996 2304 2134 2362 nata

539 2377 828 2448 tragicam
875 2375 1301 2448 haeresiarchas
1349 2383 1597 2448 mortem
1635 2376 1952 2433 describit.
1993 2379 2141 2434 Mox

536 2447 896 2572 slii‘igi‘llatin;
911 2447 1178 2571 rgeéiquas
1205 2447 1469 2518 ejusdem
1489 2447 1893 2520 blasphemiae
1909 2465 2136 2523 expen-

580 2537 599 2572 ι
658 2535 692 2572 e
749 2533 855 2572 con
889 2535 922 2572 u
953 2534 984 2572 a
1019 2558 1034 2572 .

538 2519 628 2574 (lit
658 2525 718 2574 et
749 2519 1034 2574 confutet.

539 2623 662 2680 123.
695 2625 874 2678 Arius
895 2639 1041 2696 ergo
1063 2623 1235 2694 dicit;
1261 2623 1399 2679 Erat
1428 2626 1664 2698 quando
1689 2642 1810 2682 non
1840 2629 1986 2698 erat,
2029 2629 2136 2684 sed

466 2711 768 2784 Scriptura
798 2713 956 2783 dicit,
980 2713 1154 2784 Erat,
1180 2729 1299 2769 non
1318 2714 1478 2786 dicit,
1509 2715 1643 2770 Non
1675 2719 1818 2772 erat.
1872 2717 2136 2789 Denique

467 2802 729 2858 Joannes
760 2801 1040 2872 scripsit:
1080 2825 1102 2848 «
1146 2801 1211 2857 In
1259 2802 1550 2876 principio
1572 2805 1698 2860 erat
1745 2804 2026 2876 Verbum,
2080 2808 2138 2860 et

467 2890 726 2946 Verbum
758 2893 882 2945 erat
911 2891 1066 2961 apud
1109 2891 1313 2962 Deum,
1346 2894 1403 2947 et
1445 2893 1604 2949 Deus
1653 2896 1779 2948 erat
1824 2894 2086 2950 Verbum
2117 2910 2130 2950 :

467 2979 580 3035 hoc
610 2983 734 3034 erat
765 2980 823 3034 in
838 2979 1130 3050 principio
1151 2980 1305 3052 apud
1331 2980 1513 3036 Deum
1535 2982 1728 3053 (Joan.
1753 3000 1791 3053 ι,
1815 2983 1888 3054 1).
1921 3003 1942 3032 »
1978 2983 2134 3039 Ecce

466 3070 701 3142 quoties
742 3074 873 3124 erat
906 3071 962 3123 et
1001 3085 1294 3140 nusquam
1326 3070 1472 3126 dixit
1515 3071 1671 3143 quod
1703 3087 1821 3128 non
1849 3075 1992 3128 erat.
2026 3071 2134 3128 Cui

467 3175 527 3214 er
537 3174 614 3230 go
629 3158 928 3214 credimus
941 3159 970 3212 ?
991 3157 1203 3213 Joanni
1227 3157 1288 3213 in
1299 3157 1515 3213 Christi
1534 3163 1773 3230 pectore
1788 3161 2135 3217 recumben-

463 3249 528 3318 ti,
552 3264 627 3302 an
648 3246 789 3302 Ario
811 3247 966 3301 inter
986 3245 1175 3301 effusa
1192 3262 1260 3302 se
1277 3262 1387 3302 sua
1411 3247 1646 3303 viscera
1661 3248 1944 3304 volutanti
1968 3249 2082 3322 (69)
2119 3268 2129 3305 :

467 3341 528 3392 ut
555 3351 1024 3408 agnosceremus
1047 3335 1301 3390 similem
1323 3335 1492 3392 dudm
1504 3337 1824 3406 proditoris
1839 3339 1963 3393 Arii
1984 3355 2131 3410 quo-

465 3441 580 3498 que
597 3425 788 3482 fuisse
810 3425 1136 3496 perfidiam,
1161 3439 1338 3497 quem
1367 3425 1582 3480 similis
1604 3442 1777 3496 poena
1808 3427 2136 3484 damnavit?

538 3533 663 3588 124.
699 3530 902 3587 Effusa
936 3535 1076 3587 sunt
1105 3533 1262 3588 enim
1291 3535 1348 3586 et
1380 3533 1506 3586 Arii
1539 3532 1795 3604 viscera,
1831 3535 2011 3606 pudet
2039 3535 2134 3590 di-

466 3638 602 3678 cere
633 3621 756 3691 ubi,
788 3625 963 3694 atque
1011 3621 1090 3676 ita
1133 3621 1362 3692 crepuit
1393 3621 1645 3694 medius,
1694 3627 2029 3696 prostratus
2069 3624 2130 3680 in

464 3711 714 3780 faciem;
755 3726 824 3765 ea
873 3711 1090 3781 quibus
1119 3709 1419 3766 Christum
1453 3715 1793 3784 negaverat,
1826 3712 1982 3768 foeda
2032 3729 2133 3769 ora

464 3800 745 3871 pollutus.
770 3799 1011 3870 Crepuit
1032 3801 1210 3870 enim,
1245 3800 1400 3855 sicut
1428 3800 1603 3856 etiam
1633 3801 1706 3856 de
1735 3801 1888 3857 Juda
1917 3801 2130 3857 Petrus

465 3888 773 3959 apostolus
795 3887 941 3942 dixit
973 3888 1132 3956 (Act.
1157 3905 1196 3958 ι,
1227 3887 1341 3958 18),
1366 3889 1502 3961 quia
1523 3890 1793 3960 possedit
1820 3907 2030 3962 agrum
2061 3892 2134 3946 de

469 3976 742 4032 mercede
772 3975 1102 4048 injustitiae,
1129 3980 1186 4032 et
1215 3977 1275 4031 in
1305 3977 1516 4032 faciem
1546 3980 1878 4048 prostratus
1909 3980 2136 4051 crepuit

539 4101 652 4175 (6'7)
673 4101 894 4175 omnes
923 4100 1072 4175 edit.‘
1096 4104 1152 4155 et
1183 4101 1421 4175 quidam
1451 4117 1624 4173 mss.,
1663 4123 1684 4152 α
1729 4117 1847 4158 ιιοιι
1889 4119 2132 4175 compo-

467 4171 682 4246 sitione
713 4173 911 4246 aliqua
970 4172 1077 4246 sed
1115 4174 1365 4246 trecenti
1386 4173 1592 4228 decem
1610 4171 1672 4228 et
1700 4178 1933 4244 octo,ut
1953 4171 2135 4246 supra

467 4244 610 4315 dixi,
651 4243 916 4315 episcopi
966 4243 1041 4298 ad
1087 4243 1404 4298 concilium
1461 4243 1883 4301 convenerunt.
1931 4243 2071 4317 Sed,
2107 4270 2128 4297 υ

467 4320 578 4371 etc.

451 4399 456 4405 '
539 4385 648 4456 (68)
695 4385 1045 4459 Concilium
1073 4383 1186 4440 hoc
1227 4385 1587 4459 celebratum
1626 4385 1746 4459 fuit
1791 4402 1946 4442 anno
2003 4387 2129 4459 359,

467 4459 736 4528 Arimini,
770 4474 902 4530 quae
934 4457 1144 4530 civitas
1175 4457 1463 4530 maritima
1488 4461 1585 4530 est
1623 4457 1682 4511 in
1716 4459 1979 4513 Romana
2017 4457 2132 4514 ltaé

466 4531 563 4584 liae
593 4527 917 4602 provincia.
949 4527 1318 4602 Quapropter
1330 4527 1604 4602 ejusdem
1623 4535 2126 4602 concessusacta,

511 4599 622 4670 usi,
647 4605 796 4656 teste
829 4600 1190 4670 Hieronymo
1221 4599 1280 4652 in
1329 4599 1760 4668 Lucifer-ianos,
1794 4600 1853 4654 in
1875 4601 2132 4671 publicis

501 4673 990 4742 Icclesiarumque
1019 4671 1326 4742 tabulariis
1347 4671 1832 4738 asservabantur,
1853 4688 1885 4725 a
1917 4673 2134 4728 Medio-

466 4743 815 4813 lanensibus
838 4741 957 4797 non
1015 4741 1284 4796 abfuisse
1321 4757 1626 4813 perquam
1685 4742 1968 4813 credibile
2019 4749 2130 4798 est.

468 4811 663 4868 Utitur
692 4817 886 4867 tamen
927 4817 1172 4868 sanctus
1201 4811 1559 4867 Ambrosius
1615 4812 1746 4868 solo
1793 4814 2132 4871 testimonio

467 4885 770 4956 synodicae
803 4885 876 4956 ad
907 4884 1312 4938 Constantium
1339 4883 1606 4956 epistolae
1642 4899 1654 4939 :
1687 4900 1803 4956 qua
1833 4885 2130 4956 episcopi,

511 4955 652 5026 uiad
673 4955 1139 5026 quadringentos
1153 4959 1208 5009 et
1221 4955 1474 5025 amplius
1493 4955 2135 5025 coiverant,certiorem

493 5025 691 5079 ’aciunt
735 5025 1167 5097 imperatorem,
1212 5041 1278 5080 se
1311 5027 1617 5097 statuisse,
1651 5041 1724 5081 ne
1757 5027 1896 5097 quid
1928 5043 2135 5084 eorum

467 5111 600 5168 qum
633 5097 787 5167 apud
811 5096 1072 5168 Nicaeam
1103 5098 1329 5168 sancite
1350 5096 1967 5166 fuerant,'mutaretur.
1988 5100 2132 5154 Haec

467 5167 740 5242 epistola,
792 5182 907 5238 qua
948 5167 1051 5220 vix
1090 5167 1414 5242 pretiosius
1443 5168 1612 5242 aliud,
1645 5170 2010 5242 antiquitatis
2038 5172 2134 5242 pi-

467 5254 624 5310 gnus
654 5239 727 5292 ad
758 5237 869 5292 nes
922 5237 1208 5310 pervenit,
1261 5242 1454 5310 exstat
1497 5239 1556 5292 in
1588 5237 1894 5294 Athanasii
1923 5237 2135 5297 libfde

467 5309 616 5382 Syn.
641 5310 836 5364 Arim.
862 5315 920 5364 et
943 5309 1199 5382 Selene,
1223 5309 1592 5382 referturque
1612 5326 1727 5365 non
1760 5312 1934 5366 modo
1965 5328 1999 5366 a
2029 5312 2136 5368 So-

469 5379 648 5454 crate,
665 5382 991 5454 Sozomeno
1014 5379 1452 5454 et'flieodOI-eto
1475 5379 1702 5454 Graecis
1716 5383 2131 5454 scriptoribus,

467 5455 526 5507 at
548 5452 722 5507 etiam
755 5452 828 5506 ab
850 5451 1078 5523 Hilario
1109 5452 1172 5523 in
1202 5451 1572 5523 fragmentis.
1609 5453 1827 5507 Verum
1843 5451 2134 5522 praeclara

449 5521 564 5578 'illa
596 5522 1047 5595 confessionem
1086 5522 1185 5576 diu
1209 5521 1438 5595 integra
1477 5521 1920 5595 perseveravit;
1971 5525 2132 5580 illam

467 5596 636 5669 enim
667 5597 857 5666 primo
888 5593 1094 5669 decem
1127 5593 2130 5669 concilii_ad_’Constantiumlegati,

467 5665 684 5740 deinde
711 5681 918 5722 omnes
951 5665 1134 5720 ferme
1157 5665 1254 5720 isti
1272 5665 1568 5740 antistites
1585 5681 1704 5740 non
1723 5665 2130 5740 correxerunt,

467 5736 577 5796 sed
607 5740 996 5814 corruperunt
1039 5753 1052 5796 :
1103 5753 1236 5794 cum
1274 5739 1486 5811 partim
1517 5737 1590 5796 ab
1623 5737 1974 5814 imperatore
2011 5736 2136 5802 ter;

2251 569 2490 627 fortuita
2521 587 2701 644 mors,
2748 573 2851 629 ubi
2881 575 2943 630 in
2971 577 3288 650 sacrilegio
3315 581 3438 650 pari
3468 599 3646 653 poenae
3676 591 3846 658 parilis

2248 661 2546 731 processit
2577 662 2942 735 exemplum;
2974 665 3054 720 ub
3086 666 3240 722 idem
3271 668 3528 726 subirent
3544 676 3851 746 supplicium

2248 749 2348 821 qui
2379 750 2653 806 eumdem
2677 751 2991 809 Dominum
3010 760 3396 828 negaverunt,
3427 761 3483 815 et
3510 761 3605 833 qui
3624 766 3853 822 eumdem

2251 839 2561 895 Dominum
2590 841 2994 909 prodiderunt.

2322 945 2445 1000 125.
2480 946 2799 1002 Veniamus
2838 949 2911 1003 ad
2940 949 3072 1005 alia.
3121 951 3301 1007 Arius
3358 953 3496 1008 dicit
3525 971 3538 1010 :
3572 958 3856 1032 Antequam

2251 1039 2617 1107 nasceretur,
2638 1052 2756 1093 non
2787 1041 2933 1110 erat,
2968 1039 3075 1094 sed
3098 1037 3399 1111 Scriptura
3419 1043 3555 1098 dicit
3577 1049 3750 1102 omnia
3776 1066 3857 1106 es-

2251 1141 2318 1180 se
2349 1141 2456 1197 per
2487 1125 2716 1180 Filium.
2749 1125 3053 1192 Quomodo
3085 1143 3230 1202 ergo
3261 1129 3396 1185 aliis
3413 1131 3584 1204 ﬁdedit
3610 1149 3753 1208 esse,
3782 1141 3861 1211 qui

2251 1231 2371 1270 non
2401 1216 2568 1270 erat?
2593 1215 2740 1270 Cum
2767 1218 2961 1270 autem
2992 1216 3134 1272 dicit
3170 1218 3408 1289 impius,
3443 1222 3666 1292 quando
3701 1230 3750 1280 et
3774 1243 3861 1280 an-

2250 1307 2327 1374 te,
2362 1303 2492 1358 haac
2523 1303 2722 1375 utique
2754 1304 2871 1360 duo
2902 1305 3082 1360 verba
3111 1309 3346 1378 tempus
3376 1310 3700 1366 ostendunt.
3731 1313 3864 1379 Quo-

2251 1394 2426 1449 modo
2456 1408 2602 1466 ergo
2634 1397 2854 1466 negant
2897 1397 3130 1466 tempus
3177 1399 3310 1450 ante
3343 1396 3570 1470 Filium,
3603 1403 3656 1454 et
3697 1403 3866 1458 volunt

2250 1483 2418 1554 prius
2459 1483 2649 1538 fuisse
2705 1497 2838 1554 quae
2887 1484 3170 1556 temporis
3217 1491 3403 1542 sunt:
3455 1503 3590 1544 cum
3628 1489 3864 1562 idipsum,

2251 1572 2486 1644 quando
2525 1575 2582 1626 et
2609 1576 2741 1628 ante
2789 1575 2847 1627 et
2895 1573 3210 1645 aliquando
3241 1590 3362 1630 non
3393 1575 3601 1648 fuisse,
3634 1579 3705 1634 sit
3747 1584 3868 1635 tem-

2247 1662 2414 1734 poris
2434 1663 2463 1716 ?

2329 1760 2478 1825 469
2520 1768 2642 1825 126.
2668 1769 2848 1824 Arius
2871 1769 3012 1825 dicit
3039 1786 3113 1826 ex
3150 1771 3337 1828 nihilo
3360 1773 3466 1829 Dei
3498 1773 3717 1830 Filium.
3745 1775 3872 1840 Quo-

3017 1863 3314 1932 quomodo
3338 1866 3578 1934 paterno
3595 1868 3873 1937 generatus

2251 1965 2327 2014 ex
2355 1951 2523 2003 utero
2540 1949 2568 2002 ?
2600 1948 2895 2018 quomodo
2915 1953 3240 2006 eructatum
3261 1967 3342 2006 ex
3361 1953 3540 2008 corde
3565 1953 3800 2009 Verbum
3817 1955 3877 2010 le-

2253 2040 2414 2110 gitur
2441 2036 2632 2108 (Psal.
2682 2052 2840 2108 κων,
2873 2035 2948 2108 1),
2997 2039 3115 2094 nisi
3156 2043 3219 2094 ut
3251 2056 3328 2095 ex
3373 2042 3575 2098 intimo
3605 2045 3658 2098 et
3683 2043 3876 2098 intesti-

2249 2126 2452 2182 mabili
2492 2126 2684 2181 Patris
2739 2126 3121 2200 intelligatur,
3155 2132 3218 2184 ut
3263 2131 3554 2202 scriptum
3597 2135 3683 2186 est
3719 2131 3873 2200 (Joan.

2248 2233 2373 2286 vm,
2405 2217 2517 2286 42),
2550 2215 2848 2287 prodiisse
2896 2219 3178 2272 secreto?
3232 2217 3426 2274 Filius
3472 2219 3624 2274 enim
3669 2223 3758 2274 aut
3796 2235 3879 2290 per

2250 2305 2645 2377 adoptionem,
2679 2308 2778 2359 aut
2805 2321 2912 2376 per
2939 2309 3206 2360 naturam
3238 2311 3336 2363 est
3368 2324 3382 2363 :
3413 2323 3522 2380 per
3550 2309 3877 2380 adoptionem

2251 2413 2363 2454 nos
2412 2395 2516 2451 filii
2561 2394 2814 2450 dicimur
2870 2393 3090 2465 (Galat.
3123 2413 3202 2468 IV,
3235 2399 3316 2469 5),
3349 2398 3450 2452 ille
3492 2414 3598 2468 per
3617 2398 3878 2453 veritatem

2251 2489 2477 2542 natura
2523 2487 2634 2539 est.
2685 2482 2990 2549 Quomodo
3031 2500 3176 2558 ergo
3219 2502 3299 2540 ex
3341 2487 3529 2542 nihilo
3566 2487 3680 2558 ille,
3711 2487 3796 2559 qui
3823 2501 3879 2540 ex

2251 2577 2435 2632 nihilo
2467 2575 2607 2630 fecit
2627 2575 2820 2630 omnia
2841 2576 2870 2629 ‘!

2323 2683 2444 2738 127.
2479 2681 2614 2738 Non
2644 2681 2820 2736 habet
2850 2681 3082 2753 Filium,
3117 2684 3218 2754 qui
3267 2685 3468 2740 nescit
3496 2684 3649 2740 unde
3680 2683 3768 2740 sit.
3796 2683 3884 2737 De-

2248 2773 2427 2845 nique
2475 2787 2585 2826 nec
2626 2771 2819 2827 Judmi
2867 2771 3162 2827 habebant
3201 2773 3450 2844 Filium,
3484 2775 3619 2846 quia
3647 2773 3788 2828 unde
3814 2788 3888 2826 es-

2249 2866 2342 2918 set
2371 2860 2736 2916 neseiebant.
2771 2859 2841 2914 Et
2889 2859 3020 2916 ideo
3053 2861 3200 2916 dixit
3228 2862 3341 2917 his
3375 2865 3698 2919 Dominus:
3743 2885 3761 2912 κ
3793 2861 3890 2916 Ne-

2251 2951 2420 3007 scitis
2443 2950 2598 3005 unde
2628 2949 2766 3004 veni
2787 2949 3254 3022 (Joan.vm,1t);
3293 2973 3332 3002 υ
3367 2957 3424 3007 et
3443 2953 3632 3008 infra:
3667 2975 3687 3001 α
3719 2953 3890 3022 Neque

2248 3057 2340 3096 me
2372 3041 2586 3110 nostis,
2619 3054 2811 3111 neque
2841 3042 3065 3110 patrem
3097 3055 3292 3096 meum
3339 3043 3513 3098 scitis
3545 3042 3716 3112 (Ibid.
3748 3039 3840 3112 19).
3873 3065 3888 3086 ι»

2247 3131 2358 3197 Qui
2389 3129 2547 3184 enim
2577 3131 2755 3200 negat
2782 3143 2854 3183 ex
2907 3128 3076 3184 Patre
3116 3129 3363 3200 Filium,
3415 3149 3527 3187 nec
3571 3133 3785 3186 Patrem
3833 3146 3890 3184 ex

2166 3218 2217 3281 C
2247 3236 2364 3292 quo
2395 3221 2488 3274 est
2518 3218 2726 3287 Filius,
2759 3218 2920 3273 novit
2948 3217 3006 3289 (Ι
3032 3219 3178 3274 Joan
3207 3236 3270 3292 ιι,
3293 3221 3400 3292 93)
3425 3236 3440 3293 ;
3481 3237 3670 3295 neque
3715 3218 3890 3275 Filium

2249 3309 2440 3380 novit;
2475 3308 2611 3380 quia
2642 3308 2875 3363 Patrem
2901 3308 3111 3364 nescit.

2319 3415 2440 3470 128.
2474 3414 2653 3474 Arius
2685 3414 2862 3470 dicit:
2889 3413 2976 3470 Ex
3007 3414 3118 3469 alia
3156 3416 3526 3474 substantia.
3569 3417 3707 3484 Quae
3743 3415 3890 3490 igitur

2246 3503 2357 3561 alia
2392 3505 2721 3560 substantia
2769 3508 3038 3576 aequatur
3084 3505 3191 3561 Dei
3224 3506 3408 3579 Filio,
3446 3513 3507 3564 ut
3553 3525 3628 3564 ex
3661 3509 3780 3580 ipsa
3809 3505 3889 3559 Dei

2247 3595 2434 3651 Filius
2464 3595 2579 3650 sit?
2603 3596 2717 3648 Aut
2749 3593 3044 3665 quomodo
3073 3596 3533 3666 reprehendunt
3554 3598 3689 3671 quia
3718 3611 3818 3652 nos
3845 3593 3892 3646 in

2247 3683 2368 3738 Deo
2401 3684 2499 3737 aut
2527 3681 2708 3734 οὐσίαν
2734 3683 2960 3753 Graece,
3003 3690 3100 3738 aut
3151 3685 3367 3741 Latine
3409 3687 3796 3743 substantiam
3821 3684 3895 3738 di-

2248 3773 2460 3842 cimus,
2492 3788 2625 3826 cum
2647 3788 2722 3826 ex
2751 3771 2861 3826 alia
2892 3772 3142 3828 dicendo
3165 3774 3514 3832 substantia
3546 3777 3652 3831 Dei
3672 3791 3798 3831 esse
3816 3769 3890 3828 Fi-

2245 3861 2389 3917 lium
2417 3861 2550 3933 ('70),
2584 3862 2757 3916 etiam
2790 3861 2904 3934 ipsi
2935 3862 3334 3920 substantiam
3368 3867 3480 3922 Dei
3533 3883 3672 3922 esse
3707 3863 3894 3921 conﬁr-

2246 3954 2404 4006 ment
2419 3953 2448 4005 ?

2246 4095 2362 4164 riti,
2386 4095 2598 4166 partim
2627 4095 2858 4166 decepti
2887 4096 2960 4151 ab
2994 4096 3251 4166 Arionis,
3284 4099 3354 4155 in
3394 4116 3617 4156 vocum
3649 4097 3897 4154 substan-

2246 4168 2346 4221 tia}
2395 4170 2451 4220 et
2499 4166 3030 4222 consubstantialis
3067 4169 3463 4226 abolitionem
3511 4180 3893 4228 consensere:

2247 4237 2690 4316 cujusquidem
2721 4239 3230 4316 prgevaricationis
3253 4257 3475 4298 eorum
3499 4245 3604 4316 qui
3633 4239 3899 4316 mearet-ite

2243 4309 2629 4390 prediderunt
2660 4325 2770 4390 res
2791 4309 3077 4390 Ecclesiae
3107 4327 3278 4390 nemo
3315 4309 3898 4390 nonin'eminitﬂcrtc

2237 4379 2364 4506 {om
2393 4379 2652 4462 vidimus
2675 4381 2816 4451 quid
2831 4386 3074 4470 sanctus
3094 4384 3302 4466 doctor
3315 4385 3395 4440 de
3417 4387 3520 4470 illa
3546 4380 3902 4466 scripseritin

2296 4468 2390 4506 uc.
2415 4451 2518 4506 lib.
2549 4468 2604 4506 v.
2639 4468 2799 4506 num.
2845 4453 2921 4506 11.
2945 4453 3018 4506 de
3039 4470 3153 4506 aua
3172 4459 3354 4506 etiam
3374 4457 3656 4506 dicturus
3669 4453 3902 4506 estmfra

2296 4468 2390 4525 uc.
2415 4451 2518 4506 lib.
2549 4468 2604 4506 v.
2627 4468 2812 4525 num:
2831 4453 2890 4507 Ἠ
2906 4494 2921 4520 ,
2945 4453 3018 4509 de
3039 4470 3153 4525 qua
3172 4456 3354 4510 etiam
3374 4457 3656 4512 dicturus
3669 4451 3758 4512 est
3773 4453 3902 4508 infra

2243 4523 2346 4578 lib.
2378 4539 2458 4592 ιιι,
2495 4525 2552 4577 et
2590 4523 2727 4577 alibi
2759 4523 3032 4594 pluribus
3057 4523 3247 4581 locis.
3280 4526 3512 4584 Secuta
3563 4535 3657 4583 est
3692 4529 3900 4582 demum

2245 4610 2384 4666 vera
2416 4594 2729 4666 correctio,
2763 4612 2937 4666 quam
2973 4596 3332 4653 Ambrosius
3365 4601 3705 4655 secundum
3731 4597 3900 4652 vocat.

2242 4665 2466 4734 Synodi
2507 4681 2684 4735 porro
2724 4665 2971 4736 quarum
3026 4667 3122 4722 hic
3169 4670 3521 4726 testimonia
3573 4671 3900 4731 indicantur,

2243 4753 2340 4811 ear
2361 4740 2498 4811 sunt
2531 4737 2996 4811 :Alexandrina,
3017 4739 3117 4811 qui
3151 4741 3394 4810 praefuit
3427 4741 3792 4797 Athanasius
3811 4752 3901 4811 an.

2241 4808 2346 4886 362
2371 4824 2389 4886 ;
2439 4807 2714 4886 l’arisina
2737 4823 2940 4886 _eo_ps_e_
2971 4807 3124 4886 anno
3151 4807 3388 4882 coacta,
3427 4814 3612 4886 cujus
3645 4810 3908 4884 synodica

2242 4879 2493 4956 epistola
2541 4879 3304 4956 i_utcr_Hilarii_fragmenta
3357 4879 3604 4956 exstat;
3666 4879 3905 4956 Romani!

2243 4949 2497 5022 denique
2557 4951 2753 5024 habita
2796 4952 2909 5008 sub
2961 4949 3195 5008 Damasi
3238 4949 3602 5024 pontificatu
3656 4972 3750 5010 an.
3795 4949 3904 5018 369,

2243 5037 2634 5101 quans‘ognnes
2665 5022 2828 5101 adire
2858 5038 3056 5101 opera:
3087 5022 3338 5095 pretium
3372 5043 3532 5101 sane
3567 5029 3764 5083 fuerit.
3813 5098 3823 5101 _
3876 5092 3904 5101 ﬂ

2315 5093 2427 5163 (69)
2461 5092 2699 5168 Hancce
2727 5097 2844 5168 tam
2890 5092 3106 5150 fcedani
3154 5102 3330 5168 atque
3383 5099 3746 5154 horribilem
3798 5092 3906 5149 Arii

2242 5171 2492 5238 mortem
2524 5165 2913 5238 ΔΑῑὶιιιιιειείιιει
2962 5165 3265 5238 memorat,
3316 5173 3476 5224 orat.
3527 5171 3592 5225 in
3639 5169 3814 5225 Arian
3861 5167 3908 5217 et

2243 5236 2439 5316 fusius
2471 5235 2664 5316 adhuc
2692 5236 2862 5316 epist.
2899 5237 2975 5292 ad
2996 5239 3230 5316 serae,
3250 5235 3370 5293 'ubi
3407 5243 3909 5316 _Macairium_pre.-

2244 5307 2548 5382 sbyterum
2580 5307 3230 5382 ejusdcmnarrationis
3254 5313 3530 5382 praedem
3551 5315 3714 5368 citat.
3735 5307 3912 5365 Memi-

2242 5379 2328 5432 nit
2345 5379 2519 5433 etiam
2542 5378 2676 5450 ejus
2710 5379 3096 5450 Epiphanius,
3145 5378 3367 5437 haeresi
3397 5383 3494 5439 69.
3531 5383 3704 5450 Quod
3737 5387 3913 5437 autem

2242 5450 2316 5522 ad
2366 5449 2688 5504 historicos
2730 5449 3203 5522 ecclesiasticos,
3238 5470 3376 5508 cum
3401 5456 3512 5509 vix
3537 5449 3700 5510 ullus
3724 5465 3912 5508 eorum

2243 5521 2402 5598 illam
2427 5521 2909 5598 praetermiserit,
2944 5521 3422 5595 supervacanum
3457 5532 3629 5582 esset
3661 5528 3912 5598 ipsorum

2244 5593 2485 5664 nomine
2521 5593 2617 5646 hic
2645 5594 2916 5664 prodere.

2315 5663 2426 5736 (70)
2455 5663 2845 5743 0mne_s__edit.
2898 5681 3032 5743 cum
3063 5670 3226 5743 parte
3275 5670 3712 5743 non___minima
3754 5681 3914 5733 mss.,

2244 5733 2430 5796 Deum
2455 5750 2589 5798 esse
2610 5735 2794 5794 filium
2828 5758 2845 5797 .-
2875 5733 3090 5798 melius
3119 5743 3313 5800 tamen
3343 5740 3472 5814 alii,
3501 5741 3610 5822 qui
3639 5756 3753 5801 nec
3779 5751 3916 5824 pau-
