4050 6182
503 343 620 408 583

1974 350 2039 412 S.
2099 348 2545 415 AMBROSII.
3775 366 3869 431 584

525 531 3835 570 mm“.

1683 673 2058 755 LIBER
2128 674 2818 757 SECUNDUS.

1019 943 1159 1009 471
1200 949 1621 1008 PROLOGUS.

502 1039 862 1125 Ambrosius
887 1039 1048 1123 libro
1083 1040 1387 1125 superari
1428 1039 1584 1121 hunc
1629 1039 2169 1125 adiecturusnduoo

578 1111 769 1167 decim
805 1112 1037 1166 nomina
1085 1110 1233 1168 Filii
1271 1110 1385 1168 Dei
1409 1111 1607 1182 primo
1643 1110 1943 1165 trifariam
1973 1110 2170 1166 divisa

574 1198 688 1238 non
725 1182 853 1254 ejus
890 1189 1131 1254 tantum,
1177 1184 1288 1239 sed
1313 1183 1514 1254 patris
1550 1182 1730 1254 etiam
1767 1182 2169 1254 aeternitatem

574 1200 688 1238 non
725 1200 853 1254 PJIIS
890 1200 1110 1238 tantum
1177 1200 1285 1239 sea
1359 1200 1514 1237 acris
1550 1200 1729 1236 etiam
1767 1200 2169 1237 aeternitatem

567 1254 830 1326 probare
843 1254 1032 1310 docet.
1056 1226 1203 1311 Μόχ
1219 1200 1422 1310 eadem
1438 1268 1564 1326 cum
1578 1252 1887 1308 duodecim
1897 1251 2170 1307 sacerdo-

573 1324 714 1380 talis
751 1325 938 1398 vestis
966 1326 1269 1398 lapidibus
1317 1324 1538 1398 cursim
1583 1339 1952 1398 comparans,
2004 1339 2170 1396 quam

570 1396 918 1470 necessario
942 1395 1388 1470 “coniungenda
1409 1396 1533 1470 sint
1555 1436 1602 1470 ,Δ
1621 1396 1881 1470 inducta
1909 1395 2170 1470 ipsarum

572 1483 720 1523 nova
766 1465 1197 1541 distributione
1210 1466 1519 1541 patefacit.
1555 1465 1787 1541 Deinde
1806 1465 1882 1521 ad
1895 1465 2171 1541 p'roposi-j

571 1546 687 1594 tam
709 1536 1486 1610 comparationem'rediens,
1510 1536 1837 1610 allegorice
1861 1536 2174 1610 memorati

570 1607 1227 1692 amictus—texturamac
1242 1607 1713 1692 lapillos/audet:
1738 1607 1893 1692 {fine
1913 1608 2169 1692 inxstica

574 1682 752 1737 etiam
768 1682 1020 1753 geminae
1033 1678 1355 1737 divisionis
1366 1680 1600 1735 ratione
1622 1678 1820 1748 allata,
1838 1678 2170 1753 institutam

570 1748 1063 1825 comparationem
1099 1753 1305 1825 pergit
1340 1766 1639 1825 exponere
1689 1769 1706 1803 :
1751 1766 1830 1804 ex
1857 1766 1965 1821 qua
1994 1748 2170 1805 ﬁdem

571 1821 856 1895 operibus
877 1821 1168 1895 colligens
1196 1821 1574 1895 attexendam
1608 1836 1763 1891 esse,
1807 1826 2171 1895 contractam

573 1891 837 1967 ejusdem
854 1892 999 1949 ﬁdei
1010 1891 1084 1950 de
1105 1894 1262 1950 Filio
1283 1893 1744 1965 descriptionem
1764 1891 1989 1947 subdit.

571 1985 624 2040 1.
656 1982 835 2054 Satis,
865 1984 930 2038 ut
958 1982 1234 2055 arbitror,
1267 1982 1420 2037 libro
1454 1980 1785 2052 superiore,
1821 1982 2027 2036 sancte
2066 1979 2173 2034 im-

499 2076 755 2146 perator,
790 2072 1066 2127 edoctum
1083 2074 1176 2128 est
1195 2070 1619 2142 sempiternum
1642 2085 1781 2125 esse
1807 2069 1913 2125 Dei
1937 2068 2171 2138 Filium,

498 2179 616 2219 non
634 2161 986 2217 dissimilem
1007 2161 1182 2231 Patri,
1204 2160 1486 2234 genitum,
1508 2175 1628 2214 non
1661 2162 1922 2214 creatum
1947 2174 1959 2214 :
1987 2158 2174 2214 Deum

499 2267 739 2325 quoque
769 2265 975 2307 verum
998 2250 1104 2306 Dei
1122 2250 1336 2305 Filium
1356 2248 1795 2338 Scripturarum
1814 2247 2172 2338 lectionibus
2204 2276 2256 2338 Β

499 2339 981 2414 approbavimus,
1032 2342 1090 2395 et
1119 2340 1341 2412 apertis
1382 2337 1719 2410 maiestatis
1748 2352 1877 2393 sua:
1909 2335 2168 2407 indiciis,

502 2432 902 2504 designatum.
1764 2434 1775 2441 '

570 2522 625 2575 2.
658 2521 858 2591 Itaque
889 2518 1165 2591 quamvis
1194 2516 1310 2572 ista
1346 2516 1420 2572 ad
1450 2516 1628 2572 tidem
1667 2514 1909 2586 copiose
1946 2511 2170 2570 redun-

499 2609 696 2666 dantia
750 2608 891 2679 sint,
937 2607 1097 2680 quod
1132 2622 1166 2661 a
1212 2605 1396 2661 fontis
1444 2608 1641 2661 meatu
1669 2604 2011 2677 magnitudo
2041 2603 2171 2677 ple-

498 2712 749 2768 rumque
781 2695 1153 2751 decurrentis
1184 2694 1445 2751 ﬂuminis
1467 2695 1814 2763 aestimatur,
1838 2696 2033 2749 tamen
2054 2708 2171 2765 quo

501 2786 711 2858 purius
750 2784 931 2839 niteat
975 2784 1125 2839 fides
1156 2787 1381 2853 nostra,
1426 2783 1718 2855 tripartito
1748 2782 1981 2838 videtur
2010 2781 2171 2837 deri-

496 2875 690 2930 vanda
719 2872 1040 2929 distinctio.
1087 2872 1238 2929 Sunt
1276 2873 1435 2928 enim
1465 2872 1760 2930 evidentia
1789 2870 2007 2927 indicia
2037 2885 2172 2943 quae

497 2964 914 3038 proprietatem
944 2960 1057 3032 (76)
1091 2962 1324 3017 deitatis
1354 2961 1671 3019 ostendant
1702 2976 1714 3016 :
1751 2962 1891 3015 sunt
1929 2975 2065 3032 qua
2084 2958 2174 3014 si-

501 3052 889 3111 militudinem
919 3050 1112 3105 Patris
1142 3054 1200 3105 et
1229 3049 1358 3105 Filii
1385 3067 1396 3104 :
1423 3052 1563 3105 sunt
1582 3049 1756 3105 etiam
1778 3064 1913 3120 quae
1934 3046 2174 3120 perspi-

504 3159 675 3201 cuam
706 3141 921 3197 divinae
952 3136 1282 3211 majestatis
1314 3140 1646 3210 exprimant
1677 3139 1977 3193 unitatem.
2023 3135 2174 3192 Pro-

501 3232 768 3307 prietatis
792 3231 987 3303 itaque
1026 3232 1184 3299 sunt,
1209 3229 1534 3303 generatio,
1561 3228 1742 3298 Deus,
1776 3227 1986 3297 Filius,
2017 3225 2171 3281 Ver-

500 3324 680 3380 bum:
714 3318 1140 3385 similitudinis,
1173 3317 1479 3390 splendor,
1515 3317 1843 3387 character,
1866 3313 2176 3386 speculum

501 3413 740 3486 imago;
771 3408 1012 3466 unitatis
1046 3410 1307 3478 aeternae,
1341 3405 1650 3480 sapientia,
1687 3406 1904 3477 virtus,
1928 3404 2173 3475 veritas,

503 3500 642 3558 vita.

577 3592 631 3647 3.
658 3590 803 3647 Haec
824 3587 1040 3644 indicia
1069 3586 1146 3643 ita
1166 3585 1273 3641 Dei
1295 3585 1506 3642 Filium
1529 3585 1788 3659 signant,
1812 3586 1876 3640 ut
1904 3598 1980 3639 ex
2006 3581 2103 3675 his
2120 3584 2178 3638 et
2215 3611 2267 3675 Ο

508 3681 954 3752 sempiternum.
1006 3677 1240 3732 Patrem
1283 3690 1422 3731 esse
1468 3690 1827 3749 cognoscas,
1860 3689 1969 3729 nec
2000 3671 2074 3728 ab
2105 3686 2176 3728 eo

508 3770 716 3828 Filium
737 3768 1190 3838 discrepantem.
1218 3763 1305 3819 Ex
1318 3779 1387 3820 eo
1401 3765 1558 3820 enim
1580 3764 1681 3836 qui
1703 3766 1814 3835 est,
1835 3761 2138 3836 generatio
2160 3777 2175 3832 ;

510 3876 587 3915 ex
618 3857 977 3929 sempiterno
1010 3855 1189 3925 Deus,
1223 3871 1299 3908 ex
1331 3854 1501 3909 Patre
1532 3852 1739 3922 Filius,
1773 3868 1850 3908 ex
1872 3852 1994 3907 Deo
2024 3850 2175 3905 Ver-

514 3946 677 4016 bum,
711 3943 996 4016 splendor
1028 3942 1258 4016 gloriae,
1303 3942 1610 3998 character
1638 3940 2008 4010 substantiae,
2043 3954 2179 4010 spe-

512 4034 710 4090 culum
742 4032 865 4101 Dei,
887 4031 1217 4103 majestatis
1240 4031 1457 4103 imago,
1481 4030 1553 4085 de
1584 4030 1741 4085 bono
1771 4028 2008 4084 bonitas
2038 4027 2174 4099 ('77),

510 4125 581 4180 de
615 4121 879 4194 sapiente
902 4119 1210 4190 sapientia,
1245 4118 1316 4173 de
1340 4118 1476 4173 forti
1503 4119 1715 4189 virtus,
1748 4117 1821 4172 de
1843 4132 1986 4172 vero
2016 4116 2179 4171 veri-

512 4217 626 4284 tas,
684 4212 757 4267 de
802 4210 1036 4265 vivente
1084 4207 1222 4262 vita.
1268 4206 1642 4262 Concordant
1691 4206 1873 4279 igitur
1902 4206 2094 4262 Patris
2123 4208 2182 4261 et

517 4303 648 4361 Filii
678 4300 915 4367 indicia,
955 4298 1173 4371 quibus
1204 4313 1323 4352 non
1359 4297 1704 4368 discrepare
1744 4297 1898 4351 inter
1952 4310 2040 4365 se,
2073 4294 2183 4350 sed

514 4393 690 4450 unius
721 4389 1052 4461 majestatis
1098 4402 1237 4442 esse
1278 4401 1451 4442 nemo
1496 4384 1871 4441 dubitaverit.
1922 4382 2185 4449 Quorum

514 4480 889 4555 singulorum
934 4476 1339 4549 proferremus
1371 4474 1640 4545 exempla
1680 4474 2003 4543 nominum,
2065 4472 2187 4528 nisi

517 4568 853 4629 coarctandi
887 4566 1183 4623 sermonis
1205 4565 1401 4621 studio
1432 4568 1789 4625 teneremur.

587 4660 642 4717 4.
668 4660 779 4715 His
810 4656 1122 4713 duodecim
1143 4657 1415 4727 tanquam
1434 4652 1733 4724 lapidibus
1754 4650 2035 4724 pretiosis
2048 4638 2197 4706 fidei

520 4748 794 4804 columna
814 4745 1144 4816 consurgit.
1177 4743 1245 4798 lli
1262 4745 1401 4799 sunt
1420 4743 1579 4798 enim
1594 4740 1838 4813 pretiosi
1857 4740 1939 4796 illi
1956 4739 2184 4811 lapides

590 4890 703 4961 ('76)
727 4891 898 4945 Rom.
932 4886 1070 4961 edit.
1104 4886 1251 4955 sola,
1289 4907 1311 4934 «ε
1362 4888 1508 4961 ξω)ῑῄ
1538 4884 1695 4940 enim
1733 4883 1970 4961 nomina
2016 4898 2184 4954 quae-

516 4957 837 5033 dam,un
864 4959 1169 5033 evidenter
1196 4957 1632 5033 proprietatem,
1673 4977 1694 5004 ι
1732 4958 1844 5033 etc.

592 5027 761 5102 (77)}
816 5031 900 5085 De
928 5030 1086 5085 bono
1120 5027 1356 5102 bonitas
1390 5051 1427 5102 »Α
1455 5027 1975 5102 quodmembrum
2003 5041 2185 5102 supra

520 5098 639 5162 non
668 5098 1052 5158 memoratum
1076 5104 1189 5170 est,
1209 5098 1383 5155 etiam
1414 5098 1797 5170 in'plerisque
1821 5113 1982 5170 mss.
2004 5098 2185 5170 omis-

519 5191 654 5231 sum
683 5175 812 5245 fuit,
848 5188 983 5228 cum
1010 5168 1277 5228 tamenin
1300 5171 1435 5225 aliis
1456 5168 1779 5242 aliquot,’et
1794 5169 2027 5225 cunctis
2042 5168 2183 5224 edit.

518 5247 866 5304 reperiatur.

613 5319 705 5389 '78)
738 5318 820 5389 De
851 5316 965 5389 hoc
980 5312 1131 5389 ﬁdei
1159 5313 1452 5389 principio
1481 5312 1728 5389 multum
1767 5314 1942 5389 atque
1970 5310 2190 5389 acriter

516 5380 650 5448 cum
680 5380 1029 5445 orthodoxis
1070 5380 1302 5451 Ariani,
1356 5380 1610 5438 maxime
1654 5380 1800 5438 vero
1843 5380 2189 5451 Eunomiani

515 5463 890 5519 decertarunt
914 5499 928 5528 ,
965 5449 1456 5529 quemadmodum
1491 5454 1687 5509 fusius
1713 5453 2047 5526 disputatur
2078 5449 2188 5510 lib.

515 5535 590 5591 de
606 5533 841 5588 Incarn.
889 5526 1075 5601 Myst.
1108 5526 1323 5601 cap_._9.

585 5604 700 5675 ('19)
729 5602 874 5675 God.
891 5594 1158 5675 Audpen.
1179 5594 1402 5675 ~Ebrul.
1418 5598 1475 5652 et
1489 5594 1587 5675 alii
1606 5596 1897 5675 nonnulli,
1917 5596 2192 5675 asapien-

460 5706 473 5727 κ
510 5667 612 5745 tia,
649 5667 922 5745 verbum.
960 5691 980 5721 η
1010 5670 1122 5745 Sed
1150 5683 1343 5745 neque
1361 5668 1494 5745 hinc
1506 5667 1705 5745 dictio,
1720 5667 2185 5745 nequejustitia,

512 5738 650 5831 quae
664 5744 725 5803 in
738 5743 873 5803 aliis
886 5756 1037 5801 mss.
1070 5744 1127 5800 et
1149 5738 1289 5800 edit.
1315 5739 1596 5799 omnibus
1620 5738 1861 5815 legitur,
1884 5738 2035 5797 satis
2053 5738 2187 5800 huic

2196 931 2257 993 A

2288 944 2504 1015 (Exod.
2538 962 2747 1017 xxvm,
2780 946 2847 1002 1⁸7
2880 953 2940 1003 et
2967 949 3140 1021 seq.),
3174 949 3428 1021 cardius,
3464 949 3667 1023 iaspis,
3696 968 3883 1009 smara-

2286 1034 2466 1106 gdus,
2501 1034 2928 1109 chrysolithus,
2960 1040 3018 1093 et
3036 1039 3258 1109 caeteri,
3274 1038 3490 1111 quibus
3511 1040 3689 1095 sancti
3706 1043 3886 1114 Aaron,

2287 1122 2449 1179 illius
2481 1123 2681 1195 utique
2711 1125 2811 1197 qui
2837 1124 3090 1197 figuram
3118 1128 3274 1200 gerit
3300 1127 3535 1200 Christi,
3558 1129 3677 1184 veri
3700 1129 3889 1186 scilicet

2286 1213 2703 1268 vestimentum
2734 1215 3066 1271 sacerdotis
3088 1216 3403 1273 intexitur:
3430 1217 3749 1273 circumdati
3775 1235 3889 1275 auro

2284 1298 2535 1372 lapides,
2577 1306 2635 1357 et
2677 1303 2961 1376 insculpti
3008 1305 3082 1360 de
3117 1306 3457 1363 nominibus
3497 1306 3641 1372 472
3682 1307 3893 1364 ﬁliorum

2284 1387 2495 1460 Israel,
2523 1389 2837 1447 duodecim
2864 1391 3092 1464 lapides
3123 1393 3242 1450 sibi
3268 1393 3520 1451 invicem
3553 1394 3892 1451 coherentes.

2284 1475 2435 1532 Nam
2460 1478 2516 1534 si
2559 1494 2666 1536 eos
2696 1479 2914 1552 aliquis
2953 1486 3189 1553 separet
3230 1486 3406 1556 atque
3434 1488 3712 1555 secernat,
3740 1484 3895 1540 omnis

2285 1565 2424 1622 ﬁdei
2455 1570 2753 1625 structura
2782 1569 3156 1628 dissolvitur.

2355 1674 2409 1728 5.
2458 1674 2658 1748 Itaque
2691 1676 3047 1749 principium
3096 1679 3233 1736 fidei
3264 1684 3487 1735 nostrae
3518 1683 3607 1735 est
3642 1682 3782 1735 scire
3807 1696 3898 1752 quo

2286 1763 2525 1835 genitus
2545 1765 2650 1820 Dei
2678 1765 2865 1822 Filius
2883 1767 2997 1838 (78)
3026 1768 3079 1824 si
3098 1769 3340 1841 genitus
3356 1784 3475 1825 non
3492 1772 3601 1839 est,
3623 1783 3725 1825 nec
3752 1768 3901 1824 Filius

2286 1854 2396 1907 est.
2422 1852 2549 1908 Nec
2578 1854 2725 1910 satis
2756 1859 2849 1910 est
2878 1856 3107 1913 dixisse
3146 1858 3382 1929 Filium,
3430 1858 3546 1914 nisi
3590 1862 3643 1914 et
3670 1857 3903 1929 unigeni-

2286 1942 2410 1995 tum
2442 1941 2655 1998 Filium
2683 1944 3121 2018 designaveris.
3146 1946 3211 2002 Si
3227 1951 3496 2004 creatura
3515 1951 3622 2018 est,
3646 1946 3790 2002 Dens
3815 1961 3907 2000 non

2289 2032 2381 2085 est
2414 2046 2427 2085 :
2460 2029 2517 2086 si
2566 2033 2728 2089 Deus
2759 2048 2880 2089 non
2909 2038 3022 2107 est,
3055 2051 3165 2092 nec
3194 2036 3317 2092 vita
3348 2040 3443 2094 est
3473 2055 3487 2092 :
3522 2037 3574 2092 si
3603 2052 3714 2093 non
3740 2038 3820 2091 est
3841 2034 3906 2088 vi-

2289 2121 2367 2189 ta,
2400 2134 2511 2175 nec
2547 2120 2768 2178 veritas
2800 2126 2913 2179 est.

2363 2226 2417 2281 6.
2454 2227 2614 2301 Ergo
2644 2230 2755 2285 tria
2776 2230 2895 2303 illa,
2919 2232 2977 2287 id
3009 2235 3122 2303 est,
3157 2236 3486 2307 generatio,
3510 2233 3707 2302 Filius,
3732 2231 3908 2303 unige-

2293 2316 2473 2387 nitus,
2505 2318 2908 2391 principaliter
2947 2324 3004 2377 et
3032 2323 3274 2394 proprio
3308 2324 3567 2380 indicant
3594 2339 3666 2378 ex
3703 2322 3809 2377 Deo
3835 2319 3910 2375 Fi-

2292 2405 2455 2462 lium.

2363 2514 2417 2569 Ἳ.
2450 2513 2585 2570 Tria
2607 2517 2936 2588 sequentia,
2962 2518 3021 2573 id
3043 2523 3155 2590 est,
3191 2519 3378 2590 Deus,
3403 2521 3542 2591 vita,
3564 2520 3790 2588 veritas,
3816 2516 3913 2570 vir-

2293 2605 2475 2658 tutem
2506 2603 2642 2676 ejus
2670 2606 3070 2679 manifestant,
3100 2624 3216 2681 qua
3255 2610 3520 2665 condidit
3562 2612 3617 2664 et
3646 2608 3772 2663 fecit
3798 2604 3913 2660 sub-

2293 2692 2510 2749 sistere
2543 2696 2873 2749 creaturam
2908 2712 2922 2753 :
2961 2718 2982 2746 «
3019 2697 3083 2752 In
3113 2697 3245 2769 ipso
3277 2700 3439 2754 enim
3469 2698 3738 2766 vivimus,
3766 2709 3916 2752 nove-

2293 2797 2426 2835 mur
2445 2784 2501 2836 et
2530 2797 2760 2837 sumus.
2799 2804 2819 2834 ι
2847 2784 3003 2840 sicut
3036 2785 3256 2841 Paulus
3289 2786 3443 2842 dixit
3471 2788 3628 2859 (Act.
3658 2801 3807 2853 xvm,
3827 2782 3914 2852 28),
4014 2814 4015 2825 ι

2294 2869 2367 2925 Et
2394 2869 2528 2926 ideo
2558 2871 2619 2926 in
2647 2871 2765 2928 illis
2795 2872 2989 2929 tribus
3019 2877 3359 2946 proprietas
3393 2876 3547 2947 Filii,
3575 2877 3633 2931 in
3661 2875 3783 2931 istis
3812 2871 3917 2927 aliis

2290 2962 2553 3029 patorum
2582 2975 2652 3014 ac
2682 2960 2812 3015 Filii
2839 2963 3201 3033 operationis
3240 2965 3443 3021 unitas
3474 2965 3805 3021 declaratur.

2362 3048 2415 3103 8.
2449 3049 2648 3122 Imago
2678 3065 2914 3123 quoque
2946 3056 3004 3106 et
3031 3052 3320 3123 splendor
3348 3058 3406 3109 et
3428 3054 3725 3110 character
3744 3050 3920 3106 dicitur

2293 3137 2400 3193 Dei
2421 3137 2627 3209 Filius,
2660 3141 2798 3211 quia
2829 3140 2959 3196 haec
2987 3141 3656 3214 incomprehensibilem
3676 3145 3729 3197 et
3753 3142 3920 3196 inves-

2292 3227 2596 3301 tigabilem
2629 3231 2890 3299 paternae
2920 3228 3252 3303 majestatis
3304 3232 3669 3288 divinitatem
3707 3232 3764 3286 in
3806 3226 3923 3285 Filio

2291 3320 2350 3372 et
2388 3332 2739 3388 expressam
2768 3318 3214 3375 similitudinem
3244 3323 3616 3378 revelarunt.
3652 3320 3785 3375 Haec
3811 3331 3925 3389 quo-

2292 3423 2406 3480 que
2428 3407 2538 3462 tiia
2566 3409 2839 3463 videmus
2859 3409 2934 3463 ad
2962 3408 3419 3465 similitudinem
3449 3410 3753 3482 pertinere.

2363 3497 2419 3568 9,
2454 3497 2729 3569 Reliqum
2778 3501 2891 3568 est,
2934 3498 3149 3568 virtus,
3186 3499 3488 3570 sapientia
3519 3499 3650 3572 ('79),
3704 3493 3927 3570 iustitia;

2293 3590 2358 3642 ut
2393 3587 2491 3643 his
2535 3586 2793 3660 singulis
2845 3586 3289 3658 operationibus
3339 3590 3646 3645 aeternitas
3694 3585 3928 3660 probare-

2295 3681 2410 3733 tur.

2369 3766 2457 3822 10.
2493 3766 2620 3821 Hoc
2650 3766 2833 3839 igitur
2853 3767 2945 3821 est
2965 3765 3109 3821 illud
3133 3766 3561 3824 vestimentum
3581 3765 3842 3840 pretiosis
3864 3761 3927 3816 la-

2296 3856 2536 3927 pidibus
2557 3856 2926 3927 adornatum,
2958 3854 3056 3910 hic
3079 3855 3205 3910 veri
3225 3856 3488 3914 amictus
3512 3860 3604 3914 est
3620 3851 3927 3917 sacerdotis,

2296 3947 2426 4001 hanc
2457 3944 2644 4000 vestis
2682 3938 2969 4016 nuptialis
3003 3960 3017 3999 :
3048 3944 3146 3999 hic
3178 3948 3381 4002 textor
3427 3944 3815 4019 propheticus,
3854 3936 3930 4011 qui

2293 4035 2447 4090 bene
2479 4034 2711 4089 noverit
2738 4034 2851 4088 ista
2875 4037 3212 4090 contexere.
3228 4034 3444 4107 Neque
3461 4036 3598 4091 vilis
3616 4036 3723 4090 ista
3743 4033 3931 4088 textura

2295 4125 2408 4195 est,
2433 4123 2504 4180 de
2534 4139 2649 4195 qua
2689 4122 2978 4179 Dominus
3019 4123 3160 4178 dicit
3193 4139 3301 4195 per
3328 4125 3680 4196 prophetam
3722 4139 3735 4178 :
3771 4144 3791 4171 ι
3815 4116 3931 4184 Quis

2296 4213 2456 4269 dedit
2475 4201 2825 4268 mulieribus
2847 4215 3099 4268 texturae
3116 4212 3474 4283 sapientiam
3497 4235 3520 4265 ν
3546 4213 3696 4284 (Job.
3719 4219 3932 4271 xxxvnt,

2294 4302 2436 4375 36)?
2483 4302 2609 4357 Nec
2641 4317 2987 4357 communes
3017 4302 3118 4357 isti
3160 4302 3392 4374 lapides
3442 4304 3549 4375 (8),
3590 4305 3653 4358 ut
3692 4299 3929 4372 legimus,

2299 4391 2695 4463 supplementi
2729 4406 2743 4446 :
2778 4391 2973 4446 omnis
3021 4392 3178 4447 enim
3220 4391 3281 4446 in
3320 4407 3395 4448 eo
3424 4391 3715 4465 perfectio
3741 4390 3854 4455 est,
3889 4398 3931 4436 sx

2298 4481 2445 4537 nihil
2476 4480 2650 4536 desit.
2702 4480 2959 4550 Lapides
2991 4481 3306 4552 compositi
3336 4485 3397 4536 et
3427 4479 3765 4537 circumdati
3792 4485 3930 4538 auro,

2298 4569 2656 4644 intelligibili
2675 4568 2906 4625 scilicet
2926 4573 3133 4626 natura
3154 4585 3166 4626 :
3203 4571 3256 4624 si
3277 4586 3385 4626 eos
3407 4571 3564 4627 bene
3584 4585 3748 4625 mens
3768 4563 3939 4621 nostra

2301 4662 2647 4732 componat,
2695 4658 3100 4731 naturalisque
3145 4674 3366 4715 sensus
3416 4658 3712 4731 probabili
3748 4653 3938 4710 ratione

2301 4750 2694 4823 compaginet.
2728 4748 2997 4820 Denique
3026 4763 3202 4820 quam
3232 4763 3351 4804 non
3373 4749 3709 4805 mediocres
3738 4738 3934 4814 lapides

2300 4896 2436 4951 loco
2465 4891 2845 4964 conveniunt.
2896 4890 3057 4964 Nam,
3094 4890 3349 4964 Ver-lium
3390 4890 3721 4964 pertinebat
3745 4886 3812 4964 ad
3838 4880 3939 4964 pri-

2218 4938 2272 5001 D
2489 4962 3189 5037 seriem,ubirepositum
3216 4962 3328 5037 fuit
3349 4938 3695 5037 unigenith
3725 4979 3742 5014 :
3768 4938 3940 5037 cicius-

2306 5039 2441 5094 titia
2472 5051 2616 5091 vero
2648 5027 2808 5090 nulla
2852 5027 3071 5088 mentio
3110 5033 3263 5088 facta
3292 5027 3506 5089 fuerat.
3563 5034 3692 5089 Une
3722 5027 3939 5095 colligas

2306 5110 2367 5164 in
2396 5109 2491 5164 his
2523 5107 2774 5162 vocibus
2804 5105 3053 5161 liberius
3093 5104 3316 5160 lusisse
3345 5108 3621 5160 sanctum
3649 5103 3938 5159 doctorem.

2379 5180 2491 5251 (80)
2516 5178 2673 5232 LXX
2703 5178 3079 5257 interpretes,
3109 5183 3227 5257 τρὺς
3246 5182 3410 5244 λίθους
3435 5189 3529 5257 τῆς
3546 5181 3938 5257 πλῃμισφςϊ

2305 5247 2507 5327 animi;
2528 5262 2801 5324 συνθέσεις.
2842 5255 3067 5311 Textus
3111 5255 3292 5311 Hebr.
3315 5297 3331 5327 ,
3380 5275 3402 5306 ι
3445 5247 3679 5327 lapides
3718 5247 3941 5327 plenitu-

2309 5341 2466 5395 dine.
2489 5325 2529 5387 ί»
2562 5336 2876 5407 Chaldaica
2904 5335 3205 5406 paraphr.,
3230 5356 3265 5407 γε
3300 5325 3531 5407 lapides
3548 5333 3621 5389 ad
3638 5325 3940 5407 implendas

2311 5410 2644 5466 cmiaturas.
2683 5428 2705 5454 ιι
2738 5398 3127 5472 Οιιοὰάιιιὸηι
3147 5398 3746 5473 εὐδάὶιληιιποείυεζ
3780 5421 3801 5449 ι
3821 5398 3942 5473 lupi;

2311 5461 3077 5550 «iEs'EBxhpositi,1.qum
3115 5475 3658 5550 verbahreferenda
3705 5461 3834 5550 sunt
3871 5461 3943 5546 ἐἀ

2222 5552 2239 5581 ’³
2308 5535 2636 5621 among,
2681 5565 2751 5604 ea
2780 5535 2926 5605 nihil
2956 5535 3173 5604 habent
3201 5550 3262 5604 in
3284 5548 3541 5605 Hebrmo
3561 5548 3662 5603 aut
3677 5535 3943 5621 versioni-

2310 5614 2777 5704 bu'saliis'quod
2799 5629 2937 5704 _sib_i_
2954 5628 3313 5704 respondeat
3332 5644 3345 5689 :
3366 5627 3523 5686 sicut
3542 5640 3653 5685 nec
3687 5644 3708 5677 ι
3741 5614 3942 5696 lapides

2312 5700 2706 5779 supplementi
2738 5720 2761 5755 υ
2796 5700 2857 5761 ἱιι
2888 5700 3157 5777 Vulgata.
3200 5734 3207 5737 -
