4050 6182
269 389 381 454 585

1645 385 1760 453 DE
1799 384 1996 452 FIDE
2039 384 2199 456 LIB.
2235 384 2320 454 ‘ll.

3597 388 3720 456 586

269 593 403 660 sint,
454 589 632 646 lectio
667 589 859 646 docet.
908 589 1125 661 (Exod.
1162 608 1343 657 xxxv,
1369 589 1579 659 21-26),
1612 589 1768 662 quod
1804 605 1938 644 cum
1970 581 2024 644 Α
2126 589 2213 646 14.
2256 590 2418 646 Bona
2449 605 2594 663 ergo
2625 589 2793 659 ﬁdes,
2821 603 2954 645 cum
2969 589 3219 662 pulchro
3241 605 3488 662 operum
3503 591 3720 646 renitet

265 681 362 735 alii
393 679 507 734 alia
551 679 763 735 viliora
803 679 1122 747 deferrent,
1157 680 1308 733 istos
1341 683 1536 733 tamen
1566 679 1797 750 lapides
1830 696 1938 734 su-

262 786 374 840 per
421 770 705 824 humeros
748 785 895 824 suos
947 769 1214 839 religiosi
1259 768 1560 838 principes
1599 769 1937 836 attulerunt,

266 875 344 913 ex
364 860 583 930 quibus
609 858 874 913 fecerunt
897 858 1197 927 rationale,
1223 874 1372 928 opus
1412 858 1612 912 textile
1635 856 1937 925 (lbid.':27).

266 949 498 1003 Textile
534 949 690 1003 enim
719 963 868 1019 opus
917 951 1028 1017 est,
1061 949 1297 1019 quando
1332 947 1468 1001 iidei
1503 947 1655 1001 facta
1688 962 1940 1001 concor-

266 1038 425 1093 danL

344 1145 432 1199 11.
467 1144 592 1200 Nec
625 1160 716 1200 me
746 1144 962 1216 aliquis
997 1160 1195 1199 errare
1228 1147 1409 1214 putet,
1445 1144 1581 1215 quia
1625 1159 1806 1214 supra
1837 1142 1946 1197 tri-

272 1236 547 1307 partitam
577 1234 650 1288 de
679 1233 1005 1304 quaternis,
1049 1234 1258 1288 subter
1287 1248 1430 1288 vero
1465 1233 1949 1304 quadripertitam

274 1326 351 1380 de
380 1323 567 1379 ternis
599 1322 711 1378 feci
735 1323 1193 1377 distinctionem.
1221 1323 1368 1376 Boni
1401 1323 1600 1392 operis
1625 1322 1812 1394 gratia
1843 1336 1952 1391 per

281 1413 557 1469 diversas
587 1412 724 1483 plus
753 1412 944 1483 placet
968 1411 1211 1466 formas.
1240 1412 1400 1465 Bona
1422 1413 1579 1466 enim
1605 1414 1662 1465 et
1689 1410 1786 1464 illa
1815 1426 1949 1481 qua:

279 1503 602 1558 textrinum
633 1501 959 1556 indumenti
991 1500 1382 1556 sacerdotalis
1415 1499 1692 1568 ostendit,
1724 1499 1820 1554 vel
1852 1499 1952 1553 lex

298 1591 549 1661 scilicet,
582 1589 678 1645 vel
710 1589 999 1660 Ecclesia,
1031 1605 1165 1661 quae
1203 1589 1377 1643 binas
1407 1591 1612 1643 vestes
1660 1587 1799 1642 fecit
1826 1588 1956 1642 viro

304 1696 436 1750 suo,
499 1679 656 1734 sicut
695 1679 982 1749 scriptum
1013 1681 1105 1732 est
1135 1677 1344 1747 (Prov.
1379 1695 1542 1746 xxxx,
1576 1678 1666 1748 22)
1707 1693 1720 1733 :
1783 1693 1958 1732 unam

299 1769 521 1840 operis,
553 1769 796 1823 alteram
827 1767 1062 1837 mentis,
1102 1767 1237 1822 ﬁdei
1261 1767 1532 1822 intexens
1558 1767 1963 1838 factorumque

281 1858 598 1913 velamina.
631 1857 831 1929 Itaque
864 1856 1025 1926 alibi,
1059 1857 1213 1910 sicut
1249 1856 1524 1928 legimus,
1573 1872 1779 1911 aurum
1809 1872 1968 1926 prie-

278 1949 467 2018 texit;
527 1951 584 2002 et
640 1949 848 2017 postea
915 1945 1299 2016 hyacinthum
1341 1937 1490 2000 473
1541 1961 1608 1998 ac
1644 1961 1967 2016 purpuram
1998 1965 2048 2027 Β

294 2053 431 2091 cum
454 2050 637 2090 cocco
651 2034 965 2106 subjungit
989 2039 1042 2088 et
1063 2035 1522 2106 byssoliursus
1544 2034 1685 2089 alibi
1715 2050 1790 2089 ex
1821 2033 1969 2104 hya-

284 2125 493 2181 cintho
519 2127 573 2179 et
605 2125 841 2179 caeteris
873 2124 1041 2194 prius
1067 2123 1352 2178 ﬂosculos
1385 2123 1616 2192 format,
1641 2139 1968 2194 aurumque

289 2215 614 2283 subnectit,
653 2217 710 2269 et
756 2229 911 2268 unus
958 2216 1051 2268 est
1080 2213 1194 2284 (81)
1227 2212 1464 2267 habitus
1499 2213 1870 2281 sacerdotis;
1912 2214 1974 2265 ut

278 2304 500 2358 iisdem
536 2302 850 2358 coloribus
881 2302 1132 2372 micans,
1158 2303 1365 2374 gratiae
1397 2303 1752 2375 decorisque
1775 2302 1974 2357 diver-

281 2395 437 2449 sitas
461 2392 701 2447 ordinis
733 2392 1078 2447 diversitate
1108 2391 1505 2462 resplendeat.

372 2500 462 2555 12.
505 2499 705 2571 Itaque
751 2502 812 2554 ut
844 2499 1020 2554 etiam
1052 2499 1300 2554 rationis
1339 2499 1552 2571 typicae
1584 2498 1778 2554 series
1807 2497 1979 2570 dige-

298 2593 486 2660 ratur,
521 2605 665 2644 auro
697 2591 752 2644 et
773 2591 1018 2661 argento
1042 2588 1334 2659 probabili
1355 2589 1600 2658 (82)non
1617 2591 1708 2643 est
1738 2589 1982 2643 dubium

300 2678 543 2749 eloquia
584 2678 818 2732 Domini
875 2677 1200 2750 designari,
1261 2678 1481 2749 quibus
1536 2678 1685 2732 fides
1726 2681 1976 2733 constat.

309 2767 612 2837 Scriptum
670 2770 762 2821 est
809 2768 967 2822 enim
1009 2783 1023 2823 :
1089 2789 1111 2816 ι
1156 2764 1404 2839 Eloquia
1455 2767 1707 2836 Domini,
1749 2767 1982 2838 eloquia

302 2861 494 2926 casta,
511 2860 820 2928 argentum
845 2857 982 2928 igne
1005 2857 1423 2927 examinatum,
1447 2855 1756 2928 probatum
1785 2860 1981 2926 terrae»,

297 2949 624 3017 purgatum
656 2945 1202 3016 septuplum(Psa1.
1224 2963 1306 3017 χι,
1330 2946 1406 3016 Ἴ).
1437 2968 1460 2996 ι
1491 2947 1860 3018 Hyacinthus
1883 2962 1985 3000 au-

301 3041 425 3090 tem
456 3036 615 3090 aeris
634 3035 811 3090 habet
832 3035 1278 3090 similitudinem
1299 3036 1432 3106 (83),
1449 3052 1624 3108 quem
1659 3032 1983 3106 spiramus,

300 3129 360 3180 et
386 3124 566 3196 cujus
601 3124 899 3195 carpimus
922 3125 1119 3180 ﬂatum
1147 3141 1158 3180 :
1181 3141 1443 3195 purpura
1462 3141 1698 3197 quoque
1723 3125 1989 3195 speciem

304 3230 597 3286 aquarum
627 3213 904 3284 exprimit
936 3231 948 3269 :
983 3229 1091 3285 per
1113 3229 1357 3269 coccum
1389 3215 1547 3286 ignis
1581 3215 1940 3286 intelligitur
1971 3230 1983 3268 :

2057 683 2266 735 ornatu
2297 696 2310 735 ε
2346 681 2417 734 de
2449 696 2582 750 qua,
2619 684 2678 734 ut
2708 680 2779 733 ad
2821 697 3110 734 summam
3158 681 3384 752 loquar,
3427 681 3722 736 deﬁnitio-

2058 785 2166 824 nes
2199 769 2327 824 istae
2352 773 2508 838 sunt,
2547 786 2681 840 quaa
2720 783 2838 824 non
2869 773 3092 840 queunt
3135 769 3308 825 solvi.
3345 769 3407 825 Si
3436 785 3512 825 ex
3539 770 3724 824 nihilo

2059 862 2172 927 est,
2213 875 2331 913 non
2363 863 2452 913 est
2485 858 2670 913 Filius
2702 873 2714 913 :
2751 859 2805 913 si
2837 863 3105 913 creatura
3136 862 3248 928 est,
3283 875 3401 914 non
3433 863 3522 914 est
3555 874 3726 913 crea-

2062 950 2202 1002 tor:
2245 948 2297 1002 si
2354 947 2579 1002 i'actura
2635 951 2747 1016 est,
2800 964 2917 1002 non
2967 951 3059 1002 est
3110 948 3369 1003 omnium
3407 947 3596 1002 factor
3628 964 3643 1003 :
3675 947 3730 1002 si

2064 1037 2328 1106 discens,
2345 1053 2462 1092 non
2485 1038 2917 1109 praecognitor:
2944 1038 2996 1092 si
3015 1037 3338 1108 accipiens,
3356 1051 3473 1092 non
3495 1039 3586 1092 est
3606 1051 3734 1108 per-

2064 1125 2257 1181 fectus
2295 1141 2308 1181 :
2345 1127 2398 1180 si
2427 1125 2766 1196 proﬁciens,
2791 1143 2908 1182 non
2940 1130 3033 1182 est
3064 1128 3223 1181 Deus
3258 1119 3276 1181 ε’
3304 1126 3360 1180 si
3390 1125 3729 1194 dissimilis,

2067 1231 2186 1270 non
2217 1216 2416 1287 imago
2453 1232 2464 1270 :
2501 1215 2554 1269 si
2581 1230 2687 1286 per
2714 1216 2984 1288 gratiam,
3037 1230 3154 1270 non
3193 1231 3300 1286 per
3327 1218 3600 1270 naturam
3633 1229 3645 1269 :
3683 1213 3737 1268 si

2069 1304 2392 1359 divinitatis
2422 1319 2639 1375 expers
2658 1304 2794 1376 (85),
2817 1308 3024 1360 auctor
3044 1303 3279 1360 malitia
3312 1320 3324 1360 :
3366 1327 3387 1355 ι
3424 1304 3612 1360 Nemo
3630 1302 3739 1359 bo-

2071 1381 2206 1463 n'us,
2241 1393 2358 1448 nisi
2387 1409 2542 1448 unus
2566 1393 2725 1448 Deus
2754 1393 2968 1464 (Marc.
3003 1410 3063 1464 x,
3087 1393 3199 1462 18).
3230 1420 3251 1442 η

2595 1553 2848 1610 CAPUT
2890 1554 3214 1610 PRIMUM.

2075 1678 2438 1752 Arianorum
2461 1678 2575 1733 Dei
2593 1678 3085 1752 Filiobonitatem
3108 1679 3524 1752 abrogantium
3545 1677 3748 1752 objec-

2151 1750 2518 1833 tfionetnnon
2550 1751 2698 1833 sine
2745 1750 3002 1806 horrore
3043 1750 3406 1833 propositam
3441 1758 3500 1833 ut
3531 1750 3746 1821 solvat,

2153 1820 2388 1876 Clu-isti
2417 1822 2786 1896 sententiam
2820 1837 2899 1896 ex
2919 1820 3203 1896 personis
3235 1821 3614 1896 loquentiam,
3639 1820 3750 1880 nec

2153 1909 2265 1948 non
2299 1909 2378 1947 ex
2404 1893 2556 1964 ipsis
2578 1892 2945 1948 dictionibus
2965 1893 3245 1967 explicat.

2155 2017 2241 2072 15.
2276 2017 2494 2088 Stupeo
2525 2019 2740 2089 utaque
2771 2017 2843 2073 ad
2893 2018 3140 2090 reliqua,
3173 2021 3378 2074 sancte
3407 2019 3748 2091 imperator,

2083 2110 2138 2161 et
2171 2109 2289 2161 toto
2313 2122 2562 2176 corpore
2593 2107 2908 2178 animoque
2941 2107 3173 2178 deﬁcio,
3209 2123 3349 2163 esse
3382 2107 3617 2180 aliquos
3648 2107 3755 2164 ho-

2084 2195 2297 2264 mines,
2331 2195 2424 2249 vel
2456 2195 2651 2264 potius
2685 2211 2802 2250 non
2837 2195 3131 2267 homines,
3183 2196 3292 2251 sed
3323 2197 3576 2251 humana
3609 2197 3756 2252 ado-

2085 2287 2288 2355 pertos
2310 2283 2531 2354 specie,
2567 2284 2724 2338 intus
2755 2286 2952 2338 autem
2983 2284 3294 2341 dementias
3316 2285 3620 2344 bestialis:
3652 2285 3756 2358 qui

2087 2376 2223 2445 post
2251 2375 2409 2427 tanta
2442 2372 2673 2428 Domini
2704 2375 2761 2428 et
2789 2375 2906 2428 tam
2943 2372 3142 2430 divina
3184 2372 3497 2447 beneficia,
3531 2374 3756 2431 bonum

2088 2465 2307 2535 negent
2339 2462 2532 2533 ipsum
2553 2466 2857 2518 auctorem
2885 2463 3200 2547 bonorum.

2161 2571 2248 2624 16.
2282 2569 2577 2641 Scriptum
2599 2573 2710 2640 est,
2736 2569 3009 2642 inquiunt
3044 2587 3056 2626 :
3095 2593 3118 2622 ι
3162 2557 3349 2628 Nemo
3387 2571 3607 2644 bonus,
3639 2572 3758 2628 nisi

2090 2676 2246 2716 unus
2281 2660 2438 2714 Deus
2473 2661 2686 2728 (.llarc.
2719 2677 2775 2730 v,
2812 2660 2920 2731 18).
2971 2659 3267 2734 Scriptum
3298 2679 3614 2734 agnosco:
3650 2662 3760 2718 sed

2091 2750 2285 2804 littera
2317 2764 2580 2804 errorem
2603 2765 2722 2805 non
2750 2749 2929 2804 habet
2953 2765 2968 2820 ;
3000 2751 3222 2806 utinam
3245 2752 3462 2808 Ariana
3484 2752 3766 2823 interpres

2093 2839 2234 2894 tatio
2257 2853 2373 2892 non
2397 2837 2641 2893 haberet
2665 2836 2678 2893 l
2703 2839 2920 2909 Apices
2951 2838 3082 2894 sine
3102 2840 3346 2896 crimine
3361 2844 3518 2912 sunt,
3540 2857 3762 2896 sensus

2097 2929 2156 2982 in
2214 2927 2478 2982 crimine.
2532 2927 2762 2982 Dictum
2807 2928 3038 2983 Domini
3069 2929 3394 2986 Salvatoris
3445 2946 3761 3004 agnosco:

2096 3009 2248 3073 474
2279 3017 2384 3072 sed
2418 3017 2867 3073 consideramus
2898 3019 3133 3090 quando
3163 3020 3337 3091 dicat,
3373 3037 3488 3093 qua
3520 3021 3767 3076 circum;

2101 3107 2404 3179 spectione
2435 3106 2609 3161 dicat.

2175 3215 2261 3270 1'7.
2297 3213 2448 3268 Dicit
2486 3214 2684 3287 utique
2725 3213 2784 3269 in
2831 3213 3089 3270 hominis
3149 3215 3337 3272 forma
3395 3217 3503 3272 Dei
3553 3217 3762 3287 Filius,

303 3307 467 3358 terra
505 3319 613 3373 per
667 3303 952 3373 byssum;
1005 3303 1133 3358 haec
1177 3303 1333 3358 enim
1379 3320 1454 3359 ex
1496 3305 1653 3359 terra
1699 3303 1987 3376 gignitur,
2020 3331 2070 3394 ο
2103 3307 2159 3360 et
2188 3304 2327 3358 dicit
2358 3303 2605 3372 Scribae,
2637 3303 2691 3358 ei
2730 3304 2960 3359 scilicet
2990 3305 3087 3376 qui
3139 3305 3491 3378 magistrum
3545 3305 3768 3362 bonum

307 3391 401 3447 Ex
450 3391 547 3446 his
595 3395 791 3446 autem
833 3395 1086 3464 quatuor
1131 3392 1439 3448 elementis
1481 3409 1701 3464 corpus
1748 3393 1991 3448 subs-itit

311 3481 657 3536 humanum.

386 3587 474 3644 13.
508 3587 646 3644 Sive
669 3603 816 3661 ergo
855 3590 1070 3644 mentis
1101 3587 1238 3644 ﬁdei
1263 3589 1625 3660 praecedenti
1665 3589 1990 3646 concinen-

318 3678 393 3732 tia
417 3677 534 3747 (81)
564 3679 836 3749 corporis
868 3678 1020 3732 facta
1038 3679 1395 3736 subnectas:
1429 3680 1559 3734 sive
1589 3679 1741 3734 facta
1769 3695 1992 3750 praece-

323 3767 478 3831 dant,
515 3769 571 3822 et
593 3767 742 3822 fides
763 3767 1116 3838 astipuletur
1135 3784 1338 3824 comes
1359 3768 1648 3841 religiosa
1679 3767 1990 3838 factorum,

326 3856 421 3911 hic
452 3856 728 3928 religiosi
767 3861 1010 3912 ornatus
1040 3858 1344 3928 antistitis,
1376 3857 1489 3913 hoc
1508 3858 1776 3914 velamen
1799 3860 1891 3913 est
1906 3873 1997 3913 sa-

331 3945 613 4001 cerdotis.

396 4087 512 4157 (81)
543 4087 772 4142 Thuan.
808 4100 984 4158 unus,
1012 4091 1070 4143 et
1113 4103 1260 4144 unus
1281 4101 1366 4159 es,
1391 4092 1503 4146 etc.
1537 4086 1692 4145 Infra
1724 4106 1864 4146 vero
1895 4088 1998 4146 ubi

326 4176 439 4214 nos
490 4176 627 4214 eum
666 4159 800 4214 Gill.
853 4161 913 4214 in
946 4162 1232 4233 margine,
1269 4163 1438 4216 Rom.
1487 4162 1624 4216 edit.
1657 4163 1716 4216 in
1749 4179 1997 4233 corpore

327 4248 396 4285 ac
422 4247 588 4303 mss.,
607 4236 877 4302 quatuor,
900 4233 1097 4286 series
1117 4233 1456 4303 digeratur;
1474 4233 1572 4287 alii
1604 4250 1750 4288 mss.
1771 4250 1840 4288 ac
1859 4234 1996 4288 edit.

327 4304 533 4377 series
550 4302 941 4377 designatur;
975 4303 1144 4358 Erus.
1176 4302 1232 4358 et
1251 4305 1408 4373 Gill.,
1440 4307 1604 4377 serie
1627 4305 1998 4377 designatur.

401 4375 516 4446 (82)
550 4374 980 4446 Mssiraliquot,
1016 4381 1073 4428 et
1097 4382 1347 4443 argento
1386 4375 1700 4446 operabili.

405 4445 518 4515 (83)
553 4445 635 4518 De
677 4445 1303 4518 illaihorumiquatuor
1349 4445 1614 4501 colorum
1645 4449 1999 4518 interpreta-

334 4517 496 4571 tione
525 4516 715 4570 adisis
746 4517 1223 4590 observationem
1242 4520 1503 4573 nostram
1522 4519 1580 4572 in
1598 4516 1817 4590 expos.
1834 4519 1992 4574 Psal.

333 4605 536 4656 cxvm,
570 4603 752 4642 serm.
791 4587 876 4656 19,
912 4604 1070 4642 num.
1097 4589 1186 4642 22.

1231 4661 1626 4728 concinentia,
1652 4685 1672 4709 υ
1709 4622 2002 4733 quaedam,
2031 4697 2083 4755 ι)

336 4730 725 4786 conscientia.

415 4804 529 4871 (85)
569 4801 800 4855 Omnes
827 4802 989 4871 edit.,
1015 4817 1083 4856 ac
1121 4802 1324 4873 plures
1357 4819 1529 4872 mss.,
1568 4827 1588 4851 σι
1626 4804 1677 4857 si
1720 4804 2002 4858 bonitatis

342 4889 604 4945 expers;
641 4895 662 4946 ιξ
709 4873 976 4946 ᾼιιᾴοθη.
1019 4877 1232 4940 tamen,
1292 4874 1520 4943 Ebrul.,
1559 4875 1688 4946 Big.
1741 4879 1796 4930 et
1840 4876 2007 4929 Coll).

339 4943 519 5012 unus,
557 4968 578 4991 ι
615 4945 666 4998 si
698 4943 1040 5016 divinitatis.
1080 4966 1101 4993 ι
1140 4947 1350 5015 Aptius
1383 4962 1526 5000 sane
1552 4989 1566 5013 ,
1602 4943 1662 5000 ut
1698 4946 2010 5016 subjectus

339 5019 664 5087 Scriptura:
687 5019 882 5070 textus
907 5015 1062 5070 clare
1083 5017 1360 5071 ostendit.
1389 5017 1571 5072 Porro
1596 5034 1729 5071 cum
1760 5015 1872 5071 hoc
1903 5033 2008 5071 eo-

338 5090 472 5145 dem
504 5087 843 5142 testimonio
874 5087 1139 5141 hzeretici
1177 5087 1262 5141 illi
1310 5089 1710 5155 abuterentur,
1747 5094 1808 5142 ut
1838 5089 2004 5142 Chri-

346 5167 504 5216 stum
519 5158 1320 5228 spoliarentdivinitate,illud
1339 5161 1790 5214 strenuePati-es
1810 5164 2013 5214 contra

343 5229 1130 5302 ipsosmetﬂretorquebant,
1173 5231 1643 5302 astruebantquc
1685 5247 1801 5285 non
1832 5247 2013 5301 posse

346 5300 591 5374 propter
623 5301 784 5374 illum
816 5300 1009 5354 locum
1040 5301 1186 5355 Filio
1210 5302 1431 5374 negari
1467 5300 1850 5374 divinitatem,
1876 5302 2018 5372 quin

349 5373 527 5428 simul
559 5373 794 5426 bonitas
835 5388 1071 5444 quoque
1105 5373 1219 5442 ipsi
1259 5377 1530 5444 negetur.
1566 5373 1733 5426 Unde
1765 5374 2014 5427 ulterius

352 5447 790 5516 promoventes
831 5442 1046 5516 malum
1105 5442 1374 5516 eumdem
1421 5446 1481 5498 in
1512 5459 1714 5498 eorum
1745 5444 2019 5514 opinione

353 5514 669 5587 dicendum
702 5514 1072 5587 evincebant.
1096 5515 1223 5579 Quo
1255 5531 1475 5586 genere
1507 5517 1840 5587 argumenti
1899 5531 2016 5587 non

354 5588 549 5642 solum
571 5586 668 5640 hic
698 5590 755 5640 et
783 5601 962 5655 supra
987 5585 1088 5639 lib.
1122 5603 1160 5649 ι.
1196 5585 1322 5655 cap.
1357 5588 1408 5650 5,
1446 5602 1555 5640 nec
1587 5585 1720 5640 'non
1751 5585 2018 5656 Exposit.

353 5661 410 5714 in
433 5659 578 5712 Luc.
627 5657 728 5711 lib.
777 5673 857 5725 ιιι,
895 5673 1053 5710 num.
1093 5657 1164 5710 65
1191 5661 1246 5712 et
1267 5673 1396 5728 seq.
1431 5658 1612 5712 utitur
1639 5657 2018 5722 Ambrosius,

355 5746 563 5786 verum
582 5729 758 5800 etiam
775 5728 1295 5800 praeterHilarium
1310 5727 1819 5800 Epiphaniumque
1838 5727 2022 5800 hujus

358 5801 561 5874 Operis
590 5799 694 5874 l_ib.
717 5803 774 5854 et
804 5816 931 5874 cap.
957 5799 1148 5874 citatis
1167 5803 1545 5874 memoratos,
1568 5799 1827 5874 Basilius
1846 5799 1947 5874 lib.
1965 5815 2025 5855 1v

359 5870 566 5938 contra
582 5870 1188 5946 Eunom.,Gregorins
1206 5871 1390 5950 Nysa.
1416 5875 1565 5948 orat,
1582 5870 1645 5932 11
1670 5871 1732 5932 in
1753 5871 2025 5933 eumdem

647 5969 907 6036 ΡΑτιιοι..
947 5969 1104 6035 XVI.

2104 3395 2208 3450 Dei
2232 3393 2443 3449 Filium
2473 3393 2819 3463 nominaret,
2841 3393 3027 3448 Deum
3048 3398 3310 3467 negaret.
3335 3395 3501 3460 Quod
3525 3395 3621 3450 ille
3650 3410 3770 3450 non

2105 3483 2309 3553 credit,
2371 3482 2644 3538 Christus
2717 3482 3040 3555 adiungit:
3101 3488 3163 3538 ut
3219 3484 3326 3540 Dei
3379 3484 3592 3540 Filium
3650 3499 3770 3540 non

2105 3576 2168 3628 ut
2238 3573 2458 3627 bonum
2534 3571 2904 3643 magistrum,
2983 3571 3088 3627 sed
3174 3576 3238 3627 ut
3297 3573 3520 3630 bonum
3587 3573 3774 3628 Deum

2107 3663 2325 3717 credat.
2389 3661 2536 3715 Nam
2578 3661 2772 3715 sicubi
2829 3677 2983 3716 unus
3035 3663 3194 3718 Deus
3260 3661 3492 3733 dicitur,
3554 3679 3775 3735 nequa:

2105 3768 2281 3824 quam
2352 3753 2548 3805 tamen
2613 3751 2717 3804 Dei
2803 3749 2992 3806 Filius
3077 3750 3150 3806 ab
3215 3752 3456 3807 unitatis
3523 3752 3775 3824 plenitu-

2107 3842 2244 3896 dine
2319 3842 2629 3911 separatur
2703 3839 2843 3910 (86);
2899 3840 3196 3912 quomodo
3251 3841 3353 3896 ubi
3405 3857 3562 3896 unus
3612 3842 3773 3898 Deus

2106 3931 2302 3987 bonus
2333 3931 2721 4000 nuncupatur,
2766 3945 2799 3982 a
2847 3928 3206 4000 plenitudine
3251 3929 3469 3986 divinas
3497 3929 3778 3988 bonitatis

2109 4091 2472 4159 haereticum,
2507 4094 2563 4144 et
2588 4090 2844 4160 Cyrillus
2878 4090 3044 4146 Alex.
3093 4091 3153 4146 in
3211 4091 3532 4161 Thesauro,
3593 4089 3775 4147 simili

2110 4165 2336 4218 ratione
2386 4163 2773 4234 argumentati
2823 4166 2980 4217 sunt.
3029 4161 3196 4228 Quod
3249 4169 3442 4219 autem
3502 4165 3778 4218 Petavius

2111 4234 2348 4306 tomoll
2390 4233 2933 4306 TlieologLDogmq
2965 4234 3067 4288 lib.
3102 4252 3140 4288 ιι
3173 4235 3246 4289 de
3295 4235 3534 4304 Trinit.,
3558 4251 3686 4306 cap.
3718 4235 3774 4302 4,

2113 4305 2322 4360 scribit
2335 4304 2620 4377 quosdam
2648 4304 2891 4359 Veteres
2909 4321 3068 4374 esse,
3085 4322 3236 4377 quos
3259 4307 3410 4360 inter
3425 4304 3778 4377 Gregorium

2115 4379 2295 4448 Nyss.
2323 4383 2378 4430 et
2401 4376 2779 4430 Ambrosium
2809 4380 3095 4444 numerat,
3113 4376 3142 4423 ⁷·
3160 4377 3262 4448 qui
3294 4393 3410 4432 non
3433 4376 3578 4431 satis
3597 4379 3780 4448 anim:

2116 4447 2367 4503 adversa
2400 4465 2482 4510 re,
2519 4447 2928 4502 vehementius
2970 4448 3027 4500 in
3059 4447 3374 4502 haereticos
3406 4449 3542 4501 illos
3566 4447 3780 4502 invecti

2117 4525 2274 4588 sunt,
2295 4523 2572 4589 tanquam
2595 4519 2812 4572 malum
2835 4535 2973 4572 esse
2994 4519 3098 4572 Dei
3149 4519 3311 4572 ilium
3330 4534 3405 4572 ex
3425 4533 3629 4572 eorum
3653 4535 3784 4572 ora-

2117 4593 2275 4646 tione
2307 4606 2685 4660 consequcns
2720 4590 2902 4656 foret;
2939 4613 2960 4636 η
2997 4605 3114 4642 non
3147 4590 3377 4643 videtur
3405 4591 3500 4642 vir
3528 4605 3782 4660 magnus

2119 4679 2241 4717 rem
2277 4663 2424 4715 satis
2459 4661 2586 4731 ipse
2616 4661 2996 4731 expendisse.
3016 4660 3160 4731 Nam
3176 4661 3229 4714 si
3253 4660 3435 4714 Filius
3455 4676 3571 4714 non
3590 4677 3696 4730 per
3716 4676 3784 4714 se

2120 4738 2178 4788 et
2209 4737 2411 4786 natura
2445 4730 2552 4785 sua
2574 4730 2768 4785 bonus
2800 4735 2911 4798 est,
2939 4730 3042 4784 sed
3076 4735 3298 4785 tantum
3319 4735 3562 4786 externe
3596 4736 3651 4786 et
3683 4732 3784 4786 ad-

2120 4805 2362 4858 ventitia
2385 4803 2641 4857 bonitate
2664 4807 2725 4856 ut
2755 4807 3040 4856 creaturae
3070 4802 3222 4869 aliae,
3267 4802 3423 4873 quod
3474 4819 3547 4857 ex
3579 4818 3785 4857 eorum

2123 4877 2386 4930 oratione
2418 4874 2628 4927 deduci
2659 4875 2788 4942 ipse
2821 4874 3094 4944 Petavius
3119 4873 3365 4940 fatetur;
3399 4874 3534 4928 inde
3555 4875 3790 4944 profec-

2123 4952 2182 5001 to
2217 4947 2323 5000 rite
2372 4947 2642 5015 sequitur
2686 4943 2955 4998 eumdem
2988 4944 3198 4998 Filium
3243 4946 3481 4999 seclusa
3521 4943 3790 5016 precaria

2125 5019 2222 5072 illa
2272 5017 2526 5070 bonitate
2577 5018 2922 5084 spectatum,
2978 5015 3090 5069 hoc
3149 5032 3336 5070 sensu
3380 5015 3597 5071 malum
3638 5017 3788 5086 fore,

2128 5089 2285 5159 quod
2319 5090 2482 5159 esset
2503 5086 2904 5159 imperfectus,
2927 5090 2986 5159 et
3008 5088 3390 5159 corruptioni,
3427 5089 3635 5157 errori,
3662 5104 3794 5158 pec-

2130 5157 2257 5214 cato
2285 5158 2537 5228 denique
2569 5157 2884 5230 obnoxius.
2924 5157 2992 5230 Et
3023 5158 3135 5212 hoc
3166 5159 3479 5230 plusquam
3502 5160 3649 5213 satis
3666 5157 3797 5214 erat

2133 5230 2428 5297 Patribus,
2463 5232 2524 5282 ut
2573 5245 2689 5283 non
2737 5229 2906 5282 aliter
2936 5229 2994 5282 in
3045 5231 3299 5285 Arianos
3325 5229 3786 5299 inveherentur,

2131 5318 2305 5373 quam
2336 5301 2658 5373 quomodo
2682 5301 3334 5373 invectos_reperimus.
3356 5302 3464 5356 His
3494 5303 3668 5356 etiam
3700 5317 3798 5373 ac-

2133 5369 2286 5428 cedit
2317 5369 2474 5442 quod
2530 5371 2886 5425 Ambrosius
2939 5369 3108 5441 Oflic,
3142 5373 3242 5428 lib.
3277 5390 3315 5442 ι,
3358 5390 3410 5427 c.
3444 5373 3532 5442 25,
3567 5389 3632 5426 n.
3672 5369 3795 5440 117,

2135 5443 2486 5498 Eunomium
2509 5443 2810 5515 Marcioni
2844 5442 3060 5514 jungit,
3107 5445 3280 5515 quasi
3309 5445 3513 5515 eadem
3543 5445 3615 5498 de
3647 5443 3798 5496 duo-

2133 5514 2576 5586 busprincipiis
2607 5516 2977 5568 sentientem.
3014 5516 3095 5569 De
3126 5514 3244 5586 quo
3275 5531 3387 5570 nos
3408 5514 3510 5568 ibi.

2208 5583 2319 5654 (86)
2369 5583 2670 5640 Ita'Rom.
2706 5586 2842 5640 edit.
2879 5602 3032 5640 cum.
3076 5583 3226 5641 mss.
3273 5587 3455 5640 multo
3493 5583 3797 5654 pluribus;

2177 5673 2385 5711 uorum
2441 5661 2633 5711 tamen
2681 5657 2796 5710 duo
2846 5657 3068 5728 legunt.
3115 5699 3129 5712 .
3175 5698 3188 5712 .
3235 5697 3249 5712 .
3317 5680 3339 5703 «ι
3375 5672 3408 5708 a
3439 5654 3801 5728 plenitudine

2177 5673 2385 5711 uorum
2441 5673 2633 5711 tamen
2681 5673 2796 5710 uno
2847 5673 3068 5728 legunt.
3115 5699 3129 5712 .
3175 5698 3188 5712 .
3235 5697 3249 5712 .
3317 5680 3339 5703 «ι
3375 5673 3408 5708 a
3439 5673 3801 5726 plenitudine

2134 5673 2354 5784 divinae
2385 5728 2716 5800 majestatis
2749 5732 2806 5782 et
2829 5728 3191 5800 bonitatis;»
3227 5730 3343 5800 vet.
3363 5731 3556 5781 autem
3579 5725 3716 5782 edit.
3733 5741 3804 5784 ac

2135 5801 2308 5874 pauci
2341 5798 2512 5874 mss.,
2541 5821 2564 5852 ι
2599 5815 2648 5874 ag
2667 5799 2989 5874 divinitatis
3007 5798 3368 5874 plenitudine
3400 5800 3804 5872 separatum...

2139 5871 2173 5933 ἰ
2195 5871 2564 5952 plenitudine
2595 5871 2812 5937 divinae
2834 5871 3166 5951 potestatis,
3205 5890 3229 5926 ι
3264 5872 3378 5930 etc.

3437 5965 3531 6046 19,
