4050 6182
383 383 492 451 589

1761 387 1874 456 DE
1902 386 2097 458 FIDE
2122 387 2283 459 LIB.
2315 392 2398 458 Il.
3701 407 3823 472 590

439 589 528 646 30.
577 589 769 647 Judaei
825 590 1118 663 dicebant,
1163 617 1184 641 ‹ι
1207 595 1268 648 ut
1322 594 1516 650 bonus
1577 598 1668 650 est
1723 595 1903 662 (Joan.
1965 612 2046 650 vn

2178 577 2302 642 I77
2345 587 2840 659 depraedaveruut
2878 604 3009 662 vos,
3052 591 3331 664 quoniam
3362 593 3462 668 qui
3490 597 3680 671 tangit
3709 615 3820 654 vos

377 679 482 750 12).
515 701 538 729 ιι
569 679 697 735 Etsi
729 681 829 736 alii
869 681 1177 738 dicebant:
1209 705 1228 731 ιι
1274 683 1405 739 Non
1437 688 1528 738 est
1572 708 1594 732 ιι
1636 684 1732 737 alii
1773 685 2047 739 dicebant

371 771 600 824 tamen:
633 792 654 816 ιι
682 770 886 825 Bonus
910 775 1022 842 est;
1052 796 1070 819 ιι
1101 777 1154 826 οι
1175 789 1283 827 vos
1318 789 1524 828 omnes
1542 773 1762 828 bonum
1785 775 2038 845 negatis.

449 857 537 912 31.
599 859 805 914 Bonus
880 864 1008 931 est,
1069 862 1169 932 qui
1236 867 1539 932 peccatum
1599 863 1774 917 unius
1833 863 2043 932 donat;

375 951 433 1002 et
470 947 668 1003 bonus
701 965 820 1004 non
869 954 980 1018 est,
1039 951 1140 1021 qui
1168 955 1472 1021 peccatum
1512 951 1713 1006 mundi
1761 952 2049 1006 abstulit?

374 1037 457 1092 De
486 1038 619 1108 ipso
660 1039 816 1092 enim
849 1039 1067 1094 dictum
1101 1044 1192 1094 est
1234 1056 1245 1094 :
1287 1063 1307 1089 α
1349 1040 1500 1096 Ecce
1524 1043 1732 1112 Agnus
1759 1041 1880 1111 Dei,
1906 1056 2046 1095 ecce

373 1124 473 1197 qui
503 1125 651 1180 tollit
681 1133 922 1197 peccata
955 1128 1154 1182 mundi
1196 1128 1387 1197 (Joan.
1431 1147 1468 1198 ι,
1511 1129 1622 1198 29).
1663 1154 1685 1176 n

444 1215 534 1269 32.
576 1215 694 1270 Sed
725 1217 869 1288 quid
900 1217 1239 1272 dubitamus
1261 1220 1288 1272 ?
1328 1217 1590 1272 Credidit
1614 1217 1738 1288 jam
1779 1217 2050 1272 Ecclesia

373 1302 595 1360 bonum
620 1347 634 1373 ,
679 1309 738 1360 et
777 1307 1056 1374 confessa
1107 1310 1199 1361 est
1237 1307 1487 1362 dicendo
1531 1325 1542 1361 :
1584 1306 1900 1362 Osculetur
1951 1314 2042 1362 me

373 1394 448 1448 ab
489 1393 680 1449 oculis
721 1395 845 1450 oris
883 1397 998 1467 sui,
1017 1398 1292 1468 quoniam
1330 1396 1483 1452 bona
1516 1397 1699 1451 ubera
1729 1401 1826 1450 tua
1865 1412 2048 1468 super

373 1483 576 1538 vinum
605 1483 804 1554 (Cant.
847 1502 865 1538 1
907 1485 980 1554 1),
1029 1506 1050 1534 ιι
1095 1488 1150 1540 et
1179 1485 1318 1540 alibi
1361 1501 1373 1540 :
1423 1507 1442 1534 α
1481 1485 1551 1540 Et
1590 1485 1731 1540 faux
1759 1488 1856 1540 tua
1895 1489 2045 1540 tam-

375 1587 552 1644 quam
591 1574 795 1629 vinum
825 1577 918 1629 est
949 1575 1231 1645 optimum
1251 1573 1504 1642 (Cantic.
1521 1592 1620 1645 vn,
1652 1574 1729 1646 9).
1778 1597 1799 1622 ιι
1844 1574 2047 1629 Bonus

374 1677 522 1734 ergo
544 1662 643 1718 ille
681 1677 796 1718 nos
827 1663 1013 1736 Legis
1053 1668 1110 1718 et
1140 1664 1347 1736 gratiae
1377 1666 1558 1719 nutrit
1587 1664 1893 1734 uberibus,
1937 1680 2052 1719 coe-
2100 1704 2105 1709 .

369 1750 507 1806 lesti
548 1767 726 1807 curas
765 1751 1067 1807 hominum
1109 1753 1529 1824 praedicatione
1562 1754 1951 1823 demulcens;
1994 1757 2050 1808 et

369 1856 490 1896 non
528 1841 752 1896 bonum
790 1857 1101 1914 negamus,
1138 1859 1270 1897 cum
1293 1844 1367 1898 sit
1392 1843 1586 1916 imago
1611 1843 1891 1898 bonitatis
1933 1858 2040 1897 ex-

2155 677 2325 746 quasi
2365 677 2467 748 qui
2521 679 2707 750 tangit
2750 681 3028 750 pupillam
3080 681 3235 736 oculi
3268 683 3436 755 ejus.
3477 684 3628 751 Quia
3683 705 3824 743 ecce

2157 781 2269 837 ego
2292 765 2497 836 injicio
2538 764 2772 821 manum
2813 784 2999 823 meam
3034 787 3216 841 super
3239 787 3364 842 eos,
3385 775 3486 845 qui
3515 775 3824 846 depraeda-

2156 859 2370 908 verunt
2426 871 2556 924 vos,
2581 859 2654 910 .et
2694 872 2893 910 eruam
2938 873 3048 913 vos
3092 875 3104 914 :
3138 864 3194 914 et
3233 865 3404 916 erunt
3433 864 3493 917 in
3541 867 3823 937 praedam,

2157 944 2258 1014 qui
2296 943 2786 1014 depraedaverunt
2843 963 2974 1015 vos,
3017 951 3073 1002 et
3115 950 3304 1005 scient
3363 952 3499 1022 quia
3540 953 3826 1010 Dominus

2161 1033 2553 1103 omnipotens,
2589 1035 2746 1088 misit
2777 1050 2868 1115 me
2901 1036 3105 1106 (Zaclz.
3140 1055 3200 1110 ιι,
3231 1039 3283 1110 8,
3308 1039 3385 1111 9).
3425 1061 3446 1090 ι
3483 1040 3697 1114 Utique
3727 1044 3829 1115 qui

2160 1121 2336 1176 dicit:
2382 1123 2667 1178 Dominus
2690 1128 2782 1178 est
2807 1110 3184 1197 'omnipotens
3221 1145 3232 1184 :
3281 1110 3469 1202 etqui
3496 1110 3675 1202 mis—it,
3711 1110 3832 1187 Do-

2161 1211 2356 1266 minus
2382 1215 2474 1266 est
2505 1213 2901 1283 omnipotens.
2936 1213 3096 1287 Ergo
3136 1221 3192 1271 et
3224 1219 3416 1273 Patris
3448 1222 3505 1274 et
3537 1220 3671 1274 Filii
3702 1237 3834 1275 om-

2161 1300 2480 1370 nipotentia
2515 1317 2528 1356 :
2571 1302 2679 1356 sed
2709 1306 2904 1358 tamen
2927 1303 3087 1360 Deus
3106 1303 3258 1362 unus
3279 1309 3674 1382 omnipotens,
3694 1311 3833 1381 quia

2162 1390 2357 1444 unitas
2382 1391 2692 1460 potestatis
2724 1396 2836 1447 est.
3199 1441 3205 1447 .
3271 1435 3274 1440 .

2229 1478 2318 1534 37.
2354 1482 2546 1552 Atque
2587 1484 2648 1536 ut
2678 1483 2861 1552 scias,
2884 1483 3203 1555 imperator
3221 1490 3498 1559 auguste,
3528 1487 3836 1544 Christum

2161 1583 2320 1639 esse,
2345 1570 2446 1640 qui
2469 1569 2705 1625 locutus
2727 1574 2820 1625 est
2847 1575 2904 1626 et
2923 1571 2983 1627 in
3013 1574 3298 1645 prepheta
3315 1576 3444 1631 etin
3476 1576 3822 1650 Evangelio,

2161 1660 2438 1730 tanquam
2466 1659 2526 1713 in
2564 1660 3083 1730 praedestinatione
3129 1663 3440 1737 Evangelii
3484 1682 3594 1738 per
3622 1667 3840 1723 Isaiam

2164 1745 2337 1803 dicit:
2376 1768 2397 1795 ιι
2416 1746 2549 1818 Ipse
2573 1748 2675 1819 qui
2704 1749 3010 1820 loquebar,
3041 1740 3253 1808 adsum
3274 1755 3415 1825 (lsa.
3449 1773 3548 1827 ιιι,
3577 1756 3654 1828 6),
3676 1781 3697 1804 ιι
3724 1757 3840 1814 hoc

2163 1839 2256 1890 est
2296 1851 2310 1892 :
2343 1835 2666 1908 Adsumfin
2711 1837 3059 1910 Evangelio,
3102 1843 3203 1913 qui
3234 1843 3522 1915 loquebar
3549 1846 3609 1900 in
3642 1847 3832 1919 Lege.

371 1930 641 2002 primens
667 1934 906 1986 aeternis
948 1931 1008 1986 in
1049 1948 1116 1987 se
1154 1932 1435 1987 bonitatis
1476 1932 1766 2004 effigiem,
1809 1932 1965 1986 sicut
1996 1935 2053 1987 et
2078 1956 2131 2020 Β
2232 1924 2580 2020 δευρθίηάϐ
2612 1926 2761 2020 alibi
2787 1943 2800 1982 :
2831 1949 2853 1979 ε
2887 1927 3094 2020 Omnia
3125 1946 3259 2006 quas
3283 1933 3456 1989 Pater
3483 1934 3681 2007 habet,
3706 1953 3839 1992 mea

371 2035 557 2091 supra
579 2020 952 2076 ostendimus
988 2021 1276 2093 scriptum
1300 2063 1313 2090 ,
1365 2021 1502 2093 quia
1541 2022 1669 2092 ipse
1710 2025 1801 2077 est
1856 2042 1878 2071 α
1915 2036 2051 2092 spe-

370 2108 571 2164 culum
603 2109 734 2165 sine
773 2110 1024 2182 macula,
1049 2114 1107 2166 et
1144 2111 1340 2183 imago
1378 2111 1660 2166 bonitatis
1701 2110 1859 2165 illius
1883 2110 2045 2182 (Sap.

368 2215 474 2270 vn,
507 2198 619 2269 26).
667 2221 688 2250 ιι

1019 2288 1272 2344 CAPUT
1310 2289 1404 2345 III.

365 2375 498 2432 Fili
504 2394 596 2432 um
613 2377 731 2434 Dei
764 2378 950 2435 Deum
979 2378 1193 2435 bonum
1227 2396 1296 2435 ac
1319 2395 1538 2462 verum
1562 2394 1718 2436 esse.
1743 2395 1870 2435 cum
1893 2378 2054 2435 Dens

1092 2467 1240 2506 unus
1271 2457 1375 2507 sit.

446 2557 536 2612 33.
579 2555 776 2630 [Alias
806 2574 933 2630 cap.
968 2555 1062 2632 11.]
1110 2557 1228 2614 Sed
1266 2559 1408 2630 quid
1447 2557 1621 2614 vobis
1656 2558 1909 2628 videtur,
1951 2557 2049 2630 qui

370 2646 599 2702 bonum
631 2651 686 2702 et
715 2662 922 2703 verum
963 2648 1146 2703 Deum
1180 2647 1284 2704 Dei
1307 2647 1519 2703 Filium
1541 2647 1874 2721 denegatis,
1917 2663 2052 2702 cum

371 2736 666 2807 scriptum
701 2737 780 2792 sit
817 2737 975 2809 quod
1006 2737 1205 2792 nullus
1234 2737 1416 2808 Deus,
1450 2737 1570 2792 nisi
1607 2752 1764 2792 unus
1813 2736 1866 2806 (Ι
1912 2736 2048 2792 Cor.

370 2831 602 2902 vm4)?
624 2825 773 2882 Nam
807 2823 917 2882 etsi
941 2829 1082 2882 sunt
1119 2827 1223 2899 qui
1246 2827 1517 2882 dicantur
1532 2827 1634 2897 dii,
1667 2843 1741 2881 an
1771 2826 1923 2881 inter
1946 2841 2052 2881 eos

367 2923 676 2978 Christum
707 2917 1130 2988 annumeratis,
1171 2916 1273 2988 qui
1311 2916 1606 2987 dicuntur,
1651 2920 1707 2972 et
1727 2933 1846 2972 non
1869 2917 2053 2971 sunt?

369 3012 521 3067 Cum
554 3007 814 3081 speciale
855 3005 932 3060 sit
969 3005 1128 3077 ejus,
1175 3008 1238 3061 ut
1275 3021 1515 3077 semper
1558 3007 1636 3062 sit
1684 3021 1698 3063 :
1743 3009 1800 3062 et
1837 3009 2054 3077 praeter

369 3098 792 3173 ipsumjbonus
825 3098 884 3151 et
911 3109 1094 3150 verus
1116 3095 1269 3150 alius
1301 3095 1460 3150 Deus
1482 3111 1602 3151 non
1618 3097 1697 3150 sit
1714 3115 1732 3162 ,·
1773 3097 2050 3167 quoniam

370 3191 437 3245 in
459 3191 592 3261 ipso
617 3190 709 3242 est
741 3186 901 3240 Deus
943 3201 956 3240 ;
989 3184 1249 3255 speciale
1281 3187 1473 3239 autem
1506 3186 1680 3239 etiam
1715 3185 1906 3239 Patris
1949 3184 2045 3251 sit,

369 3283 438 3336 ut
466 3281 604 3350 post
632 3278 829 3348 ipsum
859 3289 1042 3330 verus
1079 3274 1232 3328 alius
1255 3274 1416 3328 Deus
1439 3290 1556 3329 non
1588 3276 1701 3344 sit;
1735 3274 1870 3346 quia
1893 3289 2049 3329 unus

374 3325 603 3437 Βεῖιὲῖ
632 3325 1412 3436 $53.5.signa;
1440 3325 1701 3418 iam
1719 3325 2049 3435 13ίῖἷᾷιέξᾷιῖεὲ
2081 3325 2134 3394 ο

377 3455 778 3525 confundens,
820 3468 930 3508 nec
955 3452 1126 3525 juxta
1168 3453 1421 3507 Arianos
1463 3453 1692 3508 Patrem
1721 3453 2051 3525 Filiumque

375 3561 732 3602 secernens.
765 3544 939 3598 Pater
978 3542 1134 3598 enim
1156 3546 1212 3596 et
1250 3541 1436 3597 Filius
1477 3541 1916 3598 distinctionem
1950 3542 2053 3596 ha-

372 3635 539 3706 bent,
569 3637 636 3689 ut
672 3633 848 3689 Pater
894 3635 952 3687 et
981 3631 1167 3687 Filius
1201 3647 1214 3687 :
1249 3632 1691 3704 separationem
1729 3632 2051 3688 divinitatis

371 3741 496 3781 non
529 3723 767 3780 habent.

1025 3811 1277 3866 CAPUT
1316 3810 1412 3867 IV.

377 3921 849 3995 Omnipotentem
874 3934 1009 3975 esse
1025 3918 1140 3995 Dei
1157 3918 1373 3995 Filium
1399 3919 1593 3991 prisci
1611 3935 1686 3975 no
1695 3919 1864 3992 vique
1879 3917 2054 3975 {aede-

732 3993 826 4048 ris
841 3992 1199 4046 auctoritate
1228 3991 1693 4046 demonstratur.

447 4103 537 4158 34.
579 4099 778 4173 [Alias
816 4114 944 4169 cap.
986 4095 1079 4170 IL]
1118 4098 1316 4169 Itaque
1358 4114 1491 4153 cum
1539 4113 1720 4153 verus
1745 4101 1818 4171 (et
1855 4097 2053 4153 bonus

388 4193 495 4247 Dei
528 4190 738 4259 Filius,
784 4188 985 4259 utique
1025 4187 1398 4257 omnipotens
1439 4187 1599 4242 Deus
1640 4187 1743 4242 Dei
1803 4187 1988 4242 Filius
2039 4202 2051 4242 :

384 4297 528 4336 num
570 4279 711 4334 hinc
740 4277 976 4349 quoque
1023 4272 1276 4331 dubitari
1319 4278 1562 4347 potest?
1594 4276 1783 4347 Supra
1815 4276 1940 4348 (lib.
1993 4292 2012 4330 ι
2034 4317 2049 4346 ,

381 4386 511 4441 cap.
547 4367 602 4440 1)
632 4368 891 4422 diximus
923 4365 1139 4420 lectum
1188 4365 1326 4437 quia
1365 4365 1652 4420 Dominus
1684 4365 2055 4436 omnipotens

379 4474 596 4515 nomen
626 4460 719 4512 est
745 4448 819 4511 ei.
845 4455 1004 4528 Ergo
1036 4456 1172 4527 quia
1206 4454 1391 4509 Filius
1423 4455 1731 4526 Dominus,
1769 4454 2055 4510 Dominus

378 4553 574 4604 autem
608 4547 1000 4617 omnipotens,
1027 4544 1399 4616 omnipotens
1424 4544 1529 4598 Dei
1552 4543 1761 4599 Fillus.

449 4637 542 4694 35.
583 4637 702 4692 Sed
739 4636 942 4706 accipe
981 4636 1156 4689 etiam
1194 4650 1325 4689 eam
1371 4634 1442 4688 de
1483 4650 1598 4706 qua
1630 4633 1896 4688 dubitare
1947 4648 2054 4688 ne-

371 4743 582 4800 queas,
613 4726 927 4782 lectionem
969 4741 981 4778 :
1023 4745 1044 4774 ι
1095 4723 1248 4779 Ecce
1292 4725 1475 4794 venit,
1517 4724 1724 4794 inquit,
1768 4739 1902 4777 cum
1947 4739 2052 4777 nu-
2079 4699 2132 4762 Ῑ)

377 4817 584 4886 bibus,
625 4819 683 4872 et
718 4813 1114 4886 videbiteum
1154 4812 1348 4868 omnis
1389 4812 1629 4883 oculus,
1667 4815 1725 4866 et
1782 4813 1883 4884 qui
1923 4828 2056 4866 eum

392 4906 868 4977 compunxerunt
899 4918 911 4958 :
949 4906 1002 4958 et
1042 4903 1322 4974 plangent
1354 4918 1420 4957 se
1455 4917 1639 4973 super
1675 4917 1809 4956 eum
1851 4917 2059 4956 omnes

407 5006 601 5060 tribus
631 5008 825 5060 terra.
851 5004 1060 5073 Etiam,
1111 5018 1302 5073 amen,
1338 5001 1465 5074 Ego
1495 4997 1638 5058 sum‘
1666 5005 1714 5057 A
1744 5006 1800 5057 et
1824 5007 1889 5071 Ω,
1925 5001 2065 5056 dicit

387 5096 680 5152 Dominus
713 5095 872 5149 Deus
904 5094 1006 5166 qui
1036 5097 1148 5164 est,
1173 5097 1229 5147 et
1249 5092 1349 5164 qui
1380 5095 1523 5162 erat,
1556 5095 1612 5147 et
1647 5093 1750 5164 qui
1773 5095 2060 5147 venturus

380 5189 474 5241 est
505 5185 880 5254 omnipotens
915 5184 1120 5256 (Apoc.
1162 5199 1200 5253 ι,
1233 5181 1288 5252 ’7,
1318 5181 1392 5250 8).
1423 5204 1444 5229 »
1472 5181 1656 5247 Quem
1689 5181 1871 5254 igitur
1900 5196 2058 5235 com-

381 5277 756 5346 punxerunt,
812 5275 870 5328 et
913 5289 1090 5345 quem
1146 5287 1458 5342 speramus
1523 5266 1662 5326 esse
1709 5274 2058 5340 venturum,

377 5364 497 5419 nisi
580 5363 745 5418 ilium
773 5364 802 5418 ?
865 5362 1024 5435 Ergo
1059 5361 1434 5431 omnipotens
1464 5361 1749 5417 Dominus
1806 5363 1862 5415 et
1896 5361 2057 5414 Deus

381 5453 663 5508 Christus
695 5455 810 5507 est.

451 5541 544 5598 36.
594 5542 815 5613 Accipe
861 5540 1052 5611 aliud,
1105 5543 1309 5595 sancte
1367 5539 1724 5610 Imperator,
1767 5541 1823 5594 et
1861 5537 2063 5608 accipe

378 5631 684 5687 Christum
706 5630 1046 5703 loquentem
1071 5646 1082 5685 :
1111 5651 1132 5680 α
1157 5630 1300 5684 Haec
1326 5629 1467 5685 dicit
1487 5629 1773 5684 Dominus
1797 5628 2062 5698 omnipo-

359 5725 513 5784 tens
549 5737 563 5776 :
600 5721 742 5776 Post
777 5721 1063 5776 honorem
1103 5719 1265 5775 misit
1306 5734 1400 5774 me
1432 5735 1618 5790 super
1652 5721 1885 5792 gentes,
1928 5733 2063 5791 qum
2139 5753 2143 5756 -

453 5865 570 5938 (92)
600 5863 752 5921 Mss.
791 5861 1053 5940 aliquot,
1084 5885 1107 5915 α
1147 5861 1532 5940 fragilitatem
1562 5860 1841 5940 gessitg;
1881 5878 2060 5933 unus,

375 5934 656 6006 naturam
677 5936 830 6016 gerit
853 5951 870 6016 ;
892 5934 922 5990 ῑι
946 5935 1165 6017 reliqui
1191 5934 1428 6013 et'edit.,
1456 5955 1478 5989 ι
1507 5934 1901 5996 substantiam
1923 5949 2060 6012 ges-

2164 2017 2302 2068 sunt
2332 2013 2513 2084 (Joan.
2550 2030 2670 2086 XVI,
2694 2015 2808 2087 25).
2848 2037 2870 2066 ιι
2913 2016 3056 2082 Quae
3096 2023 3236 2075 sunt
3271 2023 3468 2077 omnia
3497 2025 3528 2080 ?
3565 2024 3699 2080 Non
3729 2027 3842 2081 uti-

2164 2118 2278 2174 que
2311 2102 2546 2158 locutus
2575 2106 2669 2158 est
2706 2105 2778 2160 de
2821 2107 3058 2178 creatis,
3101 2107 3231 2164 haec
3268 2110 3427 2166 enim
3458 2113 3654 2169 omnia
3684 2114 3840 2170 facta

2167 2194 2306 2246 sunt
2335 2207 2442 2262 per
2471 2192 2685 2275 Filium
2720 2211 2732 2248 :
2768 2194 2876 2248 sed
2926 2210 2995 2250 ea
3034 2212 3168 2268 qua;
3199 2198 3372 2254 Pater
3403 2201 3599 2273 habet,
3641 2202 3700 2258 id
3723 2207 3836 2275 est,

2163 2263 2992 2356 zeternitatem,\najestatem,
3024 2263 3407 2360 divinitatem,
3431 2305 3565 2362 quae
3585 2263 3843 2348 nascen;

2167 2373 2241 2428 do
2273 2372 2562 2443 possedit.
2596 2371 2755 2444 Ergo
2787 2387 2921 2427 eum
2951 2374 3051 2445 qui
3073 2378 3267 2431 omnia
3290 2377 3485 2450 habet,
3503 2395 3637 2452 quae
3667 2383 3842 2438 Pater

2165 2461 2344 2518 habet
2407 2461 2718 2533 (scriptum
2765 2465 2859 2517 est
2895 2463 3097 2520 enim:
3161 2487 3183 2517 α
3227 2465 3434 2522 Omnia
3492 2485 3627 2542 quae
3666 2471 3842 2528 Pater

2165 2551 2362 2622 habet,
2404 2567 2533 2605 mea
2574 2553 2754 2622 sunt),
2813 2574 2834 2600 ιι
2890 2554 3350 2624 omnipotentem
3390 2573 3530 2614 esse
3569 2559 3838 2618 dubitare

2165 2657 2284 2696 non
2313 2656 2657 2711 possumus.

2821 2712 3076 2770 CAPUT
3109 2716 3176 2773 V.

2169 2801 2449 2885 Objectos
2498 2801 2796 2885 adversus
2829 2802 3576 2885 Christipmnipotentiam
3621 2811 3834 2885 Scrip-

2238 2881 2386 2956 tutae
2406 2879 2607 2956 testas
2637 2879 2879 2946 exponit
2909 2892 2977 2931 ac
3005 2879 3262 2956 maxime
3278 2881 3342 2936 in
3361 2897 3429 2938 eo
3463 2879 3834 2956 immoratur,

2238 2951 2298 3000 ut
2335 2946 2599 3000 eumdem
2631 2962 2744 3000 non
2784 2963 2929 3004 raro
2954 2964 3033 3004 ex
3057 2949 3326 3008 humanae
3363 2960 3594 3010 naturae
3623 2946 3836 3013 affecta

2234 3017 2484 3072 locutum
2514 3018 2752 3089 probet.

2235 3106 2328 3161 39.
2369 3107 2495 3161 Nec
2536 3122 2750 3162 vereor
2780 3123 2854 3163 ne
2900 3109 3038 3181 quia
3088 3111 3375 3183 scriptum
3417 3118 3510 3170 est
3539 3115 3611 3171 de
3654 3117 3774 3172 Deo
3817 3132 3832 3175 :

2171 3219 2192 3243 «ι
2228 3196 2444 3251 Beatus
2485 3199 2541 3250 et
2579 3197 2747 3251 solus
2778 3201 2991 3268 potens
3022 3200 3078 3270 (Ι
3123 3201 3268 3257 Tim.
3313 3219 3394 3274 vx,
3430 3204 3539 3276 15).
3577 3226 3600 3255 ιι
3631 3206 3704 3260 ab
3764 3221 3836 3262 eo

2167 3285 2273 3340 Dei
2304 3285 2490 3340 Filius
2513 3291 2924 3359 separaretur;
2959 3305 3092 3343 cum
3110 3289 3410 3362 Scriptura
3435 3293 3620 3348 Deum
3639 3295 3836 3350 solum

2161 3379 2458 3446 potentem
2512 3375 2744 3445 dixerit,
2778 3393 2894 3432 non
2941 3379 3170 3434 Patrem
3216 3381 3410 3436 solum
3444 3397 3456 3438 :
3517 3387 3574 3438 et
3604 3384 3732 3454 ipse
3755 3385 3829 3440 de

2165 3465 2402 3522 Christo
2433 3466 2592 3520 Deus
2626 3465 2799 3520 Pater
2828 3471 3060 3522 asserat
3088 3485 3194 3540 per
3235 3471 3585 3542 Prophetam
3617 3488 3631 3528 :
3668 3495 3690 3523 ι
3718 3475 3835 3530 Ρο-

2166 3555 2258 3610 sui
2281 3555 2640 3628 adjutorium
2663 3571 2846 3625 super
2860 3559 3156 3626 potentem
3178 3558 3366 3630 (Psal.
3381 3563 3784 3635 Lxxxvm,20).
3808 3586 3830 3615 ι

2131 3645 2300 3700 ΔΝοιι
2356 3661 2501 3716 ergo
2550 3646 2722 3699 Pater
2760 3645 2929 3700 solus
2967 3650 3200 3717 potens,
3262 3651 3369 3704 sed
3417 3656 3628 3722 potens
3659 3654 3834 3708 etiam

2166 3735 2324 3790 Deus
2356 3735 2514 3789 titius
2541 3773 2556 3806 ,
2579 3735 2638 3788 in
2662 3736 2830 3790 Patre
2861 3736 3016 3790 enim
3047 3737 3316 3794 laudatur
3345 3743 3403 3794 et
3432 3741 3647 3802 Filius.

2233 3825 2322 3879 40.
2348 3824 2518 3878 Certe
2548 3824 2819 3878 ostendat
2839 3824 3055 3896 aliquis
3074 3827 3215 3898 quid
3238 3829 3336 3897 sit,
3369 3831 3526 3901 quod
3548 3848 3665 3886 non
3694 3847 3834 3902 pos-

2164 3915 2242 3970 sit
2272 3915 2377 3969 Dei
2410 3913 2594 3968 Filius
2628 3929 2640 3968 :
2684 3915 2820 3985 quis
2851 3915 2906 3970 ei
2927 3915 3163 3988 adjutor
3193 3934 3328 3972 cum
3367 3921 3583 3976 caelum
3616 3921 3835 3978 faceret

2164 4004 2320 4059 fuit?
2359 4006 2495 4076 quis
2543 4003 2780 4075 adjutor
2843 4019 2977 4059 cum
3026 4007 3306 4063 conderet
3363 4011 3694 4066 mundum?
3742 4013 3834 4068 An

2165 4095 2267 4166 qui
2298 4095 2358 4149 in
2403 4095 2820 4149 constitutione
2861 4095 3225 4169 Angelorum
3265 4102 3321 4152 et
3360 4099 3834 4157 Dominationum

2165 4184 2435 4257 adjutore
2471 4199 2591 4238 non
2620 4185 2801 4256 eguit,
2835 4187 2998 4258 eguit
3037 4188 3098 4240 ut
3136 4186 3436 4242 hominem
3464 4189 3743 4245 liberaret
3771 4192 3798 4244 ?

2234 4274 2322 4328 41.
2349 4274 2643 4344 Scriptum
2671 4277 2782 4344 est,
2807 4274 3111 4346 inquiunt:
3155 4298 3174 4324 α
3212 4279 3384 4332 Pater
3413 4293 3602 4349 meus,
3636 4280 3838 4349 sipos-

2165 4363 2340 4419 sibile
2388 4367 2513 4434 est,
2555 4363 2814 4418 transfer
2868 4380 2902 4418 a
2965 4381 3057 4419 me
3116 4366 3361 4421 calicem
3399 4368 3556 4422 hunc
3588 4367 3829 4438 (Matth.

2165 4471 2328 4524 χχνι,
2361 4454 2466 4524 39;
2501 4454 2639 4508 Luc.
2675 4471 2819 4524 χχιι,
2861 4453 2975 4523 42).
3018 4479 3039 4502 ιι
3085 4454 3155 4509 Et
3197 4455 3329 4510 ideo
3376 4457 3430 4509 si
3462 4457 3834 4527 omnipotens

2167 4549 2279 4616 est,
2322 4543 2617 4615 quomodo
2650 4544 2721 4598 de
2761 4543 3154 4614 possibilitate
3175 4543 3326 4608 478
3355 4545 3603 4616 ambigit
3623 4547 3650 4599 ?
3673 4545 3833 4616 Ergo

2169 4637 2304 4707 quia
2345 4635 2800 4704 omnipotentem
2839 4634 3104 4703 probavi,
3137 4633 3384 4703 probaVi
3415 4634 3614 4704 utique
3645 4635 3835 4688 ambi-

2170 4741 2312 4797 gere
2345 4740 2478 4778 eum
2509 4724 2580 4778 de
2610 4722 3003 4793 possibilitate
3035 4738 3153 4776 non
3183 4738 3386 4792 posse.

2240 4815 2329 4868 42.
2378 4813 2591 4882 Verba,
2649 4812 2869 4882 inquis,
2911 4811 3131 4865 Christi
3167 4816 3324 4867 sunt.
3378 4813 3596 4868 Verum
3639 4812 3788 4868 dicis
3823 4827 3836 4870 :

2170 4904 2277 4958 sed
2311 4903 2566 4974 quando,
2620 4904 2676 4954 et
2726 4901 2787 4954 in
2836 4915 2948 4971 qua
2991 4901 3179 4955 forma
3220 4902 3528 4974 loquatur,
3574 4903 3835 4958 adverte.

2172 4993 2443 5048 Hominis
2475 4990 2869 5045 substantiam
2898 4991 3089 5061 gessit
3112 4992 3245 5062 (92),
3267 4992 3526 5048 hominis
3557 5009 3839 5064 assump-

2172 5085 2248 5136 sit
2271 5081 2564 5134 atI'ectum.
2590 5077 2854 5150 Denique
2885 5097 3065 5150 supra
3085 5081 3271 5136 habes
3303 5084 3441 5154 quia
3472 5099 3840 5156 progressus

2173 5171 2455 5243 pusillum
2486 5169 2810 5240 prociditin
2834 5169 3042 5224 faciem
3068 5186 3258 5241 suam,
3294 5188 3473 5227 orans
3504 5177 3560 5227 et
3592 5173 3798 5226 dicens
3825 5187 3838 5226 :

2176 5283 2198 5311 α
2238 5261 2437 5330 Pater,
2481 5260 2532 5313 si
2563 5259 2854 5329 posSibile
2886 5263 2996 5314 est.
3037 5280 3058 5308 ιι
3095 5261 3228 5314 Νοιι
3276 5277 3421 5334 ergo
3457 5261 3629 5332 quasi
3659 5262 3838 5326 Deus,

2175 5351 2282 5404 sed
2312 5351 2484 5420 quasi
2509 5349 2686 5403 homo
2715 5348 2978 5419 loquitur
3003 5364 3018 5419 ;
3054 5349 3212 5404 Deus
3231 5351 3389 5404 enim
3427 5350 3717 5420 possibile
3747 5349 3845 5401 ali-

2173 5439 2316 5510 quid
2346 5442 2443 5492 aut
2472 5437 2845 5508 impossibile
2876 5438 3223 5493 nesciebat?
3254 5438 3846 5509 Autaliquidimpos—

2175 5528 2348 5583 sibile
2389 5529 2531 5599 Deo,
2575 5544 2708 5582 cum
2737 5529 3023 5599 scriptum
3056 5529 3133 5581 sit
3177 5546 3188 5585 :
3229 5554 3249 5576 ‹ι
3290 5526 3662 5599 Impossibile
3694 5525 3850 5579 enim

2172 5620 2281 5676 tibi
2307 5615 2452 5674 nihil
2487 5622 2580 5673 est
2619 5617 2768 5689 (Job.
2813 5635 2960 5688 χχιι,
3003 5618 3093 5688 17)
3125 5621 3153 5674 ?
3189 5643 3211 5668 »

2244 5711 2333 5766 43.
2370 5711 2453 5764 De
2485 5725 2602 5781 quo
2635 5712 2829 5764 autem
2860 5707 3087 5764 dubitat
3114 5708 3226 5779 (93)
3248 5710 3276 5762 ?
3305 5707 3376 5762 de
3406 5721 3495 5779 se,
3526 5720 3602 5762 an
3631 5704 3703 5763 de
3736 5704 3852 5762 Pa-

2177 5838 2292 5906 sit;
2321 5836 2568 5909 quidam
2597 5836 2776 5891 etiam
2802 5837 2987 5909 gerit.

2241 5906 2362 5986 (93)
2417 5909 2705 5988 Magister
2735 5906 2905 5966 Sent.
2944 5906 3046 5966 lib.
3088 5920 3172 5980 ιιι,
3207 5910 3344 5967 dist.
3367 5908 3399 5986 ἓ
3423 5910 3748 5984 Caeterum,
3780 5916 3859 5976 ita
