3982 6174
334 367 454 434 591

1770 369 1835 432 S.
1893 366 2346 435 AMBROSII.

3639 380 3745 446 592

332 569 472 624 tre?
510 568 595 623 De
634 582 704 623 eo
734 566 937 640 utique
966 566 1067 640 qui
1106 566 1249 623 dicit
1289 583 1302 624 :
1341 566 1671 639 Transfer;
1704 571 1762 625 et
1783 569 2083 636 dubitatA,
2115 572 2292 625 tatem
2347 586 2558 643 meam,
2609 573 2720 629 sed
2773 572 3133 629 voluntatem
3172 572 3305 647 ejus
3345 574 3442 647 qui
3474 592 3562 633 me
3595 580 3739 635 misit

335 657 593 713 hominis
623 655 855 712 affectu.
906 657 1067 730 Ergo
1112 658 1397 729 propheta
1438 674 1556 714 non
1588 661 1749 730 putat
1783 659 2007 730 aliquid

334 745 706 818 impossibile
737 746 879 802 Deo.
906 736 1357 818 Propheta'non
1396 748 1640 818 dubitat,
1700 751 1757 803 et
1794 748 2008 804 Filium

334 836 603 892 dubitare
634 838 695 891 tu
719 835 916 891 credis
946 838 975 890 ?
1004 836 1161 892 Num
1192 836 1345 892 infra
1381 837 1656 893 homines
1689 837 2005 893 constituis

336 927 566 981 Deum?
598 925 668 979 Et
698 925 925 980 dubitat
953 925 1025 980 de
1058 925 1227 981 Patre
1258 927 1439 996 Dens,
1473 930 1530 981 et
1563 927 1636 981 de
1667 930 1852 982 morte
1882 926 2008 981 for-

334 1016 559 1071 midat?
608 1014 798 1070 Timet
853 1029 998 1086 ergo
1054 1014 1330 1070 Christus
1381 1019 1438 1070 et
1467 1032 1602 1070 cum
1647 1016 1858 1071 Petrus
1891 1030 2009 1070 non

336 1105 575 1175 timeat,
606 1102 882 1158 Christus
922 1104 1086 1160 timet
1118 1106 1147 1159 ?
1178 1105 1390 1159 Petrus
1430 1105 1571 1159 dicit
1612 1120 1625 1160 :
1672 1127 1693 1152 κ
1739 1105 2009 1159 Animam

336 1211 529 1249 meum
583 1208 691 1264 pro
729 1196 787 1248 te
836 1209 1051 1264 ponam
1099 1194 1291 1263 (Joan.
1334 1211 1461 1260 xui,
1506 1194 1621 1263 2'7).
1668 1216 1690 1242 ιο
1733 1193 2008 1248 Christus

335 1286 478 1340 dicit
519 1300 531 1339 :
571 1304 594 1334 ι
637 1282 846 1337 Anima
870 1284 1141 1338 turbatur
1161 1282 1353 1353 (Joan.
1395 1286 1500 1353 xu,
1542 1284 1655 1354 27).
1705 1306 1727 1332 ιι

403 1409 494 1463 44.
529 1409 858 1479 Utrumque
907 1423 1115 1462 verum
1164 1411 1276 1477 est,
1311 1410 1368 1462 et
1406 1407 1647 1478 plenum
1694 1410 2007 1479 utrumque

334 1498 618 1567 rationis;
657 1497 775 1551 nisi
813 1496 971 1568 quod
1010 1499 1067 1551 et
1104 1495 1201 1551 ille
1231 1497 1333 1569 qui
1372 1500 1463 1552 est
1495 1495 1760 1567 inferior,
1785 1512 1903 1552 non
1932 1497 2007 1551 ti-

333 1590 486 1659 met;
511 1590 565 1642 ct
588 1586 686 1641 ille
734 1585 836 1657 qui
871 1585 1149 1656 superior
1177 1590 1289 1654 est,
1334 1587 1492 1659 gerit
1530 1585 1793 1641 timentis
1826 1584 2007 1640 affec-

332 1680 457 1733 tum
499 1694 511 1732 :
554 1675 651 1730 ille
710 1675 866 1730 enim
905 1675 1075 1747 quasi
1127 1674 1303 1730 homo
1342 1675 1462 1729 vim
1500 1676 1709 1730 mortis
1749 1674 2002 1748 ignorat,

332 1768 445 1822 iste
475 1765 648 1838 quasi
680 1764 841 1819 Deus
874 1763 934 1817 in
968 1778 1218 1833 corpore
1241 1764 1597 1819 constitutus
1628 1763 2007 1836 fragilitatem

333 1856 532 1911 carnis
553 1852 798 1924 exponit
827 1868 840 1907 :
878 1855 940 1907 ut
979 1868 1185 1907 eorum
1209 1852 1311 1924 qui
1342 1856 1777 1909 sacramentum
1816 1854 2008 1908 incar-

2116 660 2304 731 (Joan.
2339 678 2418 732 v1,
2451 660 2562 733 38).

2712 733 2860 799 479
2905 733 3156 790 CAPle
3181 735 3279 791 Vl.

2120 829 2441 908 Occasione
2472 832 2842 908 superiorum
2862 833 3192 908 Scriptura
3210 831 3460 908 locorum
3479 835 3746 908 tantisper

2189 902 2575 978 digrediens,
2631 902 3260 978 libertatc'nzi'rpomini
3295 907 3539 978 primum
3578 902 3662 961 ex'
3689 924 3747 963 eo

2191 974 2341 1045 quod
2369 973 2572 1049 eadem
2612 975 2905 1045 prter/itus
2932 975 3270 1049 afﬁrmatur
3295 973 3566 1049 'Spiritus
3593 994 3751 1033 sanc-

2188 1044 2298 1127 tus,
2345 1044 2564 1127 deinde
2595 1044 2906 1127 expressis
2938 1048 3151 1127 quibus
3195 1050 3321 1121 ipsa
3348 1044 3510 1106 'Filio
3546 1049 3651 1104 Dei
3676 1056 3753 1104 at-

2189 1116 2497 1186 tribuitur,
2533 1116 2892 1172 testimoniis
2911 1116 3300 1178 demonstrat.

2186 1204 2276 1259 47.
2311 1204 2469 1276 Ergo
2500 1208 2563 1259 ut
2610 1206 2783 1277 quasi
2810 1208 3178 1280 interpositis
3218 1210 3502 1283 plenioris
3541 1209 3757 1280 exposi-

2113 1294 2294 1349 tionis
2325 1294 2630 1365 paulisper
2658 1295 2932 1366 induciis,
2970 1315 3076 1354 cur
3105 1301 3290 1356 dixit:
3327 1322 3349 1350 α
3390 1299 3453 1355 Si
3492 1297 3757 1370 possibile

2116 1387 2228 1451 est,
2272 1404 2299 1434 »
2340 1384 2658 1439 voluntatis
2706 1385 2940 1441 interim
2987 1389 3191 1446 liberae
3240 1390 3553 1446 Dominum
3590 1387 3762 1442 fuisse

2117 1472 2459 1528 doceamus.
2502 1473 2564 1526 In
2603 1476 2827 1529 tantum
2881 1480 3270 1547 processistis
3310 1477 3659 1549 impietatis,
3710 1478 3764 1530 ut

2066 1608 2071 1615 .
2117 1562 2351 1634 negetis
2400 1562 2557 1633 quod
2598 1562 2785 1617 Filius
2825 1564 2931 1620 Dei
2970 1566 3175 1623 liberm
3198 1567 3519 1623 voluntatis
3540 1562 3763 1633 sit(96)l

2116 1652 2192 1705 At
2213 1654 2369 1706 certe
2408 1650 2617 1705 soletis
2656 1652 2830 1707 etiam
2871 1659 3076 1711 sancto
3118 1656 3367 1727 Spiritui
3397 1656 3698 1728 derogare,
3719 1655 3769 1707 et

2116 1756 2337 1813 negare
2369 1756 2487 1795 non
2517 1740 2767 1811 potestis
2796 1742 3083 1814 scriptum
3114 1760 3254 1801 esse
3280 1763 3291 1800 :
3335 1767 3360 1793 α
3404 1742 3656 1817 Spiritus
3683 1742 3775 1797 ubi

2114 1830 2257 1898 νυῙῐ,
2291 1830 2476 1901 Spirat
2524 1830 2703 1896 (Joan.
2738 1847 2821 1901 ιιι,
2855 1832 2930 1902 8).
2970 1857 2992 1880 α
3030 1834 3142 1889 Ubi
3173 1836 3319 1905 vult,
3361 1856 3385 1884 ι
3422 1834 3629 1905 inquit,
3666 1846 3774 1886 non

332 1944 589 2001 nationis
611 1918 906 2015 abjurant,
959 1918 1377 1997 excluderetur
1412 1942 1703 2013 impietas.
1737 1942 2005 2015 Denique
2034 1954 2086 2018 Β
2114 1918 2495 2018 ξξδίέυδθίξιν·
2522 1918 2691 2018 FPSO
2731 1920 2785 1974 Si
2824 1919 3080 2018 Spiritus
3121 1924 3221 2018 ubi
3253 1924 3405 2018 vult,
3439 1920 3776 2018 spiratLl-Pi-

331 2038 389 2090 et
406 2035 535 2089 hac
556 2033 724 2102 dixit,
745 2035 802 2086 et
825 2031 1190 2085 Manichacus
1213 2047 1331 2085 non
1353 2031 1601 2086 credidit
1623 2032 1756 2103 (94),
1792 2031 2005 2087 Valen-

331 2125 492 2179 tinus
523 2121 783 2194 negavit,
815 2120 1077 2175 Marcion
1103 2120 1453 2191 phantasma
1476 2119 1786 2192 judicavit.

400 2250 491 2305 45.
528 2246 617 2303 Eo
645 2261 837 2319 usque
866 2248 1063 2301 autem
1086 2244 1385 2300 hominem
1415 2244 1530 2315 (95)
1552 2261 1729 2317 quem
1761 2246 2004 2302 veritate

336 2338 608 2411 corporis
631 2335 1089 2403 demonstrabat,
1111 2333 1384 2406 aequabat
1403 2333 1632 2401 affectu,
1654 2338 1716 2390 ut
1745 2335 1966 2391 diceret
1990 2352 2003 2391 :

335 2452 356 2475 ι·
402 2428 522 2484 Sed
550 2430 745 2481 tamen
785 2440 904 2480 non
934 2424 1091 2478 sicut
1118 2439 1233 2495 ego
1280 2423 1438 2492 volo,
1493 2424 1599 2478 sed
1638 2424 1795 2478 sicut
1824 2428 1886 2480 tu
1914 2425 2007 2479 vis

332 2516 576 2590 (Matth.
597 2531 761 2584 xxvi,
792 2513 885 2584 39)
911 2534 933 2562 ι
958 2529 972 2583 ;
996 2528 1128 2567 cum
1152 2512 1352 2582 utique
1373 2512 1646 2567 similiter
1676 2517 1768 2567 est
1788 2513 2007 2568 Christi

330 2607 505 2677 velle,
557 2603 715 2676 quod
764 2602 937 2657 Pater
956 2601 1079 2656 vult
1117 2618 1128 2655 :
1166 2600 1342 2672 cujus
1387 2600 1661 2656 similiter
1689 2606 1781 2657 est
1811 2602 2007 2658 facere

330 2695 490 2768 quod
526 2695 695 2747 Pater
724 2691 882 2745 facit.

400 2820 490 2875 46.
513 2817 641 2883 Quo
671 2817 803 2871 loco
825 2816 998 2871 etiam
1049 2814 1148 2869 illa
1186 2818 1388 2871 vestra
1419 2817 1674 2888 quaestio
1714 2817 2007 2872 contices-

331 2911 430 2981 cit,
474 2923 649 2980 quam
679 2905 889 2962 soletis
939 2904 1224 2976 objicere,
1276 2906 1413 2977 quia
1464 2904 1611 2961 dixit
1655 2905 1942 2962 Dominus
1988 2923 2001 2963 :

335 3022 359 3051 ιι
402 2998 538 3053 Νοιι
568 2997 724 3051 sicut
768 3010 881 3068 ego
918 2994 1074 3065 volo,
1108 2995 1216 3051 sed
1247 2995 1403 3050 sicut
1424 2998 1485 3051 tu
1516 2996 1647 3065 vis;
1684 3016 1706 3045 ι
1743 3000 1800 3051 et
1820 2997 2001 3053 alibi:

336 3112 358 3137 α
385 3087 477 3143 Ad
499 3087 612 3143 hoc
644 3085 934 3141 descendi
978 3084 1050 3140 de
1086 3083 1259 3155 coelo,
1299 3100 1418 3139 non
1452 3088 1510 3139 ut
1549 3084 1762 3140 faciam
1790 3086 2004 3141 volun-

2113 2010 2231 2064 lius
2261 2008 2419 2081 quod
2441 2008 2584 2079 vult,
2619 2024 2737 2064 non
2776 2010 2950 2082 agit?
2980 2012 3052 2066 Et
3070 2017 3230 2068 certe
3259 2013 3424 2068 idem
3465 2011 3574 2067 Dei
3602 2010 3776 2066 Filius

2114 2100 2175 2154 in
2215 2098 2539 2169 Evangelio
2597 2114 2709 2152 suo
2739 2099 2899 2168 dicit,
2947 2100 3048 2155 ubi
3085 2101 3228 2157 velit
3267 2101 3542 2173 spirandi
3570 2114 3778 2170 suppe-

2112 2192 2237 2244 tere
2269 2187 2513 2259 Spiritui
2544 2186 2899 2243 facultatem.
2933 2188 3231 2262 Numquid
3250 2206 3404 2264 ergo
3427 2190 3781 2262 superiorem

2113 2277 2369 2343 fatetur;
2403 2276 2539 2347 quia
2570 2276 2653 2330 illi
2683 2276 2839 2347 licet,
2871 2278 3029 2349 quod
3061 2279 3177 2335 sibi
3198 2296 3319 2335 non
3353 2281 3495 2336 licet
3521 2282 3549 2335 ?

2184 2367 2274 2422 48.
2316 2364 2641 2436 Apostolus
2681 2381 2916 2437 quoque
2949 2366 3089 2422 dicit
3120 2369 3258 2440 quia
3297 2390 3326 2420 ι
3365 2370 3564 2425 omnia
3599 2382 3789 2438 opera-

2110 2460 2210 2511 tur
2251 2470 2407 2510 unus
2439 2457 2612 2526 atque
2673 2454 2828 2509 idem
2867 2455 3163 2527 Spiritus,
3208 2458 3495 2514 dividens
3540 2455 3786 2529 singulis

2110 2545 2308 2617 proult
2346 2544 2470 2599 vult
2507 2543 2563 2615 (I
2591 2543 2727 2599 Cor.
2760 2561 2863 2614 xu,
2889 2545 3001 2615 11).
3035 2567 3056 2596 »
3086 2568 3107 2597 α
3146 2547 3334 2603 Prout
3356 2548 3505 2618 vult,
3534 2569 3558 2597 ι
3593 2546 3787 2617 inquit,

2113 2635 2226 2689 hoc
2258 2636 2368 2703 est,
2400 2649 2509 2704 pro
2538 2633 2743 2688 liberae
2764 2633 3086 2689 voluntatis
3118 2636 3392 2708 arbitrio,
3428 2653 3547 2693 non
3565 2650 3670 2708 pro
3696 2649 3789 2689 ne-

2112 2722 2414 2778 cessitatis
2463 2722 2775 2794 obsequio.
2821 2722 2893 2777 Et
2923 2723 3130 2779 dividit
3175 2724 3466 2797 Spiritus,
3527 2742 3647 2782 non
3675 2738 3793 2779 me-

2112 2812 2357 2882 diocria,
2392 2812 2501 2867 sed
2539 2827 2674 2883 quae
2715 2812 2878 2867 Deus
2912 2814 3223 2868 consuevit
3254 2815 3522 2886 operari,
3558 2814 3794 2888 gratiam

2111 2902 2503 2972 curationum,
2527 2906 2584 2955 et
2615 2903 3020 2972 operationem
3048 2904 3360 2959 virtutum.
3398 2904 3565 2977 Ergo
3596 2901 3795 2958 dividit

2108 2992 2364 3063 Spiritus
2375 2993 2550 3062 prout
2563 2991 2705 3059 vult,
2729 2990 2943 3046 Filium
2963 2992 3067 3047 Dei
3081 3008 3201 3049 non
3217 2993 3443 3048 liberat
3459 3009 3637 3066 quem
3650 2991 3794 3047 vult?

2107 3083 2224 3138 Sed
2256 3081 2393 3137 audi
2431 3081 2604 3135 etiam
2626 3080 2823 3151 ipsum
2843 3096 3023 3153 agere
3044 3083 3217 3155 quod
3240 3084 3396 3138 vult.
3414 3084 3582 3139 Dixit
3603 3082 3756 3139 enim
3782 3114 3795 3151 ι

332 3212 491 3269 hunc
521 3212 717 3267 locum
748 3209 949 3277 refert,
991 3212 1055 3264 ut
1083 3208 1259 3263 simul
1294 3225 1364 3264 eo
1405 3209 1808 3266 difﬁcultatem
1849 3211 2005 3266 haud
2109 3211 2312 3278 sibus,
2359 3205 2746 3278 attribuisse._
2771 3205 2899 3261 Hoc
2931 3206 3103 3262 docet
3135 3208 3538 3278 Athanasius,
3586 3208 3691 3264 lib.
3730 3205 3798 3261 de

331 3285 694 3341 mediocrem
716 3282 1000 3338 contineri
1021 3282 1399 3351 profiteatur:
1436 3302 1458 3330 α
1484 3281 1651 3345 Quod
1682 3287 1894 3350 tamen,
1920 3300 2007 3336 m-

375 3358 480 3427 uit,
513 3372 581 3411 ea
614 3356 839 3409 ratione
870 3352 1090 3427 dictum
1113 3352 1539 3427 accipipotest,
1564 3370 1691 3427 non
1709 3356 1845 3424 quia
1875 3355 2005 3424 ipse

375 3374 480 3427 ιιιι,
513 3374 581 3411 ea
614 3374 839 3409 ratione
870 3374 1090 3407 (uelum
1113 3374 1297 3422 BCCIPI
1324 3374 1539 3422 pmesm,
1564 3374 1680 3408 non
1709 3374 1845 3424 qum
1875 3374 2005 3424 Ipse

334 3374 530 3497 getiam
560 3427 619 3480 in
640 3429 920 3508 quantum
943 3424 1141 3507 homo)
1174 3424 1546 3506 dubitaverit,
1590 3424 1696 3506 sed
1726 3427 1862 3496 quia
1880 3442 2007 3507 nio-

335 3500 474 3554 dum
512 3501 706 3554 neseit
727 3497 1051 3550 dubitantis
1073 3499 1129 3548 et
1161 3494 1503 3548 hominibus
1545 3495 1813 3550 dubitare
1835 3497 2004 3552 vide-

376 3515 474 3553 um

2034 3317 2087 3388 C
2109 3317 2618 3423 ἕᾶ¹¹ᾆξί¹ιξυίς⁸ιῖιὶιῖἔ
2630 3317 2913 3418 asia:

2108 3422 2282 3481 loCis.
2314 3424 2553 3477 Certum
2581 3424 2694 3487 est,
2726 3436 2963 3491 quoque
2993 3422 3382 3477 Valentinum
3414 3422 3659 3479 Christo
3682 3437 3804 3477 cor-

512 3492 706 3570 gessit
727 3497 1051 3570 dubitantis
1073 3494 1512 3570 et‘ho_mi_nibus_
1534 3492 2004 3570 'dubitare‘vide-
2110 3512 2223 3568 pus
2246 3493 2540 3567 quoddam
2581 3492 2885 3570 spirituale
2918 3494 3129 3570 quod‘e
3161 3493 3319 3570 caelo

2111 3276 2379 3337 Salutari
2404 3278 2689 3351 Adventu
2713 3276 2958 3351 Chr.,_p.
2992 3278 3117 3346 365,
3143 3276 3555 3351 Epiphanius,
3588 3280 3799 3351 haeres.

2963 3354 3041 3434 et.
3059 3351 3494 3434 'l‘he‘odoretus
3535 3350 3801 3434 pluribus

3400 3510 3471 3550 er
3504 3494 3806 3566 Virginem

333 3562 545 3625 batur.“
565 3590 586 3619 ι
623 3568 799 3639 Atqui
831 3582 951 3621 non
982 3565 1275 3639 satisfecit
1304 3566 1468 3639 Estio
1499 3567 1629 3639 ista
1652 3567 1906 3631 solutio;
1935 3584 2005 3623 ea
2111 3562 2385 3638 tanquam
2404 3580 2509 3634 per
2526 3562 2789 3639 canalem
2815 3562 3253 3639 descendisset,
3272 3562 3649 3639 afﬁnxisse':
3672 3566 3808 3639 Illar-

335 3641 631 3713 siquidem
662 3637 1015 3713 ineumdem
1038 3638 1234 3713 locum
1266 3637 1445 3713 relata
1484 3638 1686 3713 subdit
1720 3654 1731 3693 ε
1780 3661 1801 3713 ει
1850 3640 2006 3695 Rec-

333 3709 453 3767 tius
502 3714 698 3766 autem
746 3710 1015 3765 dicemus
1048 3709 1472 3763 dubitationem
1520 3710 1838 3765 Ambrosio
1870 3727 2008 3766 esse

336 3799 455 3838 non
479 3782 770 3854 judicium
791 3796 1012 3854 anceps
1038 3781 1109 3834 de
1127 3780 1373 3854 veritate
1390 3781 1498 3854 rei,
1532 3780 1638 3835 sed
1669 3780 2008 3854 indifferen-

333 3851 807 3924 tiam'quamdam
826 3852 1011 3924 partis
1035 3852 1343 3924 sensitivee
1360 3851 1431 3904 ad
1451 3851 1819 3924 sequendum
1840 3851 2012 3924 affec-

334 3928 459 3979 tum
490 3921 715 3978 natura;
736 3924 829 3977 vel
848 3921 1133 3976 rationem
1158 3921 1592 3991 dubitantem,»
1614 3926 1725 3977 etc.
1760 3923 1875 3978 Sed
1908 3940 2010 3977 ne-

335 4011 453 4067 que
484 4010 593 4049 sua
609 4010 677 4048 se
707 3993 1102 4063 responsione
1122 3993 1294 4062 plane
1326 3996 1660 4048 contentum
1683 4009 1801 4048 non
1831 3994 2011 4049 dissi-

335 4067 538 4122 mulat.
573 4081 707 4121 cum
757 4064 893 4122 ejus
929 4064 1220 4119 beneficio
1260 4063 1521 4119 futurum
1560 4064 1723 4122 dicit.
1747 4069 1810 4119 ut
1837 4065 2008 4120 locus

335 4082 538 4134 mutat,
573 4082 707 4121 cum
757 4082 893 4135 eJus
929 4082 1220 4119 nenencio
1260 4082 1521 4119 lllllll‘llm
1560 4082 1723 4134 (ιιοιι,
1747 4082 1810 4119 ιιι
1837 4082 2008 4120 locus

335 4137 435 4193 hic
465 4136 658 4209 possit
708 4142 995 4209 utcunque
1024 4134 1321 4209 intelligi.
1384 4134 1799 4209 Verumtamen
1829 4153 2009 4209 mira-3

337 4206 486 4263 mur_
516 4208 650 4279 quis
698 4206 911 4279 tantus
927 4206 1120 4279 nodus
1151 4206 1212 4279 in
1242 4221 1312 4279 eo
1361 4206 1817 4279 essevideatur,
1853 4208 2010 4279 quod

337 4276 637 4335 Christum
662 4278 919 4332 hominis
941 4276 1153 4331 affectu
1170 4277 1439 4331 dubitare
1460 4277 1616 4330 dicat
1632 4276 2006 4333 Ambrosius.

340 4352 573 4407 Etenim
603 4367 636 4405 e
654 4354 773 4405 tota
795 4348 1093 4404 sermonis
1106 4364 1174 4402 ac
1189 4348 1655 4403 ratiocinationis
1668 4350 1825 4404 serie
1856 4350 2012 4404 haud

340 4422 659 4478 difﬁculter
687 4421 1034 4492 intelligitur
1064 4420 1364 4492 Christum
1393 4418 1650 4474 hominis
1673 4419 1884 4492 affectu
1905 4422 2010 4476 du-

341 4495 529 4549 bitare
562 4493 706 4548 nihil
742 4490 903 4547 aliud
942 4507 1079 4545 esse
1114 4490 1352 4545 Doctori
1384 4492 1608 4556 nostro,
1652 4492 1769 4545 nisi
1799 4490 2009 4546 Chris-

339 4568 463 4620 tum
497 4581 621 4636 prxe
651 4579 717 4619 se
743 4563 1134 4636 tulisseidcm
1167 4562 1548 4636 dubitationis
1579 4562 2011 4634 signum,quod

343 4637 404 4691 in
434 4633 614 4691 simili
660 4639 816 4690 statu
872 4634 1157 4688 exhibere
1180 4633 1274 4687 alii
1316 4633 1587 4687 homines
1619 4633 2007 4689 consuevere.

2114 3634 2305 3694 cionis
2323 3651 2465 3690 vero
2497 3650 2625 3689 eam
2658 3634 2850 3689 fuisse
2883 3635 3261 3705 impietatem,
3313 3641 3382 3692 ut
3401 3638 3684 3693 eumdem
3704 3636 3808 3690 Do-

2112 3711 2333 3765 minum
2357 3705 2593 3761 nonnisi
2624 3709 2925 3775 spectrum
2946 3708 3151 3762 nescio
3171 3708 3337 3779 quod
3361 3724 3513 3765 esse
3535 3707 3809 3778 blasphe-

2112 3784 2318 3836 maret.
2364 3779 2666 3833 Testatum
2713 3777 2770 3830 id
2828 3777 3052 3832 faciunt
3082 3780 3152 3833 de
3196 3779 3531 3835 Valentino
3574 3779 3807 3836 quidem

2113 3796 2318 3836 meret.
2366 3796 2666 3833 iesuuum
2713 3796 2770 3830 in
2828 3796 3052 3832 180mm
3082 3796 3152 3833 ue
3203 3796 3531 3835 valenuno
3574 3796 3807 3851 quidem

2113 3850 2356 3907 Tertull.
2390 3850 2484 3922 _de
2529 3848 2885 3922 Praescript.
2948 3865 3074 3919 cap.
3123 3849 3216 3922 fit).
3262 3849 3684 3922 Epiphanius,
3743 3864 3813 3922 ex

2113 3924 2339 3978 Irenaeo
2388 3920 2605 3975 haeres.
2666 3917 3091 3991 31.,'Augus't.,
3120 3917 3433 3977 Theodor.
3472 3928 3533 3977 et
3555 3917 3704 3977 alii:
3744 3920 3811 3991 de

2116 3994 2412 4049 Marcione
2443 3994 2635 4046 autem
2667 3990 2931 4063 Tertull.’
2953 3991 3245 4063 adversus
3277 3995 3575 4048 eumdem
3610 4008 3738 4063 cap.
3766 3990 3807 4063 Δ8

2114 4064 2546 4132 Theodoretus,
2592 4063 2693 4117 lib.
2734 4079 2753 4115 ι
2782 4062 3008 4116 Haeret.
3045 4062 3252 4131 Faba],
3311 4081 3370 4119 c.
3406 4065 3475 4120 11
3514 4069 3573 4120 et
3595 4061 3703 4120 lib:
3743 4061 3812 4118 de

2116 4136 2352 4191 [ηοω-ιι.
2382 4135 2634 4189 Christi.
2675 4136 2749 4189 At
2776 4133 2847 4187 de
2879 4138 3127 4235 utroque
3158 4136 3343 4190 simul
3379 4137 3669 4191 laudatus
3694 4134 3812 4214 jam

2117 4224 2229 4235 ..λη
2266 4205 2447 4235 nnmn‘
2480 4205 2698 4235 ’νηηιηιι
2760 4204 2839 4235 Hk
2903 4204 2976 4235 An
3013 4205 3032 4235 ι
3069 4207 3346 4235 ..σήμαιν’-η’
3422 4224 3535 4235 ιιι-ιη
3594 4208 3665 4235 0n
3718 4203 3809 4235 “In

2116 4224 2233 4263 non
2266 4205 2449 4261 semel
2480 4205 2721 4260 Tertull.
2759 4204 2860 4258 lib.
2902 4204 2976 4259 de
3004 4203 3368 4279 thpscript.
3420 4224 3557 4279 cap.
3593 4203 3814 4279 80,'ubi

2118 4280 2424 4333 amborum
2455 4280 2707 4346 tempus,
2733 4279 2953 4330 sectam
3003 4276 3522 4349 philosophicam,
3575 4278 3818 4350 religio-

2118 4366 2250 4406 nem
2300 4350 2473 4418 atque
2503 4364 2739 4402 errores
2774 4352 3074 4401 memorat.

2189 4419 2304 4490 (95)
2325 4420 2622 4473 Macarius
2643 4424 2819 4490 atque
2835 4419 3169 4488 Stephanus
3195 4423 3253 4475 ut
3280 4420 3824 4478 Monothelitarum

2119 4489 2399 4564 haeresim
2433 4489 2834 4564 defenderent,
2872 4490 3240 4545 hunclocum
3271 4492 3334 4546 in
3372 4497 3560 4548 sexta
3592 4491 3821 4564 synodo

2122 4563 2372 4635 genrali,
2394 4577 2526 4635 quae
2549 4562 2716 4635 tertia
2740 4561 3057 4635 Con_stant._
3078 4566 3188 4626 est,
3212 4566 3332 4635 act.
3369 4564 3428 4630 4,
3460 4561 3815 4635 citaverunt,

2123 4632 2229 4689 sed
2268 4650 2374 4704 pro
2416 4632 2832 4706 haereticorum
2862 4633 3503 4705 ingeniomutilatum,
3549 4632 3829 4706 quemad-

346 4687 407 4761 ld
435 4687 685 4779 quoque
701 4687 819 4779 non
843 4687 1101 4779 obscure
1132 4687 1506 4779 significatur
1534 4704 1590 4758 in
1606 4687 1836 4779 sirpe;
1858 4687 2008 4775 psal.
2045 4687 2101 4750 D
2123 4687 2358 4779 modum
2390 4721 2422 4757 a
2452 4704 2783 4779 catholicis
2803 4687 3267 4779 d_exii‘onstralu:n
3299 4687 3828 4779 estfljeeurﬁluo-

343 4776 551 4846 xxxix,
582 4776 657 4845 ἰι,
706 4778 792 4843 16,
840 4778 942 4831 ubi
976 4778 1247 4848 eumdem
1287 4776 1481 4848 locum
1521 4777 1731 4848 eadem
1760 4793 2011 4848 prorsus

344 4850 569 4907 ratione
601 4849 921 4903 enucleans
957 4869 979 4897 ι
1017 4847 1344 4903 secundum
1376 4846 1631 4901 hominis
1666 4846 1897 4903 locutus
1920 4851 2015 4902 est

346 4918 652 4987 affectum,
695 4935 869 4989 quem
901 4920 1089 4972 innuit
1130 4925 1362 4973 cautum
1409 4932 1547 4973 esse
1604 4918 1843 4987 debere,
1902 4936 2011 4973 nec

344 4991 887 5062 praesumerequod
919 4990 1091 5044 facile
1121 4991 1371 5062 implere
1394 5005 1511 5062 non
1542 4992 1755 5059 possit.
1786 5012 1807 5041 ι
1834 4990 1904 5044 Et
1926 4991 2012 5044 in-

348 5060 457 5131 fra,
495 5082 518 5111 α
571 5060 875 5115 hominum
913 5076 1159 5115 sensum
1190 5061 1619 5131 exprimit,_qui
1647 5066 1850 5131 putant
1872 5077 1939 5116 se
1979 5079 2012 5115 a

347 5129 597 5187 Domino
630 5147 760 5201 suo,
786 5132 1018 5201 quando
1043 5136 1180 5186 sunt
1203 5129 1592 5201 in‘periculi’s,
1626 5129 1965 5188 derelictos.
1988 5159 2012 5181 ι)

351 5203 500 5258 Hinc
529 5206 722 5257 autem
754 5207 909 5272 patet
939 5202 1589 5274 Magistrisolutionem
1622 5204 1917 5274 repudiari
1939 5204 2013 5258 ab

349 5276 514 5330 Estio
546 5289 663 5328 non
704 5274 988 5346 debuisse
1017 5273 1507 5346 {maximeqvero
1541 5288 1673 5328 cum
1691 5273 1894 5346 neque
1926 5276 2012 5329 ci-

346 5349 485 5402 tatis
506 5346 679 5413 locis,
722 5360 915 5418 neque
955 5344 1013 5418 in
1045 5344 1265 5397 Lucam
1307 5344 1409 5418 lib.
1461 5361 1539 5418 1v,
1581 5362 1739 5400 num.
1777 5344 1864 5415 1‘2,
1908 5346 2009 5401 ubi

347 5420 445 5491 hic
475 5419 630 5491 idem
654 5421 852 5491 textus
882 5415 1193 5491 delibatur,
1226 5415 1462 5469 modum
1484 5415 1602 5491 quo
1620 5418 1919 5487 Christus,
1954 5421 2015 5472 ut

347 5490 545 5561 homo,
580 5489 845 5561 dubitare
868 5487 970 5561 vel
993 5486 1273 5561 ignorare
1307 5486 1578 5556 potuerit,
1616 5504 1871 5561 prorsus
1897 5505 2016 5543 non

347 5557 718 5633 tangatrSed
760 5559 955 5633 fusius
979 5557 1050 5633 de
1090 5557 1186 5633 his
1217 5558 1318 5633 lib.
1353 5574 1426 5633 lll_
1446 5563 1569 5633 agit
1599 5557 1977 5633 Ambrosius.

417 5629 529 5703 (94)
556 5632 724 5698 Quod
752 5629 1356 5703 asseritAmbrosius
1396 5630 1466 5686 de
1489 5629 1842 5703 Manichteo,
1877 5631 2020 5685 illud

342 5700 519 5761 etiam
547 5705 852 5759 traditura
883 5701 1084 5757 multis
1123 5700 1256 5755 aliis
1295 5703 1591 5770 Pati-ibus,
1629 5702 1905 5758 nimirum
1944 5702 2020 5757 il-

342 5775 466 5832 lum
520 5776 827 5833 veritatem
884 5773 1310 5830 incarnationis
1367 5772 1713 5834 inficiatum.
1783 5773 2021 5831 Christo

338 5848 767 5931 phantasticam
798 5862 1056 5927 carnem,
1080 5860 1213 5927 quae
1252 5845 1527 5911 humanis
1558 5847 1838 5910 illuceret
1871 5861 2014 5909 sea-

2121 4793 2235 4848 que
2260 4777 2490 4830 fuerant
2513 4776 2571 4848 in
2601 4779 2712 4848 act.
2757 4775 2809 4842 4,
2835 4775 3043 4848 littera)
3068 4777 3417 4848 Agathonis
3443 4779 3628 4833 Rom.
3655 4777 3819 4848 Pont.

2121 4846 2159 4902 ιῐ
2194 4864 2310 4919 quo
2344 4846 2579 4920 caeteris
2622 4846 2856 4920 Patrum
2897 4846 2955 4899 in
2997 4846 3123 4899 haec
3166 4846 3554 4920 Evangelica
3585 4847 3773 4920 verba
3810 4861 3822 4900 :

2125 4943 2145 4966 α
2195 4917 2384 4986 Pater,
2418 4919 2471 4972 si
2501 4917 2788 4986 possibile
2821 4920 2932 4985 est,
2975 4921 3112 4990 etc.,
3146 4917 3527 4974 testimoniis
3562 4919 3825 4990 praemit-

2120 4991 2260 5063 titur
2300 4989 2692 5063 Agmbrosiana
2741 4989 3053 5063 sententia,
3101 5004 3234 5063 quae
3286 5006 3430 5061 cap.
3480 4989 3621 5063 seq.
3659 5004 3820 5044 num.

2121 5062 2209 5116 sic
2242 5061 2459 5132 legitur
2491 5076 2502 5114 :
2550 5082 2572 5110 «
2609 5059 2886 5130 Suscepit
2932 5075 3077 5132 ergo
3117 5059 3500 5116 voluntatem
3543 5059 3763 5117 meam.
3791 5081 3822 5132 ,-

2121 5138 2232 5187 etc.
2263 5131 2448 5198 Quem
2480 5132 2671 5185 locum
2707 5131 2766 5184 in
2804 5134 2917 5184 act.
2954 5131 3021 5184 10
3053 5133 3261 5185 iterum
3286 5132 3530 5201 placuit
3560 5131 3822 5187 recitari.

2123 5204 2292 5259 Unde
2332 5204 2532 5274 quanti
2564 5202 2823 5257 facerent
2850 5204 3156 5257 Doctorezn
3192 5207 3506 5276 nostrum,
3553 5218 3823 5278 cognos-

2123 5291 2257 5330 cere
2290 5279 2401 5329 est.

2192 5346 2305 5413 (96)
2358 5346 2535 5399 Arius
2590 5346 2844 5416 ejusque
2892 5348 3218 5400 sectatores
3271 5360 3418 5400 cum
3483 5346 3827 5402 libertatem

2123 5418 2293 5471 aliter
2320 5418 2549 5487 eripere
2580 5416 2817 5471 Christo
2857 5432 2975 5470 non
3005 5421 3270 5487 possent,
3315 5433 3396 5472 eo
3451 5418 3831 5474 devenerant

2123 5489 2460 5559 impietatis,
2495 5491 2556 5542 ut
2594 5488 2666 5542 ab
2701 5488 2800 5542 illo
2842 5504 2959 5542 non
2989 5488 3263 5557 animam,
3296 5490 3417 5543 sed
3453 5490 3658 5545 solam
3704 5503 3831 5559 car:-

2123 5556 2255 5633 ncm
2289 5563 2652 5633 assumptum
2673 5560 3113 5633 contenderent.
3146 5556 3347 5614 Testis
3392 5565 3495 5615 est
3527 5556 3833 5633 hujugrei

2125 5631 2489 5704 Athanasius
2513 5632 2586 5685 de
2614 5630 2802 5704 Salut.
2827 5631 3107 5704 Adventu
3145 5633 3285 5685 Chr.
3322 5645 3478 5704 pag.
3511 5630 3658 5701 685;
3694 5631 3832 5701 Epi-

2123 5703 2399 5775 phanius,
2444 5702 2645 5758 lateres
2704 5702 2793 5773 69,
2825 5718 2962 5785 num
2991 5701 3091 5772 49;
3125 5701 3544 5832 Augustinus.
3602 5703 3827 5762 hmres.

2124 5774 2212 5849 49,
2255 5777 2310 5833 ct
2341 5773 2771 5848 Theodoretus,
2807 5772 2945 5833 libv
2973 5773 3199 5833 Haeret.
3275 5772 3449 5834 abul.
3487 5789 3628 5854 cap.
3663 5771 3757 5839 tt.

2198 5815 2212 5849 ,
2255 5814 2310 5833 νυ
2352 5814 2771 5848 ιιιννυινινιυυ,
2807 5814 2887 5831 Il“
2917 5814 2935 5833 Υ
2973 5814 3199 5833 ιιυνιυνο
3225 5814 3247 5832 ι
3275 5814 3449 5834 κυωο
3487 5814 3628 5849 vuln
3666 5814 3757 5839 ιδ.
