4050 6182
403 276 516 346 593

1774 286 1889 351 DE
1918 287 2142 352 FIDE!
2174 290 2336 357 LIB.
2369 291 2449 357 II.

3740 306 3861 374 594

407 482 541 580 ...ω
559 482 797 580 _t'aciam
825 485 1186 542 voluntatem
1210 490 1388 557 tuam,
1427 488 1587 544 Deus
1639 504 1830 560 meus,
1864 488 2070 580 “volui
2097 472 2155 540 Ᾱ
2182 494 2346 565 sapis
2367 510 2504 567 qum
2536 495 2642 551 Dei
2661 499 2820 569 sunt,
2846 499 2954 555 sed
2975 516 3109 573 quae
3130 506 3270 560 sunt
3289 503 3593 563 hominum
3611 508 3850 580 (Matth.

397 570 585 639 (Psal.
619 590 827 643 xxxxx,
860 575 936 643 9).
972 575 1043 629 Et
1077 576 1256 632 alibi:
1294 598 1319 627 ‹‹
1355 577 1696 634 Voluntaria
1718 578 2072 635 sacrificabo

393 661 499 715 tibi
524 661 693 716 Psal.
714 680 839 733 Llll,
871 664 946 733 8).
988 688 1009 711 ο

467 768 536 821 49
567 768 753 823 Scivit
782 773 1026 824 sanctus
1047 772 1359 841 apostolus
1393 772 1602 828 Petrus
1636 774 1845 829 Jesum
1874 774 1934 830 in
1962 791 2074 846 po-

392 860 609 912 testate
639 858 859 914 habere
891 876 1024 931 quae
1055 861 1258 931 vellet;
1280 866 1335 916 et
1368 863 1502 918 ideo
1534 880 1669 918 cum
1692 864 1919 919 videret
1944 881 2072 920 am-

398 946 606 1002 bulare
644 963 779 1002 eum
824 964 1003 1020 supra
1046 966 1225 1021 mare,
1263 950 1342 1004 ait
1389 968 1401 1006 :
1458 952 1724 1022 Domine,
1768 954 1818 1008 si
1870 956 1932 1008 tu
1981 969 2070 1023 es,

385 1035 536 1106 jube
557 1052 651 1091 me
692 1038 894 1093 venire
911 1042 969 1091 at
999 1041 1054 1093 te
1085 1056 1270 1110 super
1299 1056 1485 1111 aquas
1517 1042 1756 1103 (Matth.
1781 1059 1903 1113 xxv,
1924 1043 2070 1112 28).»

397 1127 611 1181 Petrus
644 1126 893 1181 credidit
913 1129 1050 1199 quia
1081 1130 1133 1182 si
1153 1128 1430 1184 Christus
1444 1130 1668 1201 jubeat,
1693 1134 1918 1186 naturae
1936 1147 2077 1202 pos-

394 1215 472 1268 sit
502 1215 761 1270 conditio
794 1217 1037 1285 mutari;
1091 1222 1152 1272 ut
1184 1218 1458 1273 humanis
1496 1233 1564 1273 se
1606 1219 1891 1291 subjiciat
1913 1221 2075 1275 unda

394 1304 691 1376 vestigiis,
735 1309 792 1359 et
820 1306 1285 1376 discrepantium
1317 1311 1657 1362 naturarum
1682 1310 1876 1379 possit
1921 1325 2069 1364 con-

400 1394 609 1449 venire
639 1395 980 1449 concordia.
1019 1396 1230 1450 l’etrus
1261 1398 1455 1467 poscit
1482 1401 1545 1451 ut
1568 1396 1795 1468 jubeat,
1847 1414 1965 1453 non
2012 1403 2077 1454 ut

398 1486 569 1554 roget
590 1482 889 1553 Christus,
915 1484 1191 1541 Christus
1216 1501 1334 1541 non
1364 1487 1616 1558 rogavit,
1654 1488 1761 1543 sed
1787 1487 1998 1559 jussit,
2015 1491 2074 1544 et

397 1571 615 1626 factum
648 1576 741 1627 est
776 1588 788 1628 :
822 1576 880 1628 et
908 1575 1089 1628 Arius
1123 1575 1519 1629 contradicit?

464 1679 553 1733 50.
588 1677 737 1744 Quid
760 1682 853 1734 est
874 1682 1066 1735 tamen
1090 1683 1249 1754 quod
1274 1683 1447 1737 Pater
1468 1683 1627 1753 velit,
1662 1682 1848 1738 Filius
1880 1683 2026 1739 nolit
2058 1701 2073 1753 ;

393 1771 495 1821 aut
524 1767 710 1823 Filius
753 1769 896 1823 velit
936 1773 992 1824 et
1038 1770 1212 1825 l‘ater
1240 1772 1428 1825 nolit?
1474 1792 1500 1821 ‹‹
1539 1772 1711 1827 Pater
1742 1788 1894 1845 quos
1924 1773 2070 1845 vult,

2180 602 2299 648 xvr,
2320 583 2409 641 23.
2452 607 2473 635 ι

2251 675 2340 730 53.
2402 675 2680 748 Suscepit
2726 694 2872 751 ergo
2907 681 3268 739 voluntatem
3331 702 3544 759 meam,
3586 692 3856 763 suscepit

2182 765 2477 821 tristitiam
2534 782 2745 822 meam.
2808 768 3187 827 Conﬂdenter
3241 774 3535 832 tristitiam
3594 780 3853 851 nomine,

2182 854 2320 927 quia
2369 871 2607 911 crucem
2662 858 2944 927 prmdico.
2998 860 3127 915 Mea
3186 866 3279 918 est
3334 866 3629 939 voluntas,
3680 886 3856 942 quam

2183 960 2350 998 suam
2374 946 2556 1016 dixit;
2589 947 2726 1017 quia
2745 951 2806 1002 ut
2834 948 3010 1004 homo
3033 953 3300 1024 suscepit
3320 955 3618 1011 tristitiam
3641 974 3851 1031 meam,

2183 1037 2246 1088 ut
2273 1034 2449 1089 homo
2467 1036 2704 1091 locutus
2737 1040 2859 1107 est;
2893 1040 2952 1093 et
2981 1040 3114 1096 ideo
3145 1042 3225 1096 ait
3258 1058 3271 1098 :
3310 1064 3333 1094 α
3364 1045 3498 1100 Non
3533 1046 3691 1103 sicut
3737 1064 3851 1122 ego
3952 1056 3959 1069 ‘

2183 1124 2340 1194 volo,
2374 1125 2481 1180 sed
2505 1125 2661 1180 sicut
2691 1129 2752 1181 tu
2774 1129 2867 1181 vis
2898 1127 3139 1198 (Matth.
3180 1149 3344 1203 xxvr,
3372 1134 3485 1203 39).
3534 1158 3555 1182 »ι
3592 1135 3721 1191 Mea
3761 1142 3854 1194 est

2181 1213 2438 1283 tristitia,
2491 1230 2666 1285 quam
2697 1231 2829 1272 meo
2869 1220 3136 1290 suscepit
3164 1219 3377 1277 affectu
3415 1238 3426 1277 :
3479 1239 3652 1280 nemo
3698 1227 3853 1281 enim

2183 1304 2507 1358 moriturus
2546 1306 2823 1361 exsultat.
2869 1308 3012 1362 Mihi
3049 1313 3418 1383 compatitur,
3473 1313 3614 1367 mihi
3663 1316 3854 1372 tristis

2183 1394 2293 1461 est,
2329 1393 2471 1447 mihi
2503 1393 2678 1450 dolet.
2724 1396 2882 1468 Ergo
2922 1414 3030 1468 pro
3061 1415 3154 1454 me
3193 1401 3341 1455 etin
3368 1417 3461 1456 me
3505 1403 3711 1475 doluit,
3752 1407 3853 1477 qui

2181 1497 2289 1552 pro
2313 1498 2380 1537 se
2401 1483 2546 1537 nihil
2582 1483 2785 1539 habuit
2816 1487 2975 1557 quod
3004 1487 3250 1545 doleret.

2252 1571 2341 1625 54.
2378 1571 2556 1627 Doles
2578 1573 2777 1646 igitur,
2811 1574 3056 1631 Domine
3088 1577 3254 1649 Jesu,
3290 1595 3411 1635 non
3434 1582 3550 1651 tua,
3584 1583 3694 1639 sed
3724 1600 3852 1640 mea

2180 1659 2462 1731 vulnera;
2496 1677 2615 1717 non
2636 1666 2794 1718 tuam
2826 1668 3222 1736 mortem,sed
3243 1673 3507 1725 nostram
3540 1672 3849 1728 inﬁrmita-

2179 1752 2318 1820 tem,
2356 1750 2512 1805 sicut
2555 1751 2635 1804 ait
2690 1753 3024 1823 prOpheta:
3071 1775 3094 1804 α
3131 1755 3277 1822 Quia
3326 1774 3432 1828 pro
3483 1760 3658 1816 nobis
3700 1762 3858 1819 dolet

393 1858 693 1927 vivitlcat;
728 1862 783 1912 et
824 1858 1009 1913 Filius
1041 1876 1193 1931 quos
1227 1861 1371 1931 vult,
1394 1861 1673 1932 vivificat,
1701 1883 1720 1909 ι
1750 1862 1905 1917 sicut
1926 1863 2069 1917 scri-

2194 1838 2320 1908 ﬁlsa.
2345 1857 2464 1910 Llll,
2498 1840 2553 1911 4)
2590 1856 2602 1895 :
2638 1843 2695 1896 et
2716 1858 2848 1912 nos,
2899 1842 3169 1915 Domine,
3204 1848 3632 1905 aastimavimus
3665 1855 3720 1907 te
3751 1868 3853 1907 es-

392 1949 560 2017 ptum
592 1950 684 2001 est
716 1948 898 2018 (Joan.
930 1965 988 2018 v,
1020 1949 1132 2018 2t).
1169 1950 1273 2004 Dic
1310 1966 1467 2005 nunc
1505 1966 1657 2022 quos
1684 1951 2075 2007 vivitlcaverit

394 2035 605 2105 Filius,
665 2039 723 2091 et
779 2036 954 2091 Pater
1009 2039 1311 2093 viviticare
1370 2040 1645 2095 noluerit.
1696 2039 1843 2095 Cum
1873 2044 2069 2096 autem

392 2124 583 2180 Filius
616 2140 769 2196 quos
789 2126 930 2181 velit
961 2127 1237 2197 vivitlcct,
1260 2131 1316 2182 et
1337 2129 1599 2201 operatio
1619 2145 1735 2184 una
1754 2130 1831 2184 sit
1854 2146 1869 2199 ;
1901 2130 2071 2185 vides

392 2214 531 2285 quia
562 2229 683 2268 non
703 2214 895 2269 solum
929 2215 1113 2270 Filius
1138 2217 1496 2272 voluntatem
1520 2218 1734 2289 Patris,
1763 2219 1870 2274 sed
1892 2219 2069 2274 etiam

395 2302 571 2357 Pater
599 2303 732 2357 Filii
762 2304 936 2359 faciat
966 2305 1325 2360 voluntatem
1344 2309 1372 2361 ?
1426 2307 1578 2373 Quid
1631 2312 1724 2363 est
1753 2312 1947 2363 autem
1977 2308 2071 2362 vi-

391 2390 658 2462 viticare,
693 2391 812 2447 nisi
865 2409 973 2464 per
1023 2394 1151 2449 Filii
1197 2396 1580 2465 passionem?
1617 2396 1829 2451 Passio
1878 2400 2074 2452 autem

390 2480 614 2536 Christi
645 2480 919 2537 voluntas
951 2491 1045 2537 est
1078 2483 1291 2539 Patris.
1315 2484 1477 2549 Quos
1500 2501 1645 2558 ergo
1671 2486 1859 2540 Filius
1889 2486 2076 2541 viviﬁ-

390 2572 507 2639 cat,
527 2586 636 2641 per
665 2570 856 2626 Patris
886 2572 1146 2627 vivificat
1174 2574 1557 2630 voluntatem.
1597 2575 1725 2630 Una
1759 2575 1948 2647 igitur
1978 2578 2075 2631 est

390 2659 692 2715 voluntas.

464 2766 556 2820 51.
589 2765 732 2831 Qum
762 2769 956 2822 autem
993 2769 1269 2824 voluntas
1324 2770 1536 2841 Patris,
1571 2772 1691 2827 nisi
1732 2774 1795 2827 ut
1843 2772 2073 2828 veniret

390 2856 580 2910 Jesus
611 2857 672 2910 in
694 2856 851 2912 hunc
884 2858 1188 2928 mundum,
1215 2862 1272 2914 et
1309 2876 1420 2915 nos
1453 2861 1760 2916 mundaret
1788 2878 1821 2915 a
1851 2862 2012 2917 vitiis
2041 2864 2072 2918 ?

388 2936 543 3000 480
589 2945 746 3001 Audi
787 2946 1090 3017 leprosum
1149 2947 1486 3005 dicentem:
1545 2972 1565 2999 α
1620 2949 1682 3004 Si
1730 2950 1846 3021 vis,
1898 2952 2069 3021 potes

393 3050 488 3090 me
518 3035 804 3090 mundare
834 3036 1075 3106 (Matth.
1107 3054 1230 3105 vm,
1252 3039 1326 3106 ἓ).
1370 3062 1389 3085 η
1422 3039 1750 3110 Respondit
1765 3039 2063 3111 Christus,

396 3146 419 3171 ι
470 3123 619 3178 Volo
669 3124 846 3194 (Ibid.
887 3125 985 3195 8);
1038 3129 1094 3179 et
1141 3128 1339 3181 statim
1384 3131 1630 3183 secutus
1688 3132 1783 3184 est
1824 3128 2070 3185 etl'ectus
2143 3152 2146 3156 λ

2184 1944 2251 1983 se
2281 1928 2341 1984 in
2371 1929 2681 1986 doloribus
2707 1947 2719 1987 :
2746 1948 2880 1987 cum
2902 1935 2963 1988 tu
2990 1948 3108 1989 non
3137 1951 3244 2006 pro
3274 1939 3350 2008 te,
3385 1940 3489 1994 sed
3509 1956 3616 2011 pro
3645 1957 3738 1997 me
3758 1943 3854 1998 (1ο⁴

2180 2017 2360 2073 lares.

2253 2108 2343 2163 55.
2376 2108 2447 2163 Et
2498 2110 2640 2181 quid
2688 2112 2903 2168 mirum
2947 2115 3001 2169 si
3059 2131 3167 2186 pro
3215 2118 3492 2173 omnibus
3523 2119 3727 2191 doluit,
3752 2121 3852 2193 qui

2182 2212 2292 2268 pro
2339 2213 2459 2253 uno
2505 2199 2666 2254 ﬂevit
2687 2201 2715 2254 ?
2737 2199 2886 2265 Quid
2909 2204 3143 2274 mirum,
3168 2207 3222 2260 si
3252 2207 3575 2263 moriturus
3597 2225 3704 2280 pro
3732 2225 3856 2264 om-

2183 2286 2362 2341 nibus
2399 2287 2631 2358 taedeat,
2666 2290 2766 2361 qui
2795 2291 3081 2347 Lazarum
3111 2296 3583 2351 resuscitaturus
3615 2297 3854 2369 illacry-

2183 2378 2350 2430 mat?
2381 2376 2600 2432 Verum
2628 2382 2686 2433 et
2733 2379 2817 2434 ibi
2853 2381 2967 2452 piae
2998 2384 3226 2438 sororis
3272 2384 3551 2456 lacrymis
3584 2402 3853 2442 commo-

2184 2469 2374 2537 vetur,
2407 2467 2544 2537 quia
2590 2472 2783 2525 mente
2818 2470 3074 2526 humana
3119 2474 3473 2545 tangebatur
3510 2475 3624 2546 (98)
3664 2480 3721 2532 et
3756 2477 3852 2532 hic

2184 2555 2301 2610 alto
2334 2560 2610 2627 operatur
2638 2556 2852 2614 atl'ectu
2893 2576 2907 2615 :
2960 2562 3024 2616 ut
3060 2561 3217 2617 sicut
3244 2579 3406 2619 mors
3439 2563 3575 2636 ejus
3607 2568 3855 2622 mortem

2184 2645 2445 2716 abstulit,
2471 2646 2625 2704 livor
2652 2648 2786 2720 ejus
2821 2650 3020 2706 ulcera
3047 2654 3252 2707 nostra
3280 2654 3533 2709 sanaviti
3566 2655 3644 2710 ita
3673 2655 3848 2711 etiam

2184 2751 2494 2791 maerorem
2525 2740 2796 2794 nostrum
2824 2755 3045 2796 mmror
3074 2741 3210 2814 ejus
3240 2743 3525 2800 aboleret.

2255 2826 2344 2881 56.
2394 2825 2470 2880 Ut
2522 2825 2699 2883 homo
2734 2827 2898 2902 'ergo
2938 2830 3182 2900 dubitat,
3232 2834 3296 2887 ut
3345 2833 3523 2889 homo
3563 2832 3850 2890 turbatur.

2185 2916 2321 2972 Non
2359 2916 2628 2972 turbatur
2674 2916 2808 2990 ejus
2868 2918 3059 2975 virtus
3102 2922 3234 2993 (99),
3270 2939 3387 2978 non
3417 2924 3688 2980 turbatur
3717 2923 3853 2996 ejus

2186 3004 2486 3078 divinitas,
2528 3009 2635 3063 sed
2666 3008 2937 3065 turbatur
2954 3010 3148 3066 anima
3184 3013 3492 3068 :turbatur
3519 3014 3850 3070 secundum

2185 3095 2458 3152 humanm
2518 3095 2853 3169 fragilitatis
2900 3101 3387 3171 assumptionem.
3440 3103 3511 3157 Et
3548 3103 3683 3160 ideo
3716 3104 3852 3175 quia

392 3186 824 3282 sanitatis‘(9'l).
868 3186 1050 3269 Vides
1082 3216 1218 3286 quia
1254 3216 1440 3271 Filius
1464 3233 1591 3271 suae
1613 3217 1835 3273 arbiter
1863 3218 2069 3274 volun-

2194 3186 2454 3258 suscepit
2483 3186 2758 3259 animam,
2792 3190 3059 3259 suscepit
3080 3193 3136 3244 et
3164 3190 3374 3245 animae
3402 3193 3719 3261 passiones
3748 3193 3850 3261 (l);

389 3304 531 3357 tatis
563 3306 677 3373 est,
712 3307 769 3357 et
799 3302 1020 3359 Christi
1074 3304 1352 3361 voluntas
1397 3306 1604 3361 eadem
1646 3323 1781 3379 quae
1830 3310 2072 3378 paterna

394 3393 530 3447 est?
560 3391 906 3464 Quanquam
940 3409 1073 3448 cum
1108 3394 1325 3449 dixerit
1365 3411 1377 3450 :
1417 3419 1437 3442 α
1482 3395 1689 3451 Omnia
1729 3413 1862 3468 quas
1898 3396 2073 3451 Pater

395 3480 591 3551 habet,
627 3497 756 3536 mea
788 3486 928 3536 sunt
956 3482 1149 3553 (Joan.
1181 3500 1303 3553 xvx,
1347 3484 1458 3556 l5),
1498 3508 1520 3534 α
1566 3485 1697 3540 sine
1721 3485 1901 3540 dubio
1932 3487 2069 3557 quia

395 3570 540 3625 nihil
572 3570 885 3642 excipitur,
931 3588 1110 3643 quam
1157 3574 1330 3628 Pater
1359 3573 1555 3630 habet.
1597 3575 1864 3631 eamdem
1893 3575 2071 3631 habet

392 3662 447 3714 et
477 3659 669 3715 Filius
701 3660 1075 3716 voluntatem.

1028 3804 1282 3860 CAPUT
1322 3805 1443 3861 VII.

394 3908 575 3965 Redit
593 3909 673 3966 ad
686 3910 1010 3982 propositae
1032 3910 1385 3967 dilicultatis
1408 3912 1776 3979 solutionem,
1800 3918 1857 3970 et
1882 3913 2073 3970 volun-

462 3987 645 4037 tatem
665 3982 1031 4055 aﬂ‘ectusque
1049 3983 1383 4057 humanosa
1396 3983 1639 4057 Christo
1670 4001 1808 4041 vere
1830 4002 2068 4057 suscep-

465 4059 557 4108 tos
592 4068 781 4128 esse,
810 4070 877 4128 ac
919 4054 1193 4128 proinde,
1244 4055 1533 4128 quidquid
1548 4057 1608 4109 in
1641 4058 1769 4128 ipso
1792 4074 1904 4111 non
1927 4054 2068 4112 coh-

460 4124 628 4201 gruit
651 4123 981 4201 divinitati,
1018 4141 1097 4179 ex
1124 4123 1351 4201 eisdem
1383 4123 1536 4181 oriri
1566 4123 1756 4201 docet,
1792 4134 1965 4201 atque
1994 4128 2071 4183 ad

462 4195 528 4249 id
560 4196 712 4268 quod
730 4195 911 4250 simul
933 4197 1097 4251 Deus
1121 4203 1179 4251 et
1209 4198 1379 4253 homo
1411 4205 1562 4268 erat,
1588 4195 1839 4254 referri.

462 4285 557 4339 52.
604 4284 733 4339 Una
764 4300 909 4356 ergo
944 4285 1236 4355 voluntas,
1262 4287 1364 4342 ubi
1385 4304 1500 4341 una
1524 4288 1785 4359 Operatio
1818 4304 1830 4342 :
1865 4287 1926 4344 in
1948 4288 2068 4344 Deo

394 4374 550 4428 enim
579 4373 902 4429 voluntatis
934 4376 1130 4430 series
1153 4377 1514 4446 operationis
1544 4376 1790 4432 effectus
1810 4380 1920 4432 est.
1951 4377 2070 4433 Sed

392 4462 505 4517 alia
553 4463 832 4518 voluntas
882 4463 1163 4533 hominis,
1196 4466 1310 4519 alia
1363 4466 1488 4520 Dei.
1524 4466 1789 4537 Denique
1819 4469 1881 4521 ut
1908 4467 2069 4522 scias

2185 3293 2305 3332 non
2344 3277 2500 3332 enim
2525 3277 2684 3333 Deus
2715 3293 2787 3333 eo
2809 3278 2967 3350 quod
3000 3278 3159 3334 Deus
3198 3282 3342 3349 erat,
3366 3284 3465 3335 aut
3492 3281 3718 3336 turbari
3747 3286 3849 3337 aut

2183 3367 2334 3422 mori
2370 3367 2682 3438 potuisset.
2744 3367 3029 3439 Denique,
3085 3390 3107 3416 α
3151 3368 3334 3439 Deus,
3377 3369 3556 3435 Deus,
3585 3398 3611 3419 »ι
3640 3370 3849 3441 inquit,

2189 3477 2211 3507 κ
2249 3473 2438 3525 meus,
2474 3472 2657 3527 quare
2701 3472 2793 3512 me
2843 3457 3213 3529 dereliquisti
3246 3458 3432 3527 (Psal.
3467 3476 3591 3527 xxi,
3624 3459 3679 3529 2,)
3702 3462 3730 3514 ?
3776 3460 3851 3515 Ut

2184 3546 2362 3601 homo
2385 3536 2526 3602 481
2593 3561 2740 3619 ergo
2807 3546 3114 3619 loquitur,
3186 3564 3354 3604 meos
3418 3549 3849 3606 circumferens

2183 3639 2414 3706 metus;
2446 3636 2605 3707 quod
2636 3636 2698 3691 in
2742 3636 3026 3708 periculis
3056 3637 3255 3708 positi,
3288 3654 3323 3692 a
3371 3638 3619 3694 Domino
3651 3639 3852 3696 deseri

2184 3725 2263 3795 (2)
2292 3740 2403 3781 nos
2433 3728 2729 3797 putamus.
2764 3726 2841 3781 Ut
2878 3726 3054 3782 homo
3099 3726 3386 3799 turbatur,
3431 3732 3491 3783 ut
3523 3729 3698 3785 homo
3729 3730 3847 3799 tlct,

2184 3818 2248 3871 ut
2276 3816 2451 3871 homo
2474 3815 2859 3889 crucifigitur.

2256 3924 2346 3979 5'7.
2379 3923 2477 3979 Sic
2526 3924 2684 3980 enim
2728 3926 2786 3980 et
2819 3924 3127 3996 apostolus
3171 3925 3389 3981 Paulus
3438 3926 3585 3981 dixit
3633 3942 3645 3982 :
3706 3926 3853 3991 Quia

2187 4038 2208 4062 α
2247 4013 2467 4069 Christi
2500 4030 2739 4070 carnem
2772 4014 3196 4069 cruciﬁxerunt
3226 4014 3445 4085 (Galat.
3479 4032 3535 4085 v,
3570 4015 3681 4086 24).
3723 4038 3745 4067 ι
3782 4016 3852 4071 Et

2183 4102 2325 4159 alibi
2355 4103 2662 4175 apostolus
2692 4103 2905 4158 Petrus
2933 4104 3012 4157 ait
3042 4120 3054 4158 :
3095 4126 3117 4154 α
3152 4103 3388 4160 Christo
3418 4122 3599 4176 passo
3630 4122 3850 4161 secun—

2185 4194 2323 4249 dum
2355 4208 2592 4248 carnem
2621 4193 2678 4263 (1
2708 4193 2882 4248 Petr.
2916 4210 2997 4263 ιν,
3026 4193 3097 4263 1).
3128 4193 3278 4248 Caro
3312 4194 3495 4267 igitur
3524 4198 3617 4250 est
3646 4211 3847 4265 passa,

2185 4282 2463 4337 divinitas
2494 4286 2687 4338 autem
2718 4283 2925 4337 mortis
2955 4283 3175 4353 libera;
3208 4284 3477 4354 passioni
3501 4300 3719 4354 corpus
3750 4300 3850 4337 na-

2184 4375 2331 4428 turae
2362 4373 2495 4445 lege
2527 4373 2857 4443 concessit;
2889 4389 2963 4427 an
2983 4389 3124 4427 vero
3148 4373 3295 4428 mori
3328 4373 3603 4426 divinitas
3632 4376 3846 4442 potest,

2186 4478 2320 4517 cum
2349 4462 2543 4517 anima
2563 4478 2683 4517 non
2705 4461 2936 4532 possit?
2970 4484 2992 4512 α
3030 4462 3243 4526 Nolite,
3284 4482 3307 4510 ι
3341 4461 3549 4533 inquit,
3585 4482 3605 4510 α
3641 4462 3848 4515 timere

393 4553 573 4607 vitam
623 4553 684 4607 in
712 4553 1013 4608 voluntate
1052 4570 1192 4609 esse
1235 4555 1513 4625 hominis,
1548 4556 1684 4627 quia
1716 4558 1962 4610 mortem
1992 4557 2069 4610 ti-
2104 4568 2290 4652 l)eos
2322 4554 2424 4624 qui
2458 4568 2678 4622 corpus
2721 4554 2977 4622 possunt
3026 4550 3320 4619 occidere,
3361 4550 3612 4649 animam
3654 4552 3849 4652 autem

394 4658 664 4698 memus:
707 4643 1050 4713 passionem
1088 4647 1281 4699 autem
1315 4643 1534 4700 Christi
1569 4645 1628 4700 in
1659 4644 1955 4700 voluntate
1977 4645 2068 4700 di-
2104 4638 2160 4652 ”
2183 4658 2300 4697 non
2322 4645 2578 4713 possunt
2606 4640 2843 4709 (Matth.
2877 4657 2936 4711 κ,
2956 4638 3067 4707 28).
3096 4660 3119 4688 ι
3154 4639 3217 4695 Si
3248 4655 3392 4713 ergo
3433 4638 3627 4693 anima
3656 4638 3848 4695 occidi

388 4731 548 4796 vina,
599 4735 662 4786 ut
710 4734 1010 4803 pateretur
1053 4749 1162 4803 pro
1212 4734 1436 4789 nobis:
1490 4750 1626 4788 cum
1678 4735 1887 4789 Petrus
1936 4750 2070 4789 eum

391 4821 573 4876 vellet
626 4837 659 4874 a
698 4822 984 4892 passione
1032 4837 1339 4895 revocare,
1377 4823 1663 4879 Dominus
1706 4825 1785 4878 ait
1818 4840 1830 4878 :
1879 4845 1900 4873 ι
1934 4823 2069 4879 Non

462 4963 580 5032 (97)
624 4963 705 5037 ita
751 4964 889 5018 edit.
939 4980 1147 5019 omnes
1179 4967 1236 5019 ct
1286 4981 1435 5020 mss.
1470 4964 1716 5037 aliquot,
1773 4964 1872 5019 alii
1926 4981 2070 5021 vero

392 5050 514 5090 non
535 5036 706 5105 pauci
729 5051 934 5090 vocem
971 5058 991 5084 α
1027 5036 1297 5090 sanitatis
1335 5061 1357 5085 η
1391 5036 1784 5105 praetereunt;
1815 5053 1924 5107 pro
1955 5054 2069 5107 qua

393 5054 514 5090 non
535 5054 706 5105 pauci
729 5054 934 5090 vocem
971 5058 991 5084 α
1027 5054 1297 5090 sanitatis
1335 5061 1357 5085 υ
1391 5054 1784 5105 praetereunt;
1815 5054 1924 5107 pro
1931 5054 2041 5163 Illqua

393 5107 763 5161 substituunt
791 5107 993 5177 aliqui,
1032 5129 1053 5156 σι
1080 5111 1137 5162 et
1157 5108 1353 5161 statim
1384 5108 1660 5177 leprosus
1692 5124 1876 5163 sanus
1895 5125 1926 5164 e
1974 5125 2041 5164 ec

393 5181 491 5232 tus
514 5181 658 5232 est.»
682 5179 915 5232 Rursus
932 5182 1127 5233 autem
1148 5194 1254 5248 pro
1278 5180 1531 5234 «arbiter
1547 5195 1672 5233 suae
1691 5180 2064 5249 voluntatis,»

390 5249 617 5322 Theod.
669 5250 860 5304 codex
890 5250 1060 5305 solus
1095 5250 1355 5321 exhibet,
1396 5273 1418 5297 α
1453 5250 1709 5305 arbitrer
1738 5267 1866 5305 suae
1898 5255 2068 5322 pote-

390 5321 589 5375 statis.
629 5341 650 5369 ι
1831 5346 1837 5351 ·

462 5393 578 5461 (98)
600 5392 725 5447 γει.
760 5392 898 5446 edit.
926 5409 995 5447 ac
1027 5408 1176 5447 mss.
1211 5393 1363 5448 bene
1386 5393 1573 5460 multi,
1619 5416 1640 5441 α
1680 5396 1932 5448 mentem
1956 5393 2070 5448 hu-

389 5479 625 5518 manam
653 5464 952 5537 tangebat,
989 5486 1010 5514 ι
1048 5465 1164 5519 duo
1198 5486 1220 5537 ς
1257 5465 1608 5537 tangehant;
1638 5485 1667 5537 in,
1702 5466 1871 5537 Rom.
1905 5465 2067 5533 edit.,

391 5560 413 5582 ι
453 5539 709 5589 mentem
728 5536 980 5608 humana
1012 5536 1533 5608 tangebant;’mss.
1568 5536 1778 5608 reliqui
1802 5538 1932 5590 utin
1955 5540 2074 5591 tex-

390 5610 474 5662 tu.
522 5609 595 5660 At
617 5606 897 5661 continuo
927 5611 1062 5677 post
1093 5606 1194 5661 ubi
1222 5611 1336 5662 vet.
1371 5607 1508 5661 edit.
1542 5623 1675 5662 cum
1696 5606 1866 5677 parte
1896 5623 2069 5676 mss.,

387 5701 409 5729 ι
446 5677 806 5806 (ἐῆθι-ῗδειιιι*
826 5677 1077 5748 etI'eetu;
1116 5700 1137 5729 ι
1169 5679 1341 5738 Rom.
1387 5678 1527 5737 edit.
1565 5695 1699 5741 cum
1731 5678 1864 5738 aliis
1895 5694 2068 5751 mss.,

390 5771 416 5804 ι
532 5764 601 5805 ec
630 5766 688 5806 ιι.
718 5772 741 5799 ιι

390 5771 416 5804 ι
452 5764 688 5806 ωιοοιιι.
718 5772 741 5799 ι’

2183 4748 2300 4788 non
2324 4734 2540 4803 potest,
2573 4729 2869 4802 quomodo
2901 4728 3178 4784 divinitas
3207 4730 3447 4800 potest?

2253 4839 2364 4908 (58.
2416 4836 2630 4909 [Alias.
2691 4851 2820 4905 cap.
2852 4833 2967 4907 IV].
3018 4834 3173 4890 unde
3222 4835 3367 4889 illud
3418 4837 3573 4907 quod
3632 4836 3848 4891 lectum

2254 4981 2367 5050 (99)
2400 4979 2547 5033 Mss.
2582 4978 2823 5050 aliquot,
2861 4998 2885 5028 α
2918 4979 3051 5033 Non
3083 4978 3351 5033 turbatur
3380 4982 3442 5034 ut
3463 4980 3669 5035 virtus.
3702 5004 3722 5028 η

2251 5048 2627 5122 (1)]ιιῑε11ἱεθ
2659 5048 2906 5105 affectus
2935 5050 3250 5119 innocuos,
3287 5067 3397 5105 nec
3418 5067 3533 5106 non
3573 5053 3846 5109 vitiorum

2048 5137 2070 5150 ⁸
2182 5125 2403 5197 quibus
2435 5122 3014 5197 nostros__depravari
3044 5122 3335 5192 dolemus,
3358 5123 3684 5197 immunes.
3722 5126 3848 5180 Etsi

2180 5193 2324 5251 vero
2357 5196 2598 5250 eosdem
2612 5193 2871 5263 alii,post
2902 5194 3323 5266 Hieronymum
3355 5194 3412 5248 in
3433 5196 3843 5266 Matth.xxxvr,

2185 5290 2207 5317 α
2235 5267 2663 5339 propassiones
2683 5287 2703 5313 ι»
2722 5280 2935 5339 vocare
2952 5265 3482 5339 maluerunt,quam
3506 5265 3843 5336 passiones;

2182 5337 2334 5393 hanc
2362 5342 2557 5392 tamen
2597 5351 2803 5391 vocem
2844 5337 3127 5391 adhibere
3157 5337 3343 5390 voluit
3374 5339 3749 5405 Ambrosius,
3785 5342 3847 5391 ut

2181 5410 2403 5465 Ariano
2433 5409 2625 5464 errori
2655 5408 2910 5463 validius
2929 5408 3257 5462 orthodoxa
3276 5408 3497 5462 veritas
3519 5423 3846 5476 opponere-

2181 5485 2294 5536 tur.
2330 5481 2412 5535 De
2443 5480 2664 5535 Christi
2701 5495 2877 5550 porro
2909 5477 3221 5532 affectibus
3262 5479 3515 5532 ubertim
3565 5477 3847 5550 Magister

2181 5553 2241 5607 in
2272 5570 2333 5606 ιιι
2358 5552 2636 5606 Sentent.
2670 5548 2930 5605 distinct.
2959 5551 3057 5617 t5;
3093 5551 3159 5603 D.
3197 5550 3402 5603 Thom.
3439 5566 3499 5601 ιη
3541 5564 3621 5617 p.,
3655 5563 3711 5617 q.
3756 5548 3839 5612 l5,

2181 5640 2234 5679 a.
2270 5625 2301 5678 4
2332 5627 2391 5679 et
2417 5624 2471 5692 6,
2505 5623 2720 5694 aliique
2752 5624 2891 5692 post
2909 5636 3015 5676 eos
3045 5621 3308 5694 theologi
3328 5620 3646 5694 disputant.

2252 5695 2330 5766 (2)
2351 5689 2499 5751 Mss.
2534 5689 2890 5771 complures,
2929 5713 2952 5743 ι
2988 5707 3020 5746 a
3043 5693 3165 5748 Deo
3194 5689 3411 5749 deseri.
3439 5711 3460 5739 ι»
