4050 6182
350 274 470 340 595

1840 275 1909 343 S.
1957 279 2401 349 AMBROSII.

3664 297 3780 363 596

351 485 442 539 est
463 483 560 553 (3),
595 481 907 539 Dominum
926 482 1260 558 majestatis
1279 485 1628 543 cruciﬁxum
1648 501 1787 543 esse
1809 486 2016 557 (ICor.
2040 468 2096 533 Α
2125 486 2191 559 Ἷ)
2225 506 2248 537 ι
2283 488 2340 542 et
2367 485 2507 541 alibi
2540 500 2553 541 :
2619 508 2640 535 «ι
2676 484 2840 542 Sicut
2885 486 3017 544 ovis
3063 486 3137 544 ad
3188 488 3542 548 occisionem
3579 492 3777 553 ductus

349 573 492 640 11,8),
515 587 630 627 non
649 573 817 644 quasi
834 574 891 628 in
906 574 1214 647 majestate
1233 592 1342 632 sua
1355 577 1703 634 crucifixum
1721 581 2018 650 putemus,

351 661 458 717 sed
486 662 623 732 quia
646 661 803 717 idem
830 664 1012 734 Deus,
1029 664 1186 721 idem
1213 666 1389 722 homo
1413 667 1511 737 (4),
1531 683 1637 738 per
1657 667 2018 723 divinitatem

348 750 531 819 Deus,
564 766 671 821 per
717 754 1159 825 susceptionem
1192 756 1390 811 carnis
1433 756 1611 812 homo
1641 756 1821 812 Jesus
1853 757 2021 813 Chri-

348 843 501 910 stus,
544 840 832 897 Dominus
871 843 1202 915 majestatis
1243 846 1459 902 dicitur
1496 846 1842 916 crucifixus,
1884 846 2021 918 quia

348 944 602 984 consors
642 930 953 1003 utriusque
994 937 1239 1004 naturae,
1291 935 1351 990 id
1408 937 1502 991 est
1530 935 1805 991 humanm
1845 938 2019 1008 atque

346 1016 564 1081 divinae
603 1017 664 1074 in
719 1022 928 1076 natura
976 1021 1235 1078 hominis
1285 1024 1471 1080 subiit
1517 1025 1898 1095 passionem;
1958 1028 2022 1080 ut

347 1106 670 1163 indiscrete
704 1112 761 1163 et
801 1109 1087 1167 Dominus
1119 1111 1449 1184 majestatis
1482 1114 1712 1169 dicatur
1749 1129 1889 1169 esse
1920 1114 2021 1187 qui

346 1212 567 1268 passus
599 1200 710 1268 est,
745 1200 803 1253 et
830 1199 1017 1255 Filius
1064 1201 1347 1274 hominis,
1380 1204 1535 1259 sicut
1575 1203 1864 1275 scriptum
1902 1207 2015 1275 est,

353 1308 375 1332 α
409 1285 508 1357 qui
541 1286 847 1343 descendit
876 1288 948 1345 de
979 1290 1129 1346 coelo
1160 1291 1351 1361 (Joan.
1383 1310 1467 1365 ιιι,
1494 1293 1602 1363 13).
1637 1313 1658 1344 ιο

969 1414 1221 1472 CAPUT
1244 1417 1396 1473 VIII.

347 1536 450 1592 Ex
461 1537 763 1614 principio
788 1541 1059 1614 proxime
1076 1548 1215 1597 ante
1233 1544 1554 1600 constituto
1570 1543 1718 1599 illud
1736 1543 2015 1614 solvitur,

420 1609 571 1686 quac!
605 1609 894 1686 Christus
917 1612 1074 1686 dixit
1108 1634 1125 1668 .-
1174 1614 1346 1669 Pater
1389 1615 1581 1686 major
1611 1632 1701 1671 me
1731 1619 1843 1671 est.
1883 1609 2021 1682 Qua}

425 1679 610 1734 verba
628 1686 687 1735 et
706 1681 822 1736 alia
837 1682 1100 1808 usdem
1115 1686 1372 1740 rationis
1385 1679 1818 1741 ubi-secundum
1833 1679 2025 1741 huma-

425 1752 671 1806 nitatem
691 1753 846 1808 intel
871 1755 1085 1808 menda
1108 1772 1245 1808 esse
1276 1762 1577 1808 ostensum
1602 1764 1713 1808 est-
1755 1759 2022 1808 eumdem

419 1752 671 1827 nitatem
691 1752 1085 1827 intelligenda
1108 1772 1245 1811 esse
1276 1762 1577 1812 ostensum
1602 1764 1713 1827 est,
1755 1759 2022 1814 eumdem

2135 578 2227 631 est
2248 575 2386 645 (Isa.
2412 592 2529 645 LIII,
2562 576 2639 646 '7).
2676 597 2700 627 υ

2205 680 2294 737 62.
2330 682 2390 738 Si
2422 683 2481 737 in
2513 683 2625 738 hoc
2673 685 2962 740 minorem
3009 685 3181 757 dicis,
3225 703 3444 759 negare
3486 704 3602 745 non
3646 705 3781 762 pos-

2137 788 2270 826 sum
2302 787 2315 826 :
2348 773 2476 841 sed,
2511 776 2574 827 ut
2593 773 2776 829 verbo
2798 777 2931 829 utar
2960 774 3301 847 Scripturaa,
3336 792 3454 833 non
3487 778 3673 834 minor
3692 795 3783 834 na-

2134 865 2250 930 tus,
2286 861 2393 917 sed
2427 882 2449 911 ι
2484 862 2811 918 minoratus
2838 863 3050 933 (Hebr.
3083 881 3144 935 ιι,
3174 865 3251 935 9),
3280 886 3303 914 ι
3339 865 3452 921 hoc
3473 870 3581 938 est,
3603 868 3784 924 minor

2135 951 2328 1006 factus
2386 954 2495 1006 est.
2555 949 2860 1016 Quomodo
2919 956 3112 1008 autem
3161 955 3353 1009 minor
3406 954 3618 1028 factus,
3672 958 3785 1013 nisi

2136 1040 2272 1111 quia
2308 1056 2320 1095 :
2350 1061 2371 1089 α
2407 1040 2552 1095 Cum
2593 1039 2652 1095 in
2685 1040 2874 1096 forma
2904 1041 3007 1096 Dei
3039 1046 3224 1112 esset,
3259 1059 3378 1099 non
3408 1044 3669 1116 rapinam
3696 1062 3787 1101 ar-

2134 1129 2385 1184 bitratus
2406 1132 2500 1184 est
2521 1145 2661 1186 esse
2692 1145 2760 1189 se
2783 1132 3074 1203 aequalem
3092 1132 3235 1200 Deo,
3260 1133 3371 1189 sed
3397 1135 3787 1206 semetipsum

2135 1218 2459 1273 exinanivit
2487 1218 2772 1292 (Philipp.
2808 1237 2870 1291 ιι,
2891 1219 2946 1291 6,
2978 1221 3034 1291 7)
3066 1236 3080 1277 :
3113 1236 3233 1278 non
3264 1222 3571 1279 remittens
3598 1224 3787 1296 utique

2134 1308 2291 1379 quod
2322 1311 2466 1378 erat,
2505 1308 2614 1363 sed
2650 1324 2969 1365 assumens
3000 1311 3158 1383 quod
3185 1326 3303 1367 non
3335 1315 3480 1384 erat,
3511 1312 3646 1385 quia
3673 1312 3788 1369 for-

2132 1412 2285 1452 mam
2316 1396 2479 1452 servi
2516 1398 2765 1469 accepit.

2202 1485 2293 1542 63.
2328 1486 2593 1558 Denique
2630 1489 2695 1543 ut
2733 1486 3028 1545 sciremus
3059 1504 3168 1561 per
3195 1490 3638 1563 susceptionem
3665 1506 3791 1548 cor-

2133 1575 2298 1646 poris
2328 1576 2701 1647 minoratum,
2739 1577 2812 1632 de
2850 1577 3087 1634 homine
3121 1595 3189 1635 se
3222 1579 3411 1634 David
3452 1580 3790 1652 prophetare

2131 1664 2393 1737 signavit
2432 1665 2640 1721 dicens
2673 1682 2686 1722 ε
2723 1687 2746 1717 α
2781 1665 2932 1731 Quid
2978 1671 3070 1723 cst
3118 1668 3317 1737 homo,
3372 1670 3531 1742 quod
3579 1686 3792 1727 memor

2130 1768 2198 1809 es
2222 1752 2357 1825 ejus
2392 1769 2404 1809 :
2429 1758 2527 1810 aut
2549 1754 2736 1811 Filius
2759 1755 3038 1827 hominis,
3073 1758 3190 1813 nisi
3212 1759 3352 1830 quia
3372 1759 3583 1815 visitas
3614 1776 3740 1816 eum
3766 1761 3794 1817 ?

419 1822 729 1921 Domingm
771 1822 1093 1921 secundum
1124 1832 1395 1921 naturam
1432 1829 1495 1883 di
1506 1822 1709 1921 vinem
1746 1830 1869 1885 dici
1906 1846 2017 1886 non

425 1909 595 1921 manu].
674 1896 791 1921 ιιικέ
816 1898 871 1921 ἰ..
911 1898 1161 1921 ληίρμρμ.
1190 1916 1281 1921 μ.--
1313 1899 1389 1921 ΔΙ-
1422 1916 1519 1921 Α-..
1552 1905 1798 1921 _______1__-_

2136 1822 2440 1898 Minorasti
2470 1858 2606 1899 eum
2650 1844 2827 1916 paulo
2866 1822 3063 1903 minus
3093 1847 3168 1903 ab
3197 1822 3435 1921 angelis
3464 1848 3652 1920 (Psal.
3674 1866 3791 1918 vni,

413 1909 595 1967 posse
612 1894 791 1951 Patri
808 1897 1162 1954 inferiorem
1185 1898 1389 1954 multis
1414 1899 1817 1957 conﬁrmatur.

427 2017 516 2073 59.
549 2018 664 2074 Per
688 2023 958 2077 naturam
1008 2022 1193 2096 igitur
1220 2023 1480 2080 hominis
1523 2028 1581 2081 et
1627 2025 1933 2099 dubitavit,
1965 2032 2024 2084 et

353 2107 564 2163 taaduit
595 2112 653 2163 et
681 2111 1012 2166 resurrexit
1032 2111 1144 2184 (5);
1172 2113 1331 2185 quod
1348 2114 1504 2169 enim
1518 2115 1747 2186 cecidit,
1780 2116 1894 2172 hoc
1925 2134 2022 2173 re-

350 2197 564 2269 surgit.
592 2199 705 2254 Per
750 2203 1018 2256 naturam
1058 2202 1316 2258 hominis
1360 2203 1503 2259 dicit
1546 2204 1719 2260 etiam
1750 2204 1912 2275 illud,
1950 2207 2024 2262 de

350 2302 468 2358 quo
491 2286 837 2344 calumniari
850 2291 1075 2362 solent;
1107 2292 1247 2365 quia
1267 2291 1486 2348 dictum
1507 2296 1600 2349 est
1624 2310 1636 2349 :
1676 2316 1699 2341 α
1734 2294 2023 2360 Quoniam

352 2374 525 2431 Pater
550 2376 744 2449 major
770 2394 863 2435 me
902 2382 995 2435 est
1025 2381 1213 2452 (Joan.
1238 2399 1361 2452 xiv,
1394 2382 1506 2453 28).
1546 2403 1569 2432 »

418 2482 509 2539 60.
542 2484 763 2541 Verum
800 2487 940 2558 quia
976 2488 1117 2544 alibi
1149 2488 1364 2544 dicitur
1395 2505 1408 2544 :
1448 2512 1470 2537 α
1507 2488 1681 2545 Exivi
1735 2507 1769 2547 a
1827 2492 2018 2565 Patre,

349 2573 408 2626 et
436 2572 574 2628 veni
602 2574 663 2629 in
700 2576 1026 2648 mundum;
1068 2577 1281 2634 iterum
1312 2578 1584 2651 relinquo
1622 2580 1925 2652 mundum,
1967 2586 2025 2639 et

351 2661 504 2717 vado
556 2663 629 2717 ad
672 2664 901 2721 Patrem
933 2666 1117 2736 (Joan.
1161 2683 1290 2737 xvr,
1331 2667 1422 2738 28)
1463 2683 1476 2724 :
1525 2690 1548 2716 ι»
1591 2670 1886 2740 quomodo
1924 2688 2025 2726 va-

352 2748 454 2820 dit,
488 2750 605 2805 nisi
634 2768 743 2822 per
778 2757 1028 2811 mortem
1060 2771 1073 2811 :
1108 2758 1166 2812 et
1200 2756 1379 2826 venit,
1414 2756 1531 2812 nisi
1567 2773 1677 2828 per
1712 2774 2024 2816 resurrec-

351 2839 573 2895 tionem
592 2842 622 2896 ?
643 2841 911 2916 Denique
942 2844 1183 2915 addidit,
1216 2848 1279 2901 ut
1298 2846 1370 2902 de
1397 2847 1803 2918 assumptione
1833 2864 1901 2905 se
1930 2849 2025 2906 di-

352 2928 520 2983 xisse
552 2930 818 3002 signaret
849 2947 863 2988 :
909 2953 933 2984 ¢
968 2933 1288 3005 Propterea
1316 2935 1441 2990 dixi
1471 2935 1644 2991 vobis
1673 2938 2023 3010 priusquam

352 3017 454 3073 ﬂat
484 3034 497 3074 :
532 3022 595 3074 ut
614 3035 747 3075 cum
779 3021 998 3078 factum
1029 3023 1224 3094 fuerit,
1240 3024 1495 3080 credatis
1517 3025 1707 3094 (Joan.
1730 3044 1852 3097 xxv,
1877 3028 2023 3095 29).»

353 3106 735 3180 Loquebatur
754 3111 910 3168 enim
941 3114 1283 3184 passionem
1306 3115 1401 3169 sui
1432 3116 1797 3186 corporis,et
1824 3132 2025 3173 resur-

2129 1932 2183 2001 5,
2205 1932 2282 2002 6).
2318 1953 2340 1983 ι
2378 1931 2447 1987 Et
2476 1932 2591 1989 hoc
2622 1933 2818 2005 ipsum
2848 1935 3266 2008 interpretatus
3298 1937 3647 2010 Apostolus,
3680 1939 3789 1995 ait:

2135 2042 2157 2070 α
2194 2021 2344 2076 Nam
2384 2022 2559 2094 paulo
2608 2039 2784 2095 quam
2827 2025 3078 2097 angelos
3133 2026 3492 2083 minoratum
3537 2028 3794 2084 videmus

2132 2110 2359 2181 Iesum,
2396 2115 2637 2183 propter
2665 2113 3007 2184 passionem
3025 2116 3234 2171 mortis
3266 2116 3462 2188 gloria
3491 2119 3547 2173 et
3576 2116 3794 2173 honore

2133 2204 2506 2272 coronatum;
2540 2204 2601 2257 ut
2631 2203 2762 2259 sine
2790 2203 2912 2259 Deo
2941 2220 3049 2276 pro
3070 2205 3352 2262 omnibus
3369 2208 3640 2280 gustaret
3657 2221 3796 2263 mor-

2130 2292 2248 2345 tem
2277 2289 2487 2361 (Hebr.
2522 2308 2583 2362 ιι,
2608 2290 2685 2363 9).
2726 2314 2748 2341 ιι

2199 2395 2291 2453 61.
2325 2397 2460 2453 Νοιι
2492 2398 2688 2454 solum
2715 2415 2863 2473 ergo
2892 2400 3087 2472 Patre,
3107 2401 3215 2458 sed
3233 2402 3413 2459 etiam
3440 2402 3669 2477 angelis
3694 2402 3794 2458 mi-

2131 2502 2243 2541 nor
2265 2486 2451 2542 Filius
2483 2488 2591 2544 Dei
2620 2488 2811 2544 factus
2834 2492 2946 2545 est.
2973 2489 3043 2545 Et
3073 2491 3126 2545 si
3154 2490 3267 2546 hoc
3296 2492 3372 2547 ad
3394 2491 3793 2565 prmjudicium

2132 2575 2319 2631 trahis
2355 2592 2366 2631 :
2428 2593 2567 2633 num
2598 2593 2742 2651 ergo
2773 2578 2960 2635 Filius
2991 2579 3050 2634 in
3097 2583 3306 2636 natura
3339 2581 3447 2637 Dei
3476 2582 3667 2638 minor
3694 2584 3798 2652 est,

2132 2680 2307 2736 quam
2330 2665 2421 2719 sui
2445 2666 2642 2736 angeli
2664 2656 2765 2739 qui
2781 2668 2834 2723 ei
2852 2669 3119 2723 serviunt
3137 2670 3192 2724 ei
3210 2671 3550 2727 ministrant
3569 2670 3795 2742 (Matth.

2132 2770 2211 2823 iv,
2246 2754 2383 2825 ll)?
2421 2755 2502 2810 Ita
2553 2756 2691 2811 dum
2740 2756 3030 2813 minorem
3051 2759 3230 2814 vultis
3252 2775 3559 2832 asserere,
3597 2760 3797 2833 impie-

2130 2846 2306 2898 tatem
2356 2845 2699 2904 incurritis:
2743 2850 2806 2902 ut
2834 2847 3183 2920 angelorum
3213 2852 3494 2905 naturam
3521 2850 3628 2906 Dei
3663 2848 3801 2905 Filio

2130 2932 2483 3003 praaferalis.
2524 2934 2641 2990 Sed
2683 2956 2706 2987 ι
2742 2951 2860 2991 ιιοιι
2892 2939 2984 2992 est
3013 2953 3230 2993 servus
3271 2954 3467 3010 supra
3498 2938 3796 2995 Dominum

2132 3037 2305 3078 suum
2357 3023 2595 3093 (Matth.
2637 3042 2696 3095 x,
2748 3026 2861 3096 24).
2908 3048 2929 3075 ι
2966 3025 3232 3099 Denique
3261 3031 3318 3082 et
3347 3028 3421 3084 in
3454 3045 3628 3085 carne
3659 3043 3793 3084 con-

2132 3112 2334 3167 stituto
2362 3113 2558 3187 angeli
2582 3114 3032 3186 ministrabant;
3065 3119 3129 3172 ut
3162 3117 3309 3172 nihil
3331 3133 3480 3174 eum
3509 3132 3795 3192 agnoscas

352 3198 678 3256 rectionem
730 3216 840 3274 per
888 3219 1064 3276 quam
1105 3204 1350 3260 credere
1389 3208 1709 3275 coeperant,
1750 3206 1852 3278 qui
1889 3210 2023 3262 ante
2057 3217 2238 3284 cpel‘
2282 3206 2549 3258 naturam
2598 3204 2869 3276 corporis
2922 3204 3340 3263 imminutum:
3403 3223 3598 3281 neque
3651 3206 3797 3264 enim

351 3286 726 3348 dubitabant:
795 3308 995 3365 neque
1035 3294 1193 3350 enim
1232 3294 1393 3350 Deus
1433 3294 1505 3350 de
1543 3294 1677 3350 loco
1715 3296 1789 3350 ad
1827 3296 2023 3352 locum

349 3378 582 3450 transit,
615 3380 714 3453 qui
746 3381 968 3455 ubique
1008 3399 1247 3455 semper
1284 3386 1396 3439 est.
1440 3382 1517 3438 Ut
1560 3383 1736 3439 homo
1784 3388 1876 3440 est
1919 3385 2021 3458 qui

349 3467 529 3538 vadit,
568 3469 719 3541 ipse,
762 3475 855 3526 est
885 3474 988 3544 qui
1028 3474 1209 3543 venit,
1247 3472 1511 3546 Denique
1542 3475 1600 3529 et
1645 3473 1787 3528 alibi
1831 3474 1972 3531 dicit
2005 3490 2017 3531 :

353 3576 377 3607 ι
414 3556 679 3631 Surgite,
702 3575 908 3617 eamus
931 3562 1069 3617 hine
1098 3562 1278 3633 (Ibid.
1309 3562 1423 3634 31).
1455 3592 1483 3616 ι.
1513 3563 1577 3619 In
1597 3578 1668 3619 eo
1686 3579 1833 3637 ergo
1862 3565 2025 3621 vadit

349 3648 408 3701 et
435 3649 615 3720 venit,
658 3651 818 3723 quod
847 3654 941 3707 est
962 3668 1273 3708 commune
1311 3652 1645 3708 nobiscum.

419 3755 509 3814 61.
542 3758 693 3815 Nam
723 3759 1019 3833 quomodo
1050 3763 1247 3833 potest
1276 3761 1470 3816 minor
1492 3775 1630 3816 esse
1675 3760 1856 3832 Deus,
1889 3778 2023 3818 cum

349 3845 510 3901 Deus
548 3847 851 3918 perfectus
893 3851 949 3903 et
976 3848 1188 3919 plenus
1228 3848 1349 3904 sit?
1397 3848 1515 3903 Sed
1547 3848 1740 3903 minor
1773 3839 1924 3905 482
1963 3850 2024 3905 in

348 3939 557 3990 natura
604 3936 886 4006 hominis,
918 3941 977 3993 et
1016 3937 1250 3992 miraris
1282 3938 1333 3993 si
1367 3954 1445 3993 ex
1474 3952 1731 4009 persona
1763 3937 2021 3995 hominis

350 4023 583 4080 Patrem
605 4025 753 4081 dixit
800 4025 1089 4098 majorem
1118 4027 1220 4097 (6),
1251 4027 1355 4100 qui
1385 4026 1446 4082 in
1478 4041 1733 4097 persona
1763 4026 2021 4084 hominis

348 4129 417 4169 se
442 4130 711 4171 vermem
759 4114 907 4171 dixit
935 4131 1098 4187 esse,
1131 4132 1250 4172 non
1281 4116 1617 4185 hominem;
1650 4116 1797 4171 dixit
1828 4117 2016 4174 enim:

350 4226 372 4252 α
418 4202 547 4278 Ego
571 4207 767 4261 autem
796 4221 931 4261 sum
958 4205 1182 4261 vermis
1212 4208 1269 4261 et
1302 4221 1422 4261 non
1452 4204 1629 4261 homo
1669 4204 1856 4274 (Psal.
1891 4223 2015 4277 xxi,

415 4330 493 4401 (3)
540 4330 657 4403 Hic
705 4331 876 4386 locus
922 4347 1041 4387 non
1089 4331 1263 4387 modo
1299 4330 1362 4385 in
1418 4330 1758 4403 epist.‘134g
1797 4329 2017 4387 Leonis

342 4401 545 4476 ξειεηί
580 4401 665 4476 _ad
725 4403 909 4476 Leon.
954 4405 1255 4476 August,
1283 4400 1505 4476 verum
1549 4400 1805 4476 etiamin
1844 4418 2013 4458 conc.

341 4445 844 4555 διῖξιξὲάξῖὶοῐῗξ
852 4445 924 4555 "9}
948 4445 2017 4555 iKEBiEZéi'e‘i'pE'a'e_J{£§6ﬁis}ZBZé

341 4545 414 4599 ad
444 4546 707 4601 Flavian.
743 4546 965 4602 relatus
1015 4546 1331 4601 invenitur.
1369 4545 1707 4615 Ambigitur
1751 4548 1946 4600 autem
1984 4563 2016 4600 a

340 4584 468 4687 ῖιὶἱᾶ
493 4584 1101 4674 ἶδθιὶμοιίιῖιιῖιῖοιιιιιι
1122 4617 1237 4672 ΡΡ.
1258 4584 1617 4672 testimoniis
1639 4615 1873 4671 additus
1891 4616 2014 4672 fue-
2043 4584 2098 4648 υ

340 4688 429 4759 rit
463 4689 523 4743 in
577 4689 828 4759 epistola
887 4692 1227 4745 memorata.
1289 4687 1621 4759 Garnerius
1659 4687 1893 4742 Praefat.
1952 4689 2013 4743 in

339 4757 540 4831 Schol.
592 4757 653 4831 S.
709 4760 913 4831 Cyrilli
960 4761 1075 4816 hoc
1123 4776 1158 4814 a
1193 4759 1566 4815 Theodoreto
1601 4758 1819 4831 factum
1866 4775 2012 4814 con-

337 4830 559 4897 tendit;
581 4829 927 4896 Quenellius
949 4848 1093 4887 vero
1124 4832 1183 4886 in
1206 4831 1341 4887 Not.
1365 4835 1435 4885 ad
1461 4829 1738 4902 epist._24
1789 4830 2011 4886 Leonis

336 4915 517 4970 supra
538 4901 791 4971 citatam,
805 4903 899 4957 dis
946 4904 1139 4958 unctis
1156 4902 1424 4959 Garnerii
1447 4900 2012 4970 rationibus,eadem

335 4970 436 5045 illa
465 4972 800 5045 testimonia
830 4990 863 5027 a
899 4919 1099 5030 Eeone
1130 4975 1264 5044 ipso
1310 4974 1638 5045 proposita,
1658 4976 1715 5027 et
1747 4972 1889 5045 ejus
1907 4989 2012 5028 no-

1623 5015 1638 5041 9

334 5042 491 5098 mine
520 5044 580 5098 in
623 5045 876 5116 concilio
910 5042 1330 5101 recitata—esse—
1344 5042 1623 5116 disputat.
1650 5043 1769 5098 Sed
1799 5044 2010 5100 istheec

332 5129 541 5187 parum
570 5115 642 5169 ad
665 5119 936 5171 nostrum
964 5118 1355 5187 propositum.

403 5186 481 5268 (4)
515 5186 687 5268 Rom.
729 5187 913 5268 edit".
937 5184 982 5239 «⁷
1007 5184 1168 5268 idem
1225 5188 1385 5268 Deus
1435 5189 1492 5243 et
1528 5184 2009 5268 homo..-‘_Quod

330 5260 526 5340 autem
704 5263 782 5340 _et
820 5259 973 5340 intra
1014 5259 1165 5340 l._m
1211 5258 1427 5315 dicitur
1464 5262 1706 5340 propter
1743 5258 2008 5340 intimam

329 5327 497 5411 illam
508 5329 567 5384 in
577 5329 816 5411 Christo
834 5331 1052 5411 div-inae
1074 5327 1715 5411 humanisque—naturae
1729 5329 2007 5411 unionem

330 5399 642 5457 Dominum
675 5402 1008 5474 majestatis
1047 5418 1080 5459 e
1124 5418 1301 5458 cruce
1340 5399 1722 5474 pependisse,
1763 5416 1832 5474 ac
1872 5402 2005 5455 vice

330 5419 642 5457 nominum
675 5419 767 5458 ma
800 5419 1008 5458 esmiis
1047 5419 1080 5459 e
1124 5419 1301 5458 cruce
1340 5419 1412 5474 pe
1457 5419 1722 5471 enoisse,
1763 5419 1832 5455 ac
1872 5419 2005 5455 vxce

325 5486 505 5555 versa
533 5488 579 5555 e_
599 5474 749 5555 caelo
767 5420 1160 5555 descendisse
1184 5473 1398 5555 Filium
1416 5419 1710 5555 geminis,
1724 5472 1840 5553 rite
1869 5487 2005 5555 pro-

325 5544 617 5617 nuntiari;
652 5545 766 5617 hoc
798 5546 993 5617 ipsum
1023 5548 1230 5617 postea
1253 5545 1452 5603 docuit
1485 5543 1857 5617 Augustinus
1896 5542 1998 5598 lib.

326 5614 461 5687 i__de_
488 5613 704 5672 Trinit.
743 5634 797 5672 c.
820 5613 922 5687 ⁷13,
956 5613 1136 5686 ιι.’28,
1182 5632 1359 5687 quem
1379 5613 1648 5672 consule.
1676 5613 1809 5687 Hoc
1823 5628 1999 5683 porro

322 5684 467 5739 illud
481 5688 588 5750 est,
606 5689 768 5759 quod
788 5683 1240 5749 communicatio
1259 5687 1602 5747 idiomatum
1621 5683 1949 5760 appellatur
1964 5700 2001 5742 a

327 5754 730 5815 scholasticis.

327 5769 707 5817 εοηοιδεοιιοιε
720 5802 730 5814 .

2132 3290 2292 3346 Deus
2314 3292 2409 3346 sui
2431 3291 2547 3364 pati
2579 3293 2765 3363 potuit
2795 3293 3231 3366 detrimentum,
3255 3312 3399 3353 cum
3434 3297 3495 3353 id
3517 3297 3673 3372 quod
3698 3312 3796 3352 as-

2132 3381 2386 3452 sumpsit
2413 3397 2488 3437 ex
2509 3381 2774 3456 Virgine,
2807 3398 2918 3440 nec
2947 3384 3218 3441 accessio
3249 3385 3477 3445 divina
3506 3402 3619 3444 nec
3646 3384 3798 3442 dimi-

2131 3470 2293 3526 nutio
2325 3471 2634 3542 potestatis
2665 3471 2765 3527 sit.

2199 3576 2288 3633 65.
2322 3578 2458 3635 Non
2484 3581 2578 3635 est
2615 3595 2761 3653 ergo
2788 3580 3117 3636 secundum
3164 3581 3540 3640 divinitatem
3587 3583 3789 3652 minor,

2130 3667 2229 3739 qui
2254 3667 2675 3739 plenitudinem
2706 3668 2883 3725 habet
2904 3669 3228 3726 divinitatis
3262 3674 3318 3726 et
3338 3673 3580 3744 glorias.
3612 3672 3795 3745 Major

2132 3757 2286 3811 enim
2319 3760 2376 3812 et
2407 3757 2599 3813 minor
2618 3758 2678 3813 in
2709 3758 2783 3813 iis
2816 3774 2953 3831 quoe
2986 3760 3313 3831 corporalia
3337 3761 3797 3835 sunt,distingui

2132 3846 2379 3902 solent:
2432 3849 2531 3902 aut
2583 3849 2737 3902 statu
2815 3847 3028 3921 major,
3087 3852 3186 3903 aut
3250 3849 3644 3922 plenitudine,
3709 3852 3801 3906 aut

2131 3938 2287 3990 certe
2335 3938 2525 3991 aetate.
2577 3936 2800 3992 Vacant
2839 3937 2974 4007 ista,
3005 3938 3106 3993 ubi
3155 3938 3227 3994 de
3259 3938 3486 3997 divinis
3526 3943 3796 3996 tractatus

2128 4024 2446 4080 inducitur.
2469 4023 2663 4097 Major
2691 4026 2848 4080 enim
2878 4026 3059 4100 vulgo
3092 4028 3208 4083 dici
3238 4029 3416 4102 solet,
3438 4030 3798 4103 quialiquem

2129 4113 2380 4169 instituit
2427 4115 2485 4168 et
2529 4114 2807 4170 informat
2847 4131 2860 4171 :
2922 4118 2984 4172 in
3042 4117 3145 4172 Dei
3204 4121 3405 4174 autem
3454 4120 3794 4191 sapientiam

2129 4218 2247 4259 non
2278 4203 2451 4273 cadit,
2474 4206 2539 4259 ut
2571 4204 2837 4260 instituta
2858 4205 2937 4260 sit
2966 4206 3209 4263 alterius
3240 4208 3622 4282 disciplinis;
3671 4223 3795 4263 cum

2199 4329 2276 4405 (5)
2297 4329 2378 4383 Ita
2409 4329 2790 4405 omnescdit.
2826 4346 2896 4386 ac
2939 4347 3089 4405 mss.
3112 4331 3336 4405 aliquot
3368 4350 3381 4390 :
3428 4334 3630 4390 caeteri
3658 4346 3791 4388 vero

2125 4401 2358 4473 partim,
2391 4428 2417 4452 α
2435 4403 2508 4473 _et
2535 4400 2817 4473 taediavit,
2846 4423 2868 4450 ι
2894 4402 3106 4473 partim
3140 4424 3163 4453 α
3191 4400 3247 4459 et
3274 4405 3638 4461 taediﬁcavit.
3670 4426 3691 4454 ι

2198 4472 2284 4549 (6)
2310 4471 2492 4549 Paulo
2510 4472 2728 4549 durior
2756 4471 2989 4529 videtur
3040 4491 3110 4530 ea
3142 4475 3384 4549 locutio,
3419 4478 3641 4549 quippe
3670 4489 3794 4547 quas

2127 4542 2387 4618 hominis
2425 4546 2690 4618 naturam
2725 4561 3173 4618 personamque
3203 4542 3417 4604 saltem
3438 4542 3597 4604 'voce
3626 4542 3790 4604 tenus

2126 4614 2474 4690 confundat.
2506 4614 2923 4690 Difficultatem
2957 4620 3017 4671 ut
3047 4614 3240 4671 solvat
3272 4619 3553 4674 Petavius
3587 4620 3788 4690 Dogm.

2125 4685 2426 4773 Theolog.‘
2442 4685 2515 4741 de
2544 4686 3320 4773 Trinit.,a‘itpers‘onamhhic
3363 4685 3795 4773 eqsigniﬁéatn

2124 4757 2549 4828 accipiendam,
2580 4773 2697 4829 quo
2729 4757 2949 4829 vulgus
2980 4759 3125 4814 dicit
3156 4760 3413 4830 aliquem
3445 4761 3505 4815 in
3530 4757 3787 4833 persona

2123 4828 2380 4902 alicujus
2412 4828 2574 4900 loqui
2601 4829 2696 4884 vel
2743 4845 2945 4902 agere,
2970 4831 3029 4885 id
3057 4834 3149 4886 est
3174 4874 3189 4899 ,
3223 4833 3376 4902 vice,
3415 4833 3655 4888 nomine
3702 4829 3787 4902 vel

2124 4900 2468 4973 auctoritate
2510 4915 2539 4973 :_
2575 4916 2697 4973 quo
2741 4900 2927 4973 sensu
2974 4917 3249 4973 personae
3278 4900 3489 4959 vocem
3520 4905 3690 4959 etiam
3719 4900 3787 4954 ab

2121 4971 2254 5025 aliis
2272 4970 2640 5043 quibusdam
2672 4971 2952 5028 Patribus
2977 4970 3255 5043 'positam
3287 4978 3513 5030 censet.
3564 4973 3788 5029 Addere

2121 5042 2416 5117 potuisset
2459 5042 3069 5117 Ambrosinm‘ipsum
3117 5045 3272 5117 infra
3303 5062 3354 5101 c.
3390 5046 3477 5117 10,
3510 5062 3668 5117 num.
3701 5043 3783 5111 84,

2121 5113 2222 5167 ubi
2254 5113 2394 5168 dicit
2432 5113 2640 5168 mortis
2691 5113 3083 5170 obedientiam
3129 5113 3555 5172 incarnationis
3580 5115 3781 5179 fuisse,

2126 5206 2167 5258 ξι-
2191 5184 2253 5239 in
2299 5200 2415 5256 qua
2454 5187 2513 5258 et
2560 5185 2757 5258 officia
2803 5190 3008 5258 nostra
3057 5189 3326 5258 suscepit
3366 5192 3422 5244 et
3467 5188 3724 5243 nomina.
3760 5205 3779 5233 ι

2118 5255 2351 5329 verum;
2377 5256 2664 5329 quidquid
2696 5256 2773 5311 sit
2801 5256 2875 5312 de
2923 5257 3034 5313 hac
3064 5255 3429 5329 acceptione,
3473 5275 3608 5314 cum
3656 5271 3784 5329 pas-

2120 5327 2232 5400 sim
2257 5328 2315 5381 in
2340 5326 2673 5400 hociopere
2706 5330 2973 5383 naturam
3002 5345 3071 5384 ac
3102 5326 3421 5400 personam
3458 5329 3608 5384 satis
3658 5326 3781 5400 dis-

2116 5398 2345 5478 tinguat
2461 5399 2699 5478 Doctor,
2727 5402 2949 5478 certum
2980 5398 3637 5478 estorthoiloxamhoc
3655 5399 3781 5478 loco

2116 5468 2256 5525 esse
2288 5468 2479 5541 ipsius
2510 5470 2884 5541 sententiam,
2910 5487 3020 5526 nec
3042 5472 3198 5526 aliud
3224 5474 3343 5528 sibi
3365 5471 3651 5539 voluisse,
3669 5468 3782 5541 nisi

2114 5539 2416 5596 Christum
2445 5543 2507 5595 ut
2537 5540 2833 5597 hominem
2866 5558 2975 5598 seu
3009 5545 3337 5599 secundum
3377 5546 3645 5598 naturam
3672 5539 3780 5595 hu-

2114 5628 2353 5685 manum?
2370 5611 2655 5685 locutum,
2679 5627 2811 5667 cum
2842 5614 3077 5685 Patrem
3098 5615 3386 5685 majorem
3405 5613 3557 5671 dixit
3588 5628 3602 5668 :
3634 5610 3784 5667 sicut

2113 5683 2287 5757 etiam
2321 5682 2445 5757 _lib.
2495 5700 2555 5737 iv
2601 5684 2682 5757 ait
2711 5684 2985 5742 eumdem
3012 5682 3314 5742 Christum
3347 5710 3369 5737 σι
3408 5703 3487 5745 ex
3514 5694 3783 5757 persona

2112 5754 2369 5812 hominis
2402 5754 2683 5812 incarnati
2716 5757 3098 5831 susceptione
3130 5757 3313 5835 loqui.
3349 5780 3375 5813 ι
