4050 6182
256 334 372 402 θοι

260 542 571 612 cognoscet
590 539 663 594 de
701 539 986 610 doctrina,
1015 542 1207 596 utrum
1243 556 1318 597 ex
1338 541 1459 597 Deo
1501 544 1612 612 est,
1638 558 1712 597 an
1742 558 1855 615 ego
1889 557 1921 597 a
1945 520 2000 585 Α

254 645 337 685 me
368 630 503 700 ipso
550 629 762 701 loquar
797 630 975 691 (Joan.
1014 647 1115 700 vu,
1151 630 1235 699 16,
1276 630 1387 701 i7).
1440 654 1463 680 η
1502 630 1631 686 Alia
1664 648 1810 704 ergo
1841 648 1917 687 ex

254 720 370 775 Deo
410 720 698 788 doctrina,
732 720 845 773 alia
874 736 950 775 ex
994 720 1251 775 homine.
1300 721 1502 793 Itaque
1547 721 1740 776 Judaei
1786 739 1918 777 cum

252 809 577 863 doctrinam
609 810 744 880 ejus
769 810 1096 864 secundum
1128 811 1425 865 hominem
1466 814 1823 882 quaererent,
1859 815 1915 866 et

249 900 541 954 dicerent:
579 922 601 946 α
628 898 935 964 Quomodo
956 900 1052 954 hic
1078 900 1304 955 litteras
1335 902 1516 970 novit,
1544 917 1676 955 cum
1689 917 1807 955 non
1839 901 1920 955 di-

247 990 455 1045 dicerit
483 989 665 1043 ann.
687 995 791 1058 vn;
836 990 924 1059 l5)
947 991 975 1043 εδ
1008 1009 1030 1039 ι
1063 990 1374 1061 respondit
1402 990 1606 1061 Jesus,
1648 992 1705 1046 et
1734 991 1913 1046 dixit:

249 1103 271 1126 α
306 1079 445 1134 Mea
502 1078 788 1147 doctrina,
846 1094 964 1134 non
996 1083 1088 1134 est
1139 1095 1309 1150 mea;
1347 1099 1369 1129 ι
1430 1096 1565 1134 nam
1617 1095 1751 1134 cum
1783 1081 1913 1134 sine

242 1160 393 1226 486
428 1169 755 1224 eruditione
806 1169 1131 1225 litterarum
1176 1170 1403 1239 doceat,
1436 1185 1555 1225 non
1599 1170 1772 1243 quasi
1804 1169 1915 1225 ho-

244 1274 361 1327 mo,
395 1259 506 1314 sed
543 1260 744 1329 potius
788 1262 851 1313 ut
884 1259 1044 1314 Deus
1091 1260 1326 1315 videtur
1363 1259 1601 1330 docere,
1646 1259 1748 1331 qui
1779 1259 1918 1314 doc-

242 1350 455 1403 trinam
485 1365 603 1403 non
631 1348 923 1415 didicerit,
957 1350 1064 1404 sed
1095 1350 1406 1405 invenerit.

310 1458 404 1511 80.
445 1455 759 1511 Adinvenit
788 1457 944 1511 enim
993 1474 1227 1515 omnem
1257 1459 1411 1513 viam
1464 1457 1817 1529 disciplinae,
1850 1461 1916 1513 ut

237 1561 430 1617 supra
457 1546 671 1600 lectum
703 1549 829 1615 est;
863 1563 995 1601 nam
1045 1548 1245 1619 utique
1277 1547 1349 1602 de
1379 1548 1526 1603 Filio
1561 1547 1664 1602 Dei
1695 1548 1915 1603 dictum

236 1640 373 1692 est:
443 1658 465 1687 ι
502 1636 613 1691 Hic
644 1640 736 1691 est
795 1638 953 1692 Deus
984 1642 1206 1706 noster,
1267 1640 1322 1691 et
1361 1654 1478 1693 non
1525 1637 1916 1693 aestimabitur

230 1726 395 1782 alius
428 1728 501 1781 ad
533 1743 666 1782 eum
698 1726 798 1798 qui
828 1727 1128 1782 adinvenit
1156 1728 1406 1799 ,omnom
1436 1727 1593 1782 viam
1641 1726 1912 1798 discipli-

227 1833 351 1871 nm.
373 1817 523 1871 Post
543 1816 670 1871 haec
690 1816 748 1870 in
768 1816 946 1872 terris
969 1817 1141 1871 visus
1168 1819 1279 1885 est,
1302 1820 1357 1872 et
1390 1833 1523 1872 cum
1569 1817 1914 1871 hominibus

1639 337 1752 403 DE
1792 336 1993 405 FIDE
2031 339 2192 405 LIB.
2226 340 2306 406 II.

3584 343 3706 413 602

2685 546 2937 604 CAPUT
2967 548 3046 605 X.

2042 669 2439 743 Objectionem
2470 672 2680 747 aiFiIii
2711 673 3050 730 obedientia
3081 674 3443 747 desumptam
3490 674 3694 746 solvit,

2108 749 2457 816 ostensoque
2489 746 2804 800 Trinitatis
2832 763 2999 800 unum
3034 746 3380 818 potentiam,
3406 746 3470 802 di
3481 748 3697 802 vinita-

2109 821 2222 869 tem
2240 823 2412 887 atque
2434 817 2831 888 Operationem
2854 832 2988 872 esse
3006 817 3171 873 addit
3193 818 3495 872 Christum
3514 821 3690 873 etiam

2104 888 2301 963 matri,
2320 889 2647 963 quaminor
2662 889 2784 944 dici
2802 890 3136 963 neutiquam
3152 896 3371 963 potest,
3405 890 3693 946 obedien-

2107 959 2246 1013 tiam
2280 959 2650 1016 eXhibuisse.

2103 1083 2191 1141 84.
2218 1084 2352 1139 Pari
2381 1086 2554 1141 modo
2590 1085 2984 1141 obedientiam
3004 1086 3134 1143 Filii
3172 1085 3436 1159 objicere
3468 1085 3682 1155 solent,

2032 1175 2168 1246 quia
2214 1175 2500 1246 scriptum
2550 1179 2673 1231 est:
2740 1200 2761 1223 ιι
2797 1176 2867 1232 Et
2897 1178 3097 1247 specie
3155 1177 3436 1232 inventus
3466 1166 3607 1231 487
3637 1178 3699 1231 ut

2031 1264 2208 1320 homo
2240 1265 2566 1320 humiliavit
2594 1267 3000 1338 semetipsum,
3047 1266 3238 1322 factus
3271 1266 3557 1322 obediens
3594 1281 3698 1320 uso

2032 1370 2146 1426 que
2168 1355 2240 1409 ad
2270 1358 2515 1410 mortem
2556 1355 2841 1428 (Philipp.
2895 1374 2956 1425 ιι,
2998 1357 3052 1427 7,
3087 1356 3163 1425 8).
3196 1376 3223 1406 ››
3277 1356 3347 1410 Et
3394 1355 3691 1411 hominem

2029 1444 2337 1515 praemisit,
2371 1448 2429 1500 et
2466 1461 2657 1517 usque
2688 1446 2761 1500 ad
2799 1449 3046 1501 mortem
3078 1445 3257 1513 dixit;
3294 1448 3354 1499 ut
3399 1445 3692 1516 intellige-

2029 1550 2231 1589 remus
2265 1534 2657 1590 obedientiam
2702 1536 2909 1590 mortis
2955 1551 3074 1589 non
3122 1534 3443 1589 divinitatis
3474 1534 3683 1599 fuisse,

2031 1624 2137 1679 sed
2169 1623 2625 1680 incarnationis:
2668 1624 2727 1679 in
2769 1641 2883 1697 qua
2914 1628 2971 1680 et
3016 1624 3212 1680 officia
3241 1627 3444 1679 nostra
3475 1639 3690 1681 susce-

2027 1714 2112 1785 pit
2142 1716 2198 1768 et
2227 1715 2484 1770 nomina.

2099 1802 2188 1859 85.
2210 1804 2535 1859 Didicimus
2571 1804 2768 1876 itaque
2815 1820 2990 1859 unam
3014 1820 3154 1859 esse
3204 1802 3524 1875 potentiam
3571 1803 3693 1857 Tri-

227 1908 639 1961 conversatus
670 1910 761 1961 est
789 1906 1069 1975 (Barueh.
1090 1924 1172 1976 ιιι,
1208 1907 1409 1976 36-38).
1433 1929 1453 1955 υ
1481 1906 1785 1972 Quomodo
1818 1916 1914 1962 er-
1947 1903 2001 1967 Β
2030 1892 2248 1963 "uatis:
2281 1909 2457 1965 quam
2485 1908 2596 1948 nos
2627 1894 2688 1948 in
2717 1893 2847 1965 ipsa
2892 1897 3065 1966 atque
3094 1896 3230 1964 Ροεῑ
3278 1893 3467 1965 ipsam
3499 1891 3697 1949 ἀοουίι

225 2013 315 2069 go
350 1996 686 2052 secundum
718 1996 1081 2051 divinitatem
1115 1997 1441 2051 doctrinam
1472 2013 1641 2051 suam
1672 2013 1789 2052 non
1821 1998 1919 2052 ha-

223 2087 356 2156 bet,
395 2085 501 2158 qui
533 2086 834 2141 adinvenit
876 2102 1107 2141 omnem
1156 2087 1310 2140 viam
1362 2085 1713 2157 disciplinae,
1748 2090 1916 2141 ante-

223 2192 420 2248 quam
438 2175 740 2230 videretur
756 2174 814 2230 in
853 2176 1030 2231 terris
1051 2178 1079 2230 ?
1112 2176 1225 2230 Aut
1256 2176 1551 2247 quomodo
1600 2176 1811 2245 minor,
1844 2177 1916 2231 de

220 2281 356 2337 quo
378 2264 604 2319 dictum
626 2267 719 2320 est
740 2280 753 2320 :
778 2287 801 2312 ι
829 2265 962 2320 Νοιι
983 2265 1373 2320 aestimabitur
1394 2265 1545 2320 alius
1576 2266 1647 2320 ad
1681 2282 1813 2320 eum
1834 2267 1863 2320 ?
1889 2288 1910 2315 ιο

222 2354 463 2426 Utique
482 2354 964 2425 incomparabilis
982 2354 1217 2425 dicitur,
1249 2356 1320 2409 ad
1352 2370 1526 2427 quem
1558 2371 1731 2410 nemo
1760 2355 1914 2410 alius

219 2444 531 2499 mstimari
564 2446 797 2515 potest:
832 2444 939 2498 sed
978 2445 1057 2498 ita
1097 2444 1602 2516 incomparabilis,
1635 2447 1697 2499 ut
1758 2445 1915 2500 Patri

217 2536 500 2605 nequeat
527 2533 827 2589 anteferri.
859 2532 1027 2598 Quod
1058 2535 1110 2589 si
1142 2534 1214 2588 de
1248 2534 1419 2589 Patre
1438 2534 1657 2589 dictum
1688 2536 1911 2605 putant,

222 2622 604 2694 impietatem
633 2622 1014 2677 Sabelliinon
1043 2624 1312 2692 evadent,
1369 2626 1432 2678 ut
1485 2623 1642 2677 Patri
1669 2639 1916 2695 suscep-

222 2712 464 2768 tionem
494 2712 768 2767 humanae
795 2714 995 2768 carnis
1025 2713 1345 2768 attribuant
1376 2714 1513 2783 (ΓΙ).

309 2820 401 2874 81.
442 2820 885 2891 Persequamur
940 2821 1287 2892 sequentia:
1353 2844 1374 2868 α
1408 2821 1517 2886 Qui
1568 2838 1600 2875 a
1632 2822 1913 2893 semetip-

234 2925 336 2975 so,
361 2931 384 2959 ι
419 2909 631 2981 inquit,
671 2932 692 2959 ι
728 2910 1008 2982 loquitur,
1036 2911 1286 2984 gloriam
1310 2927 1479 2967 suam
1498 2912 1909 2983 quaeritUonn.

234 3016 345 3067 vn,
378 2999 489 3069 18).
525 3022 553 3049 ι
588 3000 734 3055 Vide
765 3001 1065 3071 unitatem,
1113 3017 1247 3073 quae
1279 3004 1335 3055 et
1367 3001 1598 3056 Patrem
1632 3001 1829 3073 signat
1860 3003 1917 3055 et

234 3088 477 3144 Filium.
515 3090 649 3143 Non
680 3092 874 3161 potest
896 3107 1012 3145 non
1036 3107 1195 3162 esse,
1222 3091 1322 3164 qui
1343 3092 1637 3164 loquitur:
1673 3092 1781 3147 sed
1799 3108 1916 3147 non

236 3181 439 3249 potest
467 3196 501 3233 a
534 3180 856 3249 semetipso
888 3196 1026 3235 esse
1057 3181 1213 3252 quod
1246 3180 1524 3253 loquitur,
1570 3182 1630 3237 in
1659 3198 1775 3253 quo
1806 3198 1914 3236 na-

235 3270 513 3324 turaliter
543 3284 619 3324 ex
648 3268 818 3323 Patre
849 3274 987 3324 sunt
1019 3271 1233 3325 omnia.

313 3395 405 3450 ΒΞ.
444 3394 596 3461 Quid
628 3398 720 3450 est
751 3398 983 3451 autem:
1023 3420 1044 3444 α
1091 3394 1350 3452 Gloriam
1381 3412 1552 3452 suam
1598 3397 1854 3468 quaerit?
1893 3422 1913 3444 η

239 3484 372 3540 Hoc
395 3488 510 3554 est,
535 3500 654 3539 non
671 3484 926 3540 divisam
959 3502 992 3539 a
1016 3486 1185 3540 Patre
1223 3486 1472 3557 gloriam
1500 3502 1511 3541 :
1550 3503 1683 3541 nam
1715 3487 1916 3557 utique

238 3579 299 3629 et
327 3575 596 3630 Verbum
654 3575 814 3631 Deus
870 3574 1047 3629 habet
1105 3575 1374 3648 gloriam.
1410 3576 1675 3647 Denique
1736 3576 1913 3631 dicit:

242 3686 266 3708 ε
300 3664 379 3719 Ct
417 3665 656 3718 videant
695 3663 947 3737 gloriam
981 3680 1170 3720 meam
1200 3665 1391 3737 (Joan.
1425 3683 1566 3735 xvu,
1591 3666 1701 3736 24).
1743 3686 1765 3716 ι
1799 3664 1915 3720 Sed

239 3753 341 3809 illa
373 3753 560 3810 Verbi
618 3754 811 3827 gloria
843 3754 1049 3810 eadem
1106 3754 1300 3810 Patris
1350 3755 1540 3826 gloria
1589 3758 1701 3825 est,
1762 3756 1919 3809 sicut

240 3844 534 3915 scriptum
557 3848 680 3899 est:
723 3867 744 3892 α
791 3843 1079 3899 Dominus
1112 3843 1292 3899 Jesus
1313 3845 1607 3914 :Christus
1637 3845 1696 3899 in
1728 3844 1916 3918 gloria

241 3936 333 3987 est
356 3934 466 3989 Dei
490 3934 681 3989 Patris
705 3932 993 4005 (Philipp.
1018 3951 1080 4004 ιι,
1104 3934 1211 4005 ll).
1240 3955 1261 3984 ι
1298 3935 1378 3990 Ita
1396 3934 1917 4008 igitursecundum

242 4022 612 4077 divinitatem
646 4023 750 4077 Dei
781 4022 964 4077 Filius
998 4040 1166 4078 suam
1198 4023 1445 4093 gloriam
1486 4024 1682 4094 habet,
1717 4026 1780 4078 ut
1812 4023 1918 4077 Pa-

234 4111 348 4165 tris
380 4115 440 4166 et
492 4111 625 4166 Filii
666 4128 780 4166 una
826 4112 906 4166 sit
934 4113 1144 4184 gloria.
1180 4113 1311 4168 Non
1345 4116 1437 4168 est
1468 4129 1614 4186 ergo
1644 4112 1915 4169 minorin

245 4200 531 4270 claritate,
578 4202 715 4273 quia
744 4217 858 4256 una
906 4202 1135 4274 gloria:
1178 4218 1296 4257 non
1346 4203 1537 4258 minor
1587 4202 1911 4271 divinitate,

244 4292 380 4360 quia
414 4290 718 4362 plenitudo
749 4291 1071 4347 divinitatis
1102 4292 1161 4346 in
1193 4293 1429 4348 Christo
1462 4296 1572 4348 est.

315 4416 405 4471 83.
427 4415 501 4471 Et
521 4415 839 4488 quomodo,
863 4416 1083 4488 inquis,
1110 4418 1395 4488 scriptum
1417 4420 1541 4472 est:
1583 4440 1603 4468 α
1632 4418 1804 4472 Pater
1824 4434 1919 4472 ve-

251 4505 331 4558 nit
359 4506 526 4573 hora,
561 4504 818 4559 clarifica
849 4505 1058 4561 Filium
1090 4509 1253 4561 tuum
1283 4510 1465 4571 (hau.
1500 4524 1641 4574 xvn,
1679 4508 1772 4577 1)?
1792 4507 1901 4572 Qui

252 4591 360 4647 hoc
387 4593 551 4661 dicit,
585 4593 1021 4657 clariﬁcatione,
1057 4596 1277 4668 inquis,
1311 4595 1558 4669 iudiget.
1584 4597 1909 4668 Hueusque

255 4683 456 4738 oculos
489 4683 710 4739 habes:
745 4686 899 4755 quod
933 4686 1222 4755 reliquum
1255 4689 1347 4741 est
1378 4702 1495 4740 non
1544 4686 1785 4758 legisti;
1819 4703 1917 4743 se-

254 4774 446 4842 quitur
476 4774 672 4828 enim:
712 4797 734 4819 «
772 4775 845 4828 ω
878 4775 1062 4829 Filius
1093 4778 1230 4830 tuus
1261 4775 1542 4830 clarificet
1574 4780 1628 4830 te
1651 4776 1852 4845 (Ibid.)
1891 4798 1912 4828 ι

257 4861 549 4935 Numquid
574 4866 631 4917 et
664 4862 833 4918 Pater
858 4864 1103 4936 indiget,
1137 4865 1238 4936 qui
1269 4864 1682 4922 clariﬁcandus
1714 4866 1917 4923 aFilio

257 4955 340 5006 est
356 4954 384 5006 Ῥ

321 5096 431 5173 (Γῇ)
471 5095 933 5173 Epiphaniusin
971 5096 1273 5173 ztnneeph.
1307 5097 1409 5153 lib.
1444 5099 1552 5173 sui
1590 5117 1650 5173 ιιΙ
1686 5100 1914 5170 scribit,

266 5192 288 5242 -_
317 5167 638 5221 Labelliani
672 5183 805 5242 cum
854 5167 1253 5242 Nicetianis‘in
1299 5170 1575 5225 omnibus
1606 5167 1917 5242 propemoi-

261 5239 384 5293 dum
417 5240 816 5312 consentiunt,
860 5240 975 5293 nisi
1007 5240 1164 5312 quod
1197 5240 1426 5294 l’atrem
1458 5239 1654 5312 ipsum
1696 5239 1916 5312 negant

262 5258 384 5293 cum
417 5258 816 5303 consentiunt,
860 5258 975 5293 nlSl
1007 5258 1164 5311 quoa
1197 5258 1426 5294 ratrem
1458 5258 1654 5312 ipsum
1696 5258 1770 5297 ne
1857 5260 1889 5295 ιι

262 5326 516 5380 passum.
557 5334 578 5356 ο
615 5309 740 5375 Qua
772 5311 1060 5383 sententia
1091 5312 1231 5382 quid
1262 5312 1454 5383 magis
1485 5328 1618 5368 cum
1669 5258 1889 5369 Αωῖἲυο

262 5383 417 5437 siana
446 5398 716 5455 pugnare
773 5381 1748 5455 videatur?’Yerumpraeceptori
1806 5401 1916 5440 suo

264 5454 623 5526 commodum
674 5453 1049 5526 Augustinus
1084 5454 1222 5526 tulit
1268 5453 1613 5524 suppetiasf
1640 5457 1692 5509 is
1738 5457 1913 5524 enim,

265 5525 393 5599 hzer.
430 5526 489 5579 il
555 5525 1375 5599 cita_lis_'Iiji_phanii_verbis
1423 5527 1499 5580 ita
1558 5527 1914 5599 subjungit:

268 5619 285 5641 ι
312 5596 614 5662 Quomodo
648 5596 720 5668 de
750 5596 1103 5668 Sabellianis
1133 5596 1381 5668 intelligi
1414 5600 1624 5666 potest,
1662 5596 1917 5655 cunfsic

264 5667 1100 5742 innotuerintdicerePatrem
1133 5667 1400 5737 passum,
1436 5672 1497 5723 ut
1530 5669 1917 5742 Patripassia-

264 5739 516 5815 ai‘quam
547 5739 867 5815 Sabelliani
900 5740 1635 5815 crebri11s__n_uncupentur
1653 5739 1738 5797 ‘2’»
1800 5742 1915 5799 sed

264 5810 376 5871 haec
404 5812 561 5870 inter
589 5827 657 5868 se
687 5810 803 5869 alio
834 5811 967 5868 loco
998 5810 1487 5871 conciliabuntur.

2028 1982 2372 2053 passionem
2403 1981 2553 2055 (t8),
2604 1982 2790 2037 Filius
2823 1983 2978 2038 enim
3026 1983 3242 2053 patitur
3271 1998 3378 2053 per
3424 1981 3693 2053 corporis

2029 2074 2483 2142 sacramentum,
2518 2072 2805 2142 apostolis
2837 2071 3093 2141 Spiritus
3141 2074 3385 2127 sanctus
3434 2071 3692 2127 infundi-

2027 2163 2159 2216 tur:
2194 2161 2253 2215 in
2273 2176 2483 2215 manus
2520 2161 2712 2215 Patris
2750 2161 3195 2216 commendatur
3228 2161 3498 2231 spiritus,
3534 2162 3696 2223 Deus

2028 2266 2263 2322 quoque
2297 2252 2470 2305 Pater
2516 2250 2770 2304 maxima
2818 2265 2964 2305 voce
3015 2249 3307 2322 signatur,
3361 2250 3687 2303 Didicimus

2027 2355 2203 2395 unam
2226 2338 2418 2394 Patris
2443 2342 2500 2394 et
2539 2339 2671 2394 Filii
2702 2355 2841 2395 esse
2873 2339 3213 2412 imaginem,
3261 2354 3437 2394 unam
3489 2338 3697 2392 simili-

2026 2429 2310 2498 tudinem,
2344 2445 2522 2484 unam
2563 2429 3109 2483 sanctificationem.
3165 2428 3491 2482 Didicimus
3522 2443 3698 2482 unam

2029 2534 2167 2574 esse
2211 2519 2633 2590 operationem,
2698 2534 2873 2574 unam
2925 2518 3198 2590 gloriam,
3231 2533 3412 2573 unam
3463 2532 3701 2590 quoque

2027 2608 2409 2663 divinitatem.
3564 2676 3571 2681 _

2100 2696 2187 2753 86.
2215 2698 2383 2753 Unus
2402 2713 2546 2769 ergo
2571 2701 2626 2753 et
2652 2698 2819 2754 solus
2852 2697 3049 2767 Deus;
3083 2696 3219 2768 quia
3250 2697 3537 2768 scriptum
3568 2698 3697 2751 est:

2032 2810 2053 2836 α
2090 2788 2403 2843 Dominum
2434 2788 2620 2843 Deum
2649 2790 2811 2843 tuum
2844 2786 3143 2856 adorabis,
3198 2789 3255 2841 et
3300 2786 3383 2840 illi
3416 2785 3531 2840 soli
3562 2801 3699 2840 ser-

2025 2878 2155 2933 vies
2189 2878 2386 2947 (Deut.
2419 2894 2498 2947 v1,
2531 2876 2641 2946 13).
2700 2899 2721 2925 ι
2769 2877 2938 2931 Unus
2989 2876 3169 2940 Deus,
3204 2891 3322 2930 non
3353 2878 3412 2930 ut
3458 2875 3587 2945 ipse
3624 2875 3703 2928 sit

2026 2968 2202 3023 Pater
2232 2971 2289 3023 et
2319 2967 2522 3035 Filius,
2547 2967 2702 3022 sicut
2731 2967 2948 3038 impius
2972 2965 3268 3022 Sabellius
3299 2965 3517 3019 asserit
3542 2980 3554 3019 :
3593 2963 3704 3019 sed

2027 3058 2164 3129 quia
2201 3058 2393 3113 Patris
2440 3061 2495 3112 et
2528 3057 2658 3113 Filii
2698 3056 3071 3128 Spiritusque
3109 3055 3303 3111 sancti
3333 3071 3449 3110 una
3481 3052 3700 3109 divini-

2026 3153 2117 3203 tas
2147 3148 2261 3204 sit:
2296 3148 2398 3203 ubi
2427 3150 2619 3204 autem
2651 3163 2764 3202 una
2796 3146 3095 3217 divinitas,
3127 3160 3245 3200 una
3262 3145 3690 3217 voluntas,una

1951 3264 2005 3337 α
2027 3238 2370 3310 praeceptio.

2097 3348 2187 3402 87.
2221 3346 2486 3417 Denique
2518 3348 2581 3400 ut
2623 3345 2784 3400 scias
2816 3346 2874 3399 et
2921 3344 3155 3398 Patrem
3186 3358 3347 3413 esse,
3401 3345 3458 3398 et
3489 3342 3700 3398 Filium

2028 3452 2186 3505 esse,
2213 3438 2271 3492 et
2292 3452 2470 3492 unum
2493 3450 2640 3505 opus
2666 3434 2857 3489 Patris
2878 3433 3111 3503 achilii
3150 3448 3310 3502 esse,
3346 3431 3696 3503 Apostolum

2028 3541 2302 3597 sequere,
2354 3526 2456 3595 qui
2498 3524 2680 3579 dixit:
2719 3547 2739 3573 σ
2793 3524 2925 3594 Ipse
2964 3526 3159 3579 autem
3210 3523 3393 3591 Deus,
3432 3525 3490 3576 et
3521 3522 3695 3577 Pater

2028 3616 2252 3683 noster,
2272 3617 2329 3669 et
2350 3614 2634 3669 Dominus
2657 3616 2863 3668 noster
2893 3613 3074 3667 Jesus
3113 3612 3330 3684 dirigat
3360 3613 3517 3668 viam
3550 3627 3696 3667 nos-

2026 3706 2175 3758 tram
2193 3703 2266 3758 ad
2296 3719 2406 3758 vos
2435 3703 2491 3773 (Ι
2514 3703 2719 3758 Thess.
2746 3720 2828 3772 ιιι,
2860 3701 2964 3770 11).
2991 3723 3012 3751 ι
3051 3701 3120 3756 Et
3151 3702 3382 3756 Patrem
3413 3701 3692 3772 loquitur,

2028 3796 2083 3848 et
2116 3793 2329 3848 Filium
2351 3792 2611 3865 loquitur
2640 3792 2753 3861 (19)
2780 3807 2792 3847 :
2848 3792 2955 3846 sed
2988 3792 3184 3847 unitas
3214 3792 3557 3847 directionis
3587 3794 3699 3861 est,

2027 3885 2164 3955 quia
2194 3883 2389 3939 unitas
2419 3882 2729 3954 potestatis
2759 3883 2871 3937 est.
2906 3881 3005 3937 Sic
3037 3884 3094 3936 et
3126 3881 3268 3936 alibi
3301 3881 3523 3937 habes:
3562 3903 3583 3931 «ι
3609 3882 3702 3952 lp-

2029 3990 2096 4028 se
2125 3976 2321 4027 autem
2353 3972 2641 4027 Dominus
2673 3974 2880 4026 noster
2909 3971 3089 4026 Jesus
3122 3970 3419 4040 Christus,
3446 3974 3500 4025 et
3522 3971 3701 4039 Deus,

2029 4066 2085 4118 et
2117 4063 2287 4118 Pater
2316 4065 2521 4117 noster
2568 4062 2667 4132 qui
2712 4061 2919 4115 dilexit
2966 4075 3100 4129 nos,
3136 4064 3195 4119 et
3235 4061 3394 4115 dedit
3424 4060 3702 4118 consola-

2026 4154 2245 4208 tionem
2274 4156 2571 4219 teternam,
2606 4153 2663 4205 et
2708 4166 2875 4221 spem
2922 4150 3139 4205 bonam
3168 4149 3229 4204 in
3272 4150 3495 4222 gratia;
3547 4165 3688 4205 con-

2033 4242 2263 4297 soletur
2294 4242 2472 4295 corda
2506 4243 2726 4306 vestra,
2760 4243 2816 4294 et
2849 4240 3157 4295 confirmet
3177 4239 3264 4307 (II
3288 4238 3495 4294 Thess.
3529 4236 3700 4306 11,13,

2032 4331 2142 4401 18).
2181 4353 2202 4379 ι
2236 4329 2526 4394 Quantam
2557 4330 2839 4384 unitatem
2870 4328 3148 4396 ostendit,
3183 4330 3245 4382 ut
3275 4326 3701 4383 consolationis

2025 4422 2244 4490 unitas,
2276 4436 2394 4475 non
2426 4419 2732 4490 pluralitas
2763 4416 2876 4473 sit!
2925 4418 3299 4473 Conticescat
3344 4432 3490 4489 ergo
3520 4416 3697 4487 perﬂ-

2026 4511 2140 4579 dia,
2172 4512 2271 4564 aut
2298 4509 2352 4563 si
2378 4509 2601 4563 ratione
2633 4524 2751 4563 non
2782 4507 3054 4577 vincitur,
3088 4506 3296 4561 morali
3314 4506 3675 4562 humanitate

2028 4600 2311 4655 flectatur.

2096 4689 2185 4743 88.
2220 4688 2681 4743 Consideremus
2712 4703 2887 4758 quam
2931 4685 3235 4741 moraliter
3278 4685 3469 4758 egerit
3499 4683 3702 4739 Domi-

2025 4795 2161 4845 nus,
2187 4782 2376 4833 utnos
2399 4793 2516 4832 non
2539 4777 2733 4832 solum
2764 4776 2961 4844 fidem,
2998 4775 3105 4831 sed
3136 4775 3311 4830 etiam
3361 4789 3558 4829 mores
3590 4773 3703 4827 do-

2028 4871 2208 4922 ceret.
2233 4867 2498 4937 Namque
2521 4866 2582 4921 in
2617 4865 2808 4920 forma
2846 4864 3108 4920 hominis
3148 4864 3462 4935 constitus,
3491 4886 3513 4912 ι
3550 4862 3701 4918 sub-

2027 4957 2185 5012 ditus
2219 4959 2345 5012 erat
2374 4954 2601 5026 Joseph
2645 4958 2703 5010 et
2730 4955 2932 5010 Maria)
2980 4955 3141 5026 (Luc.
3193 4971 3255 5024 ιι,
3300 4953 3411 5022 51).
3451 4973 3475 5003 ι
3510 4952 3703 5007 Νιιιιι-

2096 5100 2207 5169 (18)
2231 5099 2358 5153 Vet.
2380 5097 2540 5160 edit.,
2571 5120 2592 5148 «
2626 5097 2685 5152 in
2718 5098 2845 5168 ipsa
2877 5113 3111 5169 quoque
3143 5096 3342 5151 docuit
3384 5096 3690 5169 passione.

2024 5167 2217 5226 Filius
2240 5170 2395 5224 enim
2418 5170 2650 5239 patitur,
2675 5167 2750 5223 in
2768 5167 2975 5223 manus
3008 5167 3199 5222 Patris
3246 5167 3694 5223 commendatur

2024 5243 2294 5312 spiritus,
2332 5242 2490 5295 Deus
2522 5256 2759 5312 quoque
2806 5242 2977 5295 Pater
3007 5239 3272 5312 maxima,
3308 5254 3478 5312 voce,
3518 5260 3539 5287 ι
3574 5239 3688 5312 Gil.

1893 5344 1917 5355 -
2025 5309 2215 5379 solus,
2246 5336 2266 5361 σι
2293 5309 2857 5383 ἱιιοιειιιειίιιιτ,ἐῑῳιθ
2878 5315 3015 5380 pust
3036 5311 3224 5383 ipsam
3243 5310 3443 5364 docuit
3459 5309 3692 5383 passio.

2025 5401 2179 5440 nem.
2204 5384 2391 5438 Filius
2414 5384 2567 5437 enim
2590 5380 2823 5454 patitur,
2848 5388 2959 5437 etc.
2990 5403 3011 5431 ι
3038 5381 3297 5437 Confusa
3326 5380 3690 5454 perturbate—

2023 5472 2157 5528 que.
2202 5456 2346 5509 Mss.
2383 5452 2933 5528 autem—nobiscum
2965 5454 3204 5528 faciunt,
3258 5452 3463 5521 paucis
3494 5455 3687 5528 tamen

2023 5522 2288 5597 exceptis
2320 5527 2421 5596 qui
2447 5528 2706 5580 ultimam
2747 5528 2971 5596 partem
3002 5525 3077 5578 ita
3109 5524 3376 5590 efferunt,
3429 5543 3451 5571 σι
3485 5522 3673 5597 Spiri-

2022 5592 2433 5654 ritus‘sanctus
2456 5592 2798 5651 infunditur.
2820 5597 2993 5650 Pater
3014 5610 3268 5667 quoque,
3295 5596 3405 5647 etc.
3428 5613 3449 5641 ι
3483 5592 3669 5646 omis~

2022 5670 2391 5744 sis‘vocihus
2422 5685 2554 5744 quae
2587 5667 3061 5744 int_erjiciunt_ur._
3112 5740 3120 5744 _
3208 5737 3225 5744 _
3356 5735 3390 5744 η
3562 5736 3571 5744 ⁸
3600 5732 3662 5744 ω

2091 5741 2203 5810 (l9)
2228 5741 2376 5796 Edit.
2403 5732 2620 5810 ultimae
2647 5732 2905 5805 Paris.,,«
2930 5738 2999 5792 Et
3022 5735 3487 5809 Paterloquitur.
3523 5736 3577 5787 et
3599 5732 3690 5810 Εἰς

2018 5815 2136 5874 lius
2169 5808 2446 5890 loquitur.
2484 5832 2506 5862 ι
2541 5809 2830 5885 Corrupto
2862 5825 3067 5866 sensu.
3294 5808 3303 5809 “
3614 5808 3617 5811 ’
