4050 6182
440 273 560 343 603

1879 283 1946 348 s.
1978 234 2420 351 AMBROSII.

3726 301 3828 367 604

447 479 613 570 quid
643 493 788 570 ergo
836 479 1031 570 minor
1074 483 1131 536 et
1179 480 1542 555 hominibus,
1590 483 1726 557 quia
1777 485 2053 541 subditus
2084 486 2113 541 ?
2139 474 2195 539 Α
2225 488 2385 546 dere.
2418 490 2562 546 Mihi
2615 491 2770 548 enim
2799 492 3043 564 prodest
3091 494 3247 550 scire
3290 496 3420 567 quia
3472 500 3690 570 propter
3740 518 3820 558 me

443 568 616 622 Aliud
650 567 905 638 pietatis,
940 569 1098 625 aliud
1130 572 1439 642 potestatis
1471 578 1599 630 est:
1651 575 1757 629 sed
1808 592 1925 630 non
1954 592 2110 646 prm-

436 654 667 728 judicat
686 658 874 728 pietas
898 661 1192 730 potestati.
1218 662 1280 716 In
1304 679 1420 734 quo
1456 680 1601 736 ergo
1621 664 1775 736 legis
1808 665 2110 719 subditum

443 745 643 801 Patri?
700 747 763 802 In
796 764 1045 820 corpore
1091 751 1343 822 scilicet,
1398 753 1457 808 in
1488 769 1604 826 quo
1663 756 1786 810 erat
1832 754 2109 809 subditus

444 836 639 891 matri.

1081 929 1332 986 CAPUT
1370 932 1468 987 XI.

443 1050 908 1130 Pr0ponit_cum_
944 1054 1199 1130 Arianis
1246 1056 1585 1130 humaniter
1632 1074 1815 1130 agere
1875 1058 2109 1114 Christi

516 1125 783 1202 exemplo
810 1126 1052 1202 vulnera
1098 1129 1232 1183 vino
1262 1134 1322 1183 et
1352 1128 1479 1184 oleo
1515 1125 1819 1185 curantis:
1851 1131 1928 1185 ad
1958 1130 2109 1202 quod

516 1198 760 1274 caeleste
780 1198 1491 1274 medicamentumomncs
1512 1202 1572 1255 in
1584 1202 1797 1274 vitans,
1837 1217 1943 1274 quo
1965 1198 2106 1274 con-

516 1269 653 1343 silio
684 1269 739 1322 is
771 1285 1009 1343 carnem
1041 1270 1327 1339 induerit,
1353 1277 1411 1325 et
1436 1288 1542 1343 qua
1577 1269 1861 1340 utilitate,
1898 1273 2104 1327 tradit.

510 1340 666 1415 {Iino
712 1342 905 1411 aperit
952 1348 1223 1413 quantum
1250 1340 1460 1414 prosit
1491 1343 1666 1397 [idem
1709 1344 1955 1413 habere,
1999 1360 2107 1415 qua

517 1412 820 1466 Christum
838 1412 1086 1483 propter
1118 1428 1224 1467 nos
1252 1412 1488 1469 omnem
1527 1412 1947 1470 inﬁrmitatem
1977 1412 2108 1469 sus-

514 1484 745 1553 cepisse
770 1484 1204 1557 _cogn_oscimus,
1233 1485 1399 1556 cujus
1412 1556 1415 1557 ν
1428 1486 1720 1551 divinitas
1740 1488 1801 1540 in
1827 1487 2108 1557 passione

514 1554 877 1626 erumpebat.
898 1555 1000 1610 Ex
1018 1555 1230 1626 quibus
1265 1554 1610 1626 intelligere
1630 1563 1721 1612 est
1756 1554 1871 1612 Dei
1892 1556 2107 1612 Filium

514 1626 647 1680 sine
663 1625 1039 1696 subjectione’
1054 1625 1166 1681 ulla
1190 1628 1431 1682 missum
1445 1625 1667 1682 fuisse:
1702 1644 1808 1682 nec
1840 1634 2107 1683 metuen-

514 1698 648 1773 dum
667 1713 740 1773 ne
767 1696 925 1773 fides
951 1698 1076 1773 haec
1109 1698 1422 1773 displiceat
1444 1698 1640 1770 Patri,
1687 1715 1896 1772 qutppe
1914 1699 2013 1773 qui
2045 1700 2107 1754 in

514 1767 637 1823 lilio
652 1768 776 1823 sibi
792 1768 1154 1840 complacere
1170 1767 1491 1842 signiticet.

511 1892 598 1949 89.
625 1894 889 1966 Agamus
913 1897 968 1949 et
1002 1910 1111 1950 nos
1144 1895 1462 1965 moraliter,
1487 1896 1955 1966 persuadeamus
1989 1896 2108 1951 illis

443 1982 601 2054 quod
660 1982 774 2037 sibi
804 1986 1010 2054 prosit,
1071 1983 1458 2039 Obsecremus
1507 1989 1564 2040 et
1619 1985 1920 2056 ploremus
1975 1988 2108 2041 ante

444 2071 754 2127 Dominum
788 2073 888 2143 qui
937 2072 1071 2127 fecit
1123 2088 1233 2127 nos
1263 2073 1618 2144 (Psal.xcxv,
1657 2074 1733 2143 6).
1789 2074 1921 2129 Non
1953 2075 2109 2129 enim

440 2151 592 2217 488
620 2162 859 2216 vincere
891 2162 1186 2231 volumus,
1236 2163 1341 2217 sed
1374 2179 1584 2218 sanare
1611 2179 1623 2219 :
1670 2180 1788 2219 non
1820 2164 2108 2220 insidiose

442 2251 699 2322 agimus,
736 2246 857 2305 sed'
875 2251 1156 2324 religiose
1204 2268 1535 2310 monemus.
1582 2253 1753 2324 Saepe
1786 2254 1965 2308 ﬂectit
1995 2253 2108 2307 hu-

442 2338 714 2408 manitas,
747 2355 900 2411 quos
948 2355 1057 2395 nec
1100 2340 1290 2396 virtus
1340 2342 1595 2411 potuerit
1644 2358 1949 2413 superare,
1998 2358 2109 2397 nec

440 2428 611 2483 ratio.
675 2428 939 2499 Denique
998 2429 1285 2484 Dominus
1334 2430 1495 2485 illum
1545 2431 1843 2486 hominem
1886 2432 1988 2503 qui
2033 2447 2109 2486 ex

446 2516 731 2572 Hiericho
781 2517 1192 2587 descendens,
1242 2519 1447 2573 incidit
1492 2521 1552 2574 in
1601 2521 1882 2590 latrones,
1933 2536 2109 2592 quem

439 2622 557 2661 non
585 2606 992 2675 asperioribus
1022 2607 1176 2678 legis
1209 2607 1672 2678 medicamentis,
1707 2625 1823 2663 non
1856 2609 2109 2680 prophe-

440 2694 558 2749 tico
589 2695 788 2765 rigore
819 2698 1146 2766 curaverat,
1182 2696 1313 2751 oleo
1344 2698 1573 2752 curavit
1602 2700 1658 2753 et
1690 2698 1824 2753 vino
1846 2699 2009 2769 (Luc.
2044 2715 2103 2763 x,

510 2872 600 2926 90.
622 2871 871 2926 Veniant
901 2887 1045 2946 ergo
1077 2874 1147 2928 ad
1180 2873 1336 2929 hunc
1387 2891 1592 2931 omnes
1636 2876 1736 2947 qui
1768 2877 1967 2930 sanari
1997 2892 2106 2931 vo-

440 2961 586 3031 lunt,
647 2962 937 3033 accipiant
989 2963 1499 3034 medicamentum,
1561 2965 1717 3037 quod
1766 2969 1822 3020 et
1869 2981 1902 3019 a
1936 2966 2106 3022 Patre

442 3050 666 3121 detulit,
700 3055 756 3106 et
798 3054 1151 3123 praeparavit
1196 3053 1255 3107 in
1286 3055 1455 3123 cmlo,
1493 3070 1567 3109 ex
1616 3054 1734 3109 illis
1773 3055 2107 3110 confectum

440 3140 873 3196 immortalibus
907 3143 1129 3197 succis.
1180 3143 1307 3198 Hoc
1356 3160 1430 3199 ex
1478 3147 1636 3200 terra
1666 3160 1784 3200 non
1826 3144 2104 3215 pullulat;

2222 576 2498 634 Christus
2528 582 2794 652 suscepit
2824 598 2987 638 meas
3032 583 3415 653 infirmitates,
3464 588 3568 641 mei
3593 591 3828 659 corporis

2223 668 2405 723 subiit
2434 671 2751 741 passiones
2780 671 2968 741 (Psal.
3020 690 3136 738 ιλιι,
3162 672 3254 742 4);
3304 689 3405 744 pro
3451 691 3536 730 me
3565 681 3831 746 peccatum

2225 756 2311 823 (ΙΙ
2338 756 2471 812 Cor.
2509 776 2564 826 v,
2602 759 2714 829 21),
2739 760 2853 815 hoc
2887 764 2998 830 est,
3043 777 3149 832 pro
3183 762 3338 817 omni
3365 761 3605 833 homine,
3635 781 3728 835 pro
3755 783 3831 822 me

2222 846 2593 902 maledictum
2616 848 2807 905 factus
2826 853 2937 919 est,
2958 866 3064 921 pro
3089 866 3179 905 me
3201 853 3374 923 atque
3404 851 3461 907 in
3479 868 3563 908 me
3592 852 3832 910 subditus

2221 937 2395 1007 atque
2426 936 2758 1009 subjectus,
2794 955 2901 1010 pro
2932 954 3023 994 me
3054 956 3271 1012 agnus,
3311 956 3413 1011 pro
3442 956 3529 995 me
3568 941 3711 1011 vitis,
3740 958 3828 1012 pro

2220 1039 2313 1080 me
2344 1025 2518 1096 lapis,
2570 1042 2675 1097 pro
2727 1043 2819 1083 me
2867 1044 3104 1098 servus,
3138 1044 3253 1099 pro
3303 1044 3391 1083 me
3433 1029 3582 1085 ﬁlius
3610 1030 3829 1099 ancillae,

2219 1128 2326 1183 pro
2358 1129 2448 1168 me
2479 1115 2632 1169 diem
2658 1114 2869 1188 judicii
2902 1117 3207 1190 ignorans,
3242 1133 3348 1189 pro
3379 1117 3546 1173 nobis
3592 1119 3835 1174 nesciens

2220 1201 2375 1257 diem
2397 1207 2493 1259 aut
2516 1204 2744 1262 horam.

2289 1309 2377 1364 94.
2405 1310 2553 1365 Nam
2592 1312 2886 1383 quomodo
2916 1316 3112 1384 potest
3148 1313 3305 1369 diem
3335 1313 3582 1383 nescire,
3612 1313 3703 1385 qui
3729 1313 3835 1369 dies

2220 1396 2359 1454 fecit
2389 1402 2446 1454 et
2475 1403 2739 1472 tempora
2758 1404 2786 1458 ε)
2823 1401 3129 1468 Quomodo
3159 1406 3369 1475 posset
3417 1403 3565 1458 diem
3596 1403 3835 1475 ignorare

2214 1486 2445 1558 judicii,
2509 1491 2611 1561 qui
2642 1493 2699 1545 et
2755 1491 2963 1546 horam
3006 1492 3187 1547 futuri
3237 1492 3447 1564 judicii
3476 1493 3754 1565 expressit
3799 1495 3843 1546 et

2190 1580 2508 1633 causam?
2539 1579 2752 1635 Factus
2783 1597 2928 1653 ergo
2973 1581 3347 1637 maledictum
3391 1598 3506 1638 non
3554 1581 3842 1637 secundum

2219 1666 2602 1737 divinitatem,
2645 1669 2752 1724 sed
2801 1671 3131 1726 secundum
3176 1686 3433 1741 carnem,
3474 1671 3739 1741 scriptum
3765 1672 3841 1723 est

2218 1755 2395 1811 enim:
2435 1778 2457 1807 ι
2498 1757 2845 1813 Maledictus
2876 1760 3070 1815 omnis
3102 1761 3202 1832 qui
3233 1760 3348 1831 (2t)
3381 1759 3589 1831 pendet
3617 1760 3671 1813 in
3697 1758 3835 1830 ligno

2142 1857 2192 1920 Β
2218 1844 2414 1913 (Deut.
2434 1863 2557 1914 xxi,
2581 1844 2693 1916 23).
2730 1868 2753 1896 ι
2787 1846 3124 1903 Secundum
3157 1866 3398 1905 carnem
3431 1849 3623 1920 utique
3653 1862 3845 1919 pepen-

2218 1933 2320 2003 dit,
2363 1936 2419 1989 et
2446 1935 2579 1990 ideo
2610 1936 3004 2008 maledictum,
3036 1938 3139 2010 qui
3169 1942 3375 1994 nostra
3405 1937 3697 1992 maledicta
3728 1950 3846 1990 sus-

2219 2024 2391 2094 cepit.
2425 2023 2528 2079 llle
2556 2025 2736 2096 flevit,
2772 2042 2845 2081 ne
2875 2030 2937 2082 tu
2979 2027 3157 2083 homo
3203 2028 3305 2083 diu
3337 2029 3548 2083 ﬂeres:
3594 2026 3685 2081 ille
3713 2024 3848 2095 inju-

2217 2111 2339 2166 rias
2370 2128 2589 2183 passus
2622 2117 2733 2185 est,
2768 2118 2925 2170 netu
2955 2115 3238 2188 injuriam
3268 2121 3428 2172 tuam
3456 2116 3699 2171 doleres.

2288 2217 2378 2273 95.
2410 2219 2644 2275 Grande
2672 2222 3018 2292 remedium,
3043 2223 3322 2280 solatium
3355 2224 3568 2279 habere
3599 2222 3665 2277 de
3686 2220 3853 2275 Chris-

2216 2309 2298 2362 to.
2330 2308 2431 2363 llle
2491 2310 2647 2363 enim
2675 2327 2783 2381 pro
2839 2312 3016 2367 nobis
3047 2313 3178 2368 hinc
3235 2313 3591 2384 patientibus
3617 2310 3753 2377 tulit,
3802 2312 3847 2363 et

2219 2412 2429 2452 sumus
2458 2398 2561 2469 qui
2607 2400 2898 2470 patienter
2927 2400 3057 2456 haec
3102 2418 3209 2473 pro
3258 2403 3420 2457 illius
3469 2400 3694 2457 nomine
3719 2398 3850 2453 ferre

2221 2485 2620 2558 nequeamus!
2653 2488 2799 2555 Quis
2827 2491 3120 2561 appetitus
3161 2507 3282 2546 non
3328 2492 3516 2546 discat
3549 2490 3851 2561 ignoscere,

2221 2576 2456 2645 quando
2485 2580 2542 2632 et
2587 2594 2693 2647 pro
2737 2581 3226 2649 persecutoribus
3254 2570 3409 2637 489
3444 2579 3571 2634 suis
3610 2575 3852 2631 Christus

2221 2665 2393 2719 etiam
2417 2667 2741 2722 cruciﬁxus
2765 2668 3017 2723 orabat?
3040 2669 3300 2724 Videsne
3331 2669 3473 2724 illas
3513 2681 3657 2739 quas
3685 2668 3739 2718 tu
3764 2678 3857 2733 pu-

2219 2755 2312 2808 tas
2342 2754 2562 2809 Christi
2594 2756 2983 2828 intirmitates,
3016 2761 3149 2813 tuas
3178 2774 3316 2815 esse
3355 2758 3643 2813 virtutes?
3672 2754 3777 2809 Cur
3800 2752 3857 2805 de

2219 2843 2502 2899 remediis
2538 2846 2763 2900 nostris
2786 2846 2837 2901 ei
2863 2848 3253 2918 qumstionem
3288 2847 3649 2903 movemus?
3679 2844 3863 2910 Lacry-

2218 2948 2331 2987 mae
2363 2932 2479 2988 illae
2508 2949 2619 2989 nos
2672 2934 2868 2990 lavant
2897 2936 3030 3006 (22),
3081 2937 3319 2992 ﬂetibus
3359 2938 3444 2993 illi
3488 2952 3597 2992 nos
3626 2933 3858 2998 abluunt,

2218 3036 2288 3075 ac
2318 3020 2600 3078 dubitatio
2634 3023 2731 3078 illa
2762 3040 2873 3079 nos
2904 3024 3133 3095 firmat;
3166 3041 3238 3081 ne
3259 3028 3325 3081 tu
3363 3027 3416 3081 si
3448 3023 3692 3097 casperis
3720 3018 3858 3076 dubi-

2218 3113 2364 3182 tare,
2397 3112 2705 3183 desperes.
2762 3112 2989 3179 Quanto
3049 3113 3240 3187 major
3294 3120 3396 3171 est
3438 3113 3669 3186 injuria,
3724 3109 3859 3165 tanto

442 3246 659 3302 expers
682 3231 837 3285 enim
860 3234 952 3286 est
982 3232 1175 3287 omnis
1206 3235 1410 3288 natura
1461 3232 1643 3305 hujus
1689 3234 2102 3289 confectionis.
2137 3212 2192 3282 Ο
2221 3199 2465 3256 “hem”
2492 3201 2742 3257 debet“?
2770 3208 2979 3274 8mm-

442 3320 652 3376 Divino
683 3321 838 3376 enim
870 3322 1120 3377 consilio
1150 3323 1414 3394 suscepit
1443 3323 1594 3378 hanc
1627 3337 1884 3393 carnem,
1916 3327 1979 3379 ut
2009 3340 2107 3378 os-

441 3412 710 3467 tenderet
740 3413 932 3485 legem
963 3414 1161 3469 carnis
1190 3414 1309 3486 legi
1350 3429 1490 3469 esse
1537 3414 1835 3469 subditam
1865 3414 2102 3469 mentis.

438 3499 715 3572 Suscepit
745 3518 1002 3573 carnem,
1036 3506 1098 3558 ut
1124 3504 1297 3575 quasi
1326 3503 1502 3559 homo
1545 3504 1827 3574 vinceret,
1862 3504 1963 3576 qui
1993 3504 2105 3560 ho-

440 3591 631 3647 mines
661 3592 940 3648 erudiret.

509 3681 599 3735 9t.
643 3680 795 3746 Quid
828 3682 971 3736 mihi
1014 3682 1350 3753 prodesset,
1400 3683 1454 3738 si
1498 3684 1671 3754 quasi
1711 3683 1871 3738 Deus
1904 3686 2106 3737 exerta

439 3773 729 3840 potestate
761 3771 1123 3826 divinitatem
1155 3788 1324 3826 suam
1356 3773 1757 3828 tantummodo
1790 3771 2104 3826 inviolabi-

439 3858 555 3913 lem
586 3860 1099 3915 demonstrasset?
1146 3863 1260 3916 Aut
1307 3877 1414 3917 cur
1461 3862 1796 3931 susciperet
1843 3876 2102 3930 carnem,

440 3948 559 4003 nisi
589 3950 651 4003 ut
678 3949 889 4003 tentari
946 3965 1013 4005 se
1056 3952 1283 4005 naturae
1328 3955 1502 4022 atque
1548 3950 1904 4004 inﬁrmitatis
1957 3965 2105 4004 meae

442 4037 775 4093 conditione
808 4040 1407 4108 pateretur?Tentari
1439 4039 1657 4101 debuit,
1692 4038 2105 4109 compatimihi

441 4125 661 4195 debuit,
705 4129 767 4180 ut
815 4126 1033 4182 scirem
1062 4129 1554 4199 quemadmodum
1599 4131 1855 4183 tentatus
1901 4128 2107 4183 vince-

439 4232 585 4286 rem,
622 4232 977 4287 compassus
999 4217 1332 4273 evaderem.
1355 4218 1508 4271 Vicit
1537 4233 1642 4289 per
1664 4217 2103 4285 continentiam,

439 4306 581 4360 vicit
611 4321 718 4377 per
747 4309 1148 4377 contemptum
1177 4306 1537 4374 divitiarum,
1571 4307 1711 4361 vicit
1757 4321 1864 4377 per
1894 4306 2102 4360 fidem:

439 4395 687 4450 calcavit
715 4396 1114 4465 ambitionem,
1152 4396 1379 4470 fugavit
1419 4395 1947 4468 intemperantiam,
1982 4396 2106 4449 las—

440 4485 653 4540 civiam
681 4486 970 4559 relegavit
996 4487 1132 4556 (20).

2288 3307 2377 3363 96.
2402 3307 2519 3363 Sed
2536 3309 2594 3363 in
2618 3309 2769 3381 ipsis
2801 3309 3039 3381 injuriis
3073 3325 3382 3383 cognosce
3413 3310 3780 3366 divinitatem.
3810 3306 3862 3360 ln

2223 3412 2400 3452 cruce
2421 3398 2734 3469 pendebat.
2780 3402 2838 3454 et
2876 3403 3164 3454 elementa
3211 3400 3268 3455 ei
3296 3401 3499 3456 omnia
3534 3395 3857 3454 serviebant.

2220 3485 2322 3541 Sol
2340 3486 2581 3560 refugit,
2615 3488 2745 3544 dies
2776 3488 3011 3560 occidit,
3046 3487 3255 3544 oﬂ’usae
3285 3492 3345 3545 et
3395 3487 3763 3545 circumfusae
3787 3486 3861 3538 te-

2219 3575 2443 3647 nebrae,
2500 3581 2661 3633 terra
2715 3578 2982 3634 tremuit:
3015 3594 3134 3634 non
3191 3580 3435 3635 tremuit
3464 3579 3565 3651 qui
3619 3571 3863 3649 pependit

2220 3666 2462 3735 (Matth.
2488 3683 2673 3737 xxvn,
2697 3668 2809 3738 51).
2842 3667 2992 3733 Quid
3024 3667 3182 3722 aliud
3222 3667 3377 3738 haec,
3413 3684 3590 3742 quam
3634 3660 3863 3721 auctoris

2220 3755 2615 3810 reverentiam
2670 3756 2958 3828 signant?
3010 3756 3156 3822 Quia
3185 3756 3245 3810 in
3289 3773 3473 3813 cruce
3533 3759 3642 3825 est,
3674 3752 3855 3808 vides:

2218 3844 2354 3916 quia
2386 3860 2637 3917 regnum
2686 3845 2791 3899 Dei
2824 3846 3020 3916 donat,
3066 3862 3186 3901 non
3223 3846 3422 3902 vides.
3472 3846 3618 3911 Quia
3650 3843 3864 3898 mortem

2218 3933 2499 4005 gustavit.
2533 3933 2720 4005 legis:
2767 3934 2904 4005 quia
2934 3935 3221 3991 latronem
3253 3952 3495 4008 quoque
3540 3935 3612 3989 ad
3656 3927 3861 4004 paradi-

2155 4041 2159 4045 ·
2217 4038 2352 4076 sum
2386 4021 2654 4076 invitavit
2683 4022 2846 4092 (Luc.
2891 4040 3059 4093 xxm,
3094 4023 3205 4094 43),
3234 4040 3355 4079 non
3398 4024 3577 4097 legis.
3612 4020 3863 4077 Mulieres

2217 4111 2427 4166 ﬂentes
2459 4111 2707 4167 intueris
2737 4114 2810 4166 ad
2840 4113 3147 4183 tumulum,
3181 4129 3298 4169 non
3340 4114 3593 4169 intueris
3635 4108 3859 4182 angelos

2218 4200 2586 4256 excubantes
2611 4203 2797 4270 (Joan.
2833 4219 2936 4271 xx,
2966 4200 3077 4273 12).
3104 4202 3256 4269 Quid
3288 4203 3510 4259 dixerit
3537 4201 3707 4275 legis,
3744 4192 3865 4269 quid

2218 4290 2481 4361 gesserit
2500 4306 2618 4346 non
2639 4290 2816 4363 legis.
2860 4291 3022 4346 Dicis
3051 4290 3386 4348 Chananese
3408 4292 3642 4348 mulieri
3664 4287 3865 4344 dixisse

2220 4379 2570 4435 Dominum:
2609 4403 2631 4427 α
2683 4379 2817 4435 Non
2862 4396 2996 4435 sum
3040 4381 3269 4437 missus
3298 4382 3421 4437 nisi
3458 4382 3534 4437 ad
3582 4393 3724 4436 oves
3751 4386 3864 4447 quw

2215 4468 2519 4539 perierunt
2547 4470 2761 4525 domus
2789 4469 2970 4524 Israel
3001 4469 3242 4539 (Matth.
3275 4487 3377 4541 xv,
3415 4472 3507 4541 24)
3533 4487 3547 4526 :
3593 4493 3615 4518 ιο
3651 4482 3762 4524 non
3786 4462 3852 4516 di-

507 4575 597 4630 92.
635 4576 761 4631 Hoc
814 4554 1308 4631 medicamentum
1367 4576 1578 4631 Petrus
1629 4576 1811 4645 vidit,
1872 4579 1930 4631 et
1958 4575 2102 4630 retia

2224 4557 2327 4627 cis,
2379 4557 2658 4630 quoniam
2716 4558 2775 4613 id
2807 4558 2963 4630 quod
2997 4558 3072 4614 ab
3103 4574 3172 4614 ea
3202 4564 3452 4632 rogatus
3485 4562 3598 4628 est,
3632 4554 3779 4613 facit.

439 4679 568 4732 sua,
630 4664 1017 4720 instrumenta
1073 4664 1367 4734 videlicet,
1420 4669 1688 4736 quaestus
1733 4669 1791 4721 et
1836 4665 2106 4721 subsidia

438 4752 769 4824 dereliquit,
822 4756 1169 4809 renuntians
1211 4754 1410 4809 carnis
1441 4755 1942 4826 concupiscentia:
1972 4758 2103 4810 tan-

438 4857 614 4912 quam
646 4846 939 4913 corrupta;
970 4842 1126 4913 navi,
1160 4843 1220 4897 in
1250 4858 1426 4915 quam
1455 4844 1629 4916 quasi
1675 4844 1905 4899 sentina
1938 4861 2105 4916 quaa-

439 4930 573 4984 dam
603 4930 915 4986 multarum
946 4932 1277 5004 ingreditur
1306 4934 1674 5003 passionum.
1710 4933 1987 5005 Magnum
2018 4949 2109 4988 er-

439 5036 518 5091 go
548 5020 1059 5091 medicamentum,
1092 5022 1252 5093 quod
1284 5038 1400 5077 non
1432 5023 1625 5078 solum
1658 5022 1992 5078 cicatricem
2010 5039 2110 5078 ve-

441 5110 583 5164 tusti
612 5109 879 5165 vulneris
936 5111 1276 5182 amputavit,
1329 5111 1435 5166 sed
1468 5111 1643 5166 etiam
1693 5128 1934 5167 causam
1965 5129 2107 5182 pas-

442 5199 635 5254 sionis
666 5199 887 5254 incidit.
920 5200 968 5255 0
1010 5200 1160 5255 ﬁdes
1203 5201 1507 5256 thesauris
1550 5202 1827 5256 omnibus
1858 5202 2106 5272 Opulen-

441 5287 589 5344 tior!
623 5304 657 5344 ο
688 5288 998 5344 vulnerum
1032 5293 1394 5359 nostrorum,
1435 5292 1929 5361 peccatorumque
1980 5306 2108 5346 me-

443 5378 635 5433 dicina
667 5379 1045 5449 praastantior
1066 5377 1079 5435 l
1811 5421 1814 5426 -

511 5468 601 5525 93.
633 5468 1097 5526 Consideremus
1126 5469 1264 5543 quia
1295 5467 1471 5526 nobis
1517 5468 1761 5541 prodest
1789 5468 1942 5525 bene
1975 5484 2109 5525 cre-

513 5610 627 5685 (20)
658 5612 805 5685 Mss.
838 5610 1080 5684 aliquot,
1138 5633 1159 5685 ᾳ
1194 5611 1501 5668 lasciviam
1530 5611 1841 5685 religavit;
1879 5634 1902 5660 η

442 5684 813 5767 nulli-etiam,
850 5705 874 5734 ι
908 5684 1265 5767 Ιίεανθινίι.“ξ
1305 5755 1321 5767 _
1380 5754 1420 5767 υ
1466 5757 1477 5767 ‘
1586 5754 1602 5767 ε
1654 5684 1667 5685 ί
1866 5754 1878 5766 .

515 5754 628 5825 (2t)
658 5753 933 5831 Plerique
964 5753 1113 5813 inss.
1152 5775 1176 5808 ‹
1209 5754 1559 5814 Maledictus
1586 5754 1763 5813 homo
1779 5754 1902 5832 qui,
1941 5775 1964 5807 ι
1990 5756 2101 5812 etc.

1955 5627 2108 5668 non-

2284 4664 2374 4720 9‘7.
2422 4665 2591 4721 Unde
2648 4666 2979 4739 intelligere
3036 4669 3095 4721 te
3151 4668 3450 4737 convenit,
3485 4667 3627 4739 quia
3661 4663 3863 4719 missus

2216 4771 2335 4810 non
2363 4754 2423 4809 id
2453 4755 2772 4828 signiﬁcat,
2801 4755 2960 4827 quod
2988 4754 3182 4811 alieno
3230 4756 3309 4811 sit
3339 4759 3587 4812 coactus
3618 4747 3863 4823 imperio:

2216 4844 2325 4900 sed
2346 4844 2504 4916 quod
2527 4843 2857 4899 voluntario
2889 4844 3129 4900 functus
3152 4844 3231 4900 sit
3262 4845 3553 4901 arbitratu
3578 4859 3591 4899 :
3624 4835 3863 4910 alioquin

2217 4936 2612 5005 contemptum
2645 4933 2913 4988 ostendis
2944 4933 3157 4989 Patris.
3190 4934 3252 4989 Si
3284 4935 3463 5005 enim,
3498 4936 3563 4989 ut
3606 4934 3668 4987 tu
3694 4929 3861 4985 inter-

2215 5024 2490 5094 pretaris,
2522 5024 2901 5094 paternorum
2942 5021 3200 5077 famulus
3229 5025 3667 5094 praeceptorum
3711 5013 3865 5071 Chri-

2216 5113 2346 5166 stus
2378 5114 2621 5167 venerat
2649 5111 2708 5166 in
2738 5111 3024 5183 Judaeam,
3056 5115 3119 5167 ut
3168 5111 3319 5167 solis
3349 5111 3488 5183 ejus
3520 5107 3729 5165 incolis
3757 5116 3862 5158 me-

2215 5200 2472 5270 deretur,
2522 5204 2581 5256 et
2634 5200 2986 5256 Chananaeaa
3032 5200 3200 5271 prius
3246 5201 3445 5269 tiliam,
3479 5204 3544 5255 ut
3601 5197 3861 5269 legimus,

2215 5289 2582 5360 liberaverit;
2602 5305 2718 5345 non
2737 5290 2938 5361 utique
2962 5290 3138 5345 alieni
3162 5290 3271 5345 fuit
3292 5293 3615 5365 exsecutor
3631 5278 3863 5355 imperii,

2215 5380 2323 5435 sed
2378 5378 2694 5435 voluntarii
2750 5378 2901 5433 liber
2946 5379 3194 5434 arbitrii.
3238 5379 3354 5435 Ubi
3396 5382 3593 5434 autem
3637 5374 3863 5430 libertas

2213 5468 2552 5539 voluntatis,
2588 5468 2666 5523 ibi
2699 5468 2857 5524 nulla
2892 5469 3300 5540 praevaricatio
3331 5466 3663 5525 missionis.

2284 5612 2397 5683 (22)
2436 5610 2719 5668 Nonnulli
2748 5626 2922 5681 mss.,
2976 5627 3162 5683 «gnos
3220 5612 3513 5681 liberant;
3560 5631 3583 5661 ι
3637 5600 3864 5663 concin-

2214 5682 2350 5742 nius
2380 5684 2500 5755 alii,
2534 5687 2593 5739 et
2620 5683 2782 5755 edit.,
2820 5705 2842 5733 ι
2880 5697 2992 5739 nos
3020 5682 3237 5740 lavant.
3276 5707 3297 5732 ι
