3982 6174
102 319 206 384 605
317 263 320 266 .

1405 319 1518 384 DE
1559 319 1756 385 FIDE
1799 321 1959 386 LIB.
2015 321 2096 388 II.

3343 330 3464 399 606

162 519 227 577 98.
249 516 348 572 Nec
377 529 601 570 vereare
646 531 720 571 ne
763 516 1074 589 displiceat
1122 519 1299 590 Patri,
1345 521 1504 592 quod
1536 521 1674 577 fecit
1706 505 1762 566 Α
1793 526 1958 596 poris
1991 526 2168 598 dicit;
2211 527 2347 583 huic
2379 528 2550 585 dicit:
2591 552 2612 579 α
2649 529 2800 587 Sede
2831 532 2903 586 ad
2933 532 3232 589 dexteram
3265 551 3454 591 meam

101 609 254 668 Filius,
284 622 398 661 cum
425 605 544 675 ipse
572 605 764 661 dicat:
819 630 841 654 «ε
877 606 1257 681 Quaecunque
1296 611 1507 681 placita
1540 615 1678 666 sunt

98 697 154 764 ei,
179 695 299 749 facio
324 711 540 764 semper
567 695 763 764 (Joan.
795 713 918 766 vm,
949 699 1042 768 29)
1068 714 1082 768 ;
1120 721 1142 747 ι»
1180 703 1237 754 et
1265 700 1436 755 alibi:
1464 723 1486 751 κ
1523 701 1678 772 Ope-

92 801 139 837 ra
163 801 269 854 quae
292 799 392 853 ego
421 784 584 852 facio,
623 784 751 855 ipse
783 785 921 840 facit
941 787 1135 856 (Joan.
1169 805 1290 859 xxv,
1327 789 1434 859 12).
1470 811 1491 838 υ
1526 789 1682 855 Quo-

93 875 222 928 modo
249 889 374 945 ergo
404 873 549 926 Patri
590 876 775 944 potuit
815 877 1154 947 displicere,
1189 879 1347 949 quod
1379 880 1508 950 ipse
1541 880 1684 934 fecit

89 981 166 1036 per
189 963 369 1016 Filium
391 964 417 1017 ε)
455 962 619 1018 Unus
659 965 815 1019 enim
849 966 1028 1037 Deus,
1063 968 1218 1022 sicut
1249 969 1535 1040 scriptum
1565 973 1677 1039 est,

91 1078 105 1103 ι
131 1054 206 1124 qui
229 1052 549 1124 justiﬁcavit
584 1053 1107 1112 circumcisionem
1138 1072 1214 1112 ex
1262 1058 1398 1128 ﬁde,
1441 1061 1496 1113 et
1525 1075 1682 1129 prae-

85 1144 256 1215 putium
279 1157 374 1212 per
402 1142 568 1196 fidem
595 1143 780 1213 (Rom.
815 1162 898 1216 ιιι,
927 1145 1038 1216 30).

135 1249 202 1304 99.
230 1249 411 1303 Omnia
440 1249 592 1322 lege,
627 1253 822 1307 omnia
852 1253 1169 1325 diligenter
1198 1255 1478 1325 adverte;
1512 1256 1681 1312 inve-

85 1340 179 1392 nies
198 1339 272 1392 sic
297 1338 727 1396 demonstrasse
759 1358 826 1396 se
857 1341 1178 1413 Christum,
1213 1348 1274 1398 ut
1307 1345 1465 1399 Deus
1489 1345 1548 1400 in
1571 1346 1680 1401 ho-

83 1428 197 1481 mine
222 1432 570 1484 cerneretur:
625 1447 735 1485 nec
789 1433 1080 1487 malitiose
1113 1433 1373 1504 accipias
1405 1435 1476 1488 de
1509 1436 1679 1490 Patre

80 1515 247 1570 Filium
288 1517 644 1589 gloriantem,
697 1535 830 1574 cum
879 1522 1084 1577 audias
1142 1523 1371 1578 Patrem
1420 1523 1480 1578 in
1529 1524 1679 1580 Filio

77 1605 459 1676 complacentem
489 1608 737 1678 (Matth.
776 1628 920 1681 xvii,
955 1613 1031 1681 5).

623 1735 879 1791 CAPUT
916 1736 1043 1791 XII.

79 1837 318 1913 Christum
329 1839 387 1892 in
399 1856 660 1913 persona
663 1842 699 1913 j
705 1841 897 1896 adicis
911 1845 1352 1899 consideratam
1382 1846 1675 1902 Catholici

122 1911 378 1989 anAriani
393 1911 613 1989 melius
630 1911 753 1989 sibi
765 1915 1103 1989 concilient,
1131 1918 1477 1989 inquiritur.
1504 1918 1675 1989 Obje-

122 1980 440 2052 ctiopropter
452 1983 691 2050 judicis
708 1987 1036 2040 sessionem
1069 1980 1136 2040 ac
1151 1980 1362 2041 Patris
1381 2005 1553 2044 voces
1565 1980 1672 2043 ἑχ-

122 2058 219 2130 erta
243 2053 625 2130 dissolvitur;
649 2056 1209 2130 demonstraturque
1233 2059 1449 2113 nullam
1471 2062 1534 2114 in
1567 2061 1673 2114 Fi-

119 2121 753 2202 lioqnecsuhjectionem
789 2121 1142 2202 significari,
1189 2132 1340 2202 quod
1394 2133 1602 2186 sedeat
1641 2150 1673 2187 a

118 2193 267 2276 {’atre
301 2193 612 2276 invitatus,
650 2214 759 2276 nec
789 2193 1221 2276 praelationem)
1259 2203 1519 2276 quod_ad
1542 2204 1674 2276 ejus

118 2264 345 2320 dextram
373 2264 625 2346 sedeat;
642 2264 910 2346 Denique
956 2288 1035 2326 ex
1070 2264 1362 2343 Angelico
1401 2264 1674 2346 Trisa'gio

112 2352 452 2405 personarum
484 2341 552 2394 in
579 2340 702 2395 Deo
741 2340 1112 2410 Trinitatem,
1149 2340 1215 2398 ειό
1251 2344 1429 2400 simul
1477 2340 1673 2400 unita-

117 2413 206 2461 tem
223 2415 433 2464 natura:
464 2411 810 2484 signiﬁcari
829 2414 1193 2469 declaratur.

113 2514 204 2570 100.
232 2515 335 2572 Sed
365 2519 418 2572 si
449 2519 786 2574 moralibus
812 2520 967 2575 flecti
985 2538 1102 2576 non
1125 2526 1366 2594 queunt,
1384 2540 1674 2595 provoce-

66 2618 157 2656 mus
181 2605 239 2658 ad
263 2605 540 2676 judicem.
571 2609 660 2662 Ad
688 2625 863 2680 quem
893 2611 1125 2665 tandem
1152 2611 1368 2667 ibimus
1388 2616 1416 2668 ?
1445 2614 1671 2685 Nempe

65 2691 110 2745 ad
133 2709 240 2748 eum
265 2698 358 2768 qui
384 2696 686 2768 judicium
718 2699 915 2754 habet.
951 2701 1251 2772 Numquid
1291 2703 1362 2756 ad
1397 2704 1624 2758 Patrem
1645 2707 1672 2760 ?

64 2779 142 2834 Sed
169 2805 185 2828 ι
226 2784 382 2840 Pater
409 2803 532 2842 non
574 2787 804 2858 judicat
852 2805 1238 2860 quemquam;
1293 2806 1464 2847 omne
1515 2793 1668 2848 enim

61 2867 284 2938 judicium
315 2875 472 2930 dedit
489 2877 644 2932 Filio
669 2878 846 2946 (Joan.
873 2895 929 2948 v,
954 2879 1065 2949 2:2).
1099 2901 1119 2926 ι
1146 2880 1315 2935 Dedit
1337 2882 1538 2953 utique
1563 2899 1670 2955 ge-

61 2962 278 3031 nerando,
309 2981 423 3019 non
454 2966 796 3038 largiendo.
832 2967 978 3022 Vide
1009 2984 1184 3039 quam
1216 2972 1270 3024 te
1295 2969 1549 3026 noluerit
1582 2971 1669 3026 Fi-

58 3045 111 3100 lio
134 3065 222 3106 suo
246 3053 555 3128 derogare,
595 3060 655 3111 ut
685 3057 786 3110 tibi
823 3057 1014 3128 ipsum
1041 3057 1307 3129 judicem
1337 3060 1523 3116 daret.

115 3130 231 3195 490
275 3144 389 3199 101.
438 3145 768 3200 Videamus
819 3162 963 3219 ergo
1012 3151 1145 3202 ante
1188 3147 1478 3219 judicium
1531 3151 1667 3222 quis

67 3242 245 3284 causam
274 3233 582 3289 meliorem
613 3235 858 3302 habent;
893 3251 1026 3308 ego,
1062 3253 1134 3290 an
1166 3240 1246 3292 tu.
1283 3238 1506 3309 Nempe
1540 3255 1672 3309 pru-

64 3315 421 3378 dentisactoris
440 3325 725 3394 estprius
750 3325 1066 3380 conciliare
1090 3326 1203 3380 sibi
1230 3325 1514 3398 judicem.
1542 3329 1669 3384 Ho-

62 3405 220 3462 minem
247 3411 749 3482 honoras,-Deum
782 3431 899 3470 non
932 3415 1192 3470 honores
1225 3416 1382 3486 (‘23)?
1411 3416 1560 3482 Quid
1585 3434 1672 3472 er-

62 3509 110 3562 go
135 3501 374 3555 conciliat
423 3503 822 3574 cognitorem,
871 3504 1340 3574 honorificentia,
1393 3522 1468 3560 an
1515 3506 1670 3578 inju-

61 3581 150 3636 ria?
174 3586 314 3644 Pone
341 3607 435 3646 me
468 3608 787 3663 peccasse,
823 3594 979 3664 quod
1013 3609 1131 3647 non
1163 3597 1291 3663 est;
1323 3611 1462 3649 num
1493 3594 1670 3651 offen-

62 3669 168 3728 ditur
192 3675 398 3736 honore
423 3697 541 3736 suo
561 3681 877 3737 Christus?
910 3684 1234 3738 Peccamus
1258 3699 1464 3738 omnes
1492 3701 1504 3738 :
1533 3684 1668 3756 quis

61 3774 159 3832 ergo
184 3768 394 3823 veniam
432 3771 895 3840 promerebitur,
931 3772 1032 3842 qui
1062 3771 1252 3827 defert
1283 3772 1669 3828 honorificen-

59 3849 168 3920 tiam,
195 3872 258 3910 an
286 3859 382 3930 qui
415 3859 649 3931 irrogat
679 3861 1092 3914 contumeliam
1110 3862 1138 3916 ‘t

66 4041 71 4049 ι
228 3965 333 4018 Aut
361 3967 415 4020 si
466 3969 524 4021 te
578 3967 724 4021 ratio
759 3983 876 4021 non
908 3971 1126 4037 movet,
1173 3970 1410 4038 species
1459 3970 1668 4025 saltem

55 4046 209 4110 judicii
235 4052 352 4124 ipsa
384 4059 779 4110 commotreat.
815 4057 1028 4112 Attolle
1063 4058 1272 4112 oculos
1302 4059 1374 4112 ad
1402 4058 1666 4130 judiccm

58 4135 167 4204 tuos,
194 4140 402 4199 intuere
435 4145 544 4216 qui
583 4145 805 4213 sedeat,
843 4163 975 4200 cum
1007 4163 1122 4218 quo
1157 4148 1382 4216 sedeat,
1434 4148 1533 4202 ubi
1564 4165 1665 4203 se-

1704 1748 1755 1809 B

1792 615 1980 684 (Psal.
2016 633 2134 686 cxx,
2167 618 2242 687 4).
2284 641 2305 665 »
2341 618 2488 672 Nam
2520 619 2572 674 si
2605 620 2676 674 de
2708 625 2925 676 aeterna
2957 623 3098 678 sede
3131 623 3452 680 divinitatis

1789 705 2064 777 inquiris,
2097 707 2498 779 interrogatus
2519 725 2552 762 a
2586 709 2770 764 Pilato
2803 711 2856 764 si
2887 711 3015 781 ipse
3037 718 3199 767 esset
3215 729 3322 768 rex
3351 715 3454 770 Ju-

1788 795 2071 865 dteorum,
2107 797 2215 850 ait:
2255 819 2276 843 «ι
2315 797 2378 850 In
2397 797 2510 851 hoc
2529 814 2663 852 sum
2685 803 2857 854 natus
2877 800 3066 872 (Joan.
3092 819 3257 872 xvm,
3281 803 3392 874 3'7).
3422 826 3443 855 ι

1790 885 1957 939 Unde
1990 888 2045 939 et
2077 886 2397 956 Apostolus
2432 891 2628 942 monet
2659 888 2771 943 hoc
2818 905 2957 944 esse
2988 891 3160 946 nobis
3200 893 3360 962 utile,
3396 895 3450 948 si

1787 973 2087 1029 Christum
2126 991 2244 1029 non
2285 991 2358 1030 ex
2395 981 2713 1048 praecepto,
2756 995 2947 1050 neque
2988 996 3062 1035 ex
3100 982 3308 1053 gratia,
3345 983 3452 1036 sed

1787 1064 1960 1134 quasi
1982 1064 2434 1120 dilectissimum
2455 1066 2669 1127 Filium
2698 1068 2768 1122 ad
2789 1069 3089 1124 dexteram
3113 1070 3216 1124 Dei
3241 1071 3451 1126 sedere

1789 1153 2121 1208 credamus.
2155 1153 2256 1210 Sic
2306 1155 2463 1210 enim
2494 1155 2716 1212 habes:
2773 1180 2792 1205 α
2845 1157 2987 1223 Quae
3020 1175 3260 1214 sursum
3292 1163 3449 1229 sunt,

1787 1242 2054 1314 quaerite,
2090 1243 2191 1297 ubi
2221 1242 2496 1300 Christus
2521 1248 2614 1300 est
2641 1247 2714 1300 ad
2748 1247 3047 1302 dexteram
3069 1249 3175 1303 Dei
3195 1249 3450 1305 sedens:

1787 1347 1920 1403 quas
1951 1348 2192 1387 sursum
2220 1336 2377 1404 sunt,
2413 1335 2600 1405 sapite
2635 1335 2885 1405 (Coloss.
2912 1355 2990 1405 ιιι,
3026 1338 3077 1404 1,
3097 1339 3173 1409 2).
3207 1338 3334 1392 Hoc
3357 1342 3451 1393 est

1787 1421 1943 1476 enim
1975 1423 2284 1493 superiora
2315 1438 2547 1494 sapere,
2601 1425 2844 1480 credere
2885 1427 3022 1497 quia
3071 1427 3346 1482 Christus
3390 1432 3452 1483 ut

1785 1511 2007 1579 sedeat,
2044 1528 2162 1566 non
2191 1513 2360 1583 quasi
2389 1513 2604 1584 jussus
2636 1514 3002 1585 obsequitur,
3038 1517 3144 1570 sed
3175 1517 3344 1588 quasi
3367 1517 3453 1570 Fi-

1784 1601 1900 1654 lius
1925 1600 2349 1656 dilectissimus
2373 1601 2714 1658 honoratur.
2735 1603 2984 1674 Propter
3003 1606 3287 1661 rationem
3306 1621 3451 1678 ergo

1792 1691 2061 1761 corporis
2094 1691 2268 1746 dicit:
2310 1714 2330 1740 α
2376 1691 2528 1746 Sede
2569 1693 2641 1746 ad
2675 1693 2977 1748 dexteram
3019 1711 3228 1764 meam,
3263 1695 3451 1750 donec

1787 1796 2001 1850 ponam
2058 1780 2333 1835 inimicos
2392 1782 2527 1836 tuos
2585 1781 2913 1836 scabellum
2952 1783 3169 1853 pedum
3215 1787 3448 1840 tuorum

1783 1869 1972 1939 (Psal.
2010 1886 2126 1940 crx,
2162 1869 2236 1938 1).

1853 1978 1974 2033 104.
2005 1979 2174 2044 Quod
2220 1979 2272 2033 si
2305 1981 2361 2033 et
2410 1978 2524 2033 hoc
2553 1978 2625 2033 ad
2657 1979 3008 2034 calumniam
3053 1979 3259 2051 trahis,
3310 1982 3447 2053 quia

1780 2069 1954 2123 Pater
1983 2067 2166 2122 dixit:
2206 2091 2227 2116 ιι
2274 2069 2493 2122 Ponam
2544 2068 2818 2123 inimicos
2862 2072 3030 2139 tuos;
3069 2090 3090 2118 η
3128 2071 3299 2125 etiam
3335 2071 3448 2124 Pa-

1776 2160 1866 2212 ter
1895 2157 2072 2211 trahit
2101 2156 2175 2210 ad
2204 2156 2436 2225 Filium,
2471 2172 2623 2228 quos
2657 2157 2843 2212 Filius
2868 2159 3116 2213 suscitet
3157 2163 3330 2230 atque
3351 2161 3442 2214 vi-

1775 2246 2007 2301 vifieet:
2049 2267 2070 2291 α
2105 2245 2293 2300 Nemo
2322 2246 2499 2314 enim,
2534 2246 2741 2317 inquit,
2773 2250 2970 2317 potest
3002 2248 3204 2302 venire
3231 2249 3300 2302 ad
3327 2266 3440 2318 me,

1777 2335 1895 2390 nisi
1919 2335 2092 2388 Pater
2121 2334 2222 2405 qui
2249 2334 2411 2388 misit
2441 2350 2554 2404 me,
2575 2336 2879 2390 attraxerit
2905 2351 3039 2390 eum
3064 2352 3076 2391 :
3112 2339 3169 2391 et
3199 2353 3312 2409 ego
3348 2354 3446 2393 re-

1777 2423 2080 2480 suscitabo
2115 2439 2248 2478 eum
2278 2424 2340 2478 in
2372 2423 2702 2479 novissimo
2725 2423 2820 2479 die
2862 2425 3043 2494 (Joan.
3081 2443 3156 2495 vr,
3182 2427 3293 2496 44).
3325 2447 3345 2477 ι›
3378 2427 3446 2481 Et

1775 2516 1838 2568 tu
1870 2513 2078 2568 Filium
2113 2513 2217 2568 Dei
2249 2529 2355 2584 pro
2385 2513 2719 2568 infirmitate
2744 2514 2894 2568 dicis
2918 2530 3057 2570 esse
3083 2515 3444 2587 subjectum,

1777 2604 1869 2658 cui
1904 2603 2076 2658 Pater
2105 2603 2360 2671 attrahit,
2394 2618 2547 2674 quos
2580 2603 2676 2657 ille
2709 2603 2768 2657 in
2800 2603 3132 2660 novissimo
3177 2605 3270 2660 die
3301 2622 3444 2661 sus-

1777 2694 1964 2748 citet?
1997 2693 2272 2747 Haeccine
2303 2692 2408 2746 tibi
2439 2693 2674 2747 videtur
2702 2708 2841 2748 esse
2884 2693 3203 2764 subjectio,
3239 2694 3300 2749 in
3329 2711 3444 2767 qua

1777 2798 2028 2854 regnum
2064 2781 2216 2836 Patri
2245 2785 2502 2852 paratur,
2543 2797 2675 2836 cum
2706 2782 2881 2837 Pater
2900 2783 2972 2836 ad
2999 2783 3208 2838 Filium
3233 2783 3442 2854 trahat,

1778 2875 1834 2926 et
1865 2872 2172 2926 calumniae
2202 2871 2372 2926 locus
2403 2887 2520 2925 non
2551 2871 2648 2939 sit,
2692 2888 2824 2926 cum
2865 2872 3020 2926 Patri
3063 2889 3315 2944 regnum
3347 2875 3448 2928 Fi-

1777 2961 1893 3016 lius
1922 2961 2130 3032 tradat,
2165 2977 2274 3016 nec
2304 2961 2526 3033 aliquid
2547 2961 2899 3032 praeferatur
2927 2962 3040 3033 (‘24)
3063 2965 3090 3016 ?
3125 2963 3268 3017 Haec
3291 2964 3448 3018 enim

1699 3010 1749 3073 Ο
1777 3010 2130 3106 docui-nheth
2158 3010 2600 3120 pietatislsun‘t,
2652 3051 2809 3122 quod
2860 3010 3140 3106 et\Pater
3185 3052 3354 3122 Filio,
3390 3057 3447 3108 et

1778 3141 1968 3195 Filius
2001 3141 2156 3195 Patri
2181 3141 2404 3209 tradat;
2440 3142 2519 3194 ita
2549 3140 2705 3194 enim
2735 3140 2851 3194 sibi
2883 3141 3138 3210 tradunt,
3168 3143 3231 3195 ut
3253 3157 3445 3212 neque

1776 3232 1872 3286 ille
1922 3231 2023 3301 qui
2054 3229 2286 3300 accipit,
2331 3229 2504 3301 quasi
2542 3229 2800 3284 alienum
2843 3229 3142 3301 acquirat:
3192 3246 3302 3285 nec
3342 3231 3445 3302 qui

1772 3320 1966 3388 tradit,
1999 3321 2238 3395 amittat.

1846 3428 1967 3482 105.
2004 3428 2091 3482 Ad
2122 3427 2424 3482 dexteram
2454 3442 2688 3498 quoque
2721 3426 2932 3481 sedere
2980 3425 3138 3482 nulla
3172 3427 3440 3498 praelatio

1772 3521 1883 3586 est,
1939 3533 2130 3588 neque
2188 3517 2262 3571 ad
2310 3517 2614 3571 sinistram
2658 3515 2915 3587 injuria;
2965 3516 3244 3571 divinitas
3292 3518 3448 3572 enim

1771 3607 2022 3679 gradum
2065 3607 2277 3676 nescit,
2317 3621 2427 3662 nec
2473 3607 2605 3661 loco
2651 3607 2849 3677 aliquo
2903 3606 3441 3676 circumscribitur,

1771 3712 1880 3751 nec
1912 3695 2278 3766 temporibus
2301 3695 2594 3749 definitur.
2621 3695 2909 3766 Angustis
2929 3695 3140 3750 animis
3169 3696 3445 3751 homines

1770 3785 1884 3840 ista
1914 3801 2256 3856 pensamus.
2292 3784 2466 3839 Nulla
2496 3783 2824 3840 differentia
2854 3785 3177 3857 charitatis,
3217 3785 3445 3842 nullum

1772 3875 2093 3930 discrimen
2125 3877 2216 3929 est
2245 3875 2511 3929 unitatis.

1849 3973 1990 4038 491
2086 3979 2207 4037 106.
2262 3982 2378 4037 Sed
2427 3998 2533 4036 cur
2587 3982 2828 4055 longius
2887 3985 3260 4056 evagamur?
3316 3983 3452 4039 Cir-

1775 4072 2193 4143 cumspectasti
2228 4071 2441 4140 omnia,
2473 4071 2674 4126 vidisti
2699 4071 2984 4143 judicem,
3009 4072 3314 4133 advertisti
3339 4075 3456 4129 An-

1776 4161 1946 4234 gelos
1964 4161 2378 4232 praedicantes.
2408 4161 2491 4215 llli
2513 4161 2770 4231 laudant,
2796 4165 2852 4216 et
2878 4164 2940 4216 tu
2958 4161 3259 4232 vituperas
3281 4161 3293 4218 ι
3331 4164 3452 4219 Do-

59 4220 163 4335 ξθθξς
191 4229 350 4335 ξθάθι
379 4234 664 4335 Christus
715 4235 788 4288 ad
833 4235 1135 4335 deﬂerem
1188 4236 1426 4335 Ρθίιςξεξ.
1453 4239 1567 4335 Aut
1612 4238 1665 4292 Si
1691 4273 1745 4335 Ι)
1777 4220 2130 4306 minationes
2163 4255 2220 4305 et
2261 4251 2592 4306 Potestates
2631 4220 3010 4322 venerantur,
3045 4220 3104 4306 et
3128 4255 3192 4306 tu
3222 4253 3449 4307 calum-

58 4315 195 4369 oculis
215 4319 313 4375 hoc
337 4339 454 4378 non
478 4327 653 4394 potes
674 4324 1197 4394 comprehendere,
1215 4325 1348 4379 audi
1373 4325 1664 4381 dicentem

62 4398 378 4473 PrOphetam:
439 4434 462 4463 ι
503 4413 666 4468 Dixit
697 4413 984 4468 Dominus
1016 4414 1265 4468 Domino
1298 4431 1467 4470 meo:
1518 4416 1672 4471 Sede

58 4489 104 4577 ἑά
127 4493 389 4555 dexteram
419 4519 612 4556 meam
645 4502 834 4569 (Psal.
870 4519 982 4567 01x,
1027 4503 1095 4572 1).
1139 4527 1158 4549 ι»
1195 4503 1370 4558 Sedet
1414 4521 1558 4577 ergo
1599 4505 1673 4560 ad

60 4576 295 4641 dexteram
325 4589 520 4646 Patris
556 4591 764 4645 Filius.
803 4593 906 4646 Dic
938 4608 1094 4646 nunc
1126 4593 1227 4664 qui
1258 4595 1328 4648 de
1362 4576 1670 4648 saeculari-

60 4666 138 4720 bus
163 4675 446 4734 arbitraris
481 4681 828 4734 aestimanda
862 4682 1079 4750 divina,
1105 4699 1240 4736 num
1267 4683 1371 4736 tibi
1404 4683 1674 4738 videatur

61 4754 246 4815 interior
272 4768 365 4836 qui
399 4770 471 4822 ad
509 4771 812 4823 dexteram
857 4771 1073 4825 sedet?
1120 4788 1256 4826 num
1307 4771 1527 4842 injuria
1561 4774 1671 4827 Pa-

60 4845 147 4906 ῖλὶε.
173 4854 288 4921 quia
320 4857 392 4911 ad
424 4859 735 4913 sinistram
767 4859 982 4914 sedet?
1015 4860 1190 4914 Pater
1220 4860 1489 4931 honorat,
1523 4863 1580 4915 et
1609 4865 1672 4916 tu

63 4932 271 5000 jzliuriam
291 4949 458 5012 putas
474 4949 502 4999 ‘3
529 4947 700 5002 Pater
723 4949 941 5002 mavult
964 4949 1020 5002 id
1047 4965 1184 5003 esse
1209 4949 1442 5019 pietatis
1465 4965 1670 5004 exem-

63 5021 324 5092 P'um,ettu
347 5039 522 5103 putas
543 5038 958 5107 praeceptionis
983 5039 1339 5108 imperium?
1370 5039 1452 5093 De
1483 5043 1669 5094 morte

67 5119 280 5186 senuit,
311 5127 367 5175 et
394 5124 469 5177 ad
495 5125 798 5180 dexteram
831 5127 936 5180 Dei
967 5127 1154 5182 sedet.

113 5215 201 5276 103.
229 5226 334 5281 Sed
365 5230 547 5299 dixit,
580 5233 805 5304 inquis,
841 5233 1032 5288 Pater.
1079 5234 1296 5305 Accipe
1344 5235 1517 5289 etiam
1569 5235 1669 5290 ubi

66 5317 143 5396 seu
167 5310 285 5368 dicit
315 5317 507 5388 Pater,
541 5324 595 5375 ct
627 5321 894 5392 praedicit
926 5322 1111 5377 Filius
1140 5339 1152 5378 :
1182 5347 1202 5371 «
1250 5324 1477 5379 Amodo
1507 5324 1668 5379 vide-

65 5387 157 5448 bitis
185 5399 373 5460 Filium
405 5387 666 5464 hominis
699 5411 1004 5465 sedentem
1035 5412 1108 5466 ad
1139 5412 1444 5468 dexteram
1475 5413 1667 5468 virtu-

69 5483 114 5531 tis
137 5487 343 5548 (Matth.
376 5513 541 5567 xxvr,
571 5499 685 5569 64).
725 5521 745 5549 ι
783 5499 852 5554 Et
884 5499 997 5555 hoc
1015 5501 1086 5555 dc
1111 5502 1518 5572 assumptione
1545 5518 1671 5556 cor-

115 5695 198 5776 ’θεῷ
225 5699 357 5776 ῌεξ.
390 5706 631 5776 aliquot,
669 5733 690 5755 η
720 5709 1030 5765 Dominum
1062 5725 1179 5766 nou
1209 5711 1490 5767 honores.
1531 5733 1553 5759 ιι

1777 4341 1961 4395 niaris
1987 4338 1999 4395 l
2035 4340 2294 4395 Aderant
2326 4356 2532 4395 omnes
2555 4341 2745 4396 sancti
2769 4339 2905 4412 ejus
2932 4357 2943 4396 :
2979 4356 3096 4396 non
3118 4341 3323 4396 adorat
3343 4342 3450 4396 Dei

1779 4429 1988 4500 Filius,
2023 4445 2140 4484 non
2173 4429 2379 4484 adorat
2417 4429 2673 4500 Spiritus
2704 4433 2970 4484 sanctus.
3009 4428 3319 4500 Seraphim
3358 4430 3450 4484 di-

1778 4523 1953 4574 cunt:
2005 4543 2024 4565 «
2062 4519 2338 4588 Sanctus,
2374 4522 2642 4588 sanctus,
2677 4522 2922 4574 sanctus
2955 4518 3094 4587 (Isa.
3128 4535 3208 4587 vx,
3241 4519 3316 4587 3).
3358 4543 3379 4565 η

1850 4609 1970 4663 1οἿ.
2003 4608 2153 4673 Quid
2203 4607 2318 4661 sibi
2368 4607 2498 4662 vult
2531 4608 2644 4662 sub
2696 4623 2813 4662 uno
2853 4607 3089 4662 nomine
3123 4607 3452 4662 sanctitatis

1773 4699 1926 4752 trina
1961 4698 2281 4768 repetitio?
2319 4697 2381 4750 Si
2418 4697 2570 4751 trina
2611 4696 2904 4766 repetitio,
2944 4712 3050 4750 cur
3090 4711 3206 4750 una
3247 4696 3452 4752 lauda-

1774 4789 1905 4842 tio?
1959 4786 2019 4840 Si
2067 4802 2180 4840 una
2233 4785 2508 4853 laudatio,
2559 4801 2666 4838 cur
2713 4783 2865 4839 trina
2916 4785 3236 4854 repetitio?
3275 4785 3452 4841 Trina

1774 4877 2042 4948 repetitio
2076 4891 2200 4942 cur,
2235 4875 2350 4928 nisi
2383 4874 2520 4946 quia
2562 4874 2738 4928 Pater
2771 4877 2828 4929 et
2869 4873 3054 4928 Filius
3097 4877 3154 4930 et
3193 4873 3448 4946 Spiritus

1774 4969 2018 5021 sanctus
2052 4964 2359 5020 sanctitate
2393 4980 2573 5019 unum
2604 4965 2744 5018 sunt
2783 4962 2841 5032 (Ι
2863 4965 3024 5018 Joan.
3059 4980 3116 5033 v,
3149 4963 3204 5035 '7)
3228 4967 3256 5018 ?
3306 4964 3439 5021 Non

1773 5056 1919 5110 dixit
1951 5055 2157 5124 semel,
2192 5069 2264 5108 ne
2317 5052 2526 5107 Filium
2575 5055 3009 5124 sequestraret:
3059 5069 3176 5108 non
3222 5053 3338 5124 bis,
3375 5072 3447 5111 ne

1773 5144 2052 5215 Spiritum
2087 5143 2419 5213 praeteriret
2444 5158 2454 5197 :
2489 5158 2606 5197 non
2638 5145 2866 5214 quater,
2892 5158 2965 5197 ne
2985 5147 3289 5199 creaturas
3313 5161 3449 5200 con-

1769 5233 2069 5305 jungcrct.
2136 5231 2203 5286 Et
2246 5235 2310 5286 ut
2354 5232 2694 5286 ostenderet
2743 5231 3047 5288 Trinitatis
3089 5249 3266 5288 unam
3306 5251 3445 5290 esse

1772 5323 2068 5391 deitatem,
2104 5337 2235 5376 cum
2266 5322 2438 5376 tertio
2470 5322 2758 5377 dixisset:
2798 5344 2817 5371 α
2857 5323 3131 5393 Sanctus.
3175 5327 3443 5392 sanctus,

1771 5415 2046 5466 sanctus:
2090 5432 2112 5460 υ
2161 5410 2384 5465 addidit
2423 5412 2844 5483 singulariter:
2899 5435 2920 5459 «ι
2960 5411 3246 5468 Dominus
3284 5411 3442 5465 Deus

1769 5501 2028 5555 Sabaoth
2059 5500 2199 5572 (lsa.
2248 5517 2328 5571 vi,
2369 5501 2446 5569 3).
2494 5523 2513 5549 α
2551 5501 2805 5556 Sanctus
2849 5501 3030 5572 igitur
3076 5501 3269 5571 Pater,
3300 5515 3441 5556 san-

136 5765 202 5828 34)
227 5769 413 5833 Codex
443 5765 665 5852 Albini,
699 5806 717 5826 ιι
755 5797 863 5839 nec
897 5765 1154 5859 aliquis;
1182 5765 1488 5856 .‘raiea,’
1515 5807 1537 5832 υ
1574 5798 1672 5841 nec

1835 5782 1878 5840 ai
1911 5781 2279 5858 praeferatur.
2321 5802 2342 5828 ν
