4050 6182
510 268 631 338 607

1957 283 2022 348 S.
2070 285 2513 359 AMBROSII.
3782 308 3878 373 608

510 476 641 530 ctus
699 472 906 547 Filius,
966 480 1211 536 sanctus
1269 482 1326 537 at
1380 481 1486 536 Dei
1542 482 1815 554 Spiritus.
1883 484 2175 542 Aderatur
2201 468 2260 531 Α
2289 504 2469 545 verus
2501 493 2557 546 et
2585 492 2753 549 solus
2783 494 2890 550 tibi
2920 495 3081 552 Deus
3102 512 3220 553 non
3248 497 3375 571 sim,
3409 516 3520 557 non
3547 519 3769 575 possum
3786 509 3879 563 uti-

509 561 693 636 igitur
748 565 1025 638 Trinitas,
1097 586 1216 625 non
1270 571 1508 627 adorat:
1568 573 1839 628 laudatur
1893 576 2168 647 Trinitas,

508 669 626 707 non
676 654 893 711 laudat.
946 657 1073 731 Ego
1131 660 1284 716 malo
1335 660 1490 716 sicut
1542 662 1849 734 Seraphim
1896 666 2171 736 credere;

509 744 567 796 et
616 743 770 799 sicut
827 761 1032 803 omnes
1084 750 1409 805 Potestates
1461 752 1839 825 Virtutesque
1895 755 2172 811 caelestes

509 831 778 890 adorare.

1120 963 1371 1020 CAPUT
1406 966 1559 1021 XIII.

513 1081 863 1167 Continuata
883 1088 1107 1167 judiAeii
1132 1089 1427 1167 Dominici
1449 1092 1771 1167 allegoria,
1795 1094 2175 1167 blasphemas

578 1156 957 1232 Arianorum,
995 1159 1489 1232 Sabellianorum,
1517 1156 2067 1222 etillan'iclimorum
2101 1169 2174 1222 de

579 1228 917 1307 syejudiee
947 1233 1263 1307 opiniones
1281 1228 1638 1307 Ambrosius
1671 1239 1878 1307 paucis
1918 1238 2169 1294 refellit.

577 1297 810 1373 Deinde
832 1297 1160 1373 propositis
1192 1304 1427 1358 Christi
1445 1308 1520 1362 de
1536 1297 1779 1363 caeteris
1808 1311 1938 1363 suis
1956 1311 2031 1363 ad
2043 1328 2173 1365 ver-

576 1371 763 1451 sariis
781 1371 1371 1451 e.\'p03tulationibus,
1393 1378 1687 1451 judicium
1705 1381 1828 1441 sibi
1858 1383 2062 1436 mitius
2091 1383 2176 1437 fu-

582 1446 797 1496 turum“
813 1452 1036 1515 sperat.

580 1564 702 1622 103.
738 1568 926 1640 Igitur
962 1573 1439 1641 prosecutionem
1479 1578 1635 1631 tuam
1668 1577 1997 1649 videamus,
2033 1595 2175 1651 que-

508 1655 883 1712 madmodum
915 1662 1199 1718 concilies
1236 1665 1343 1719 tibi
1367 1664 1651 1737 judicem.
1687 1667 1793 1721 Dic
1842 1684 2007 1736 sane,
2056 1669 2171 1740 die,

2286 594 2400 650 que
2432 583 2526 634 tua
2561 587 2799 652 peccata
2829 583 3071 642 donare.

2356 668 2476 723 117.
2512 670 2655 726 Haec
2696 674 2953 729 Arianus
2994 676 3167 745 dicat,
3213 681 3270 732 et
3311 679 3703 738 Photinianus:
3740 685 3881 757 Nego

2279 759 2355 827 te,
2388 758 2594 830 inquit,
2620 761 2824 817 Deum.
2862 764 3267 835 Respondebit
3297 784 3351 824 ei
3383 769 3681 826 Dominus:
3714 795 3735 819 ι
3758 774 3888 828 Dixit

2279 849 2570 920 insipiens
2592 850 2651 905 in
2668 852 2847 907 corde
2871 870 3011 909 suo:
3047 855 3179 910 Non
3197 860 3288 911 est
3309 857 3463 913 Deus
3484 859 3658 928 (Psal.
3688 878 3771 930 ui,
3794 863 3837 933 1)
3866 886 3883 909 ι

2281 939 2364 993 De
2396 955 2514 1011 quo
2548 941 2766 997 dictum
2796 946 2992 1013 putas,
3025 944 3098 999 de
3147 945 3376 1016 Judzeo,
3403 948 3473 1002 de
3504 949 3711 1020 gentili,
3740 967 3802 1005 an
3828 952 3885 1006 dc

2282 1028 2517 1084 diabolo
2535 1032 2562 1085 ?
2586 1031 2667 1085 De
2691 1032 2905 1103 quovis
2926 1034 3147 1088 dictum
3168 1035 3266 1105 sit,
3297 1035 3646 1108 Photiniane,
3664 1038 3890 1094 tolerabi-

2281 1117 2396 1172 lior
2425 1122 2518 1173 est
2547 1120 2643 1175 ille
2686 1122 2785 1192 qui
2824 1123 3039 1178 tacuit:
3089 1127 3149 1179 tu
3191 1141 3333 1181 vero
3372 1128 3429 1180 et
3466 1142 3605 1181 voce
3649 1144 3810 1183 ausus
3837 1145 3889 1184 es

2282 1207 2500 1279 dicere,
2536 1213 2598 1264 ut
2629 1210 2940 1281 insipiente
2965 1212 3339 1285 insipientior
3368 1215 3890 1290 probareris.Negas

2283 1315 2449 1372 ergo,
2485 1300 2691 1372 inquit,
2726 1302 2951 1373 Deum;
2984 1320 3116 1359 cum
3148 1320 3261 1377 ego
3283 1305 3555 1361 dixerim:
3593 1329 3614 1355 α
3648 1306 3730 1361 Dii
3753 1308 3889 1375 estis,

2284 1391 2341 1441 et
2371 1388 2477 1443 filii
2496 1388 2733 1445 Excelsi
2750 1407 2957 1448 omnes
2991 1393 3178 1462 (Psal.
3204 1412 3405 1465 LXXXI,
3426 1394 3501 1461 6).
3532 1418 3553 1443 τ
3577 1395 3644 1449 Et
3672 1398 3726 1451 tu
3744 1396 3893 1451 Deum

2284 1492 2493 1549 negas,
2527 1478 2705 1551 cujus
2728 1497 2907 1553 opera
2937 1481 3138 1537 divina
3171 1484 3616 1555 circumspicis?

2358 1567 2480 1621 118.
2516 1568 2681 1623 Dicat
2709 1573 2766 1624 et
2797 1570 3211 1628 Sabellianus:
3264 1572 3392 1645 Ego
3432 1574 3679 1644 teipsum
3707 1573 3895 1628 Patrem

2287 1659 2344 1709 et
2372 1656 2583 1711 Filium
2623 1660 2679 1712 et
2727 1658 3008 1729 Spiritum
3047 1664 3319 1716 sanctum
3358 1663 3625 1717 arbitror.
3674 1663 3895 1732 Respon-

508 1744 779 1816 inquam:
806 1746 1291 1823 Egote,Christe,
1315 1757 1453 1823 puto
1469 1771 1606 1810 esse
1630 1756 1979 1811 dissimilem
1998 1758 2172 1812 Patri.
2206 1790 2258 1852 Β
2479 1749 2535 1801 et
2558 1746 2858 1852 Pomm}?
2885 1766 2920 1852 ε.
2941 1749 3074 1850 Ῑξῖοη
3112 1751 3285 1805 audis
3306 1751 3723 1852 ,Ρθξνοῖητκῐιξῐι
3748 1750 3894 1852 films

518 1833 926 1905 Respondebit
957 1841 1012 1891 et
1044 1839 1175 1894 ille:
1210 1841 1515 1912 Discerne,
1548 1844 1599 1897 si
1630 1849 1842 1916 potes;
1877 1846 2170 1913 discerne,

510 1922 773 1995 inquam,
808 1926 866 1979 in
890 1943 1007 1997 quo
1028 1932 1200 1997 putes
1232 1946 1370 1985 esse
1402 1932 1773 1989 dissimilem.

587 2012 710 2068 109.
752 2014 855 2068 Dic
894 2016 1051 2071 aliud
1080 2033 1093 2073 :
1130 2018 1491 2091 Creaturam,
1522 2023 1779 2094 inquies,
1810 2027 1866 2078 te
1899 2026 2173 2082 arbitror.

515 2100 923 2172 Respondebit
954 2109 1010 2160 et
1038 2106 1347 2165 Christus:
1384 2110 1446 2165 Si
1475 2111 1722 2167 duorum
1756 2112 2057 2169 hominum
2087 2119 2179 2170 te-

512 2191 856 2247 stimonium
884 2210 1091 2250 verum
1137 2201 1247 2267 est,
1281 2202 1341 2253 tu
1384 2216 1494 2254 nec
1527 2202 1689 2270 mihi,
1722 2218 1831 2257 nec
1864 2203 2015 2258 Patri
2050 2204 2177 2259 Sal-

508 2281 627 2336 tem
657 2283 899 2337 credere
932 2284 1210 2356 debuisti,
1243 2290 1343 2359 qui
1371 2290 1633 2361 genitum
1665 2292 2034 2348 nominavit?

584 2371 705 2426 110.
761 2372 1007 2448 Bonum,
1051 2375 1306 2446 inquies,
1353 2394 1528 2451 nego.
1577 2380 1749 2435 Dicet
1786 2385 1844 2436 et
1882 2382 2016 2438 illo:
2052 2383 2180 2438 Fiat

507 2459 615 2514 tibi
674 2462 1002 2518 secundum
1061 2464 1236 2519 tidem
1295 2469 1473 2538 tuam,
1537 2474 1597 2523 ut
1654 2470 1759 2524 tibi
1807 2470 2002 2527 bonus
2059 2488 2178 2527 non

511 2563 649 2604 81m.

583 2637 706 2693 111.
737 2639 1205 2712 Omnipotentem
1236 2660 1355 2700 non
1385 2646 1659 2703 arbitror.
1702 2649 2104 2720 Respondebit
2124 2654 2181 2707 et

509 2726 672 2798 ipse:
712 2729 844 2783 Non
884 2746 1133 2801 possum
1164 2735 1433 2807 ergotibi
1464 2740 1559 2790 tua
1592 2741 1832 2808 peccata
1865 2738 2104 2794 donare.

584 2814 707 2871 112.
742 2818 1085 2891 Subjectum
1118 2822 1269 2879 dico.
1299 2825 1537 2880 Referet
1569 2827 1639 2880 ad
1672 2827 1817 2882 hoc:
1853 2827 1970 2883 Cur
2000 2830 2182 2901 igitur

509 2903 841 2962 libertatem
871 2925 940 2963 ac
970 2911 1201 2967 veniam
1233 2913 1307 2969 ab
1357 2929 1427 2969 eo
1456 2915 1629 2985 petis,
1662 2933 1836 2987 quem
1868 2922 2039 2988 putas
2072 2935 2178 2989 pro

510 2996 755 3051 servitio
788 3013 926 3055 esse
958 3000 1344 3072 subjectum?

2292 1834 2521 1889 Filium.
2558 1836 2854 1909 Numquid
2906 1839 3003 1893 hic
3034 1855 3147 1894 una
3183 1840 3458 1895 confusio
3488 1842 3617 1896 est?
3644 1840 3897 1909 Scriptum

2292 1924 2422 1993 ipsa
2446 1927 2501 1979 te
2523 1925 2692 1981 docet
2707 1927 2820 1998 (‘25)
2844 1928 3073 1984 Patrem
3094 1945 3254 1993 esse.
3280 1932 3381 2002 qui
3399 1930 3597 1984 detulit
3611 1928 3891 2001 judicium:

2292 2013 2497 2069 Filium
2526 2030 2686 2086 esse,
2721 2017 2823 2088 qui
2848 2016 3094 2089 judicat.
3121 2019 3254 2073 Non
3276 2019 3493 2075 audisti
3515 2034 3602 2072 me
3619 2019 3893 2072 dicentem:

2296 2126 2317 2150 α
2352 2103 2530 2159 Solus
2561 2122 2677 2160 non
2709 2122 2839 2161 sum
2867 2123 2881 2176 ;
2932 2108 3038 2162 sed
3071 2124 3205 2181 ego,
3241 2112 3298 2164 et
3343 2109 3444 2181 qui
3474 2107 3628 2162 misit
3656 2122 3739 2161 me
3768 2106 3902 2159 Pater

2291 2192 2481 2261 (Joan.
2506 2211 2627 2263 vm,
2658 2194 2771 2265 Q9).
2824 2217 2846 2246 ι

2358 2282 2479 2338 119.
2516 2284 2682 2339 Dicat
2721 2288 2777 2339 et
2817 2285 3215 2343 Manichacus:
3261 2288 3391 2360 Ego
3431 2290 3717 2343 auctorem
3744 2283 3901 2338 carnis

2287 2375 2510 2427 nostrae
2539 2372 2839 2428 diabolum
2857 2375 3035 2430 credo
3066 2374 3200 2447 (26).
3237 2376 3641 2447 Respondebit
3667 2376 3747 2430 ei:
3778 2373 3902 2441 Ergo

2288 2461 2429 2532 quid
2452 2461 2636 2517 facies
2656 2463 2715 2518 in
2747 2464 3093 2519 coelestibus
3113 2466 3141 2520 ?
3173 2465 3337 2522 Vade
3355 2467 3427 2522 ad
3450 2468 3735 2521 auctorem
3755 2465 3901 2515 tuum.

2290 2549 2417 2622 Ego
2450 2566 2555 2606 eos
2585 2552 2721 2606 volo
2753 2568 2983 2607 mecum
3015 2569 3174 2623 esse,
3209 2570 3366 2625 quos
3400 2554 3557 2609 dedit
3586 2552 3720 2607 mihi
3751 2552 3903 2606 Pater.

2288 2639 2376 2694 Tu
2407 2643 2463 2695 te
2492 2656 2525 2694 a
2557 2640 2790 2696 diabolo
2823 2648 3103 2713 creatum,
3140 2644 3491 2710 Manichaee,
3513 2639 3822 2697 arbitraris:
3848 2634 3902 2688 ad

2287 2728 2447 2783 illius
2480 2745 2624 2800 ergo
2656 2730 2870 2786 festina
2894 2733 3119 2803 sedem,
3151 2734 3252 2788 ubi
3286 2734 3451 2807 ignis
3475 2736 3531 2788 et
3560 2728 3805 2801 sulphur,
3833 2723 3910 2779 ubi

2289 2833 2406 2872 non
2436 2819 2828 2892 restinguitur
2858 2819 2991 2892 ejus
3013 2822 3381 2895 incendium,
3408 2838 3481 2878 ne
3504 2834 3746 2893 unquam
3774 2827 3910 2888 pinna

2289 2905 2590 2963 moriatur.

2362 2997 2483 3054 120.
2527 2998 2690 3055 Mitto
2738 3000 2851 3055 alia
2900 3000 3315 3059 haereticorum
3374 3003 3660 3076 portenta,
3698 3012 3802 3052 non
3835 3007 3912 3047 no-

584 3085 705 3141 113.
743 3087 927 3145 Video
958 3090 1186 3147 haerere
1215 3095 1693 3164 prosecutionem
1714 3099 1870 3153 tuam
1896 3113 1908 3153 :
1942 3114 2060 3153 non
2088 3116 2171 3154 ur-

2299 3086 2479 3143 mina:
2519 3089 2658 3161 quid
2699 3090 2790 3145 eis
2838 3091 2948 3146 erit
2981 3091 3194 3163 judicii
3240 3092 3385 3164 (27),
3438 3108 3571 3164 quae
3619 3088 3721 3144 erit
3763 3084 3913 3140 forma

506 3190 643 3247 geo,
670 3179 806 3249 quia
836 3184 1214 3249 peccatorum
1243 3198 1508 3239 meorum
1540 3185 1669 3256 ipse
1702 3203 1835 3241 sum
1868 3189 2172 3244 conscius.

510 3265 644 3321 Non
676 3267 913 3324 invideo
946 3271 1198 3342 veniam,
1229 3273 1364 3343 quia
1388 3274 1517 3345 ipse
1548 3278 1683 3345 opto
1712 3276 2172 3349 indulgentiam:

505 3358 707 3412 votum
739 3360 901 3413 tuum
932 3360 1090 3415 scire
1138 3361 1432 3417 desidero.
1473 3363 1560 3418 En
1602 3364 1796 3437 allego
1843 3367 1997 3436 apud
2023 3365 2179 3438 judi-

506 3459 635 3500 cem
666 3446 961 3503 desideria
992 3453 1122 3505 tua:
1156 3466 1275 3506 non
1307 3453 1492 3523 prodo
1508 3454 1774 3525 crimina,
1796 3456 2015 3511 seriem
2049 3459 2175 3513 tuo-

505 3550 636 3589 rum
669 3543 952 3607 exspecto
991 3543 1283 3596 votorum.

580 3624 701 3681 114.
746 3627 851 3681 Dic
881 3628 1077 3700 itaque
1112 3646 1179 3684 ea
1216 3647 1348 3702 quia
1399 3631 1459 3686 in
1501 3634 1800 3689 communi
1831 3636 1968 3691 voto
2000 3639 2171 3693 sunt:

507 3714 622 3785 dic,
662 3715 938 3787 inquam:
992 3718 1258 3789 Domine,
1294 3720 1386 3775 fac
1430 3738 1522 3777 me
1569 3723 1642 3777 ad
1684 3724 2000 3797 imaginem
2046 3726 2172 3781 Dei.

508 3804 918 3875 Respondebit
951 3807 1047 3862 ille
1073 3824 1084 3863 :
1135 3809 1225 3863 Ad
1257 3826 1432 3882 quam
1462 3811 1781 3884 imaginem
1801 3816 1829 3869 ἱ)
1857 3813 2042 3888 Quam
2074 3830 2177 3870 ne-

506 3893 667 3965 gasti
687 3895 716 3948 ?

728 3983 861 4039 Dic:
886 3984 1002 4040 Fac
1021 4002 1113 4041 me
1131 3987 1658 4060 incorruptibilem.
1689 3991 1927 4046 Referet
1946 3993 2175 4064 utique:

504 4061 655 4128 492
686 4072 991 4138 Quomodo
1040 4079 1095 4130 te
1136 4077 1645 4149 incorruptibilem
1678 4080 1873 4136 facere
1906 4061 2176 4152 possum,

509 4176 686 4233 quem
714 4165 776 4217 tn
810 4167 1137 4219 creaturam
1170 4167 1441 4234 dicendo,
1477 4184 1749 4239 capacem
1785 4171 2178 4240 corruptibili-

502 4250 640 4305 tatis
687 4268 825 4307 esse
876 4254 1161 4309 voluisti?
1219 4256 1432 4311 Mortui
1483 4260 1801 4330 resurgant
1856 4260 2179 4332 incorrupti

507 4340 567 4408 (Ι
592 4340 727 4396 Cor.
762 4360 859 4409 xv,
926 4341 1036 4413 5‘2),
1088 4347 1144 4399 et
1202 4347 1265 4399 tu
1324 4347 1768 4417 corruptibilem
1816 4348 1967 4403 dicis
2002 4366 2175 4422 quem

505 4429 692 4486 Deum
724 4432 920 4487 cernis
937 4435 965 4488 ?

577 4521 699 4577 116.
736 4522 879 4578 Dic:
918 4523 1118 4579 Bonus
1147 4527 1276 4579 esto
1311 4525 1472 4580 mihi.
1509 4525 1673 4581 Dicet
1701 4526 1843 4584 tibi:
1895 4527 2043 4593 Quid
2074 4546 2175 4600 po-

476 4610 719 4680 ‘stulas,
754 4612 909 4683 quod
961 4616 1238 4687 negasti?
1279 4615 1407 4687 Ego
1444 4619 1497 4670 te
1543 4616 1763 4672 bonum
1806 4634 1943 4673 esse
1992 4619 2172 4689 volui,

506 4715 620 4772 ego
644 4700 765 4755 dixi
790 4719 802 4756 :
830 4727 849 4751 α
881 4702 1083 4758 Estote
1106 4705 1316 4775 sancti,
1342 4706 1619 4778 quoniam
1638 4706 1765 4777 ipse
1784 4711 2028 4762 sanctus
2042 4724 2176 4763 sum

507 4788 727 4858 (Levit.
759 4808 880 4856 χιχ,
916 4792 1010 4862 2);
1043 4795 1099 4848 et
1129 4796 1190 4849 tu
1224 4794 1365 4849 mihi
1395 4795 1452 4849 id
1485 4811 1704 4870 negare
1736 4796 2091 4852 contendis?
2121 4800 2178 4852 et

505 4880 568 4932 tu
618 4883 934 4950 exspectas
978 4883 1211 4937 veniam
1249 4887 1666 4955 peccatorum?
1710 4885 1826 4941 Sed
1860 4902 2033 4941 nemo
2073 4903 2176 4958 po-

508 4968 625 5021 test
656 4967 876 5024 donare
908 4974 1168 5042 peccata,
1211 4973 1326 5028 nisi
1372 4974 1541 5028 solus
1576 4974 1755 5030 Deus.
1798 4975 1997 5047 Itaque
2043 4988 2177 5031 cum

580 5112 696 5190 (ἓξ)
727 5112 809 5166 Ita
828 5113 966 5190 edit.
993 5130 1127 5170 cum
1142 5117 1565 5190 mss.aliquot;
1598 5119 1850 5173 aliorum
1874 5135 2014 5174 vero
2039 5135 2180 5173 non-

510 5184 678 5259 nulli.
703 5200 810 5239 nos
831 5182 1032 5259 docet;
1063 5188 1351 5255 nonnulli,
1383 5182 1484 5244 vos
1504 5182 1715 5254 docet;
1746 5190 1862 5243 dno
1900 5192 2093 5259 etiam,
2121 5196 2179 5245 te

511 5257 829 5332 nesdocet.
867 5258 1201 5330 Perperam,
1228 5260 1343 5315 nisi
1374 5260 2015 5332 perinterrogationem
2032 5257 2181 5315 acci-

551 5326 724 5383 iatur.

551 5343 668 5381 iam
715 5371 724 5380 .

509 5343 548 5473 ξ)
580 5346 705 5470 (:26;
731 5399 1095 5473 Manichaeos
1124 5402 1412 5472 principia
1432 5403 1547 5456 duo
1565 5402 1905 5473 admisisse,
1931 5405 2178 5459 alterum

510 5470 675 5541 boni,
713 5472 848 5545 mali
877 5470 1165 5545 alterum:
1190 5490 1221 5527 a
1252 5470 1386 5527 mali
1416 5477 1609 5528 autem
1642 5470 1933 5545 principio
1963 5491 2179 5545 corpo-

470 5594 473 5597 .
510 5558 611 5599 rea
646 5543 840 5599 omnia
876 5544 1109 5598 condita
1139 5544 1439 5612 docuisse,
1478 5543 1753 5601 auctores
1776 5543 1968 5601 sunta
2004 5543 2179 5602 nobis

506 5614 631 5686 jam
665 5616 899 5687 sepius
927 5615 1144 5687 laudati
1174 5615 1537 5687 Epiphanius
1580 5616 1811 5672 Haeres.
1842 5618 1931 5685 '76,
1970 5622 2027 5673 et
2057 5620 2180 5673 Au-

510 5688 814 5769 gustinus,
852 5686 1082 5743 literas.
1107 5686 1197 5758 47,
1234 5688 1335 5760 qui
1365 5689 1536 5744 etiam
1570 5688 1775 5763 adjicit
1805 5690 1879 5745 ab
1914 5689 2034 5745 illis
2067 5706 2181 5745 cae-

2291 3178 2599 3233 sententiae
2619 3180 2647 3234 ?
2689 3180 3095 3251 Respondebit
3123 3182 3218 3237 his
3250 3182 3537 3237 omnibus
3567 3183 3623 3234 et
3649 3177 3737 3231 ille
3757 3185 3914 3268 mora:

2287 3267 2457 3323 liter:
2513 3291 2535 3319 α
2590 3268 2853 3340 Pepulus
2902 3286 3093 3342 meus,
3146 3271 3287 3343 quid
3339 3272 3461 3326 feci
3507 3270 3632 3338 tibi,
3681 3266 3769 3320 aut
3802 3257 3912 3334 quid

2288 3359 2636 3414 contristavi
2683 3363 2738 3414 te
2786 3360 2993 3430 (Mieh.
3047 3378 3125 3429 vx,
3166 3360 3270 3432 3)?
3319 3361 3540 3416 Nonne
3579 3374 3652 3413 ex
3687 3352 3906 3424 Αῦεγρίο

2284 3449 2463 3503 eduxi
2494 3452 2571 3518 te,
2605 3452 2662 3504 et
2692 3466 2769 3505 ex
2802 3449 2975 3505 domo
3008 3449 3315 3505 servitutis
3368 3448 3617 3506 liberavi
3644 3445 3741 3502 te?

2354 3537 2477 3595 121.
2512 3540 2628 3596 Sed
2660 3556 2867 3611 parum
2909 3543 3001 3595 est
3029 3556 3104 3596 ex
3136 3539 3410 3612 Aﬁgypto
3450 3539 3752 3602 liberasse,
3782 3532 3830 3584 et
3853 3541 3908 3580 ex

2283 3627 2457 3684 domo
2480 3629 2785 3684 servitutis
2807 3629 3135 3699 eripuisse:
3160 3629 3296 3700 plus
3311 3632 3411 3684 est
3433 3632 3488 3684 te
3503 3628 3693 3699 ipsum
3711 3620 3908 3679 dedisse

2282 3734 2389 3788 pro
2421 3718 2615 3774 nobis.
2652 3718 2826 3774 Dices
2857 3734 3035 3790 ergo:
3072 3719 3283 3774 Nonne
3313 3722 3556 3774 vestras
3586 3728 3781 3773 omnes
3808 3720 3913 3761 sus-

2285 3808 2415 3877 cepi
2444 3807 2698 3879 injurias
2720 3810 2749 3862 ?
2788 3808 2998 3863 Nonne
3030 3824 3249 3879 corpus
3283 3824 3485 3864 meum
3516 3822 3622 3879 pro
3652 3800 3815 3892 vobis,

2283 3896 2434 3951 tuli?
2478 3897 2688 3951 Nonne
2717 3900 2967 3952 mortem
2997 3897 3276 3968 appetivi,
3307 3898 3473 3970 quod
3505 3913 3621 3952 non
3656 3897 3769 3951 erat
3793 3890 3911 3945 divi-

2287 3985 2485 4041 nitatis
2516 4000 2683 4054 meae,
2718 3984 2824 4040 sed
2847 3989 3065 4041 vestrae
3097 3985 3532 4056 redemptionis
3565 3986 3673 4055 (28)
3698 3985 3724 4039 ?
3771 3981 3911 4036 llaec-

2288 4075 2417 4129 cine
2435 4074 2776 4129 referuntur
2794 4075 3001 4147 gratiae
3015 4076 3044 4130 ?
3072 4075 3198 4130 Hoc
3219 4075 3480 4146 profecit
3501 4073 3743 4147 sanguis
3760 4083 3913 4131 meus,

2288 4164 2445 4218 sicut
2474 4164 2534 4218 in
2568 4163 2861 4235 Propheta
2885 4164 3014 4235 ipse
3037 4163 3163 4236 jam
3193 4165 3314 4220 dixi
3344 4180 3359 4220 :
3406 4188 3427 4217 α
3473 4164 3615 4230 Quae
3647 4162 3844 4218 utilitas
3869 4156 3913 4208 in

2289 4254 2583 4326 sanguine
2602 4270 2732 4309 meo
2751 4270 2762 4309 :
2783 4254 2922 4326 quia
2939 4253 3224 4309 descendi
3238 4255 3296 4308 in
3311 4255 3746 4326 corruptionem
3760 4243 3914 4319 (Psal.

2289 4360 2455 4415 xxix,
2482 4341 2616 4413 10)?
2650 4364 2671 4393 n
2708 4344 2835 4397 Hoc
2868 4359 3012 4416 ergo
3036 4343 3306 4415 profecit,
3333 4347 3395 4398 ut
3418 4342 3701 4414 meimpie
3718 4348 3920 4409 negare-

2205 4433 2259 4495 D
2289 4433 2387 4503 tis,
2423 4450 2529 4505 pro
2562 4434 2779 4505 quibus
2810 4434 2922 4489 ista
2956 4433 3235 4488 sustinui.

2363 4523 2485 4579 122.
2520 4520 2646 4596 Ego
2675 4539 2817 4578 vero
2850 4526 3009 4591 tunc,
3045 4522 3290 4578 Domine
3322 4522 3495 4592 Jesu,
3521 4525 3578 4577 et
3607 4521 3656 4575 si
3689 4515 3919 4593 gravium

2291 4615 2668 4684 peccatorum
2699 4612 2843 4667 mihi
2874 4612 3003 4683 ipse
3037 4612 3151 4666 sim
3181 4612 3488 4677 conscius,
3516 4611 3918 4695 dicamtamen-f

2290 4702 2425 4759 Non
2464 4706 2518 4758 te
2574 4703 2823 4776 negavi:
2886 4702 3073 4756 habes
3113 4701 3272 4774 quod
3311 4702 3602 4775 ignoscas
3660 4691 3920 4784 fragilitati

2291 4793 2507 4848 carnis.
2542 4792 2831 4848 Delictum
2866 4791 3072 4861 fateor,
3098 4794 3404 4863 peccatum
3438 4807 3559 4846 non
3588 4788 3804 4844 abnuo:
3838 4776 3921 4831 «Si

2288 4882 2403 4953 vis,
2438 4884 2610 4953 potes
2640 4897 2731 4936 me
2754 4881 3037 4968 mundare
3066 4880 3305 4952 (Matth.
3339 4896 3464 4951 vni,
3498 4880 3593 4948 2);
3632 4873 3802 4968 aquia
3830 4869 3919 4968 hoc

2290 4972 2455 5042 dixit,
2490 4972 2757 5028 emeruit.
2800 4963 2950 5028 493
2998 4994 3019 5018 «ο
3057 4971 3166 5042 Ne,
3190 4986 3422 5043 quaeso,
3457 4970 3517 5023 in
3543 4965 3819 5041 judicium
3848 4963 3921 5010 in-

2290 5118 2423 5172 dem
2464 5115 2800 5171 animalium
2848 5114 3057 5169 scdulo
3109 5113 3504 5186 prohibitam;
3542 5125 3616 5167 ne
3658 5107 3921 5180 principes

2289 5188 2662 5244 tenebrarum
2699 5186 3155 5242 ot'fenderentur.
3826 5244 3836 5254 ,

2361 5259 2475 5327 (2'7)
2504 5259 2723 5314 Omnes
2753 5258 2890 5312 edit.
2923 5274 2955 5311 a
2988 5274 3135 5312 mss.
3181 5256 3421 5328 aliquot,
3476 5277 3499 5305 ι
3551 5269 3668 5328 non
3697 5256 3915 5328 nomine.

2290 5312 2415 5405 quiw
2431 5312 2813 5405 dicuntrQui
2849 5329 2984 5405 dies
3013 5329 3139 5405 erit
3174 5312 3379 5405 judicii
3405 5312 3621 5405 §_»__alii
3665 5312 3917 5378 nonnulli.

2295 5399 2329 5455 α’
2369 5419 2486 5456 non
2532 5401 2787 5457 nomina.
2835 5400 2950 5474 Qui
2997 5400 3126 5474 dies
3160 5399 3275 5474 erit
3314 5399 3566 5474 judicii;
3606 5418 3627 5444 ι
3678 5405 3915 5474 lapilli-qu

2297 5499 2318 5551 gi
2350 5474 2503 5551 Quid
2533 5455 2796 5551 gesserit
2820 5455 3053 5551 judicii.
3092 5491 3113 5520 ι
3145 5455 3370 5551 Οῃιὶῃῖθ
3400 5455 3599 5551 autem
3631 5455 3921 5551 reliquit?t

2290 5547 2350 5601 in
2382 5539 2567 5613 textu',
2600 5539 2841 5598 duobus
2865 5547 3058 5598 tamen
3091 5539 3376 5614 exceptis,
3412 5540 3515 5594 ubi
3555 5554 3660 5611 pro
3704 5548 3808 5589 non
3834 5539 3919 5580 που

2291 5618 2449 5673 mina
2474 5616 2688 5685 legitur
2711 5631 2823 5669 non
2847 5615 3097 5680 nomine,
3133 5630 3242 5669 nec
3272 5627 3454 5685 pravo
3488 5625 3693 5685 sensu.

2364 5688 2478 5760 ('28)
2511 5677 2791 5744 Nonnulli
2813 5702 2984 5758 mss.,
3022 5677 3487 5759 «redemptionis
3542 5677 3854 5738 devotione.
3900 5686 3916 5713 ι
