4050 6182
217 368 318 442 609

1573 365 1685 438 DE
1727 371 1922 438 FIDE
1967 375 2119 439 LIB.
2165 372 2244 438 II.

3505 369 3627 440 610

217 583 316 635 tres
341 594 466 633 cum
497 593 677 633 servo
706 581 805 633 tuo
834 576 1022 648 (Psal.
1077 593 1254 648 cxmi,
1284 577 1362 646 2).
1418 600 1438 624 η
1473 577 1608 633 Non
1639 593 1851 650 qumro
1877 562 1930 624 Α
1963 576 2150 632 fessio
2182 576 2340 630 Petri
2374 577 2694 632 abundavit
2723 577 2795 632 ad
2826 577 3001 633 ﬁdem
3050 577 3286 634 Christo
3314 595 3326 633 :
3385 602 3406 626 ιι
3440 578 3525 634 Τιι
3559 596 3625 634 es

217 668 519 741 utjudices,
552 668 660 722 sed
692 671 753 722 ut
782 668 1088 739 ignoscas.

787 755 1038 811 CAPUT
1069 757 1220 812 XIV.

206 865 400 920 Iudicis
427 865 1084 938 exponitsenteutiam,
1125 865 1530 938 discussisque
1562 864 1853 938 adversae

269 938 483 991 riorum
509 935 792 1003 icavillis,
833 935 906 989 ab
948 953 1014 990 ea
1040 935 1521 1007 provocationem
1572 952 1683 990 non
1720 937 1857 991 dari

264 1008 491 1080 planum
521 1008 687 1062 facu.

267 1116 380 1169 123.
413 1113 563 1178 Quid
599 1117 870 1184 putamus
903 1113 1201 1168 Christum
1229 1115 1630 1185 judicaturum
1653 1116 1682 1169 ἱ)
1729 1114 1857 1187 Ego

205 1207 338 1270 scio,
367 1203 767 1274 judicaturum
799 1204 930 1258 dico
952 1205 980 1257 ?
1010 1204 1130 1258 lmo
1158 1203 1285 1274 jam
1329 1203 1636 1273 judicavit.
1671 1204 1859 1258 Tene—

205 1311 323 1348 mus
354 1293 489 1363 ejus
520 1293 889 1348 sententiam.
942 1315 963 1341 ι
1015 1293 1258 1362 Omnes,
1307 1294 1515 1365 inquit,
1567 1293 1856 1347 honoriﬁ-

205 1387 325 1437 cent
371 1382 603 1450 Filium,
639 1381 795 1435 sicut
842 1381 1233 1436 honoriﬁcant
1282 1384 1533 1437 Patrem.
1586 1381 1696 1446 Qui
1741 1398 1860 1436 non

203 1471 542 1526 honoriﬁcat
600 1470 833 1540 Filium,
893 1486 1012 1525 non
1055 1470 1406 1526 honoriﬁcat
1458 1472 1710 1542 Patrem,
1759 1471 1861 1542 qui

198 1562 353 1615 misit
383 1561 545 1614 illum
573 1558 764 1628 (Joan.
788 1576 847 1629 v,
871 1559 983 1629 23).
1009 1582 1029 1608 ιι

267 1649 389 1704 1-23.
423 1649 482 1703 Si
531 1648 804 1718 displicet
852 1649 1163 1715 sententia,
1211 1649 1439 1720 appella
1489 1649 1561 1704 ad
1606 1651 1858 1719 Patrem,

195 1738 468 1795 rescindc
487 1737 777 1808 judicium
799 1738 956 1808 quod
978 1739 1150 1792 Pater
1185 1739 1407 1793 detulit;
1436 1738 1540 1792 Dic
1576 1739 1713 1809 quia
1735 1739 1863 1792 dis-

193 1829 446 1884 similem
468 1827 642 1881 habet
665 1827 896 1882 Filium.
931 1827 1338 1898 Respondebit
1378 1827 1520 1883 tibi:
1557 1827 1684 1899 Ego
1715 1844 1860 1899 ergo

187 1920 469 1971 mentitus
491 1933 642 1983 sum,
668 1916 936 1987 quidixit
952 1916 1102 1970 Filio
1128 1932 1140 1971 :
1181 1940 1202 1964 ιι
1231 1917 1540 1971 Faciamus
1565 1916 1863 2004 hominem
1895 1941 1943 2003 Β
1975 1954 2093 1994 non
2125 1916 2364 1990 soleant
2385 1933 2676 2001 inﬁdeles,
2713 1934 2813 2004 qui
2845 1950 2963 1988 non
2982 1934 3227 1988 credunt
3255 1934 3472 1988 divinis
3493 1935 3521 1987 <3
3554 1933 3642 1988 ιη,

187 2009 257 2062 ad
279 2007 607 2078 imaginem
625 2009 681 2060 et
697 2005 1145 2060 similitudinem
1168 2009 1431 2060 nostram
1453 2005 1626 2074 (Gen.
1652 2022 1691 2075 ι,
1705 2003 1814 2075 26).
1837 2027 1857 2052 υ

258 2097 388 2150 125.
419 2096 523 2149 Dic
546 2096 682 2167 quia
701 2095 942 2149 creavit.
971 2095 1381 2165 Respondebit
1399 2095 1538 2151 tibi:
1573 2094 1692 2149 Cur
1720 2109 1864 2165 ergo

184 2185 477 2253 adorasti,
512 2201 686 2256 quem
716 2191 1044 2239 creaturam
1074 2184 1292 2255 putasti
1311 2185 1339 2238 ‘?

257 2275 391 2329 1'26.
429 2275 534 2328 Dic
565 2275 703 2345 quia
750 2275 1040 2329 minorem
1082 2273 1390 2347 generavit
1434 2272 1666 2328 Filium.
1719 2273 1870 2328 Res-

182 2363 512 2436 pondebit:
549 2364 772 2432 Metire,
806 2363 1118 2418 videamus
1153 2362 1286 2433 (29).

260 2451 392 2507 127.
419 2453 526 2506 Dic
549 2453 684 2524 quia
707 2453 759 2507 ei
781 2468 900 2507 non
919 2452 1180 2507 debuisti
1221 2451 1484 2507 credere.
1529 2450 1769 2506 Referet
1797 2450 1870 2504 ad

188 2543 341 2598 hoc:
380 2542 516 2596 Non
546 2542 650 2596 tibi
685 2542 987 2596 dixeram:
1027 2564 1047 2588 οι
1087 2541 1197 2595 Hic
1227 2544 1319 2596 est
1350 2540 1536 2595 Filius
1583 2556 1754 2598 meus
1786 2539 1872 2594 di-

187 2631 666 2701 lectissimus,!in
685 2646 801 2702 quo
821 2630 1169 2701 complacui,
1195 2631 1391 2700 ipsum
1412 2630 1606 2684 audite
1628 2630 1870 2701 (Matth.

190 2737 337 2790 xvii,
371 2722 480 2790 5)?
514 2740 536 2768 ι
569 2718 719 2784 Quid
750 2723 862 2788 est,
895 2721 1085 2791 ipsum
1135 2719 1382 2774 audite?
1427 2719 1733 2773 Dicentem
1763 2719 1875 2774 uti-

194 2826 348 2881 que:
389 2832 413 2860 ε
451 2809 659 2863 Omnia
687 2825 819 2879 quae
873 2809 1049 2863 Pater
1089 2809 1285 2877 habet,
1339 2824 1467 2862 mea
1513 2810 1651 2863 sunt
1679 2809 1871 2877 (Joan.

199 2915 322 2967 xvi,
358 2901 469 2968 15).
513 2923 534 2944 η
569 2898 696 2952 Hoc
725 2898 1037 2952 audierunt
1079 2897 1353 2968 apostoli,
1403 2897 1558 2952 sicut
1590 2898 1876 2967 scriptum

196 2992 330 3043 est:
371 3009 394 3037 ι
435 2988 506 3042 Et
536 2988 878 3042 ceciderunt
914 2988 974 3041 in
1007 2987 1221 3042 faciem
1252 3002 1442 3055 suam,
1475 2989 1531 3041 et
1560 2987 1880 3041 timuerunt

196 3077 374 3132 valde
409 3077 646 3144 (Matth.
681 3094 824 3145 xvn,
856 3077 931 3148 6).
970 3100 991 3123 ι›
1025 3077 1087 3132 Si
1119 3077 1459 3131 ceciderunt
1481 3076 1583 3147 qui
1610 3075 1878 3130 confessi

199 3171 364 3234 sunt,
399 3167 540 3238 quid
574 3165 789 3220 facient
834 3166 933 3237 qui
984 3168 1321 3237 negarunt?
1365 3165 1481 3220 Sed
1513 3165 1648 3220 illos
1697 3165 1879 3219 Jesus

193 3256 397 3328 tetigit
424 3260 482 3310 et
512 3255 728 3309 levavit
755 3271 766 3310 :
801 3271 913 3310 vos
941 3255 1142 3325 jacere
1174 3255 1464 3325 patietur;
1504 3270 1577 3309 ne
1627 3253 1880 3308 videatis

197 3345 482 3416 gloriam,
517 3361 692 3415 quam
725 3343 1012 3416 negastis.

274 3435 405 3488 1‘28.
441 3433 764 3487 Videamus
798 3449 943 3504 ergo
977 3432 1254 3504 quoniam
1292 3447 1467 3503 quem
1497 3431 1682 3487 Filius
1713 3431 1880 3486 dam-

197 3527 319 3593 nat,
358 3526 418 3578 et
472 3522 645 3576 Pater
686 3523 938 3576 damnat.
988 3521 1058 3574 Et
1112 3521 1244 3576 ideo
1296 3520 1759 3575 honoriﬁcemus
1788 3521 1882 3575 Fi-

197 3611 372 3682 lium,
405 3613 562 3667 sicut
595 3611 1060 3666 honoriﬁcamus
1085 3610 1334 3677 Patrem,
1357 3615 1418 3665 ut
1438 3626 1546 3681 per
1576 3610 1788 3665 Filium
1809 3610 1882 3663 ad

197 3701 448 3757 Patrem
481 3701 794 3771 pervenire
823 3699 1149 3770 possimus.

836 3806 1090 3862 CAPUT
1126 3806 1252 3861 XV.

196 3915 489 3970 Modesta
518 3914 705 3969 sentit
737 3913 811 3968 de
836 3913 1030 3984 Opere
1051 3929 1192 3968 suo:
1227 3912 1374 3968 dicit
1400 3918 1594 3968 tamen
1617 3912 1693 3967 ad
1713 3911 1888 3967 {idem

275 3987 432 4040 illud
464 3986 768 4051 sulficere,
805 4001 932 4039 cum
965 3984 1188 4039 divime
1216 3985 1598 4051 generationi
1631 3990 1711 4038 tot
1743 3984 1892 4038 laets

274 4058 606 4129 Scriptura
629 4056 1015 4129 suffragetur,
1053 4057 1148 4129 cui
1177 4055 1615 4129 obsurdescunt
1644 4056 1886 4109 Ariani.

273 4126 511 4183 Horum
528 4126 937 4199 pervicaciam
958 4127 1403 4199 ludaicaeplanc
1428 4126 1684 4180 similem
1715 4132 1889 4196 pate—

275 4198 558 4266 faciens,
633 4199 995 4270 adprecatur
1067 4198 1215 4251 illis.
1260 4199 1546 4252 veritatis
1581 4213 1888 4270 amorem.

280 4272 607 4326 Postremo
624 4269 997 4324 deserendas
1015 4285 1136 4338 eos,
1162 4275 1357 4340 utpote
1370 4269 1690 4324 haereticos
1707 4274 1764 4323 et
1776 4269 1826 4322 Α
1838 4285 1896 4322 n-

282 4344 629 4407 tichristos,
665 4342 855 4396 docet.

281 4449 413 4504 129.
463 4449 608 4502 Haec
657 4463 792 4520 ego,
843 4447 1168 4518 Imperator
1213 4450 1486 4520 auguste,
1539 4447 1784 4518 carptim
1825 4461 1896 4500 ac

203 4538 485 4594 breviter
513 4538 774 4608 impolita
824 4536 1017 4608 magis
1071 4537 1378 4606 proposui,
1427 4552 1604 4608 quam
1649 4535 1897 4590 enodata

205 4627 476 4700 digessi.
492 4627 658 4692 Quod
677 4627 729 4680 si
745 4643 858 4698 qua
874 4627 1078 4680 Ariani
1110 4626 1579 4681 inconsummata
1612 4625 1900 4678 arbitran-

1965 666 2239 720 Christus
2273 666 2456 721 Filius
2492 667 2593 721 Dei
2626 667 2747 720 vivi
2779 668 3014 733 (Matth.
3049 685 3170 737 xvx,
3204 667 3330 737 16);
3370 692 3391 716 »
3426 671 3517 723 sat
3539 671 3632 723 est

1965 756 2122 809 cnim
2166 757 2608 826 generationem
2657 757 2812 810 scire
2865 756 3142 826 divinam,
3192 774 3308 812 non
3353 757 3625 828 divisam,

1966 861 2084 898 non
2115 845 2455 898 diminutam
2506 844 2638 916 (30),
2674 861 2790 900 non
2833 845 3266 916 derivatoriam,
3303 862 3419 900 non
3468 863 3630 902 crea-

1963 937 2100 988 tam.

2044 1031 2195 1096 494
2228 1041 2349 1097 130.
2391 1042 2518 1097 Hoc
2541 1043 2714 1096 etiam
2744 1042 2882 1096 totis
2913 1042 3347 1113 Scripturarum
3379 1042 3630 1112 exponi-

1969 1137 2063 1188 tur
2093 1132 2283 1201 libris,
2346 1147 2455 1186 nec
2512 1131 2704 1185 adhuc
2763 1132 2836 1185 ab
2899 1133 3096 1201 impiis
3130 1132 3426 1186 creditur:
3483 1154 3507 1180 (ι
3542 1132 3631 1184 ln-

1968 1225 2300 1277 crassatum
2344 1223 2436 1274 est
2489 1221 2664 1287 enim,
2714 1223 2775 1274 ut
2804 1221 3090 1290 scriptum
3125 1224 3235 1288 est,
3297 1236 3400 1274 cor
3429 1219 3631 1290 populi
3715 1219 3724 1223 ’

1966 1311 2169 1382 hujus,
2202 1314 2258 1364 et
2287 1310 2530 1364 auribus
2556 1310 3160 1380 graviteraudierunt,
3181 1312 3238 1363 et
3257 1309 3464 1363 oculos
3484 1323 3631 1364 suos

1968 1403 2363 1472 gravaverunt
2389 1414 2403 1468 ;
2436 1414 2509 1452 ne
2542 1398 2774 1469 quando
2806 1398 2997 1453 oculis
3020 1399 3148 1452 suis
3171 1399 3429 1467 videant,
3453 1401 3508 1452 et
3537 1413 3634 1452 au-

1969 1489 2137 1544 ribus
2169 1489 2426 1555 audiant,
2459 1491 2517 1541 et
2556 1488 2733 1542 corde
2777 1487 3108 1560 intelligant
3153 1487 3291 1556 (Isa.
3325 1504 3405 1555 vx,
3458 1488 3566 1555 10).
3606 1507 3630 1536 ι

1970 1580 2258 1650 Namque,
2293 1593 2456 1632 more
2491 1577 2756 1646 Judaico,
2788 1593 2965 1631 aures
2997 1592 3141 1631 suas
3174 1576 3376 1630 Ariani
3408 1576 3639 1647 claude-

1971 1685 2034 1722 re
2066 1667 2278 1736 solent,
2312 1669 2411 1720 aut
2439 1681 2642 1720 serere
2673 1666 2978 1736 tumultus,
3011 1666 3481 1737 quotiescunque
3505 1681 3637 1720 ver-

1972 1759 2113 1813 bum
2145 1757 2354 1811 salutis
2386 1756 2637 1810 auditur.

2047 1847 2169 1901 131.
2206 1845 2276 1899 Et
2311 1845 2450 1917 quid
2481 1845 2695 1898 mirum
2725 1843 2777 1898 si
2809 1843 3082 1898 humanis
3112 1843 3361 1898 vocibus
3395 1843 3638 1898 credere

1977 2028 2095 2082 lius
2116 2025 2221 2080 Dei
2244 2023 2494 2091 dicebat,
2516 2023 2670 2077 sicut
2691 2022 2877 2076 habes
2901 2023 2960 2076 in
2993 2021 3316 2094 Evangelio
3345 2040 3356 2076 :
3393 2043 3414 2072 ι
3443 2024 3637 2093 Pater,

1978 2115 2235 2171 clariﬁca
2260 2128 2474 2167 nomen
2497 2115 2658 2165 tuum
2689 2113 2871 2180 (Joan.
2906 2129 3010 2180 xu,
3051 2112 3165 2180 28).
3207 2135 3229 2158 η
3282 2112 3412 2166 Vox
3451 2111 3642 2166 Patris

1980 2206 2050 2260 de
2073 2203 2222 2258 cmlo
2245 2202 2441 2255 audita
2473 2204 2565 2254 est
2596 2201 2874 2254 dicentis:
2923 2224 2944 2246 «ι
2976 2200 3044 2252 Et
3069 2199 3409 2270 clariﬁcavi,
3444 2204 3500 2254 et
3530 2201 3642 2254 ite-

1977 2310 2108 2348 rum
2127 2291 2462 2346 clariﬁcabo
2480 2289 2658 2356 (Ibid.
2690 2311 2709 2335 υ
2741 2288 3013 2342 lnﬁdeles
3036 2289 3165 2342 hinc
3181 2289 3518 2358 audiebant,
3536 2289 3644 2344 sed

1979 2401 2096 2439 non
2117 2381 2455 2437 credebant.
2479 2379 2720 2434 Dicebat
2738 2379 2944 2448 Filius,
2965 2379 3365 2449 respondebat
3382 2380 3570 2447 Pater,
3587 2381 3645 2434 et

1981 2473 2254 2528 dicebant
2277 2469 2503 2524 Judaei:
2546 2492 2566 2517 ιι
2594 2468 2942 2523 Tonitruum
2976 2467 3196 2522 factum
3219 2471 3312 2522 est
3347 2468 3430 2522 illi
3466 2468 3642 2537 (Ibid.

1982 2563 2050 2617 29
2076 2578 2092 2620 :
2128 2586 2148 2609 η
2177 2559 2589 2614 aliidicebant:
2625 2579 2646 2607 cz
2675 2557 3190 2629 Angeluslocutus
3205 2559 3366 2612 estei
3393 2557 3641 2626 (lbid.)»

2057 2651 2177 2705 13:2.
2200 2649 2418 2704 Paulus
2441 2663 2698 2720 quoque,
2717 2647 2871 2701 sicut
2888 2647 3176 2718 scriptum
3209 2647 3371 2701 estin
3400 2647 3648 2702 Actibus

1985 2740 2426 2812 Apostolorum,
2461 2754 2594 2792 cum
2625 2752 2770 2791 voce
2801 2735 3023 2790 Christi
3065 2740 3375 2791 vocaretur
3405 2736 3477 2790 ad
3509 2752 3652 2808 gra-

1984 2832 2122 2885 tiam
2153 2831 2309 2899 (Act.
2346 2846 2424 2893 1x,
2457 2824 2533 2896 6),
2588 2825 2907 2896 pluresque
2945 2826 3189 2880 comites
3237 2827 3455 2896 pariter
3485 2826 3650 2880 ince-

1986 2921 2210 2989 derent,
2245 2917 2413 2973 solus
2443 2932 2648 2970 vocem
2678 2915 2900 2969 Christi
2931 2915 3173 2969 audisse
3205 2931 3270 2969 se
3302 2915 3464 2969 dixit.
3491 2916 3651 2985 (Act.

1989 3027 2132 3079 xxii,
2156 3009 2232 3078 9).
2265 3007 2446 3076 Adeo,
2471 3009 2674 3060 sancte
2699 3005 3037 3074 Imperator,
3081 3004 3179 3075 qui
3213 3005 3416 3073 credit,
3453 3005 3648 3060 audit:

1987 3100 2240 3168 etaudit,
2266 3101 2328 3152 ut
2366 3096 2602 3151 credat:
2639 3096 2740 3165 qui
2770 3109 2888 3149 non
2922 3094 3126 3162 credit,
3172 3109 3289 3148 non
3320 3093 3516 3162 audit;
3549 3092 3658 3149 sed

1989 3209 2098 3248 nec
2129 3189 2273 3257 vult,
2307 3203 2415 3241 nec
2452 3188 2646 3256 potest
2677 3183 2900 3251 audire,
2933 3197 3007 3237 ne
3039 3179 3276 3237 credat!

1911 3304 1964 3372 ο
2062 3281 2184 3336 133.
2229 3280 2420 3348 Atque
2463 3275 2704 3341 utinam,
2747 3271 2906 3343 quod
2938 3273 2997 3325 in
3028 3287 3121 3325 me
3160 3275 3271 3340 est,
3303 3271 3507 3326 audire
3537 3268 3661 3326 vel-

1990 3373 2130 3439 lent,
2165 3372 2226 3423 ut
2256 3366 2601 3420 crederent:
2657 3361 2861 3415 audire
2906 3377 3041 3414 cum
3079 3361 3234 3415 bona
3285 3361 3568 3416 charitate
3598 3363 3656 3416 et

1991 3455 2464 3522 mansuetudine,
2491 3457 2552 3506 ut
2575 3467 2782 3506 verum
2821 3453 3179 3521 quaerentes,
3217 3466 3335 3504 non
3357 3451 3662 3504 veritatem

1992 3547 2429 3619 impugnantes.
2464 3542 2760 3610 Scriptum
2792 3543 2884 3594 est
2915 3540 3092 3608 enim,
3133 3543 3194 3593 ut
3224 3555 3342 3594 non
3391 3539 3660 3593 intenda-

1992 3654 2126 3694 mus
2167 3633 2430 3688 «fabulis
2462 3629 2906 3703 etgenealogiis
2929 3629 3492 3698 interminabilibus,
3526 3645 3660 3700 quae

1994 3726 2358 3802 quaestiones
2382 3721 2573 3804 magis
2595 3721 2878 3790 praestant
2900 3734 3076 3790 quam
3089 3717 3536 3773 aediﬁcationem
3560 3717 3664 3773 Dei

1996 3813 2332 3889 quaeinﬁde
2356 3814 2465 3866 est.
2484 3809 2642 3866 Finis
2673 3812 2866 3863 autem
2883 3807 3164 3878 praecepti
3195 3810 3288 3862 est
3317 3807 3574 3862 charitas
3592 3807 3664 3862 de

1996 3907 2174 3961 corde
2206 3916 2376 3973 puro,
2409 3902 2465 3954 et
2499 3898 2863 3953 conscientia
2905 3898 3080 3968 bona,
3112 3900 3169 3952 et
3214 3897 3327 3952 ﬁde
3360 3913 3476 3951 non
3510 3898 3689 3952 ﬁcta.‘

1998 3999 2046 4050 A
2081 3993 2299 4066 quibus
2333 3990 2571 4061 quidam
2603 3988 2970 4056 aberrantes,
3007 3988 3282 4042 conversi
3320 3989 3456 4040 sunt
3489 3986 3546 4040 in
3568 4002 3668 4040 va-

1999 4083 2349 4154 niloquium,
2383 4079 2652 4133 volentes
2685 4092 2824 4131 esse
2855 4076 3010 4148 legis
3029 4077 3326 4145 doctores,
3361 4092 3477 4130 non
3509 4075 3672 4130 intel-

2001 4175 2258 4245 ligentes
2309 4183 2502 4240 neque
2548 4183 2681 4238 qum
2720 4166 3060 4236 loquuntur,
3112 4180 3304 4235 neque
3347 4165 3418 4219 de
3450 4165 3669 4235 quibus

2003 4262 2296 4316 afﬁrmant
2327 4257 2382 4326 (Ι
2415 4255 2558 4311 Tim.
2592 4273 2630 4325 1,
2652 4255 2780 4323 4-7).
2820 4277 2840 4302 ι»
2878 4255 3033 4308 Alibi
3056 4269 3290 4324 quoque
3310 4254 3462 4307 idem
3481 4255 3671 4322 Apos-

2001 4352 2160 4407 tolus
2195 4349 2335 4403 dicit
2361 4364 2372 4401 :
2412 4370 2432 4392 «
2469 4345 2688 4400 Stultas
2712 4346 2905 4398 autem
2924 4346 2980 4397 et
3001 4345 3130 4398 sine
3150 4342 3462 4412 disciplina
3480 4357 3673 4413 quaes-

2003 4441 2196 4496 tiones
2229 4438 2423 4492 devita
2451 4434 2538 4504 (II
2571 4433 2713 4488 Tim.
2751 4450 2810 4503 ιι,
2843 4433 2953 4503 23).
2993 4455 3012 4481 ι

2077 4529 2198 4584 134.
2233 4527 2408 4581 Tales
2440 4523 2807 4578 deserendos
2839 4520 3160 4591 Apostolus
3179 4519 3336 4590 dicit,
3357 4517 3456 4590 qui
3481 4533 3674 4590 quaes-

2002 4621 2196 4674 tiones
2229 4617 2454 4679 serunt,
2488 4613 2601 4667 hoc
2632 4615 2743 4679 est,
2798 4611 3112 4665 haereticos
3158 4608 3244 4680 (31
3275 4624 3286 4663 :
3346 4609 3418 4662 de
3447 4609 3666 4679 quibus

207 4675 334 4785 tu:
360 4733 476 4788 ego
495 4675 596 4769 vix
621 4675 1102 4770 fatedrinchoatn
1130 4730 1142 4769 :
1179 4675 1972 4786 siquaadhucsuperesseo
2007 4712 2062 4764 et
2095 4706 2236 4761 alibi
2265 4704 2405 4759 dicit
2435 4675 2591 4774 quod
2630 4724 2651 4746 υ
2706 4675 3013 4754 discedent
3045 4675 3281 4788 quidam
3331 4675 3528 4788 a_ﬁd—e,
3579 4699 3674 4788 in-

208 4809 557 4877 Opinantur,
592 4821 704 4877 ego
738 4821 924 4876 prope
959 4805 1193 4874 omnia;
1243 4804 1583 4859 inﬁdelibus
1614 4804 1770 4859 enin:
1817 4807 1903 4857 to-

207 4899 340 4950 tum
392 4896 581 4959 deest,
634 4895 893 4948 abundat
948 4893 1254 4949 ﬁdelibus.
1309 4893 1574 4965 Denique
1619 4909 1736 4948 una
1766 4908 1905 4947 con-

291 5038 409 5106 (‘29)
442 5037 775 5092 Irridentur
805 5037 904 5092 hic
943 5037 1168 5106 Ariani,
1219 5036 1320 5106 qui
1349 5052 1480 5090 cum
1512 5035 1907 5106 philosophiae

217 5109 464 5180 placitis
525 5110 629 5163 niti
692 5125 758 5163 se
816 5109 1130 5179 jactarent,
1193 5107 1536 5180 relationem
1568 5106 1907 5180 quantitatis

221 5178 327 5234 ubi
362 5180 777 5251 philosophice
811 5178 1106 5251 loquendo
1157 5178 1458 5250 qualitatis
1493 5193 1641 5251 esse
1675 5178 1904 5251 debeat,

222 5249 619 5306 inducebant.’
648 5252 746 5305 Sic
779 5253 952 5305 etiam
983 5249 1241 5320 Cyrillus
1271 5251 1438 5303 Alex.
1487 5249 1547 5302 in
1570 5249 1750 5303 Thes.
1793 5249 1909 5320 dis-

223 5327 356 5378 sert
418 5323 478 5376 Η
547 5324 812 5376 eamdem
860 5319 1132 5376 Eunomii
1186 5320 1478 5375 fallaciam
1525 5321 1740 5391 arguit.
1791 5319 1907 5373 Ea-

221 5398 476 5466 pr-opter
505 5398 699 5448 autem
751 5393 1155 5466 difﬁcultatem
1195 5392 1348 5446 hanc
1397 5407 1515 5446 uno
1542 5391 1748 5466 _verbo
1778 5406 1910 5460 per-

225 5461 477 5519 strinxit
499 5465 881 5535 Ambrosius,
907 5466 1043 5536 quia
1074 5465 1264 5535 ipsam
1297 5479 1478 5534 supra
1506 5461 1739 5517 abunde
1770 5476 1910 5516 eno-

229 5539 417 5592 davit.

301 5608 416 5677 (30;
460 5607 609 5661 Mss.
653 5606 807 5661 haud
827 5607 1018 5676 pauci,
1047 5627 1068 5656 ε
1099 5622 1214 5662 non
1233 5606 1605 5660 demutatam.
1646 5627 1667 5652 η
1721 5603 1913 5677 Quan-

230 5675 414 5752 quam
451 5695 572 5752 non
606 5675 1142 5752 absurdc,__melius
1179 5681 1372 5732 tamen
1395 5677 1512 5746 alii,
1547 5680 1721 5752 atque
1751 5675 1912 5752 edit.,

2007 4797 2316 4853 tendentes
2347 4791 2658 4863 spiritibus
2691 4788 2910 4843 erroris
2945 4789 3001 4840 et
3039 4786 3322 4842 doctrinis
3354 4783 3677 4843 daamonioo

2008 4903 2138 4942 rum
2171 4885 2227 4956 (Ι
2261 4884 2404 4938 Tim.
2437 4898 2515 4950 1v,
2553 4878 2626 4950 1).
2665 4900 2685 4925 ι»

2012 5031 2127 5086 hoc
2178 5025 2387 5082 Hilarii
2430 5025 2560 5079 loce
2607 5022 2710 5076 lib.
2744 5038 2802 5075 vx
2845 5020 2919 5076 de
2971 5020 3185 5076 'I’rinit.
3219 5022 3308 5076 sic
3340 5017 3668 5093 loquentis:

2017 5124 2039 5152 α
2077 5100 2284 5155 Nescit
2315 5099 2372 5150 in
2407 5096 2528 5150 Deo
2573 5095 2923 5164 portionem,
2977 5094 3083 5148 sed
3115 5095 3228 5148 scit
3275 5094 3459 5148 Deum
3490 5097 3675 5149 totum

2016 5189 2091 5228 ex
2123 5173 2243 5225 Deo
2273 5172 2430 5222 toto:
2482 5167 2595 5220 scit
2625 5181 2699 5220 ex
2745 5181 2861 5218 uno
2911 5181 3133 5232 unum;
3185 5181 3301 5218 non
3348 5165 3676 5234 desectum,

2015 5244 2122 5298 sed
2155 5244 2386 5296 natum:
2443 5239 2557 5292 scit
2599 5237 2894 5291 nativitate
2943 5237 3044 5290 Dei
3076 5253 3184 5290 nec
3231 5236 3679 5290 diminutionem

2017 5329 2157 5370 esse
2212 5311 2538 5384 gignentis,
2605 5324 2716 5363 nec
2783 5309 3178 5363 inﬁrmitatem
3244 5324 3382 5362 esse
3431 5323 3681 5362 nasceno

2015 5388 2113 5441 tis.
2155 5409 2175 5432 υ

2091 5456 2203 5524 (31)
2233 5454 2314 5507 lta
2343 5469 2491 5506 mss.
2521 5452 2725 5523 plures
2748 5467 2841 5524 _ac
2881 5451 3180 5524 potiores:
3235 5450 3334 5504 alii
3378 5465 3519 5524 vero
3551 5465 3682 5518 para

2017 5521 2142 5596 tim,
2178 5521 2240 5581 ut
2268 5521 2715 5594 Amerbfatque
2748 5521 2940 5596 Eras.,
2977 5543 2999 5572 «
3035 5523 3134 5592 qui
3185 5523 3548 5596 quaestiones
3581 5535 3682 5573 as-

2020 5590 2245 5666 serant,
2279 5597 2391 5651 hos
2423 5611 2563 5650 esse
2607 5590 2965 5666 haereticos;
3021 5590 3290 5664 {partim
3337 5596 3398 5645 ut
3427 5590 3679 5666 Gill.,....

2025 5693 2046 5720 α
2085 5661 2310 5738 serunt,
2366 5668 2477 5722 hos
2529 5682 2666 5721 esse
2715 5661 3128 5738 haereticos,:_-
3163 5679 3317 5738 unus
3362 5676 3543 5738 mss.,_
3570 5685 3590 5708 ιι
3628 5661 3686 5718 et

244 5734 410 5807 :non
437 5749 804 5805 diminutum.
835 5734 1054 5804 n'Hanc
1081 5752 1276 5804 autem
1314 5734 1544 5818 vocem,
1577 5734 1822 5820 perinde
1851 5734 1921 5801 ac
2021 5758 2127 5799 eos
2167 5734 2306 5820 e_sse
2351 5739 2686 5820 haereticos,
2745 5760 2767 5786 η
2807 5737 2977 5795 Rom.
3023 5736 3186 5804 edit.,
3211 5755 3233 5788 σι
3288 5734 3402 5791 hoc
3459 5736 3550 5790 est
3579 5747 3686 5802 eos

224 5825 584 5906 sequentem
619 5837 738 5882 non
765 5821 974 5906 possis
1006 5822 1231 5881 rectius
1261 5813 1620 5898 intelligere,
1644 5835 1820 5899 quam
1840 5833 1919 5878 ex
2022 5829 2165 5877 esse
2198 5813 2538 5873 haereticos.
2575 5831 2598 5863 ι
