3982 6174
220 376 311 441 617
1517 367 1629 432 DE
1668 365 1830 433 FID]

2004 369 2099 433 [Β.
2133 364 2244 433 ΙΙΙ.

3485 368 3610 439 618

210 594 302 634 non
328 590 554 646 separes
595 574 807 631 Filium
843 591 855 630 :
898 574 1033 647 quia
1065 571 1253 628 dcitas
1284 576 1339 629 et
1370 574 1563 628 Patris
1597 576 1651 627 et
1702 572 1831 627 Filii
1867 576 1907 636 λ
1945 587 2078 644 quae
2100 574 2325 642 peccat,
2347 571 2473 642 ipsa
2507 572 3052 642 morietur(Ezeeh.
3087 587 3253 643 XVIII,
3283 569 3411 643 20);
3439 594 3460 620 υ
3497 587 3607 626 nec

206 683 299 724 una
325 665 629 736 eademque
645 667 758 720 est.
785 663 854 718 Et
886 665 1017 719 ideo
1037 680 1144 719 nec
1164 665 1242 718 ibi
1267 679 1535 734 separes,
1557 663 1655 718 ubi
1679 663 1833 733 legis

201 757 316 829 quia
346 778 366 802 κ
388 754 589 810 beatus
620 757 678 809 et
707 755 877 808 solus
918 758 1128 824 potens
1169 754 1223 821 (Ι
1249 752 1393 809 Tim.
1422 768 1499 821 Vl,
1536 752 1624 820 15)
1650 767 1665 820 ;
1702 775 1723 799 ιι
1760 751 1832 804 de

201 842 302 899 Deo
321 845 463 899 enim
491 842 604 913 (41)
633 843 852 897 dictum
884 848 995 913 est,
1031 843 1187 897 sicut
1216 842 1403 896 habes
1430 858 1442 896 :
1491 865 1512 887 ιι
1539 840 1831 910 Praecipio

198 949 369 989 coram
397 933 532 1000 Deo,
582 934 680 1004 qui
726 933 987 988 viviticat
1028 932 1221 987 omnia
1270 954 1291 977 ιι
1338 930 1515 999 (Ibid.
1553 930 1641 999 13)
1674 945 1687 984 :
1723 930 1830 983 sed

195 1023 344 1078 etiam
371 1021 639 1077 Christus
663 1021 922 1076 vivitieat
954 1038 966 1077 :
1001 1021 1275 1075 convenit
1307 1036 1451 1091 ergo
1482 1023 1539 1074 et
1576 1019 1732 1073 Patri
1775 1021 1831 1073 et

196 1111 325 1166 Filio
361 1110 456 1166 Dei
508 1126 762 1179 nomen;
810 1110 1044 1182 quando
1077 1110 1354 1166 convenit
1382 1113 1439 1163 et
1469 1108 1829 1178 operationis

189 1199 403 1256 etl'ectus
432 1192 578 1256 500
619 1202 1066 1273 Pcrsequantur
1097 1204 1153 1255 et
1175 1202 1410 1255 caetera.
1451 1222 1473 1245 ιι
1511 1196 1827 1267 Praecipio,

191 1289 371 1362 inquit,
409 1305 607 1345 coram
639 1290 760 1345 Deo
811 1290 911 1361 qui
944 1289 1205 1344 viviﬁcat
1251 1288 1466 1358 omnia,
1501 1289 1557 1342 et
1592 1286 1830 1341 Christo

191 1378 316 1434 Jesu
345 1378 565 1450 (Ibid)
602 1404 623 1426 »

256 1467 329 1522 16.
355 1468 416 1523 ln
446 1468 570 1523 Deo
592 1471 683 1523 est
706 1469 880 1523 etiam
904 1467 1357 1537 \‘erbum,sieut
1386 1466 1671 1538 scriptum
1690 1468 1781 1520 est
1814 1480 1827 1520 :

200 1580 219 1602 «ι
248 1556 300 1611 In
325 1557 435 1612 Deo
472 1557 728 1612 laudabo
768 1557 1029 1612 Verbum
1060 1555 1248 1627 (Psal.
1282 1573 1374 1625 ων,
1412 1556 1522 1613 11).
1562 1580 1582 1603 υ
1616 1554 1679 1609 In
1710 1554 1831 1609 Deo

192 1647 518 1716 sempiterna
542 1662 651 1701 sua
684 1646 874 1701 virtus
898 1649 989 1701 est
1019 1645 1199 1699 Jesus
1232 1643 1344 1713 (45)
1371 1660 1384 1699 :
1416 1645 1474 1699 in
1499 1644 1620 1698 Deo
1651 1642 1832 1715 igitur

190 1734 437 1789 unitatem
470 1735 818 1803 divinitatis,
862 1734 921 1788 in
960 1734 1180 1789 Christi
1212 1739 1405 1789 autem
1453 1734 1689 1787 nomine
1746 1732 1832 1786 in-

186 1825 519 1879 carnationis
555 1824 905 1879 testificatus
929 1826 1020 1878 est
1042 1827 1497 1878 sacramentum.

190 1938 199 1949 -
246 1911 323 1966 l'i.
356 1912 623 1985 Denique
653 1915 715 1967 ut
742 1912 813 1966 de
836 1912 1239 1967 incarnatione
1261 1910 1482 1966 Christi
1513 1926 1579 1965 se
1602 1910 1831 1965 dixisse

186 2000 522 2071 ostenderet,
575 2000 839 2056 subdidit
881 2017 892 2056 :
932 2024 954 2050 ι»
981 2000 1090 2067 Qui
1136 2000 1535 2056 testimonium
1581 1998 1834 2053 reddidit

182 2089 278 2143 sub
311 2091 519 2146 Pontio
552 2090 741 2145 Pilato
771 2090 987 2145 bonain
1019 2089 1497 2155 confessionem;
1530 2093 1590 2144 ut
1622 2105 1833 2143 serves

180 2178 488 2234 mandatum
527 2179 660 2234 sine
707 2179 934 2234 macula
970 2194 1160 2251 usque
1185 2178 1242 2232 in
1264 2178 1576 2233 adventum
1602 2177 1834 2241 Domini

180 2269 345 2322 nostri
375 2268 523 2323 Jcsu
557 2268 775 2323 Christi
811 2284 823 2323 :
858 2284 1034 2340 quem
1074 2268 1203 2322 suis
1236 2268 1603 2339 temporibus
1636 2270 1834 2323 osten-

178 2354 259 2410 det
284 2355 490 2412 beatus
526 2360 586 2411 et
634 2354 802 2412 solus
853 2360 1086 2427 potens,
1135 2372 1242 2411 rex
1273 2372 1503 2427 regum,
1544 2359 1600 2412 et
1631 2355 1833 2410 Domi-

177 2460 273 2500 nus
301 2446 758 2515 dominantium;
783 2446 885 2517 qui
911 2446 1080 2501 solus
1110 2445 1287 2500 habet
1317 2444 1830 2514 immortalitatem,

177 2536 223 2589 et
250 2533 433 2591 lucem
465 2535 694 2590 habitat
725 2534 1209 2590 inaccessibilem
1237 2550 1250 2589 :
1282 2549 1457 2606 quem
1488 2534 1632 2588 vidit
1656 2533 1836 2589 homi-

177 2639 296 2679 num
325 2640 521 2694 ncmo,
577 2624 686 2679 sed
732 2640 841 2679 nec
889 2624 1095 2679 videre
1154 2626 1351 2694 potest
1397 2623 1575 2691 (Ibid.
1622 2622 1830 2694 13-16).

176 2710 316 2785 Ergo
346 2714 418 2769 de
447 2714 580 2769 Deo
610 2714 740 2769 haec
773 2714 993 2785 scripta
1046 2715 1204 2783 sunt,
1262 2712 1437 2784 cujus
1469 2712 1726 2768 nominis
1778 2714 1835 2766 et

173 2801 408 2874 dignitas
441 2807 499 2858 et
532 2802 757 2858 veritas
790 2802 1121 2858 cemmunis
1154 2805 1247 2857 est
1277 2800 1447 2857 Filio.
1648 2811 1653 2816 ‘

235 2908 312 2966 l8.
349 2910 470 2966 Cur
516 2909 705 2982 igitur
750 2909 865 2965 hoe
906 2909 1039 2965 loco
1084 2908 1271 2964 Filius
1318 2910 1647 2981 separatur,
1700 2923 1834 2963 cum

174 2999 323 3053 etiam
354 2998 505 3055 Filio
563 3000 691 3054 haec
731 3003 941 3054 cuncta
984 2999 1337 3054 conveniant
1373 3000 1401 3053 ἱ)
1448 2999 1563 3053 Aut
1610 2997 1662 3052 si
1713 3014 1832 3052 non

174 3089 531 3160 conveniant,
566 3105 719 3161 nega
753 3089 978 3159 Deum;
1021 3090 1083 3143 ut
1133 3104 1321 3161 neges
1352 3105 1485 3160 quae
1533 3086 1654 3141 Deo
1695 3089 1832 3141 sunt

177 3183 549 3234 convenienta
600 3177 736 3249 (46).
779 3178 999 3233 Beatus
1048 3178 1253 3250 negari
1306 3194 1423 3232 non
1469 3179 1684 3248 potest,
1731 3175 1833 3246 qui

170 3265 569 3323 beatitudines
599 3267 811 3322 donat:
860 3291 881 3313 «
922 3267 1084 3321 Beati
1112 3266 1268 3321 enim
1297 3266 1516 3339 quibus
1556 3265 1829 3320 remissae

173 3362 293 3411 sunt
323 3357 674 3431 iniquitates
712 3355 901 3425 (Psal.
935 3373 1136 3425 LXXXI,
1181 3354 1256 3425 1).
1294 3379 1315 3402 ››
1358 3355 1574 3409 Beatus
1625 3354 1832 3427 negari

171 3461 272 3500 non
315 3449 532 3517 potest,
590 3445 690 3517 qui
741 3460 946 3498 sanam
1000 3443 1326 3498 doctrinam
1391 3442 1612 3513 tribuit,
1678 3444 1833 3496 sicut

172 3535 437 3611 scriptum
468 3538 566 3590 est
593 3550 603 3589 :
644 3557 665 3581 κ
692 3532 834 3599 Quae
852 3535 942 3588 est
963 3533 1292 3588 secundum
1316 3531 1701 3605 Evangelium
1723 3532 1835 3587 cla.

170 3623 337 3679 ritatis
366 3624 533 3679 beati
578 3622 681 3678 Dei
718 3623 772 3693 (I
809 3621 953 3677 Tim.
982 3640 1019 3691 ι,
1057 3622 1197 3694 11).η
1233 3622 1454 3676 Potens
1493 3621 1670 3677 abnui
1714 3638 1831 3677 non

171 3716 361 3785 potest,
404 3714 478 3769 de
537 3728 661 3785 quo
710 3712 886 3766 Pater
930 3711 1066 3766 dicit
1119 3727 1131 3767 :
1188 3735 1208 3759 »
1240 3711 1425 3767 Posui
1473 3710 1831 3783 adjutorium

174 3815 338 3872 super
366 3806 674 3874 potentem
699 3800 887 3871 (Psal.
909 3817 1190 3869 axxxvm,
1222 3800 1333 3871 20).
1372 3824 1392 3847 »ι
1437 3799 1832 3855 ῐιηιῐιοιιειιίίειο

169 3892 269 3945 tem
290 3896 484 3948 autem
511 3891 654 3963 ejus
678 3890 814 3961 quis
836 3890 1046 3944 audeat
1070 3888 1328 3959 difﬁteri,
1351 3906 1481 3943 cum
1506 3889 1676 3943 etiam
1696 3888 1830 3943 aliis

174 3978 653 4035 immortalitatem
678 3980 806 4050 ipse
829 3978 1081 4050 largitus
1104 3979 1200 4047 sit,
1235 3978 1390 4033 sicut
1420 3978 1707 4048 scriptum
1739 3981 1832 4033 est

177 4065 237 4123 de
256 4070 544 4143 sapientia
566 4068 672 4124 Dei
695 4086 705 4123 :
733 4092 754 4115 ιο
781 4068 897 4122 Per
914 4067 1064 4121 hanc
1087 4066 1317 4122 habebo
1341 4066 1829 4123 immortalitatem

173 4157 315 4231 (Sep.
346 4178 469 4230 vui,
498 4158 615 4229 13).
655 4182 677 4205 ι

234 4264 311 4321 19.
341 4266 457 4322 Sed
504 4267 625 4321 alia
674 4266 1081 4319 immortalitas
1128 4279 1255 4318 suae
1301 4265 1547 4331 natura),
1582 4261 1691 4318 alia
1723 4277 1826 4317 no-

174 4356 312 4408 strae.
345 4356 479 4412 Non
512 4357 658 4410 sunt
707 4354 941 4426 fragilia
989 4352 1379 4422 comparanda
1414 4351 1631 4406 divinis
1667 4367 1677 4405 :
1714 4367 1828 4405 una

176 4441 282 4497 sola
298 4444 637 4500 substantia
655 4443 978 4498 divinitatis
992 4443 1103 4511 est,
1120 4457 1253 4512 quae
1272 4441 1417 4495 mori
1442 4440 1827 4495 nescit.Unde

180 4534 225 4583 et
268 4535 617 4605 Apostolus,
661 4549 795 4588 cum
837 4532 1018 4586 sciret
1056 4534 1113 4585 et
1149 4532 1402 4585 animam
1467 4533 1523 4583 et
1577 4529 1826 4601 angelos

179 4618 543 4693 immortales,
563 4622 721 4694 quod
744 4620 912 4676 solus
931 4620 1091 4674 Deus
1109 4618 1599 4673 immortalitatem
1616 4617 1829 4673 habeat

1943 660 2195 733 angelus
2227 661 2572 715 immortalis
2604 666 2696 715 est
2724 662 3084 732 naturaliter,
3112 659 3288 733 cujus
3318 660 3611 717 immorta-

1944 749 2076 805 liter
2098 751 2155 805 in
2178 750 2475 807 voluntate
2500 755 2591 805 est
2619 750 2938 806 Creatoris.

2012 858 2101 911 20.
2136 856 2341 928 Neque
2373 858 2445 911 ad
2476 856 2887 929 prmjudicium
2918 858 3138 927 trahas,
3163 857 3317 929 quod
3344 872 3460 913 non
3478 872 3608 912 mo-

1943 946 2091 1000 ritur
2119 946 2374 1016 Gabriel,
2410 963 2528 1001 non
2577 950 2826 1002 moritur
2873 947 3154 1018 llaphael,
3198 962 3316 1002 non
3362 947 3612 1001 moritur

1945 1035 2106 1089 L'ricl
2157 1035 2268 1105 (Π)
2312 1040 2366 1090 et
2398 1037 2457 1090 in
2502 1036 2652 1107 ipsis
2693 1036 2847 1092 enim
2882 1040 3105 1091 naturae
3142 1035 3438 1107 capacitas
3468 1035 3610 1090 vitio

1944 1123 2220 1192 obnoxia,
2255 1125 2362 1179 sed
2391 1141 2509 1180 non
2543 1125 2796 1180 obnoxia
2829 1125 3182 1196 disciplinas.
3214 1123 3421 1181 Omnis
3451 1125 3607 1179 enim

1943 1212 2313 1268 rationabilis
2347 1218 2612 1269 creatura
2642 1214 2964 1270 accidentia
2997 1214 3225 1286 recipit,
3251 1216 3309 1269 et
3338 1211 3611 1284 subjecta

1940 1299 2169 1371 judicio
2201 1305 2310 1357 est.
2347 1302 2409 1355 In
2439 1303 2846 1359 accidentibus
2878 1307 3070 1359 autem
3094 1306 3153 1357 et
3183 1318 3354 1373 poena
3373 1301 3609 1374 judicii,

1947 1394 2003 1445 et
2035 1390 2363 1461 corruptela
2388 1394 2497 1461 est,
2516 1396 2571 1446 et
2601 1390 3114 1462 profectus.Unde
3140 1395 3197 1447 et
3212 1390 3612 1445 Ecclesiastes

1944 1480 2023 1533 ait
2056 1497 2067 1534 :
2108 1502 2128 1528 α
2164 1479 2447 1544 Quoniam
2482 1496 2654 1536 omne
2683 1496 2835 1551 opus
2867 1497 3041 1536 suum
3083 1481 3242 1535 Deus
3274 1479 3525 1535 adducet
3553 1480 3616 1534 in

1942 1567 2230 1639 judicium
2255 1568 2479 1638 (Ecclc.
2512 1586 2615 1638 xu,
2638 1569 2746 1640 14).
2773 1591 2795 1620 υ
2823 1569 2983 1641 Ergo
3008 1568 3359 1640 corruptela:
3380 1571 3438 1624 et
3459 1584 3615 1623 mor-

1946 1657 2043 1727 tis,
2080 1657 2308 1711 etiamsi
2351 1673 2466 1712 non
2514 1658 2798 1713 moriatur
2826 1662 2925 1713 aut
2954 1660 3180 1730 peccet,
3213 1673 3400 1729 capax
3419 1659 3615 1713 tamen

1948 1747 2142 1801 omnis
2161 1748 2217 1801 et
2249 1750 2513 1802 creatura
2540 1763 2552 1802 :
2588 1762 2699 1802 nec
2730 1763 2804 1802 ex
2833 1746 3148 1802 immortali
3177 1749 3384 1802 natura
3415 1745 3613 1815 habet,

1948 1835 2052 1890 sed
2074 1851 2147 1890 ex
2165 1835 2477 1905 disciplina
2509 1836 2601 1890 vel
2633 1837 2841 1908 gratia,
2865 1836 2918 1890 si
2942 1852 3009 1891 se
3041 1836 3099 1891 in
3122 1835 3419 1907 aliquibus
3441 1835 3513 1890 ad
3533 1836 3617 1889 vi-

1946 1924 2026 1978 tia
2058 1940 2176 1979 non
2196 1927 2394 1979 mutat.
2428 1924 2557 1978 Alia
2579 1939 2724 1996 ergo
2756 1924 3163 1980 immortalitas
3190 1941 3325 1997 quae
3345 1924 3616 1996 donatur,

1946 2013 2059 2067 alia
2093 2029 2226 2086 qua:
2259 2013 2390 2068 sine
2422 2014 2743 2085 capacitate
2772 2014 3164 2069 mutibilitatis
3193 2017 3287 2069 est
3316 2029 3573 2086 semper.

2020 2118 2108 2175 2t.
2144 2122 2232 2175 An
2256 2123 2507 2192 negatur
2525 2120 2876 2175 immortalis
2907 2120 3185 2175 divinitas
3207 2119 3447 2189 Christi,
3481 2120 3619 2192 quia

1946 2208 2005 2262 in
2030 2222 2205 2262 carne
2236 2223 2343 2278 pro
2374 2207 2651 2263 omnibus
2682 2211 2929 2264 mortem
2958 2209 3269 2280 gustavit?
3311 2201 3449 2263 501
3491 2208 3619 2264 Jam

1949 2312 2095 2371 ergo
2130 2296 2339 2352 melior
2364 2296 2599 2352 Gabriel
2633 2313 2809 2369 quam
2850 2297 3155 2367 Christus;
3195 2298 3332 2369 quia
3364 2297 3463 2353 ille
3493 2313 3615 2353 non

1947 2389 2041 2442 est
2071 2386 2409 2457 defunctus,
2434 2386 2531 2441 hic
2563 2390 2832 2442 mortuus
2855 2390 2965 2441 est.
2991 2386 3106 2442 Sed
3137 2402 3255 2442 non
3279 2389 3371 2442 est
3399 2402 3618 2442 servus

1948 2459 2129 2549 supra
2168 2476 2468 2531 dominum
2509 2475 2773 2546 (Matth,
2822 2493 2881 2545 χ,
2932 2475 3052 2547 21);
3088 2475 3201 2531 alia
3233 2476 3390 2532 enim
3420 2476 3618 2531 carnis

1946 2565 2280 2637 infirmitas,
2323 2564 2433 2619 alia
2466 2564 2791 2621 divinitatis
2839 2565 3138 2621 aeternitas
3174 2582 3186 2620 :
3220 2581 3383 2621 mors
3416 2566 3616 2619 carnis

1947 2653 2473 2724 est,immortalitas
2487 2653 2816 2725 potestatis.
2831 2652 2996 2719 Quod
3016 2654 3068 2708 si
3090 2653 3367 2709 divinitas
3385 2653 3523 2709 fecit
3541 2670 3613 2710 ne

1947 2759 2084 2799 caro
2114 2743 2341 2798 videret
2386 2743 2842 2815 corruptionem,
2877 2758 3009 2815 quae
3041 2743 3241 2815 utique
3265 2743 3614 2815 corruptelae

1947 2835 2071 2888 erat
2101 2832 2357 2888 obnoxia
2388 2848 2496 2903 per
2536 2835 2803 2888 naturam
2834 2849 2847 2888 :
2882 2832 3180 2905 quomodo
3227 2832 3375 2890 mori
3406 2835 3616 2906 posset

1947 2922 2075 2993 ipsa
2106 2921 2382 2977 divinitas
2402 2924 2431 2976 ?

2018 3047 2105 3102 ξε.
2158 3046 2464 3112 Quomodo
2516 3049 2708 3102 autem
2748 3045 2941 3103 lucem
2972 3046 3454 3103 inaccessibilem
3492 3063 3614 3104 non

1947 3136 2169 3190 habitat
2204 3136 2407 3205 Filius,
2444 3152 2579 3191 cum
2622 3136 2683 3190 in
2713 3136 2851 3191 sinu
2882 3136 3071 3191 Patris
3113 3136 3302 3191 Filius
3333 3136 3413 3191 sit
3447 3151 3461 3192 :
3512 3136 3616 3190 lux

1946 3228 2140 3279 autem
2170 3225 2360 3296 Pater,
2394 3226 2496 3280 lux
2529 3225 2703 3280 etiam
2726 3225 2855 3296 ipse
2885 3225 2963 3279 sit
2994 3224 3217 3296 Filius;
3273 3223 3411 3295 quia
3455 3224 3614 3279 Deus

1864 3321 1915 3384 ο
1945 3314 2047 3368 lux
2069 3318 2159 3370 est
2186 3315 2372 3385 (Joan.
2395 3332 2432 3384 ι,
2465 3315 2569 3385 9)?
2600 3317 2713 3369 Aut
2743 3313 2794 3368 si
2817 3313 2989 3368 aliam
3020 3314 3212 3369 lucem
3234 3313 3619 3369 inaccessibi-

1946 3404 2059 3458 lem
2091 3403 2208 3459 nisi
2264 3404 2499 3458 deitatis
2543 3408 2837 3473 putamus,
2872 3402 3155 3474 numquid
3202 3401 3413 3457 melior
3445 3401 3615 3457 Patre

1945 3493 2047 3548 lux
2079 3499 2204 3562 est;
2237 3495 2298 3546 ut
2326 3508 2443 3546 non
2475 3491 2553 3546 sit
2585 3492 2643 3546 in
2675 3491 2827 3559 luce,
2862 3491 2961 3562 qui
2995 3492 3150 3546 sicut
3179 3491 3466 3563 scriptum
3498 3495 3610 3562 est,

1945 3585 2002 3638 et
2032 3582 2184 3653 apud
2228 3581 2457 3636 Patrem
2487 3584 2577 3635 est
2609 3580 2786 3649 (Ibid.
2836 3581 2937 3649 2)?
2986 3584 3042 3635 et
3101 3582 3160 3635 in
3203 3581 3373 3636 Patre
3418 3581 3611 3648 (Joan.

1944 3688 2067 3742 xxv,
2100 3670 2233 3736 10)?
2280 3669 2411 3724 Non
2444 3685 2589 3741 ergo
2634 3673 2931 3740 separent,
2964 3668 3199 3738 Filium,
3252 3684 3385 3723 cum
3415 3669 3615 3740 legent

1945 3760 2137 3816 solum
2170 3760 2352 3814 Deum
2386 3775 2398 3815 :
2432 3774 2540 3813 nec
2566 3758 2796 3814 Patrem
2825 3761 3120 3829 separent,
3147 3772 3278 3812 cum
3307 3757 3506 3830 legent
3529 3757 3617 3813 Fi-

1944 3850 2083 3905 lium
2110 3848 2325 3904 solum.

2014 3973 2189 4030 23.111
2220 3973 2396 4028 terris
2420 3971 2606 4027 Filius
2652 3973 2782 4028 sine
2823 3972 2995 4027 Patic
3035 3988 3154 4028 non
3191 3975 3303 4042 est,
3338 3973 3395 4025 et
3441 3974 3613 4042 putas

1942 4065 2079 4135 quia
2102 4062 2275 4117 Pater
2297 4062 2427 4117 sine
2460 4060 2608 4116 Filio
2642 4062 2719 4116 sit
2758 4062 2816 4116 in
2857 4061 3007 4117 coelo
3029 4063 3057 4117 ‘?
3096 4061 3161 4116 In
3182 4076 3358 4117 carne
3390 4065 3484 4115 est
3521 4059 3614 4115 Fi-

1942 4153 2079 4224 lius,
2115 4168 2248 4208 cum
2270 4152 2401 4207 dico
2425 4150 2480 4205 in
2502 4166 2676 4206 carne
2708 4153 2818 4221 est,
2844 4150 2938 4205 vel
2961 4151 3019 4205 in
3051 4149 3247 4218 terris,
3284 4149 3613 4204 secundum

1944 4257 2179 4297 carnem
2205 4240 2327 4313 jam
2348 4255 2462 4295 non
2496 4240 2770 4295 novimus
2791 4240 3092 4294 Christum
3115 4238 3202 4305 (II
3227 4238 3364 4293 Cor.
3397 4253 3455 4307 v,
3488 4238 3606 4307 16):

1943 4347 2087 4404 ergo
2119 4331 2178 4384 in
2201 4345 2377 4384 carne
2407 4333 2499 4384 est
2532 4328 2737 4398 Filius,
2784 4333 2841 4384 et
2871 4329 3059 4396 solus,
3096 4343 3213 4382 non
3246 4331 3357 4395 est,
3392 4342 3611 4381 secun-
3682 4326 3692 4335 '

1943 4421 2080 4474 dum
2102 4420 2257 4491 quod
2291 4418 2579 4488 scriptum
2608 4422 2698 4472 est
2732 4434 2743 4473 :
2775 4440 2796 4466 α
2827 4417 2895 4470 Et
2925 4431 3041 4470 nou
3074 4431 3206 4469 sum
3249 4415 3437 4484 solus,
3471 4414 3608 4485 quia

1944 4510 2116 4564 Pater
2146 4523 2374 4564 mecum
2406 4512 2497 4561 est
2554 4506 2744 4575 (Joan.
2778 4522 2902 4575 vm,
2938 4504 3027 4574 16)
3058 4520 3069 4559 :
3110 4522 3133 4553 ι
3166 4506 3222 4558 et
3249 4506 3420 4574 putas
3453 4502 3611 4574 quod

1942 4601 2020 4654 sit
2059 4599 2232 4653 Pater
2269 4597 2437 4651 solus
2467 4595 2526 4649 in
2548 4595 2678 4650 luce
2709 4595 2737 4648 ἱ)

179 4688 704 4777 ρτωᾱὶοανίιξῐῆαω
736 4713 792 4766 et
819 4710 1009 4765 anima
1042 4709 1292 4764 moritur
1326 4722 1337 4763 :
1378 4730 1398 4756 α
1427 4708 1634 4762 Anima
1672 4707 1827 4762 enim
1856 4688 1909 4749 Ῑ)
2012 4706 2186 4761 21.Α1
2211 4718 2282 4759 ne
2315 4703 2426 4759 hoc
2445 4703 2856 4775 argumentum
2880 4702 3052 4771 putes
3073 4696 3416 4771 (48),accipe
3437 4700 3612 4755 etiam

235 4852 337 4922 (4t)
369 4853 553 4923 Edit.,
589 4853 664 4908 de
696 4868 764 4908 eo
795 4852 951 4908 enim
980 4867 996 4923 ;
1040 4868 1213 4917 mss.,
1246 4850 1320 4923 de
1352 4850 1475 4906 Deo
1505 4851 1681 4919 etii”),
1714 4853 1827 4923 etc.

234 4924 338 4993 (15)
370 4949 392 4971 ι
424 4922 633 4979 Virtus
654 4929 743 4979 est
779 4925 980 4995 Jesus,
1014 4948 1035 4970 η
1069 4940 1188 4978 vox
1218 4922 1418 4977 ultima
1452 4924 1509 4977 in
1541 4938 1688 4976 mss.
1715 4922 1832 4993 ple-

180 4992 358 5051 risque
386 4997 618 5051 omissa
648 5000 760 5051 est.

234 5065 337 5133 (46)
368 5067 504 5123 Non
528 5067 703 5138 pauci
731 5082 880 5121 mss.
914 5088 936 5116 α
975 5066 1131 5121 sicut
1162 5081 1349 5138 negas
1372 5081 1506 5137 qua:
1537 5065 1659 5119 Deo
1689 5066 1831 5118 sunt

183 5144 608 5211 consequentia.
646 5159 669 5186 ι
772 5208 780 5211 _
926 5209 971 5211 ν
1018 5210 1023 5211 ί
1068 5209 1081 5211 _
1256 5207 1270 5211 ,
1378 5210 1384 5211 ί
1452 5138 1467 5149 ’

239 5207 405 5275 (4'7)?-
458 5210 595 5264 Non
635 5208 885 5264 moritur
924 5209 1108 5276 Uriel,
1156 5231 1178 5255 »
1221 5207 1392 5262 abest
1429 5223 1461 5261 a
1522 5223 1669 5262 mss.
1711 5222 1829 5261 non

183 5293 402 5350 paucis;
454 5298 591 5336 cum
642 5286 837 5336 autem
869 5281 929 5335 in
967 5281 1102 5334 aliis
1134 5279 1489 5350 quibusdam
1513 5282 1569 5332 et
1598 5278 1829 5332 cunctis

184 5349 299 5423 edit.
330 5352 683 5420 inveniatur,
716 5352 861 5407 nihil
893 5349 1167 5423 prohibet
1186 5350 1327 5423 quin
1361 5349 1658 5423 Ambgosii
1692 5364 1831 5423 esse

185 5420 535 5479 arbitremur.
568 5424 817 5494 Etenim,
852 5420 1125 5493 quamvis
1152 5420 1225 5476 cl.
1250 5421 1343 5474 vir
1360 5420 1412 5475 J.
1433 5421 1495 5474 Β.
1516 5421 1828 5475 'l‘hiersius

186 5498 235 5552 in
259 5504 421 5571 epist.
454 5503 529 5557 ad
581 5503 801 5557 Lucam
851 5501 1171 5556 Acherium
1210 5497 1297 5552 τόν
1323 5500 1609 5573 μᾳκαρίτήν
1646 5516 1829 5573 ουςιιτ

188 5575 373 5645 mentis
408 5574 705 5645 pluribus,
749 5574 1006 5645 maxime
1054 5587 1199 5645 vero
1248 5571 1828 5645 testinmniisCaioli

186 5638 380 5717 Magni,
411 5638 701 5702 'Haitonis
748 5644 1140 5717 Basileensis.
1174 5643 1411 5717 concilii
1442 5642 1756 5717 Aureliam
1776 5645 1831 5697 et

189 5712 335 5772 conc.
366 5712 540 5775 Rom.
574 5734 633 5787 ιι,
678 5718 793 5774 sub
821 5714 1540 5787 Zacharia_pontitlee,_ex
1586 5712 1833 5787 angelo-

189 5797 301 5846 rum
327 5788 456 5849 albo
477 5784 937 5867 expungendum
950 5801 1090 5849 esse
1112 5784 1271 5847 hunc
1301 5785 1558 5847 Urielem
1589 5784 1835 5844 demon-

445 5958 698 6024 Pnaoa.
737 5957 894 6024 XVI.

1941 4848 2216 4903 straverit
2242 4863 2254 4903 :
2287 4850 2481 4901 tamen
2500 4860 2632 4899 cum
2650 4843 2753 4898 lib.
2774 4860 2832 4896 IV
2852 4842 3081 4909 Esdrae,
3106 4842 3207 4897 ubi
3229 4858 3442 4898 nomen
3467 4841 3610 4897 illud

1941 4922 2166 4991 sacpius
2184 4933 2500 4991 occurrere
2530 4916 2805 4991 agnoscit
2826 4914 3160 4991 Thiersius,
3183 4930 3301 4991 pro,
3322 4916 3609 4991 canonico

1940 4985 2163 5062 saepius
2224 4985 2596 5062 Ambrosius
2616 4985 3020 5062 _laudaverit,_
3041 5002 3159 5040 non
3186 4985 3310 5062 ’est
3366 4987 3609 5062 dubium

1940 5056 2081 5133 quin
2112 5060 2383 5133 ejusdem
2405 5056 2808 5133 auctoritatem
2828 5056 2923 5110 hic
2946 5057 3309 5133 etiamsequi
3331 5059 3605 5133 potuerit.

1941 5128 2087 5189 Nam
2119 5128 2288 5203 quod.
2306 5130 2522 5203 ibidem
2543 5128 2810 5203 additvir
2838 5128 3105 5182 eruditus
3127 5128 3383 5203 Uri‘elem
3408 5129 3557 5203 forte
3575 5145 3607 5181 a

1939 5199 2178 5260 doctore
2227 5200 2499 5272 reprobis
2532 5199 2763 5270 angelis
2794 5200 3189 5266 annumerari,
3225 5199 3339 5272 hoe
3368 5200 3441 5253 ab
3473 5200 3607 5271 ejus

1941 5280 2132 5332 mente
2166 5271 2415 5344 prorsus
2464 5271 2718 5325 alienum
2762 5275 2872 5344 est.
2923 5273 3217 5324 Caeterum
3248 5271 3492 5344 pulchre
3539 5285 3607 5344 ac

1939 5341 2237 5418 sapienter
2255 5345 2365 5418 hoc
2386 5346 2516 5418 loco
2539 5343 3029 5418 immortalitatem
3045 5341 3415 5418 naturalema
3431 5341 3607 5418 parti:

1940 5410 2128 5490 cipata
2152 5416 2464 5487 distinguit
2495 5420 2742 5490 sanctus
2770 5413 3013 5484 prtesul,
3048 5418 3103 5467 et
3123 5413 3318 5484 priore
3333 5410 3461 5490 _Dco
3493 5410 3606 5463 soli

1941 5484 2230 5546 concessa
2250 5493 2306 5542 et
2335 5484 2658 5552 reservata,
2692 5485 2934 5539 alteram
2967 5489 3190 5538 tantum
3216 5484 3388 5536 modo
3419 5495 3606 5550 ange-

1940 5564 2015 5617 lis
2034 5560 2296 5616 attribuit
2322 5574 2334 5615 :
2364 5559 2419 5613 in
2443 5573 2559 5630 quo
2583 5572 2716 5612 eum
2748 5556 3123 5629 Augustinus
3145 5568 3379 5625 quoque
3400 5555 3607 5621 postea

1941 5638 2207 5690 secutus.

2014 5706 2128 5776 (t8)
2168 5703 2338 5759 Erae.
2391 5716 2459 5755 ac
2500 5698 2741 5776 Gill._in
2786 5713 2973 5776 marg.
3020 5699 3076 5751 et
3100 5693 3261 5776 sdit.
3315 5693 3500 5776 Eon);
3547 5693 3610 5776 in

1940 5763 2130 5853 θοίῬᾲ
2186 5797 2208 5825 ε
2256 5777 2531 5853 argutum
2561 5772 2734 5853 putes
2770 5784 2782 5828 :
2822 5790 2844 5821 ι
2878 5763 3065 5853 iidem
3100 5764 3272 5853 Era‘s.
3305 5768 3361 5822 et
3390 5763 3524 5853 Gill.
3548 5765 3613 5825 in

1941 5837 2372 5928 corp/necnon
2402 5837 2644 5907 Amerb.
2678 5856 2812 5903 cum
2846 5852 2992 5899 mea.
3044 5837 3347 5911 omnibus,
3377 5857 3400 5890 ι
3434 5850 3616 5917 erga.

3258 5935 3330 5999 20
