3982 6174
318 363 442 428 619

321 562 718 620 testimonium
751 575 764 616 :
802 581 825 611 ι
861 559 1066 629 Deum,
1091 555 1298 630 inquit,
1324 569 1497 611 nemo
1526 551 1673 608 vidit
1701 566 1984 623 unquam,
2022 548 2062 611 Α

316 653 433 708 nisi
463 651 806 724 unigenitus
837 648 1044 718 Filius,
1077 648 1179 719 qui
1218 650 1318 701 est
1346 646 1407 700 in
1441 660 1579 700 sinu
1609 642 1822 711 Patris,
1857 642 1988 711 ipse

316 741 613 797 enarravit
643 741 832 809 (Joan.
865 756 904 807 ι,
946 735 1060 804 18).
1099 758 1120 784 ι»
1163 734 1468 801 Quomodo
1510 733 1677 788 solus
1709 732 1901 800 Pater,
1934 729 1989 784 si

314 830 378 886 in
409 830 546 886 sinu
593 830 786 884 Patris
818 827 1005 882 Filius
1036 818 1171 880 eet?
1199 824 1494 896 quomodo
1525 823 1777 891 enarrat,
1811 833 1987 891 quem

313 936 436 977 non
464 919 670 975 videt?
696 934 815 974 non
845 932 992 989 ergo
1024 915 1194 971 solus
1225 914 1415 968 Pater.

356 1044 475 1099 .25.
507 1044 727 1115 Accipe
759 1058 916 1099 nunc
948 1044 1005 1097 et
1043 1039 1237 1096 solum
1267 1039 1521 1107 Patrem,
1562 1038 1620 1092 et
1650 1033 1844 1090 solum
1884 1032 1987 1088 Fi-

307 1133 480 1189 lium.
515 1133 693 1190 Solus
722 1133 915 1202 Pater,
941 1130 1077 1203 quia
1107 1130 1261 1184 alius
1292 1128 1465 1183 Pater
1500 1142 1618 1181 non
1648 1127 1739 1180 est
1770 1140 1783 1179 :
1818 1121 1986 1178 solus

314 1223 522 1293 Filius,
556 1222 691 1295 quia
722 1221 874 1276 alius
907 1220 1095 1275 Filius
1128 1234 1247 1274 non
1277 1220 1370 1273 est
1407 1232 1419 1272 :
1449 1215 1619 1271 solas
1658 1214 1819 1269 Deus
1852 1211 1989 1284 quia

310 1328 430 1368 una
459 1311 740 1367 divinitas
770 1310 1078 1366 Trinitatis
1102 1311 1196 1365 est

958 1468 1211 1525 CAPUT
1247 1467 1346 1523 IV.

318 1615 623 1673 Christum
636 1632 751 1672 non
764 1614 887 1670 nisi
896 1613 1217 1670 secundum
1230 1624 1469 1667 carnem
1485 1608 1702 1664 factum
1717 1604 1981 1661 narrari:

388 1690 597 1769 quippe
614 1689 711 1769 qui
722 1687 1068 1769 ytlzomincs
1088 1683 1562 1769 τθάίιέῗθνθὲνηοη
1577 1678 1812 1769 θθέίθτίί
1832 1675 1991 1769 ΜΨ

388 1749 560 1827 ἱοιοῖὀ,
577 1749 731 1815 sicut
746 1773 854 1813 nec
869 1763 928 1812 ut
940 1773 1007 1812 se
1026 1755 1443 1816 resuscitaret;
1458 1768 1584 1827 cum
1600 1749 1813 1827 aliisut
1830 1764 1986 1827 mor-

389 1837 518 1887 tuos
544 1820 1015 1902 resuscitarent.
1035 1828 1304 1902 oratione
1335 1840 1477 1902 opus
1501 1822 1709 1902 fuerit.
1734 1820 1989 1902 Etsiau-

389 1908 505 1958 tem
533 1903 661 1974 ipse
691 1900 1100 1968 eraverit,boc
1132 1893 1530 1974 referendum.
1547 1893 1622 1948 ad
1651 1893 1986 1974 humanita-

388 1980 503 2029 tem
522 1966 940 2028 {divinitatem
966 1966 1106 2025 vero
1127 1986 1205 2024 ex
1236 1984 1305 2023 eo
1328 1967 1477 2037 quod
1506 1966 1732 2037 impera
1747 1966 1986 2037 vit,aes-

387 2045 740 2109 timendam;
777 2043 838 2096 in
873 2058 980 2115 quo
1006 2039 1279 2115 diabolus
1298 2035 1552 2115 Arianis
1582 2035 1983 2115 anteponitur.

395 2117 552 2184 Tum,
575 2106 844 2187 exposito
871 2106 979 2168 cur
998 2111 1191 2187 Filius
1214 2110 1472 2187 hominis
1489 2112 1706 2180 potens
1726 2106 1984 2175 dicatur,

387 2182 725 2260 argumenti
736 2191 983 2258 ponitur
1007 2182 1324 2238 conclusio.

386 2331 475 2386 26.
508 2328 705 2403 [Alias
749 2344 878 2399 cap.
912 2324 1034 2399 111.]
1090 2324 1247 2381 Satis
1297 2338 1443 2396 ergo
1492 2320 1674 2378 claret
1701 2323 1758 2376 et
1789 2318 1985 2375 solum

316 2419 504 2475 Deum
536 2435 654 2474 non
677 2433 817 2473 esse
850 2415 1082 2470 Patrem
1117 2415 1248 2469 sine
1280 2412 1448 2482 Filio,
1474 2414 1531 2467 et
1565 2410 1761 2466 solum
1797 2408 1985 2488 Deum

316 2525 435 2566 non
482 2506 734 2579 intelligi
778 2504 992 2560 Filium
1034 2503 1164 2558 sine
1210 2503 1422 2571 Patre;
1467 2500 1606 2572 quia
1652 2498 1984 2554 secundum

318 2614 553 2654 carnem
578 2597 690 2667 (49)
709 2594 900 2649 factus
922 2593 1141 2665 legitur
1160 2591 1266 2648 Dei
1284 2589 1492 2660 Filius,
1517 2605 1635 2646 non
1656 2587 1982 2645 secundum

317 2685 574 2742 divinam
607 2683 1068 2758 generationem.

386 2827 476 2885 27.
500 2828 563 2882 In
585 2842 702 2899 quo
732 2827 926 2881 autem
949 2824 1140 2879 factus
1162 2823 1258 2893 sit,
1291 2838 1398 2894 per
1426 2837 1495 2878 os
1525 2819 1716 2876 sancti
1731 2820 1979 2891 patriar-

319 2919 448 2976 chm
487 2918 722 2972 locutus
781 2914 1060 2983 asseruit,
1107 2913 1315 2967 dicens
1349 2928 1362 2968 :
1401 2934 1423 2960 «ι
1466 2910 1611 2976 Quia
1642 2909 1863 2981 repleta
1894 2911 1987 2963 est

315 3008 488 3065 malis
520 3006 712 3061 anima
732 3020 882 3075 mea,
913 3007 971 3060 et
997 3004 1115 3058 vita
1134 3018 1263 3057 mea
1283 3001 1515 3056 inferno
1546 2999 1984 3071 appropinqua-

314 3098 420 3153 vit.
452 3096 813 3151 Aistimatus
835 3110 967 3149 sum
988 3109 1122 3148 cum
1141 3089 1645 3147 descendentibus
1667 3089 1727 3144 in
1748 3089 1939 3143 laeum
1965 3102 1979 3143 :

318 3186 513 3242 factus
535 3186 690 3240 sicut
717 3185 894 3239 homo
916 3183 1048 3238 sine
1069 3181 1363 3252 adiutorio
1386 3180 1539 3235 inter
1556 3182 1819 3233 mortuos
1834 3176 1987 3232 liber

1758 352 1826 413 S.
1872 346 2313 413 AMBROSII.

3623 355 3731 422 620

2185 551 2272 606 29.
2299 555 2382 606 Ac
2404 551 2540 607 licet
2565 552 2838 609 homines
2869 568 3107 625 quoque
3152 554 3572 613 suscitaverunt
3588 575 3732 615 mor-

2112 643 2248 695 tuos
2282 657 2296 709 ;
2345 658 2463 696 non
2502 643 2562 696 in
2601 659 2708 697 sua
2755 646 2949 697 tamen
2997 643 3211 698 virtute
3244 642 3513 715 fecerunt,
3544 650 3640 703 sed
3680 650 3731 706 in

2109 727 2330 784 Christi
2360 731 2617 786 nomine.
2655 732 2827 786 Aliud
2855 735 2949 786 est
2981 748 3215 804 rogare,
3248 732 3402 788 aliud
3430 735 3691 806 imperare
3719 754 3734 794 ι

2110 817 2270 873 aliud
2300 820 2536 890 mereri,
2560 820 2717 875 aliud
2749 820 2987 877 donare.

2177 925 2267 981 30.
2294 926 2453 981 Elias
2486 942 2630 1000 ergo
2655 928 2985 997 suscitavit,
3018 929 3125 984 sed
3147 928 3351 998 oravit,
3371 946 3485 985 non
3511 931 3741 1002 impera-

2108 1015 2194 1069 vit
2224 1015 2342 1086 (ΙΙΙ
2355 1016 2504 1088 Reg.
2541 1033 2685 1088 xvu,
2710 1017 2799 1087 2t,
2822 1017 2932 1088 23).
2958 1017 3216 1073 Elisaeus
3249 1020 3549 1074 suscitavit
3577 1021 3742 1075 conti-

2109 1108 2358 1177 guratus
2380 1108 2609 1161 mortuo
2628 1106 2680 1175 (I
2695 1106 2898 1178 Vch.
2922 1124 2999 1177 ιν,
3018 1107 3106 1176 34,
3126 1108 3217 1177 35)
3241 1122 3254 1162 :
3281 1108 3578 1162 suscitavxt
3592 1110 3746 1165 etiam

2112 1194 2305 1265 ipsius
2353 1196 2571 1250 mortui
2609 1197 2879 1267 corporis
2929 1200 3119 1251 tactus
3139 1195 3281 1266 (50);
3311 1200 3374 1251 ut
3410 1200 3566 1252 esset
3591 1200 3746 1268 typus

2111 1287 2427 1338 venturum
2459 1300 2594 1339 eum
2624 1285 2724 1356 qui
2755 1285 2982 1340 missus
3012 1285 3071 1339 in
3103 1285 3539 1341 similitudinem
3569 1287 3744 1342 carnis

2109 1373 2360 1443 peccati,
2395 1373 2569 1428 etiam
2591 1374 2862 1445 sepultus
2894 1377 3158 1431 mortuos
3181 1374 3514 1430 suscitaret.

2179 1475 2269 1533 31.
2303 1478 2517 1535 Petrus
2577 1496 2834 1552 quoque,
2880 1496 3014 1535 cum
3058 1479 3313 1536 Aineam
3354 1484 3598 1553 curaret,
3639 1481 3749 1537 ait:

2113 1591 2135 1616 σε
2172 1567 2232 1623 in
2260 1569 2496 1625 nomine
2527 1569 2674 1625 Jesu
2710 1570 3019 1639 Nazareni,
3054 1586 3236 1642 surge
3276 1572 3335 1625 et
3356 1568 3587 1625 ambula
3613 1570 3755 1641 (Act.

2105 1674 2193 1728 ιιι,
2216 1658 2271 1729 6)
2307 1674 2320 1728 ;
2358 1679 2380 1708 ι
2402 1675 2520 1714 non
2551 1659 2610 1713 in
2632 1674 2742 1714 suo
2774 1659 2872 1731 ait,
2898 1658 3006 1714 sed
3026 1660 3087 1714 in
3116 1658 3338 1714 Christi
3368 1657 3759 1715 nomine.Sur-

2112 1761 2186 1819 ge
2216 1749 2409 1803 autem
2449 1748 2696 1803 verbum
2737 1751 2829 1803 est
2877 1748 3223 1819 imperantis
3256 1765 3269 1803 :
3306 1748 3416 1803 sed
3445 1747 3655 1803 ﬁducia
3699 1747 3763 1803 de

2110 1838 2320 1892 merito
2369 1840 2480 1907 est,
2529 1853 2647 1891 non
2703 1837 3088 1909 prmsumptio
3126 1837 3199 1892 de
3231 1839 3520 1908 potestate
3552 1852 3565 1893 :
3605 1839 3660 1892 et
3700 1835 3763 1891 de

2016 1931 2065 1993 Β
2109 1925 2367 1981 nominis
2399 1927 2737 1997 operatione
2771 1927 2904 1997 (51),
2928 1943 3046 1981 non
3075 1926 3147 1981 de
3169 1942 3279 1981 sua
3307 1926 3527 1981 virtute
3554 1939 3769 1997 praece-

2112 2015 2331 2086 ptionis
2361 2016 2700 2071 auctoritas.
2733 2014 2884 2080 Quid
2927 2015 3111 2088 igitur
3150 2015 3360 2070 Ariani
3408 2015 3663 2070 dicunt?
3716 2013 3771 2069 In

2113 2104 2349 2159 nomine
2371 2103 2592 2159 Christi
2623 2106 2679 2158 et
2712 2105 2923 2159 Petrus
2950 2104 3224 2175 imperat,
3257 2107 3316 2159 et
3339 2103 3424 2158 illi
3454 2103 3659 2159 nolunt
3672 2103 3776 2157 im-

2108 2209 2357 2265 perasse
2381 2193 2487 2247 Dei
2516 2191 2749 2262 Filium,
2775 2193 2883 2248 sed
2914 2208 3187 2265 rogasse.

2178 2299 2267 2355 32.
2292 2299 2408 2355 Sed
2437 2298 2655 2354 lectum
2676 2302 2767 2355 est
2784 2300 2921 2372 quia
2942 2300 3196 2372 rogavit.
3217 2299 3403 2355 Disce
3424 2298 3776 2355 distantiam.

2112 2390 2306 2461 Rogat
2321 2389 2495 2461 quasi
2516 2389 2673 2444 filius
2696 2388 2977 2458 hominis,
2992 2388 3239 2459 imperat
3259 2390 3441 2461 quasi
3459 2389 3561 2444 Dei
3582 2388 3778 2443 Filius.

2112 2479 2324 2534 Annon
2354 2477 2602 2533 defertis
2624 2478 2738 2533 hoc
2767 2478 2873 2533 Dei
2910 2477 3081 2546 Filio,
3113 2478 3274 2549 quod
3306 2479 3488 2533 etiam
3518 2476 3783 2533 diabolus

2110 2567 2398 2637 detulit,et
2411 2582 2520 2622 vos
2540 2566 2764 2638 majore
2787 2567 3104 2639 sacrilegio
3123 2568 3437 2639 derogatis
3454 2568 3484 2622 ‘?
3509 2567 3612 2621 Ille
3633 2566 3782 2621 dicit:

2115 2678 2137 2707 α
2174 2656 2237 2712 Si
2260 2656 2448 2712 Filius
2470 2656 2579 2712 Dei
2594 2672 2683 2726 es,
2709 2656 2804 2710 dic
2825 2656 3001 2727 lapidi
3025 2656 3163 2711 huic
3194 2660 3257 2711 ut
3288 2657 3394 2711 fiat
3424 2656 3601 2724 panis
3631 2655 3785 2725 (Luc.

2110 2745 2272 2816 ΝΒ).
2284 2770 2305 2793 η
2322 2745 2423 2800 Ille
2436 2745 2828 2816 dicit,impera
2843 2760 2857 2800 :
2875 2761 2983 2800 vos
2998 2744 3515 2814 dicitis,obsecra.
3537 2745 3642 2799 Ille
3676 2757 3795 2798 cre-

2110 2835 2192 2889 dit
2215 2835 2392 2907 quod,
2422 2833 2668 2906 jubente
2691 2834 2794 2889 Dei
2819 2833 2991 2903 Filio,
3013 2834 3451 2890 elementorum
3480 2847 3790 2904 rerumque

2110 2927 2317 2997 natura
2348 2924 2408 2978 in
2425 2923 2745 2979 adversum
2767 2926 3063 2979 vertatur:
3091 2939 3201 2978 vos
3225 2923 3488 2978 creditis
3507 2922 3669 2996 quod
3688 2921 3797 2976 nisi

2110 3016 2281 3086 roget
2306 3012 2413 3068 Dei
2444 3010 2651 3082 Filius,
2687 3028 2799 3067 nec
2829 3012 3105 3067 voluntas
3136 3012 3335 3083 ipsius
3363 3012 3706 3082 impleatur.
3730 3008 3797 3064 Et

2112 3101 2387 3157 diabolus
2416 3102 2488 3156 de
2504 3104 2793 3173 potestate
2815 3101 3225 3156 aestimandum
3241 3105 3417 3172 putat
3436 3101 3550 3156 Dei
3570 3100 3799 3170 Filium,

2108 3208 2218 3246 vos
2268 3191 2339 3247 de
2387 3191 2743 3246 infirmitate.
2775 3189 3198 3246 Tolerabiliora
3262 3194 3416 3246 sunt
3447 3192 3802 3246 tentamenta

315 3276 503 3348 (Psal.
540 3290 801 3344 Lxxxvu,
833 3272 1000 3343 4-6).»
1028 3270 1098 3325 Et
1119 3270 1215 3366 hic
1243 3269 1397 3366 sicut
1430 3269 1615 3339 homo,
1637 3267 1844 3366 inquit,
1865 3282 1984 3366 non
2012 3302 2065 3366 Ο
2110 3280 2385 3350 diabolis’
2418 3296 2593 3352 quam
2614 3283 2961 3352 argumenta
2992 3280 3136 3335 Ani.

321 3366 475 3421 sicut
493 3366 674 3435 Deus,
696 3363 889 3417 factus
907 3377 1061 3416 sum.
1092 3383 1114 3407 α
1149 3358 1221 3413 Ει
1249 3358 1470 3429 repleta
1486 3361 1581 3412 est
1598 3356 1770 3412 malis
1788 3355 1982 3411 anima

316 3470 492 3510 mea:
540 3476 562 3504 υ
606 3453 799 3508 anima
848 3452 1071 3522 utique,
1113 3464 1232 3503 non
1275 3446 1574 3501 divinitas.
1622 3445 1839 3500 Factus
1892 3448 1986 3500 est

316 3536 465 3600 502
506 3544 566 3597 in
614 3558 706 3612 eo,
750 3541 812 3595 in
856 3555 974 3612 quo
1020 3540 1145 3593 erat
1184 3536 1433 3591 infernis
1465 3535 1741 3591 debitus:
1790 3533 1983 3589 factus

315 3636 410 3688 est
436 3632 496 3687 in
525 3648 616 3701 eo,
648 3632 709 3685 in
737 3646 852 3702 quo
882 3644 1016 3683 cum
1043 3627 1177 3682 aliis
1207 3626 1533 3681 aestimatus
1582 3627 1674 3680 est
1706 3641 1722 3695 ;
1771 3624 1981 3678 divini-

314 3726 406 3777 tas
451 3722 606 3777 enim
647 3718 1092 3774 similitudinem
1135 3716 1469 3772 collationis
1506 3712 1758 3785 abjurat.
1795 3713 1866 3767 Et
1893 3715 1984 3767 ta-

316 3825 453 3865 men
480 3811 539 3864 in
571 3811 701 3879 ipsa
745 3822 920 3861 carne
969 3805 1139 3861 morti
1172 3804 1428 3859 obnoxia
1458 3802 1827 3875 majestatem
1876 3801 1983 3856 ad-
2018 3853 2041 3861 -

316 3901 481 3953 verte
514 3897 834 3952 divinitatis
867 3897 926 3949 in
971 3894 1228 3949 Christo.
1269 3893 1340 3948 Et
1379 3894 1432 3947 si
1476 3892 1668 3947 factus
1708 3894 1801 3947 est
1831 3892 1985 3946 sicut

316 3986 516 4058 homo,
550 3990 606 4041 et
652 3986 807 4040 sicut
853 4000 990 4039 caro
1024 3983 1215 4038 factus
1248 3988 1339 4038 est
1381 3997 1393 4037 :
1445 3980 1636 4036 factus
1670 3984 1762 4036 est
1791 3985 1984 4036 tamen

315 4077 472 4132 inter
500 4077 767 4130 mortuos
788 4073 959 4144 liber,
995 4076 1052 4128 et
1071 4072 1225 4127 liber
1251 4071 1381 4127 sine
1413 4070 1727 4144 adjutorio.

387 4201 476 4257 28.
510 4200 626 4257 Sed
673 4198 968 4272 quomodo
1018 4198 1116 4253 hic
1164 4197 1295 4253 sine
1336 4194 1631 4267 adjutorio
1678 4193 1869 4249 fuisse
1916 4210 1983 4250 se

320 4290 510 4347 Filius
533 4290 694 4361 dicit,
720 4306 852 4345 cum
884 4304 1062 4359 supra
1081 4288 1230 4358 (cap.
1254 4286 1309 4356 2)
1340 4285 1559 4341 dictum
1590 4285 1669 4340 sit
1700 4302 1712 4340 :
1751 4307 1772 4334 α
1804 4284 1982 4339 Posui

315 4380 675 4453 adjutorium
713 4394 896 4450 super
926 4380 1221 4449 polentam
1253 4374 1441 4446 (Psal.
1473 4391 1756 4445 Lxxxvm,
1789 4375 1923 4445 20)?
1956 4395 1978 4424 ι

315 4469 475 4542 Ergo
505 4472 558 4524 et
581 4470 678 4525 hic
710 4468 1010 4540 distingue
1041 4469 1300 4521 naturas.
1320 4463 1696 4536 Adjutorium
1717 4479 1853 4518 caro
1876 4463 1983 4518 ha-

312 4558 434 4630 bet,
461 4559 739 4614 divinitas
770 4574 889 4613 non
920 4556 1115 4611 habet.
1152 4555 1332 4609 Liber
1351 4554 1533 4626 igitur
1549 4556 1659 4621 est,
1675 4553 1812 4625 quia
1830 4569 1983 4608 mor-

312 4648 389 4703 tis
419 4649 657 4703 vincula
699 4646 958 4703 nescivit
1003 4661 1016 4701 :
1063 4661 1182 4700 non
1228 4646 1436 4715 captus
1467 4642 1540 4697 ab
1588 4642 1821 4713 inferis,
1872 4642 2057 4734 scdD

314 4737 415 4808 qui
447 4741 725 4807 operatus
756 4737 835 4791 sit
867 4736 926 4790 in
950 4734 1235 4789 infernis:
1261 4734 1391 4787 sine
1408 4732 1702 4804 adjutorio
1721 4734 1830 4801 est,
1847 4730 1983 4803 quia

313 4840 505 4896 neque
536 4841 643 4895 per
671 4825 960 4894 nuntium,
976 4839 1168 4895 neque
1186 4838 1294 4893 per
1313 4822 1592 4894 legatum,
1609 4820 1716 4876 sed
1735 4821 1862 4891 ipse
1879 4836 1986 4891 per

313 4927 381 4967 se
411 4913 698 4967 Dominus
730 4914 962 4967 salvum
994 4912 1129 4967 fecit
1159 4911 1438 4982 populum
1460 4926 1655 4965 suum.
1678 4909 1983 4975 Quomodo

314 5001 469 5055 enim
499 5002 684 5070 potuit
723 5000 1081 5071 adjutorium
1116 5000 1211 5055 sui
1241 5000 1511 5071 corporis
1543 5014 1811 5071 quaerere
1841 5014 1982 5053 sus-

313 5089 553 5159 citandi,
569 5090 667 5160 qui
697 5089 847 5144 alios
879 5090 1237 5145 suscitavit?

310 5234 572 5286 mentum
610 5235 803 5301 putes.
844 5253 865 5279 υ
899 5230 1127 5301 Optine,
1163 5230 1457 5302 siquidem
1488 5247 1606 5286 non
1646 5231 1831 5286 semel
1876 5230 1983 5285 ad-

310 5308 544 5357 vertere
563 5303 727 5357 licuit
748 5303 1068 5358 Ambrosio
1087 5308 1496 5374 argumentum
1522 5319 1661 5358 esse
1681 5304 1983 5373 probatio-

309 5390 448 5430 nem
478 5375 754 5446 humanoi
778 5374 1020 5446 ingenio
1065 5378 1122 5429 et
1161 5374 1404 5428 solertia
1433 5375 1852 5446 excogitatum,
1887 5374 1983 5429 cui

304 5461 613 5573 lopponere
670 5445 823 5501 solet
872 5446 1195 5518 Scripturae
1234 5445 1659 5518 testimonium,
1691 5449 1754 5501 ut
1782 5446 1895 5502 hoc
1924 5446 1985 5500 in

330 5534 460 5573 oco.

330 5534 460 5574 OCO.

376 5588 491 5659 (49)
515 5589 736 5662 Deerat
766 5589 827 5644 in
859 5590 1042 5662 antiq.
1078 5588 1217 5645 edit.
1250 5605 1319 5642 ac
1353 5604 1502 5644 mss.
1526 5586 1767 5662 aliquot,
1792 5610 1815 5636 α
1849 5590 1987 5660 quia

305 5661 638 5717 secundum
659 5676 951 5732 carnem,»
983 5660 1121 5731 etc.;
1145 5662 1301 5732 quod
1324 5662 1494 5716 Rom.
1519 5660 1656 5732 edit.
1677 5660 1864 5732 prima
1894 5677 1986 5715 re-

304 5732 497 5805 stituit
528 5747 541 5789 :
580 5748 613 5787 a
642 5749 771 5805 qua
801 5730 1006 5805 plures
1036 5730 1377 5805 nostrorum
1405 5747 1553 5787 mss.
1588 5731 1703 5805 hoc
1733 5730 1862 5786 solo
1894 5731 1986 5805 di-

304 5804 482 5875 stant,
501 5804 660 5879 quod
675 5802 835 5878 pro}
857 5804 1054 5864 factus
1074 5804 1480 5878 intelligitur,»
1516 5802 1800 5864 exhibent
1831 5824 1854 5854 α
1893 5802 1985 5860 fa-

2179 3370 2268 3426 33.
2294 3369 2419 3425 Nec
2448 3373 2680 3424 moveat
2707 3370 2842 3441 quia
2873 3371 3167 3441 potentem
3198 3365 3431 3425 Filium
3453 3368 3613 3425 dixit
3631 3366 3809 3425 homi-

2110 3459 2226 3529 nis,
2260 3476 2394 3515 cum
2443 3459 2757 3514 Dominum
2796 3458 3127 3529 majestatis
3167 3458 3411 3531 legeris
3446 3458 3811 3515 cruciﬁxum

2109 3548 2167 3614 (Ι
2196 3548 2331 3604 Cor.
2365 3566 2425 3620 ιι,
2458 3548 2534 3619 2).
2567 3547 2710 3612 Quae
2741 3551 2933 3603 autem
2958 3547 3149 3620 major
3170 3549 3473 3620 potentia,
3501 3565 3686 3621 quam
3711 3563 3813 3601 su-

2114 3654 2219 3709 pra
2249 3638 2527 3693 cmlestes
2546 3640 2871 3708 potestates
2890 3636 3111 3691 habere
3141 3637 3532 3693 dominatum
3563 3636 3813 3710 (Ephes.

2108 3745 2146 3797 ι,
2182 3727 2272 3798 2t)
2289 3728 2317 3781 ε)
2336 3726 2602 3781 Habebat
2619 3729 2810 3781 autem
2826 3727 2924 3797 qui
2943 3725 3221 3796 Thronis,
3244 3726 3814 3792 Dominationibus,

2111 3815 2361 3888 Angelis
2391 3814 2735 3886 imperabat.
2761 3814 2910 3869 Nam
2943 3816 2999 3869 et
3021 3815 3073 3867 si
3093 3818 3215 3869 erat
3239 3814 3410 3869 inter
3440 3815 3709 3884 bestias,
3732 3811 3814 3866 si-
3851 3864 3860 3871 .

2111 3909 2208 3960 cut
2238 3904 2523 3976 scriptum
2555 3906 2647 3959 est
2676 3903 2891 3975 (Marc.
2924 3921 2961 3974 ι,
3000 3903 3108 3973 13),
3140 3907 3350 3958 tamen
3382 3904 3604 3977 angeli
3646 3902 3821 3957 mini-

2111 3994 2376 4049 strabant
2405 3994 2491 4063 ei;
2526 3996 2590 4048 ut
2628 4008 2927 4065 agnoscas
2970 3992 3127 4047 aliud
3173 3992 3638 4048 incarnationis
3662 4005 3819 4060 esse,

2109 4083 2266 4138 aliud
2298 4082 2627 4154 potestatis.
2662 4082 3000 4137 Secundum
3031 4097 3271 4135 carnem
3310 4083 3535 4155 itaque
3567 4083 3827 4138 tentatur

2111 4188 2144 4227 a
2175 4173 2408 4242 bestiis,
2431 4172 2757 4227 secundum
2783 4171 3125 4242 dignitatem
3140 4169 3212 4224 ab
3235 4171 3499 4244 angelis
3519 4171 3822 4226 adoretur.

2195 4280 2341 4343 503
2372 4288 2461 4343 34.
2489 4288 2814 4343 Didicimus
2846 4288 3028 4361 igitur
3056 4287 3274 4342 factum
3322 4304 3485 4345 esse
3518 4288 3828 4345 hominem

2110 4381 2167 4433 et
2212 4378 2285 4432 ad
2333 4377 2633 4433 hominem
2680 4377 2793 4432 hoc
2826 4392 2964 4432 esse
2996 4376 3418 4433 referendum.
3460 4378 3746 4449 Denique
3774 4376 3829 4428 et

2109 4466 2250 4521 alibi
2280 4466 2507 4536 habes;
2544 4487 2566 4516 α
2603 4465 2715 4531 Qui
2759 4465 2950 4520 factus
2990 4468 3082 4520 est
3121 4466 3175 4519 ei
3216 4481 3299 4520 ex
3354 4468 3612 4523 semine
3644 4463 3833 4521 David

2107 4555 2297 4627 (Rom.
2329 4572 2368 4623 1,
2402 4555 2478 4625 3),
2502 4575 2523 4604 ιι
2573 4554 2899 4609 secundum
2949 4571 3185 4609 carnem
3218 4555 3447 4628 utique
3480 4572 3566 4611 ex
3599 4556 3830 4610 semine

2111 4644 2297 4698 David
2322 4643 2512 4699 factus
2543 4647 2635 4698 est
2668 4658 2680 4699 :
2716 4644 2876 4698 Deus
2906 4646 3099 4697 autem
3128 4646 3263 4697 ante
3300 4645 3560 4701 saecula
3595 4660 3678 4700 ex
3711 4644 3832 4698 Deo

2111 4736 2286 4789 natus
2314 4736 2425 4788 est.

2760 4838 3013 4895 CAPUT
3051 4838 3123 4894 V.

2112 4946 2351 5003 Factum
2398 4949 2461 5001 in
2520 4946 2839 5018 Scriptura
2897 4962 3010 5002 non
3068 4962 3315 5018 semper
3359 4949 3543 5004 idem
3586 4963 3733 5004 esse
3771 4960 3837 5018 ac

2180 5023 2445 5100 creatum
2482 5017 3250 5100 exeinplis'cxipsapctitis
3275 5019 3505 5100 docet:
3531 5020 3692 5100 Inde
3718 5017 3839 5074 col-

2178 5090 2317 5163 ligit
2348 5106 2460 5145 non
2485 5088 2881 5144 cavi/landum
2906 5088 2983 5144 cx
3001 5088 3206 5143 littera
3240 5106 3433 5146 more
3457 5092 3835 5157 Judaeorum,

2112 5237 2243 5288 ctus
2275 5232 2512 5288 lenitur.
2549 5255 2571 5282 ιι
3574 5275 3581 5279 ς

2184 5305 2297 5375 (ὃΟ)
2331 5302 2479 5359 'I‘res
2519 5320 2689 5367 mss.,
2729 5325 2750 5352 α
2789 5302 3195 5375 configuratur
3222 5307 3518 5375 mortuo,
3558 5303 3841 5375 corporis

2109 5374 2308 5443 tactu;
2349 5398 2371 5423 »ι
2407 5392 2563 5430 unus
2595 5391 2738 5430 vero
2772 5391 2905 5446 quae
2936 5375 3212 5447 continuo
3234 5379 3622 5447 sequuntur
3655 5378 3734 5432 ila
3765 5374 3848 5429 Ie—

2114 5448 2269 5519 git,«
2310 5450 2371 5519 ut
2405 5462 2544 5501 esse
2577 5450 2753 5517 typus
2783 5445 3016 5501 venturi
3046 5445 3201 5519 eius,
3234 5445 3363 5517 qui
3394 5449 3654 5503 missus
3686 5450 3749 5501 in
3768 5447 3849 5519 si-

2113 5515 2504 5573 militudinem
2538 5515 2758 5586 carnis,
2784 5521 3050 5573 mortuos
3082 5515 3375 5573 humana
3411 5520 3609 5575 etiam
3644 5515 3848 5591 sepul-

2109 5592 2206 5645 tus
2237 5605 2413 5644 carne
2445 5591 2782 5645 suscitaret.
2820 5612 2840 5639 η

2106 5660 2293 5791 ιίοὲξέ)
2315 5660 2467 5791 3:33-
2501 5659 2746 5735 ⁸¹ίίιιιοιι
2778 5660 2851 5719 de
2880 5660 3170 5736 potestate
3199 5665 3262 5719 et
3296 5658 3603 5723 hominis
3627 5676 3849 5741 opera.

2274 5775 2288 5791 -
2413 5773 2426 5791 ο
2454 5752 2477 5787 I

2132 5748 2288 5806 none,
2315 5748 2426 5791 etc.
2454 5752 2477 5787 ι
