3982 6174
373 351 505 416 623

1770 353 1836 414 S.
1867 351 2310 416 AMBROSII.
3667 361 3770 427 624

380 554 472 622 5);
509 572 532 602 ι
563 551 659 607 alii
692 551 818 608 sic:
858 573 881 603 α
914 552 1122 609 Omnia
1141 568 1248 625 per
1267 553 1464 624 ipsum
1486 551 1640 608 facta
1661 555 1819 623 sunt,
1844 556 1901 607 et
1922 553 2053 607 sine
2081 533 2140 596 Α
2170 570 2277 624 per
2305 554 2398 608 sui
2433 555 2702 626 corporis
2734 555 3067 612 destrueret
3104 555 3451 626 passionem.
3481 559 3616 615 Caro
3641 562 3776 618 enim

377 642 514 712 ipso
545 641 764 697 factum
813 645 906 698 est
934 643 1113 714 nihil;
1155 664 1175 692 ιι
1229 642 1522 714 denique:
1579 665 1600 691 ιι
1635 641 1803 707 Quod
1833 641 2051 696 factum

379 733 493 802 est,
529 749 552 780 ι
585 732 985 801 pronuntiant,
1019 734 1076 786 et
1105 729 1518 804 subjungunt:
1557 752 1578 777 ιι
1603 729 1663 784 in
1695 729 1848 800 ipso,
1887 749 1909 778 ι
1936 729 2050 784 hoc

379 822 510 876 est:
541 817 837 890 Quidquid
865 824 1060 875 autem
1093 820 1330 890 factum,
1366 823 1459 874 est
1487 819 1547 874 in
1577 819 1730 890 ipso.
1753 817 1901 883 Quid
1933 820 2046 887 est,

383 928 408 956 ιι
440 907 503 962 in
549 906 732 978 ipso?
785 931 807 957 ι
859 909 1186 979 Apostolus
1231 909 1404 963 docet
1441 907 1682 964 dicens:
1736 929 1758 954 ιι
1812 906 1874 961 In
1917 907 2048 976 ipso

378 995 533 1052 enim
580 1011 812 1070 sumus,
859 1000 916 1052 et
962 997 1241 1068 vivimus,
1288 999 1346 1052 et
1375 1012 1683 1052 movemur
1711 996 1870 1066 (Aet.
1903 1011 2045 1064 xvn,

377 1083 489 1157 23).
526 1109 550 1136 ,ι

447 1175 536 1232 -14,
571 1174 812 1248 Tamen,
851 1177 1080 1232 etiamsi
1120 1176 1612 1248 quemadmodum
1659 1175 1862 1243 velint,
1903 1187 2045 1245 pro-

373 1265 662 1337 nuntient,
685 1282 804 1323 non
823 1269 1076 1338 possunt
1097 1267 1193 1322 hic
1209 1265 1548 1339 calumniari
1563 1265 1686 1321 Deo
1719 1257 1864 1320 505
1894 1263 2044 1318 Ver-

371 1353 474 1427 bo,
507 1356 561 1410 si
591 1356 666 1411 ad
693 1355 1088 1412 substantiam
1121 1355 1256 1428 ejus
1288 1355 1472 1410 velint
1501 1353 1762 1410 referre:
1817 1375 1840 1404 α
1872 1351 2040 1417 Quod

371 1443 594 1500 factum
622 1447 752 1516 est;
801 1469 822 1494 »ι
861 1446 1004 1517 quin
1045 1445 1480 1500 calumnientur
1519 1448 1576 1498 et
1607 1443 1763 1498 Patri
1797 1443 1939 1511 Deo,
1971 1442 2044 1497 de

371 1549 491 1606 quo
539 1534 827 1606 scriptum
874 1539 1002 1592 est:
1063 1558 1084 1584 (ι
1134 1533 1244 1598 Qui
1291 1537 1484 1588 autem
1531 1533 1670 1587 facit
1716 1531 2041 1600 veritatem,

371 1623 534 1680 venit
560 1625 633 1680 ad
661 1625 853 1680 lucem
881 1641 896 1695 ;
931 1628 993 1679 ut
1023 1623 1478 1680 manifestentur
1505 1637 1685 1693 opera
1713 1620 1870 1692 ejus,
1906 1620 2044 1691 quia

371 1714 434 1768 in
464 1713 587 1769 Deo
618 1716 758 1769 sunt
787 1713 940 1770 facta
970 1713 1169 1782 (Joan.
1200 1730 1284 1782 ιιι,
1325 1711 1438 1781 ﬁt).
1477 1731 1499 1761 ι
1536 1710 1689 1766 Ecce
1730 1711 1827 1765 hic
1860 1724 2042 1780 Opera

369 1803 630 1858 hominis
661 1804 722 1858 in
754 1802 875 1858 Deo
907 1802 1060 1857 facta
1101 1802 1381 1874 legimus,
1432 1803 1490 1856 et
1523 1800 1598 1854 ad
1649 1798 2040 1855 substantiam

367 1896 566 1947 tamen
597 1892 856 1947 divinam
887 1891 1110 1948 referre
1142 1907 1262 1946 non
1290 1905 1615 1962 possumus
1643 1906 1654 1944 :
1691 1888 1796 1943 sed
1819 1890 1917 1942 aut
1935 1903 2044 1957 per

367 1981 565 2052 ipsum
596 1981 749 2036 facta
783 1981 1228 2054 cognoscimus,
1262 1984 1324 2035 ut
1351 1983 1444 2035 est
1474 1978 1647 2034 etiam
1677 1977 1820 2032 illud
1849 1981 2042 2048 Apos-

367 2071 631 2142 tolicum,
666 2071 824 2144 quod
857 2094 879 2120 ιι
915 2070 1111 2126 omnia
1140 2085 1248 2140 per
1285 2069 1502 2140 ipsum,
1535 2070 1592 2123 et
1622 2069 1678 2122 in
1725 2067 1858 2138 ipso
1907 2080 2042 2120 cre-

367 2165 462 2216 ata
492 2165 666 2231 sunt;
699 2165 756 2216 et
785 2161 915 2232 ipse
947 2164 1040 2216 est
1068 2163 1202 2214 ante
1233 2174 1464 2228 omnes,
1499 2161 1556 2212 et
1585 2157 1780 2213 omnia
1812 2156 1870 2210 in
1907 2155 2040 2226 ipso

370 2250 646 2304 constant
675 2248 928 2319 (Coloss.
965 2266 1004 2320 ι,
1037 2249 1165 2318 16);
1205 2269 1227 2298 ιο
1263 2251 1383 2318 aut,
1415 2250 1480 2302 ut
1521 2245 1694 2302 docet
1722 2245 2040 2316 praesentis

368 2337 642 2394 lectionis
687 2339 1095 2394 testimonium
1155 2336 1288 2407 (5'7),
1337 2336 1590 2392 virtutes
1637 2335 1858 2406 quibus
1903 2334 2040 2388 vitae

367 2430 606 2483 aeternae
635 2427 867 2483 fructus
897 2427 1243 2498 acquiritur,
1279 2427 1338 2480 in
1389 2425 1512 2480 Deo
1543 2425 1730 2480 factas
1777 2423 2040 2478 aestima-

365 2532 430 2572 re
463 2517 770 2586 debemus,
824 2516 1173 2586 castitatem,
1224 2515 1516 2584 pietatem,
1559 2513 1933 2586 religionem,
1966 2512 2037 2566 ii-

366 2607 500 2661 dem
530 2610 587 2661 ct
617 2607 730 2661 alia
760 2603 1128 2678 hujusmodi,
1161 2620 1294 2676 qua:
1327 2603 1387 2659 in
1416 2603 1717 2659 voluntate
1748 2602 1856 2656 Dei
1885 2599 2036 2656 facta

367 2698 524 2750 sunL

437 2785 526 2840 45.
562 2784 722 2857 Ergo
754 2785 910 2840 sicut
930 2785 989 2838 in
1024 2783 1129 2839 Dei
1165 2783 1376 2853 Patris,
1403 2783 1479 2838 ita
1502 2782 1676 2837 etiam
1706 2781 1767 2835 in
1815 2779 2038 2835 Christi

363 2874 664 2928 voluntate
686 2878 742 2928 et
758 2874 970 2929 virtute
989 2873 1160 2944 facta,
1188 2875 1326 2928 sunt
1347 2873 1502 2926 sicut
1523 2871 1779 2943 legimus
1805 2885 1818 2925 :
1848 2891 1870 2920 κ
1891 2868 2038 2924 Cre-

363 2965 440 3019 ati
471 2964 532 3019 in
563 2962 798 3020 Christo
827 2963 886 3018 in
928 2963 1209 3034 operibus
1245 2961 1422 3016 bonis
1455 2960 1702 3032 (Eplies.
1735 2977 1796 3028 ιι,
1832 2957 1922 3030 ’10)
1954 2974 1970 3030 ς
2007 2979 2029 3008 υ

363 3057 420 3110 et
445 3054 507 3108 in
536 3053 802 3124 psalmo:
839 3074 861 3103 «
899 3053 1019 3107 Fiat
1050 3069 1164 3123 pax
1193 3053 1254 3106 in
1285 3052 1498 3106 virtute
1529 3055 1626 3105 tua
1649 3048 1837 3120 (Psal.
1859 3065 2030 3117 cxxx,

359 3145 456 3214 ’7);
493 3166 515 3192 υ
551 3147 607 3198 et
636 3142 808 3198 alibi:
849 3166 870 3190 ιι
911 3141 1117 3199 Omnia
1158 3143 1216 3195 in
1261 3139 1548 3210 sapientia
1597 3137 1795 3194 fecisti
1833 3135 2032 3208 (Psal.

361 3249 480 3302 cm,
514 3232 625 3302 2’1).
669 3253 690 3279 ››
727 3262 795 3272 -
832 3255 853 3279 «
888 3231 950 3286 In
1001 3230 1310 3300 sapientia,
1354 3229 1562 3300 inquit,
1598 3227 1816 3296 fecisti,
1856 3247 1878 3273 »
1912 3240 2032 3280 non

357 3321 708 3392 sapientiam
750 3321 962 3376 fecisti.
1012 3319 1161 3374 Nam
1211 3333 1346 3373 cum
1395 3317 1590 3372 omnia
1641 3317 1698 3370 in
1746 3314 2034 3386 sapientia

356 3412 511 3466 facta
543 3410 682 3480 sint,
713 3409 988 3464 Christus
1011 3411 1204 3464 autem
1239 3407 1341 3462 Dei
1374 3405 1666 3478 sapientia
1688 3405 1768 3460 sit
1794 3405 1814 3475 (
1845 3403 1876 3458 I
1895 3404 2030 3460 Cor.

357 3519 396 3570 ι,
430 3500 542 3570 24),
578 3517 695 3555 non
723 3500 1004 3554 accidens
1040 3499 1262 3570 utique,
1296 3496 1404 3551 sed
1435 3495 1780 3551 subsistens
1814 3497 1871 3549 et
1899 3508 2035 3564 per-

355 3605 604 3646 manens
650 3589 712 3644 in
759 3593 1078 3656 internum;
1131 3587 1184 3641 si
1233 3587 1386 3640 facta
1432 3589 1524 3642 est
1573 3583 1880 3656 sapientia,
1909 3582 2033 3654 jam

361 3679 654 3734 deteriore
679 3678 1012 3733 conditione
1039 3677 1189 3732 facta
1213 3678 1304 3731 est
1328 3692 1503 3747 quam
1518 3675 1746 3743 omnia;
1779 3673 1916 3745 quia
1939 3688 2034 3726 sa-

356 3768 576 3839 pientia
609 3767 736 3822 fieri
767 3783 876 3838 per
905 3783 972 3821 se
1010 3767 1199 3837 ipsam
1238 3781 1358 3820 non
1399 3765 1604 3836 potuit.
1654 3763 1814 3836 Ergo
1845 3763 1899 3816 si
1941 3761 2032 3815 fa-

359 3861 514 3912 ctum
546 3871 686 3911 esse
717 3855 1063 3927 frequenter
1091 3855 1164 3909 ad
1211 3855 1454 3926 aliquid,
1490 3869 1609 3908 non
1647 3853 1718 3906 ad
1765 3856 2054 3924 naturam.

354 3945 628 4016 refertur,
669 3945 844 4000 etiam
895 3949 1154 4000 creatum
1185 3959 1325 4000 esse
1365 3944 1440 4000 ad
1471 3958 1713 3998 causam
1744 3941 2026 3996 refertur.

989 4087 1242 4144 CAPUT
1273 4087 1394 4141 VII.

363 4213 526 4280 Quod
547 4230 578 4268 a
604 4213 902 4270 salomone
943 4213 1163 4269 dictum
1193 4216 1306 4280 est,
1342 4209 1628 4264 Dominus
1663 4208 1882 4264 creavit
1912 4223 2025 4280 me,

427 4290 538 4341 etc.
573 4286 781 4352 (Prov.
808 4302 929 4351 vm,
963 4285 1074 4354 22),
1095 4283 1564 4338 incarnationem
1590 4281 1822 4334 Christi
1845 4280 1918 4334 ad
1933 4295 2028 4334 re-

431 4357 991 4435 (Iunendaufatris
1011 4371 1188 4435 Opera
1238 4353 1473 4435 factam.
1501 4353 1783 4435 signare;
1814 4367 1922 4423 quo
1953 4366 2032 4435 eg:

423 4431 616 4500 ipsius
646 4428 792 4482 Filii
819 4427 1025 4482 verbis
1042 4423 1368 4500 declarato,
1386 4423 1742 4500 principium
1765 4423 2027 4477 ostendit

2171 642 2392 697 Christi
2424 647 2666 714 prepter
2697 660 2896 716 opera,
2947 645 3224 700 divinitas
3271 647 3398 700 ante
3427 661 3624 716 opera;
3659 651 3776 721 quia

2171 731 2300 802 ipse
2333 735 2466 788 ante
2497 733 2713 803 omnia,
2735 735 2840 788 sed
2871 738 2926 788 et
2955 734 3144 788 omnia
3179 735 3236 788 in
3265 749 3390 804 ipso
3420 739 3686 791 constant.

2237 819 2328 875 4’7.
2360 820 2493 876 Non
2523 837 2668 895 ergo
2708 821 2985 878 divinitas
3024 825 3265 893 propter
3300 836 3489 894 opera,
3519 825 3619 879 sed
3657 841 3777 896 pro-

2167 912 2300 979 pter
2326 909 2686 964 divinitatem
2719 926 2895 982 opera
2923 927 2936 966 :
2970 912 3125 966 sicut
3146 911 3460 982 Apostolus
3479 911 3780 986 declaravit,

2167 997 2374 1052 dicens
2416 999 2575 1070 quod
2621 1005 2862 1071 propter
2901 999 3112 1054 Filium
3149 1000 3253 1054 Dei
3289 1001 3496 1055 omnia.
3534 999 3624 1056 Sic
3651 1004 3784 1058 enim

2165 1086 2387 1143 habes:
2428 1110 2449 1137 ιι
2495 1088 2754 1144 Decebat
2797 1093 2992 1144 autem
3022 1105 3156 1144 eum
3185 1105 3294 1160 per
3317 1103 3488 1161 quem
3516 1090 3713 1161 omnia,
3739 1095 3788 1146 et

2163 1180 2407 1248 propter
2433 1191 2606 1250 quem
2638 1181 2853 1249 omnia,
2887 1178 3088 1233 multis
3118 1179 3258 1233 ﬁliis
3287 1178 3347 1232 in
3375 1177 3612 1250 gloriam
3641 1179 3793 1235 addu-

2164 1265 2296 1336 ctis,
2332 1267 2540 1322 ducem
2572 1267 2782 1322 salutis
2811 1283 3018 1323 eorum
3049 1283 3156 1338 per
3181 1267 3518 1338 passionem
3547 1282 3790 1324 consum-

2162 1355 2310 1409 mari
2342 1355 2552 1426 (Hebr.
2591 1373 2652 1427 ιι,
2698 1355 2809 1426 10),
2867 1379 2888 1406 ιι
2940 1357 3152 1412 Nonne
3203 1356 3510 1411 evidenter
3551 1358 3797 1428 exposuit

2161 1444 2300 1516 quia
2333 1445 2438 1500 Dei
2460 1445 2670 1516 Filius,
2703 1446 2804 1518 qui
2836 1450 3076 1516 prepter
3109 1445 3472 1500 divinitatem
3499 1461 3658 1500 suam
3685 1461 3794 1500 om-

2161 1533 2259 1588 nia
2303 1535 2543 1604 creavit,
2595 1535 2649 1589 is
2699 1539 2908 1604 postea
2955 1537 3198 1606 propter
3239 1533 3446 1606 populi
3493 1534 3728 1590 salutem
3753 1538 3802 1590 et

2161 1623 2358 1678 carnis
2405 1623 2870 1694 susceptionem,
2923 1628 2980 1679 et
3025 1623 3232 1680 mortis
3262 1623 3653 1695 assumpserit
3679 1639 3801 1694 pas-

2159 1711 2391 1767 sionem
2409 1714 2438 1767 ‘?

2227 1801 2317 1856 48.
2351 1802 2600 1872 Proliter
2629 1819 2762 1874 quae
2793 1805 2985 1859 autem
3017 1818 3194 1874 opera
3227 1803 3310 1858 sit
3341 1804 3578 1858 creatus
3606 1817 3678 1858 ex
3705 1802 3814 1856 Vir-

2160 1890 2320 1962 gine,
2363 1883 2508 1946 506
2551 1891 2681 1963 ipse
2696 1893 2982 1947 Dominus
2999 1909 3131 1947 cum
3145 1893 3314 1947 illum
3327 1907 3560 1948 caecum
3581 1893 3812 1962 curaret,

2161 1979 2417 2034 ostendit
2437 1979 2644 2035 dicens
2671 1995 2684 2036 :
2722 2003 2744 2029 ι
2768 1981 2830 2035 In
2863 1980 2964 2036 illo
2995 1997 3084 2036 me
3107 1984 3386 2053 opportet
3405 1979 3639 2052 operari
3659 1995 3817 2050 opera

2159 2067 2294 2139 ejus
2324 2069 2424 2140 qui
2457 2068 2618 2124 misit
2655 2085 2748 2125 me
2795 2069 2986 2138 (Joan.
3019 2085 3100 2140 ix,
3145 2071 3223 2140 4).
3287 2093 3310 2118 ιν
3367 2069 3441 2124 Et
3486 2069 3724 2138 addidit,
3765 2070 3821 2124 ut

2159 2157 2231 2212 de
2259 2157 2662 2213 incarnatione
2693 2159 2828 2231 ejus
2851 2159 3069 2214 dictum
3088 2159 3525 2215 crederemus:
3562 2182 3584 2206 ι·
3619 2157 3823 2213 Cumin

2157 2246 2272 2302 hoc
2305 2247 2520 2302 mundo
2553 2263 2706 2318 sum,
2741 2248 2843 2302 lux
2875 2263 3009 2304 sum
3041 2248 3224 2320 hujus
3248 2249 3462 2304 mundi
3491 2246 3670 2317 (Ibid.
3701 2247 3770 2314 5).
3803 2269 3821 2293 -

2160 2335 2386 2392 Etenim
2419 2338 2590 2408 quasi
2623 2335 2800 2392 homo
2823 2338 2880 2392 in
2905 2337 3019 2393 hoc
3039 2338 3265 2393 mundo
3289 2353 3404 2408 pro
3435 2341 3702 2408 tempore
3722 2339 3830 2404 est;

2163 2441 2295 2480 nam
2328 2426 2502 2498 quasi
2531 2427 2692 2482 Deus
2725 2441 2965 2498 semper
2993 2430 3104 2482 est.
3138 2427 3424 2499 Denique
3463 2430 3524 2481 et
3565 2425 3704 2480 alibi
3733 2424 3830 2479 ait:

2161 2534 2182 2565 ι
2219 2515 2374 2570 Ecce
2403 2531 2519 2588 ego
2547 2515 2860 2572 vobiscum
2892 2533 3025 2572 sum
3054 2533 3252 2588 usque
3273 2517 3355 2572 ad
3379 2515 3838 2572 consummatio-

2154 2619 2288 2660 nem
2315 2605 2538 2660 mundi.
2573 2605 2814 2676 (Matth.
2847 2622 3054 2675 xxvm,
3077 2605 3190 2676 20).
3232 2627 3258 2656 υ

2223 2693 2312 2748 49.
2345 2693 2472 2749 Nec
2503 2695 2574 2748 de
2604 2695 2897 2766 principio
2930 2694 3154 2750 residet
3190 2695 3434 2768 aliquid
3472 2694 3840 2768 quaestionis,

2153 2798 2286 2838 cum
2318 2783 2720 2856 interrogatus
2751 2782 2811 2836 in
2844 2798 3022 2838 carne
3047 2799 3061 2839 :
3099 2805 3120 2832 α
3147 2783 3238 2838 Tu
3265 2785 3378 2856 qui
3397 2799 3470 2839 es
3490 2787 3521 2840 ‘?
3554 2805 3582 2835 ››
3607 2797 3841 2854 respon-

2153 2873 2330 2928 derit:
2355 2895 2376 2921 ιι
2405 2873 2765 2944 Principium
2781 2874 2938 2944 quod
2971 2877 3026 2928 et
3048 2873 3269 2944 loquor
3295 2873 3486 2930 vobis
3510 2873 3707 2944 (Joan.
3729 2887 3850 2941 vui,

2152 2962 2264 3032 25).
2299 2982 2328 3012 ι»
2359 2960 2527 3025 Quod
2564 2977 2684 3017 non
2722 2961 2918 3017 solum
2947 2962 3018 3016 ad
3063 2962 3490 3018 substantiam
3533 2960 3848 3018 divinitatis

2153 3055 2391 3108 internae
2420 3052 2534 3122 (58)
2566 3051 2840 3122 refertur,
2874 3051 2983 3107 sed
3013 3051 3188 3106 etiam
3222 3052 3308 3106 ad
3343 3053 3720 3108 documenta
3738 3049 3854 3104 vir-

2153 3144 2360 3195 tutum.
2393 3139 2482 3195 Ex
2514 3139 2626 3196 hoc
2649 3141 2806 3196 enim
2825 3144 2884 3196 et
2905 3141 3092 3196 Deum
3115 3156 3184 3196 se
3201 3143 3511 3212 probavit
3532 3145 3853 3206 aeternum;

2153 3231 2291 3302 quia
2321 3231 2584 3284 omnium
2613 3231 2742 3301 ipse
2762 3230 3116 3301 principium
3133 3235 3256 3301 est,
3284 3235 3348 3286 et
3367 3230 3857 3303 uniuscujusque

2151 3319 2388 3373 virtutis
2420 3322 2645 3389 auctor,
2677 3320 2814 3391 quia
2849 3319 3140 3374 Ecclesiae
3157 3326 3356 3390 caput
3377 3325 3502 3392 est,
3531 3321 3695 3376 sicut
3713 3319 3858 3373 scri-

2149 3412 2313 3480 ptum
2347 3411 2473 3464 est:
2511 3431 2534 3456 «
2567 3409 2712 3473 Quia
2731 3409 2859 3479 ipse
2891 3412 2983 3463 est
3005 3412 3181 3479 caput
3215 3411 3524 3482 corporis
3549 3407 3858 3474 Ecclesiae,

2149 3499 2252 3570 qui
2285 3500 2378 3553 est
2406 3497 2779 3570 principium,
2810 3498 3258 3570 primogenitus
3317 3515 3404 3555 ex
3440 3499 3710 3556 mortuis
3741 3498 3864 3568 (Co-

2149 3587 2290 3643 loss.
2325 3605 2362 3658 ι,
2399 3586 2508 3658 18).
2547 3612 2568 3635 ιι

2219 3679 2306 3732 50.
2342 3677 2554 3749 Liquet
2581 3678 2766 3750 igitur
2793 3681 2850 3733 et
2879 3677 2951 3732 de
2979 3679 3422 3736 incarnatione
3465 3681 3706 3736 dictum
3737 3690 3868 3733 esse

2153 3790 2176 3814 ιι
2211 3767 2566 3838 principium
2595 3769 2822 3822 viarum
2854 3783 3120 3835 suarum,
3157 3790 3178 3816 η
3221 3769 3406 3840 quod
3427 3770 3510 3824 ad
3537 3779 3872 3823 sacramen-

2148 3859 2272 3912 tum
2292 3857 2555 3927 suscepti
2575 3857 2844 3928 corporis
2856 3857 3088 3911 videtur
3103 3872 3260 3912 esse
3279 3858 3730 3915 referendum.
3745 3843 3875 3910 ldeo

2147 3946 2305 4000 enim
2335 3962 2574 4000 carnem
2607 3945 2892 4016 suscepit,
2925 3949 2987 4000 ut
3016 3945 3089 4000 ad
3119 3947 3369 4002 coelum
3418 3948 3616 4004 nobis
3649 3951 3874 4002 sterne-

2147 4037 2236 4090 ret
2265 4037 2396 4090 iter.
2432 4035 2698 4107 Denique
2715 4035 2826 4090 ait:
2857 4057 2878 4084 α
2904 4035 3185 4090 Ascendo
3211 4037 3301 4091 ad
3323 4037 3594 4094 Patrem
3617 4034 3881 4093 meamet

2147 4127 2379 4182 Patrem
2417 4129 2704 4194 vestrum,
2738 4125 2922 4179 Deum
2961 4140 3159 4178 meum
3213 4129 3283 4180 et
3339 4126 3556 4182 Deum
3607 4128 3874 4181 vestrum

2144 4215 2304 4286 (Jan.
2338 4232 2441 4286 xx,
2477 4215 2588 4285 1⁸7).
2627 4237 2648 4263 η
2697 4214 2964 4285 Denique
3010 4217 3072 4267 ut
3101 4214 3286 4270 scias
3343 4216 3533 4288 quod
3562 4215 3706 4272 vias
3737 4226 3876 4270 suae

2143 4306 2517 4376 omnipotens
2537 4305 2710 4359 Pater
2720 4303 3046 4358 secundum
3061 4302 3594 4362 incarnationem
3609 4301 3887 4377 praescri-

2142 4397 2330 4466 pserit
2359 4393 2526 4464 Filio,
2561 4393 2748 4448 habes
2778 4393 2838 4447 in
2869 4391 3150 4446 Zacliaria
3203 4395 3292 4448 ad
3342 4395 3587 4452 Jesum
3616 4393 3888 4451 indutum

425 4481 605 4555 Etiam
627 4481 816 4570 accipi
825 4481 1005 4570 posse
1037 4499 1111 4552 de
1142 4481 1510 4570 driculn'eiitis
1539 4481 1844 4570 virtutum,
1884 4509 2026 4566 qua-
2057 4493 2110 4555 Ι)
2143 4484 2492 4540 vestimenta
2524 4482 2763 4538 sordida
2794 4481 2867 4536 ab
2897 4481 3112 4554 angelo
3144 4482 3411 4540 dictum
3443 4502 3458 4541 :
3503 4507 3532 4536 ι
3571 4486 3728 4540 Haec
3759 4481 3893 4538 dicit

422 4588 554 4627 rum
595 4566 846 4627 omnium
885 4570 1014 4624 vias
1066 4568 1235 4624 vobis
1269 4567 1555 4622 Dominus
1589 4566 1920 4638 aperuisse,
1959 4580 2026 4619 ac

428 4659 573 4698 vere
587 4641 950 4714 principium
973 4641 1288 4695 exstitisse
1309 4638 1773 4694 demonstratur.

417 4767 509 4820 46.
543 4764 740 4838 [Alias
771 4782 898 4836 cap.
927 4763 1048 4838 ιγ.)
1082 4763 1251 4820 Unde
1283 4761 1671 4836 intelligimus
1703 4759 1845 4815 illud
1867 4761 2025 4832 quod

349 4855 422 4912 de
475 4855 879 4910 incarnatione
925 4853 1159 4910 Domini
1191 4853 1478 4924 scriptum
1510 4854 1639 4907 est:
1680 4874 1700 4899 ιι
1739 4849 2024 4905 Dominus

351 4945 576 5000 creavit
607 4959 698 4998 me
727 4944 1082 5014 principium
1113 4943 1342 4997 viarum
1363 4957 1608 4998 suarum
1629 4941 1688 4994 in
1719 4955 1896 5010 opera
1915 4955 2025 4994 sua

347 5034 558 5107 (Prov.
591 5049 713 5101 vui,
745 5033 858 5103 22),
897 5055 919 5080 η
957 5032 1015 5086 id
1048 5031 1388 5104 signiﬁcare
1411 5030 1568 5102 quod
1589 5029 1659 5084 ad
1681 5027 2024 5084 redimenda

351 5139 544 5195 opera
572 5121 766 5176 Patris
808 5121 1094 5175 Dominus
1135 5120 1315 5175 Jesus
1355 5136 1431 5174 ex
1470 5119 1714 5192 Virgine
1773 5118 1850 5172 sit
1889 5131 2022 5172 cre-

347 5220 510 5269 atus.
552 5211 761 5283 Neque
802 5209 960 5265 enim
1001 5209 1252 5264 dubitari
1301 5213 1497 5280 potest
1552 5210 1624 5264 de
1662 5207 2020 5262 incarnatio-

346 5304 443 5360 nis
482 5303 702 5358 dictum
741 5316 880 5356 esse
920 5299 1224 5371 mysterio,
1261 5315 1392 5354 cum
1424 5289 1666 5370 propter
1702 5313 1880 5368 opera
1911 5312 2020 5352 sua

351 5411 386 5450 a
417 5390 770 5462 corruptelae
802 5390 1046 5444 servitio
1076 5389 1378 5444 liberanda
1409 5388 1696 5443 Dominus
1727 5401 2016 5457 suscepe-

345 5485 421 5540 rit
450 5495 685 5538 carnem
714 5496 728 5552 ;
761 5483 823 5534 ut
853 5479 1015 5534 illum
1039 5480 1139 5552 qui
1179 5478 1489 5550 imperium
1509 5475 1766 5532 habebat
1787 5475 2012 5548 mortis,

363 5625 524 5698 ((57)
562 5625 650 5698 lta
695 5639 845 5680 mss.
876 5623 1312 5698 probatiores;
1359 5621 1458 5676 alii
1491 5621 1754 5698 _vero_et
1802 5633 2011 5674 omnes

338 5690 542 5768 edit.,'«
560 5697 737 5768 lectio
750 5690 1095 5752 testimonii.
1115 5715 1138 5746 υ
1159 5690 1396 5768 Rursus
1409 5695 1603 5768 autem
1624 5690 1724 5747 ubi
1747 5704 1859 5768 nos
1879 5703 2016 5746 cum

353 5761 504 5828 mss.
539 5766 836 5846 omnibus,
875 5790 897 5819 ιι
933 5768 1283 5840 castitatem,
1322 5765 1618 5845 pietatem,
1653 5783 1676 5818 ι
1713 5761 1852 5822 edit.
1887 5777 2016 5822 om-

2143 4575 2430 4629 Dominus
2459 4573 2832 4642 omnipotens
2857 4586 2868 4626 :
2901 4571 2963 4625 Si
2987 4569 3045 4624 in
3075 4571 3204 4624 viis
3237 4573 3418 4629 meis
3441 4570 3891 4637 ambulaveris,

2143 4667 2200 4718 et
2230 4665 2523 4734 praecepta
2555 4677 2684 4715 mea
2717 4659 3074 4715 custodieris
3109 4659 3363 4728 (Zacb.
3403 4681 3502 4734 ιιι,
3540 4664 3630 4735 7).
3671 4688 3696 4712 ι
3731 4657 3896 4727 Quod

2142 4755 2235 4809 est
2265 4753 2682 4807 vestimentum
2731 4749 2874 4804 illud
2926 4748 3283 4822 sordidum,
3340 4754 3484 4808 nisi
3537 4753 3755 4810 carnis
3799 4763 3896 4805 as-

2141 4843 2397 4912 sumptio
2418 4841 2447 4896 ?

2208 4932 2296 4988 5t.
2323 4931 2448 4986 Viae
2473 4929 2654 5003 igitur
2675 4929 2909 4984 Domini
2930 4928 3386 5000 velutquidam
3411 4932 3897 4989 tramitesbonm

2099 5066 2102 5069 .
2133 5023 2274 5078 vitae
2303 5023 2461 5090 sunt,
2495 5035 2628 5091 quae
2659 5017 3369 5094 dirigunturaChristo,
3401 5025 3523 5096 qui
3541 5025 3633 5078 ait
3659 5041 3674 5080 :
3714 5047 3738 5071 ιι
3777 5021 3903 5092 Ego

2135 5127 2268 5168 sum
2308 5111 2423 5181 via,
2469 5113 2525 5164 et
2563 5109 2805 5178 veritas,
2840 5111 2896 5162 et
2941 5107 3057 5160 vita
3108 5106 3340 5176 (Joan.
3399 5129 3542 5183 xw,
3579 5113 3666 5184 6).
3709 5133 3733 5162 κ
3791 5109 3896 5160 Via

2135 5217 2280 5273 ergo
2311 5214 2568 5272 superna
2601 5201 2693 5252 est
2727 5197 2832 5252 Dei
2864 5196 3054 5250 virtus
3085 5212 3104 5266 ι
3137 5195 3480 5257 Christus
3516 5203 3694 5258 enim
3727 5197 3904 5256 nobis

2133 5291 2227 5344 via
2257 5293 2368 5344 est.
2407 5289 2472 5344 Et
2505 5288 2660 5342 bona
2705 5288 2822 5356 via,
2855 5303 2993 5358 quas
3041 5285 3496 5348 credentibus
3533 5291 3686 5347 coeli
3718 5301 3904 5361 regna

2132 5379 2428 5452 patefecit.
2461 5378 2586 5432 Viae
2615 5380 2810 5431 autem
2842 5373 3072 5430 Domini
3104 5375 3249 5431 vim
3289 5384 3510 5437 rectae
3544 5385 3725 5452 sunt,
3753 5378 3910 5436 sicut

2131 5471 2418 5541 scriptum
2448 5470 2577 5523 est:
2615 5490 2638 5515 ιι
2675 5466 2722 5521 Υ
2729 5466 2814 5520 ias
2847 5469 3000 5536 tuas,
3033 5463 3350 5540 Domine,
3390 5474 3593 5526 notas
3629 5471 3734 5526 fac
3763 5465 3908 5524 mihi

2129 5629 2238 5688 nes
2252 5629 2287 5688 ρ
2299 5609 2936 5688 contrariolegebant,«
2957 5606 3728 5688 charitatemmietatem,
3750 5636 3773 5666 υ
3793 5616 3907 5688 etc.

2199 5683 2315 5756 (58)
2345 5684 2473 5740 V’et.
2507 5682 2646 5739 edit.
2670 5677 2814 5739 'cum
2861 5677 3011 5738 mss.
3045 5677 3312 5757 aliquot
3359 5677 3410 5738 ιι·
3432 5689 3522 5746 αα
3558 5677 3905 5747 dividuum

2131 5757 2534 5819 eternitatem.
2571 5775 2592 5809 υ
