4050 6182
265 281 383 348 625

1630 273 1738 338 DE
1768 275 1959 338 FIDE
1986 275 2128 338 LIB
2182 275 2294 338 III.

3588 271 3710 338 626

245 479 422 551 (PsaI.
455 496 620 552 xxiv,
651 478 728 552 4).
766 504 788 529 η
824 480 929 535 Via
977 480 1241 550 castitas,
1292 480 1387 535 via
1429 478 1578 536 fides
1599 522 1614 550 ,
1669 478 1760 533 via
1816 479 1909 533 est
1935 460 2142 534 Elius
2164 479 2291 547 Dei,
2326 478 2424 533 hic
2453 492 2527 533 ex
2548 477 2733 533 Maria
2755 476 2867 546 (61)
2898 492 3047 547 puer
3077 479 3252 533 natus
3297 477 3391 533 est
3420 476 3618 546 nobis,
3643 479 3701 532 et

243 571 615 626 abstinentia.
670 570 777 625 Est
825 585 1077 641 namque
1121 569 1215 623 via
1259 570 1527 635 virtutis,
1573 572 1664 623 est
1713 572 1769 623 et
1816 569 1910 621 via

235 659 566 731 iniquitatis
588 702 602 727 ,
636 659 923 729 scriptum
945 662 1036 714 est
1064 658 1219 713 enim
1251 675 1263 714 :
1305 682 1327 706 α
1361 658 1431 713 Et
1464 659 1596 712 vide
1620 658 1668 712 si
1696 662 1786 712 est
1818 658 1910 710 via

230 749 564 820 iniquitatis
605 753 776 802 inme
810 747 1000 816 (Pasl.
1044 765 1291 816 cxxxm,
1324 747 1434 815 24).
1476 770 1497 795 ι

308 840 399 893 62.
438 838 797 908 Principium
829 838 1023 908 itaque
1053 840 1277 892 nostrae
1314 837 1547 891 virtutis
1582 839 1675 891 est
1702 836 1911 890 Chris-

229 932 351 985 tus.
413 926 777 997 Principium
826 925 1201 997 integritatis,
1253 926 1351 997 qui
1396 925 1595 980 docuit
1643 925 1911 996 virginea

229 1034 353 1073 non
372 1016 580 1071 viriles
601 1019 948 1086 exspectare
980 1010 1352 1083 concubitus,
1380 1015 1486 1069 sed
1520 1004 1915 1087 integritatem

232 1106 455 1162 mentis
505 1108 563 1159 et
596 1104 865 1174 corporis
899 1106 1105 1159 sancto
1142 1104 1336 1175 magis
1394 1104 1593 1158 dicare
1644 1103 1908 1173 Spiritui,

222 1211 418 1268 quam
450 1194 657 1250 marito
675 1193 754 1262 (II
769 1194 905 1248 Cor.
934 1211 1013 1261 χι,
1034 1193 1111 1259 2).
1141 1193 1509 1263 Principium
1528 1191 1911 1262 parcimoniw

232 1284 537 1353 Christus,
581 1282 930 1355 quipauper
960 1282 1151 1337 factus
1195 1285 1308 1349 est,
1341 1298 1474 1336 cum
1521 1285 1683 1335 esset
1739 1280 1910 1335 dives

229 1374 320 1435 (II
345 1373 484 1428 Cor.
509 1389 631 1436 vm,
658 1372 734 1440 9).
764 1371 1124 1441 Principium
1152 1371 1447 1440 patientiae
1479 1371 1775 1438 Christus,
1811 1369 1914 1440 qui

231 1479 379 1518 cum
408 1461 877 1529 malediceretur,
920 1476 1037 1515 non
1075 1460 1447 1515 remaledixit
1480 1476 1494 1527 ς
1528 1475 1662 1513 cum
1694 1474 1915 1529 percu-

230 1555 482 1618 teretur,
502 1567 621 1605 non
644 1550 1012 1620 repercussit
1034 1549 1092 1614 (I
1113 1549 1288 1604 Petr.
1320 1566 1380 1617 ιι,
1405 1549 1518 1618 23).
1542 1547 1913 1617 Principium

230 1639 585 1695 humilitatis
649 1638 964 1705 Christus,
1032 1638 1132 1707 qui
1181 1636 1428 1691 formam
1464 1636 1625 1691 servi
1688 1636 1918 1705 accepit

233 1728 493 1800 (Philip.
529 1745 588 1793 ιι,
621 1727 697 1797 Ἴ),
720 1742 853 1781 cum
882 1727 1115 1779 Patrem
1139 1726 1323 1779 Deum
1340 1724 1648 1795 majestate
1679 1724 1915 1779 virtutis

233 1820 522 1889 aequaret.
564 1816 654 1870 Ex
682 1815 795 1887 .illo
840 1815 996 1869 enim
1031 1815 1258 1886 accepit
1305 1814 1494 1868 virtus
1544 1828 1915 1886 unaquaeque

233 1907 618 1977 principium.

307 1996 400 2050 53.
437 1996 509 2050 Et
555 1994 688 2049 ideo
738 1996 798 2048 ut
825 1993 955 2048 haec
985 1993 1200 2048 virium
1241 2008 1464 2065 genera
1493 1992 1863 2047 disceremus
1900 2008 1912 2047 :

238 2106 261 2133 ι
301 2080 493 2139 Filius
555 2084 726 2138 datus
757 2086 848 2138 est
880 2082 1075 2151 nobis,
1110 2081 1287 2153 cujus
1333 2081 1686 2152 principium
1737 2097 1919 2151 super

236 2173 528 2229 humeros
560 2171 694 2243 ejus
723 2171 863 2241 (Isa.
912 2188 991 2240 ix,
1024 2172 1100 2241 6).
1142 2194 1163 2219 ι»
1204 2171 1562 2241 Principium
1595 2170 1738 2225 illud
1771 2186 1919 2224 crux

237 2261 477 2316 Domini
508 2264 640 2330 est;
670 2260 1022 2331 principium
1051 2259 1434 2326 fortitudinis,
1468 2275 1584 2331 quo
1626 2259 1720 2313 via
1748 2275 1919 2313 sanc-

231 2350 311 2403 tis
372 2353 467 2405 est
521 2353 784 2406 reserata
825 2349 1186 2420 martyribus
1243 2349 1316 2402 ad
1366 2349 1524 2403 sacri
1573 2348 1915 2402 certaminis

231 2439 604 2509 passionem.

765 2545 911 2609 507
952 2544 1206 2599 CAPUT
1242 2544 1392 2598 VIII.

244 2654 596 2709 Versiculus
624 2655 685 2709 in
716 2653 872 2708 Isaia
898 2654 1171 2724 proxime
1201 2652 1421 2707 citatus
1436 2651 1510 2706 de
1544 2651 1780 2706 Christi
1798 2651 1911 2705 hu-

307 2728 600 2780 manitate
629 2742 696 2781 ac
735 2723 1058 2780 divinitate
1109 2724 1463 2795 explicatur,
1500 2738 1680 2795 eoque
1720 2723 1920 2777 varias

308 2796 870 2868 hceresesjugulari
901 2812 933 2851 e
948 2797 1224 2849 vincitur.

308 2888 407 2940 5L
449 2885 607 2940 Vidit
644 2885 758 2940 hoc
802 2885 1157 2956 principium
1200 2883 1409 2954 Isaias,
1459 2885 1516 2938 et
1551 2883 1685 2938 ideo
1726 2883 1805 2937 ait
1839 2899 1850 2937 :
1891 2903 1913 2932 »

256 2976 420 3030 Puer
446 2978 621 3030 natus
652 2978 744 3029 est
773 2974 909 3045 (59),
958 2972 1142 3028 Filius
1182 2972 1353 3027 datus
1412 2974 1504 3027 est
1550 2972 1725 3027 nobis
1776 2971 1915 3041 (Isa.

228 3099 314 3152 xx,
348 3083 425 3151 6).
467 3105 489 3129 η
526 3081 813 3138 Viderunt
841 3084 899 3135 et
922 3080 1097 3151 Magi,
1120 3082 1177 3134 et
1198 3080 1331 3134 ideo
1355 3096 1489 3134 cum
1516 3079 1827 3149 parvulum
1857 3079 1919 3133 in

235 3170 501 3242 praesepi
551 3172 902 3238 cernerent,
952 3169 1348 3224 adoraverunt
1395 3168 1635 3236 (Matth.
1690 3186 1749 3238 ιι,
1806 3166 1915 3238 tl),

241 3262 521 3315 dicentes
557 3275 568 3314 :
611 3283 632 3305 ιι
691 3260 848 3313 Puer
877 3261 1050 3313 natus
1083 3262 1209 3326 est;
1256 3280 1277 3307 η
1316 3275 1448 3312 cum
1481 3257 1713 3313 stellam
1744 3273 1919 3313 cons-

232 3351 529 3421 picerent,
563 3348 958 3418 praedicantes
991 3363 1003 3403 :
1041 3370 1062 3394 «
1106 3347 1292 3402 Filius
1323 3348 1494 3402 datus
1533 3350 1626 3402 est
1658 3346 1851 3402 nobis.
1892 3368 1913 3395 ι»

235 3439 418 3494 Aliud
459 3454 676 3493 munus
735 3453 766 3492 e
824 3437 1036 3506 terris,
1087 3436 1246 3490 aliud
1294 3452 1511 3491 munus
1562 3452 1594 3491 e
1627 3437 1809 3507 00310,
1863 3438 1920 3490 et

233 3531 558 3599 utrumque
590 3542 744 3581 unus
774 3526 836 3581 in
858 3529 1109 3597 utroque
1133 3525 1455 3597 perfectus,
1480 3528 1536 3579 et
1566 3524 1696 3579 sine
1728 3527 1918 3579 muta-

233 3615 463 3671 bilitate
513 3615 871 3684 divinitatis,
922 3618 979 3669 et
1026 3616 1159 3668 sine
1207 3614 1481 3670 humanm
1513 3614 1918 3670 imminutione

232 3708 483 3760 naturae.
520 3705 714 3760 Unum
738 3704 1153 3773 adoraverunt,
1189 3704 1499 3775 eidemque
1531 3719 1775 3759 munera
1806 3704 1918 3758 ob-

233 3794 540 3863 tulerunt;
584 3797 644 3849 ut
675 3794 1059 3848 ostenderent
1107 3793 1303 3864 ipsum
1360 3808 1497 3848 esse
1538 3792 1673 3848 coeli
1723 3792 1920 3848 Domi-

241 3900 403 3953 num,
433 3883 534 3955 qui
560 3883 620 3938 in
651 3884 1027 3954 praesepibus
1050 3883 1374 3945 videretur.

317 3974 407 4028 55.
444 3972 761 4044 Distingue
805 3972 1179 4044 singulorum
1229 3974 1521 4027 momenta
1550 3972 1868 4027 verborum
1902 3988 1914 4027 :

253 4084 275 4110 α
308 4062 473 4117 Puer
495 4064 671 4117 natus
703 4064 814 4130 est,
851 4061 1036 4116 Filius
1070 4066 1245 4116 natus
1275 4064 1367 4116 est
1398 4060 1594 4117 nobis.
1633 4082 1654 4111 ιο
1689 4061 1815 4116 Etsi
1844 4079 1920 4116 ex

248 4150 423 4206 Patre
465 4153 666 4220 natus,
715 4167 831 4205 non
876 4154 1072 4205 tamen
1121 4151 1295 4206 nobis
1328 4154 1540 4221 natus,
1591 4150 1699 4205 sed
1748 4151 1919 4206 datus

238 4243 347 4305 est,
373 4240 515 4311 quia
545 4254 663 4294 non
696 4239 881 4294 Filius
914 4243 1154 4310 propter
1201 4255 1333 4306 nos,
1385 4239 1496 4294 sed
1538 4256 1649 4294 nos
1680 4243 1922 4311 propter

242 4327 473 4383 Filium.
509 4328 721 4402 Neque
773 4329 929 4384 enim
961 4329 1138 4384 nobis
1170 4332 1344 4383 natus
1396 4332 1487 4383 est
1511 4371 1525 4400 ,
1567 4329 1668 4400 qui
1699 4332 1755 4384 et
1788 4333 1921 4384 ante

242 4433 350 4473 nos
373 4422 550 4472 natus
581 4421 692 4487 est,
718 4421 775 4472 et
814 4418 998 4472 totius
1032 4421 1122 4472 est
1154 4418 1425 4472 conditor
1456 4422 1742 4473 creaturae
1777 4436 1787 4473 :
1815 4434 1921 4474 ne-

250 4522 360 4578 que
399 4523 560 4562 nunc
602 4506 851 4576 primum
892 4507 1195 4576 nascitur,
1236 4508 1338 4578 qui
1377 4510 1501 4562 erat
1541 4523 1819 4578 semper,
1869 4512 1927 4563 et

2025 569 2198 623 datus
2236 570 2328 622 est
2358 566 2553 622 nobis.
2592 565 2739 633 Quia
2786 566 2957 620 datus
2999 566 3096 632 sit,
3161 566 3299 621 audi
3348 565 3703 637 Prophetam

2024 658 2361 713 dicentem:
2400 680 2421 705 α
2458 656 2529 711 Et
2577 656 2838 711 salutare
2904 658 3069 710 tuum
3126 655 3199 710 da
3264 655 3440 711 nobis
3508 654 3697 726 (Psal.

2023 764 2264 815 Lxxxw,
2297 746 2375 811 8).
2424 768 2445 793 ιι
2481 745 2648 810 Quod
2688 744 2846 799 enim
2877 761 3058 815 supra
3105 760 3217 799 nos
3277 748 3408 813 est,
3463 745 3636 799 datur
3687 760 3705 799 :

2024 836 2181 908 quod
2214 835 2286 890 de
2316 835 2466 890 coelo
2497 838 2608 901 est,
2633 834 2836 902 datur';
2872 834 3028 888 sicut
3055 834 3230 888 etiam
3260 834 3332 888 de
3364 833 3586 903 Spiritu
3617 835 3706 889 le-

2025 926 2222 998 gimus
2252 925 2410 996 quod
2462 946 2483 972 α
2518 922 2789 977 Charitas
2812 924 2917 977 Dei
2967 920 3157 977 etl'usa
3188 926 3282 977 est
3323 923 3381 977 in
3420 922 3702 978 cordibus

2025 1014 2249 1070 nostris
2279 1030 2387 1084 per
2412 1012 2695 1083 Spiritum
2724 1015 3017 1082 sanctum,
3052 1012 3375 1084 qui'dabus
3407 1015 3500 1067 est
3529 1012 3705 1066 nobis

2025 1104 2212 1173 (Rom.
2234 1120 2292 1171 v,
2326 1102 2401 1173 5).
2446 1122 2467 1151 κ

2095 1192 2184 1247 57.
2216 1192 2331 1247 Sed
2376 1190 2570 1247 videte
2604 1192 3099 1263 quemadmodum
3131 1191 3228 1245 hic
3277 1189 3448 1245 locus
3480 1190 3694 1244 multas

2026 1283 2293 1337 haereses
2324 1281 2685 1352 exstinguat.
2715 1304 2737 1329 α
2769 1282 2926 1336 Puer
2955 1284 3129 1335 natus
3169 1283 3262 1335 est
3292 1279 3487 1346 nobis,
3527 1299 3549 1328 ι
3584 1294 3703 1334 ιιοιι

2026 1371 2254 1427 διιᾶωὶε
2289 1386 2301 1425 :
2340 1370 2531 1440 nobis,
2566 1386 2685 1424 non
2705 1366 3057 1424 Manicheeis
3090 1369 3281 1433 nobis,
3318 1384 3437 1423 non
3462 1368 3705 1423 Marcio-

2028 1461 2189 1515 nitis.
2221 1459 2516 1530 PrOpheta
2553 1458 2695 1513 dicit
2726 1475 2738 1514 :
2773 1458 2986 1527 Nobis,
3033 1459 3148 1514 hoc
3178 1461 3270 1513 est
3300 1456 3701 1527 credentibus,

2029 1566 2148 1605 non
2185 1549 2532 1604 incredulis.
2588 1547 2659 1602 Et
2713 1547 2811 1602 ille
2861 1548 3099 1619 quidem
3143 1546 3555 1602 misericordia
3595 1561 3705 1601 sua

2030 1638 2306 1694 omnibus
2326 1640 2499 1692 natus
2532 1639 2643 1707 est,
2678 1637 2785 1691 sed
2816 1637 3061 1707 perfidia
3093 1637 3511 1691 hmreticorum
3535 1635 3696 1705 fecit,

2027 1731 2091 1783 ut
2109 1744 2227 1782 non
2255 1726 2531 1782 omnibus
2550 1732 2915 1795 nasceretur,
2941 1727 3042 1798 qui
3074 1725 3359 1780 omnibus
3382 1728 3555 1779 natus
3588 1728 3702 1780 est.

1952 1842 2004 1906 Β
2030 1818 2182 1872 Nam
2229 1820 2287 1871 et
2316 1817 2517 1871 lumen
2545 1815 2663 1870 dici
2700 1815 2842 1870 oriri
2905 1813 3153 1885 jubetur
3198 1829 3382 1885 super
3410 1815 3603 1869 bonos
3647 1817 3705 1869 et

2030 1907 2219 1962 malos
2242 1906 2479 1977 (Matth.
2513 1921 2569 1975 v,
2603 1905 2691 1975 45)
2726 1920 2738 1959 :
2773 1903 2881 1959 sed
2911 1904 3054 1959 oriri
3082 1918 3202 1959 non
3220 1903 3560 1959 videntibus
3584 1906 3701 1959 no‘n

2029 1996 2282 2051 videtur.

2102 2101 2191 2157 58.
2226 2102 2389 2157 Sicut
2419 2117 2563 2172 ergo
2595 2116 2743 2171 puer
2775 2117 2893 2155 non
2929 2100 3205 2155 omnibus
3244 2103 3417 2155 natus
3450 2104 3560 2171 est,
3596 2100 3705 2155 sed

2032 2192 2307 2247 fidelibus
2339 2207 2350 2246 :
2378 2191 2467 2245 sic
2500 2190 2685 2244 Filius
2718 2206 2836 2244 non
2866 2189 3206 2243 inﬁdelibus
3239 2189 3413 2243 datus
3446 2194 3557 2259 est,
3592 2190 3701 2244 sed

2032 2281 2329 2336 fidelibus.
2362 2278 2552 2334 Nobis
2602 2278 2773 2332 datus
2820 2281 2943 2347 est,
2997 2293 3117 2332 non
3158 2277 3571 2349 Photinianis;
3621 2279 3705 2332 illi

2032 2370 2188 2425 enim
2221 2385 2338 2424 non
2355 2368 2555 2423 datum
2577 2367 2752 2422 nobis
2783 2367 2889 2422 Dei
2921 2365 3135 2421 Filium
3166 2366 3369 2421 dicunt
3397 2382 3557 2435 esse,
3594 2367 3704 2421 sed

2032 2460 2105 2514 ab
2128 2458 2290 2515 initio
2321 2459 2477 2512 inter
2491 2473 2603 2512 nos
2625 2459 2825 2511 natum
2863 2470 2875 2511 :
2909 2455 3085 2526 nobis
3118 2455 3290 2510 datus
3320 2458 3413 2511 est
3442 2472 3560 2511 non
3594 2456 3705 2512 Sa-

2031 2548 2343 2617 bellianis;
2376 2547 2463 2601 illi
2494 2547 2649 2602 enim
2678 2546 2884 2602 nolunt
2916 2544 3132 2600 Filium
3180 2545 3399 2615 datum,
3434 2546 3704 2601 eumdem

2032 2641 2375 2693 asserentes
2403 2638 2638 2690 Patrem
2669 2651 2808 2691 esse
2839 2650 3015 2707 quem
3047 2633 3258 2689 Filium
3292 2650 3305 2688 :
3358 2634 3554 2705 nobis,
3587 2651 3704 2691 non

2033 2727 2309 2795 Arionis;
2341 2729 2399 2780 et
2430 2724 2546 2796 ipsi
2584 2725 2740 2779 enim
2791 2739 2908 2779 non
2955 2724 3174 2778 habent
3214 2722 3424 2777 Filium
3456 2739 3562 2794 pro
3603 2741 3703 2779 sa-

2033 2817 2150 2872 lute
2171 2816 2387 2884 datum,
2423 2814 2529 2869 sed
2559 2828 2667 2884 pro
2712 2812 3045 2867 infirmitate
3100 2812 3557 2868 transmissum:
3587 2830 3704 2868 non

2033 2906 2251 2962 habent
2279 2902 2702 2973 consiliarium,
2735 2918 2910 2974 quem
2942 2904 3141 2974 putant
3164 2901 3355 2956 futura
3388 2903 3699 2959 nescisse:

2032 3012 2150 3051 non
2190 2994 2408 3049 habent
2436 2992 2671 3061 Filium,
2718 3008 2894 3064 quem
2938 2991 3366 3061 sempiternum
3416 3008 3532 3048 non
3590 3011 3703 3064 pu-

2032 3088 2187 3151 tant;
2219 3100 2350 3138 cum
2373 3083 2522 3146 508
2549 3081 2835 3152 scriptum
2870 3082 2948 3136 sit
2987 3082 3059 3136 de
3094 3080 3289 3135 Verbo
3327 3081 3451 3152 Dei,
3490 3104 3512 3132 «
3547 3084 3704 3155 quod

2032 3177 2156 3229 erat
2186 3175 2245 3228 in
2275 3171 2607 3244 principio;
2647 3193 2667 3219 ιο
2706 3174 2762 3226 et
2802 3172 2944 3226 alibi
3005 3188 3017 3227 :
3080 3195 3102 3224 ι
3140 3176 3204 3229 In
3235 3173 3522 3245 principio
3581 3175 3705 3226 erat

2033 3263 2292 3318 Verbum
2325 3262 2515 3329 (Joan.
2549 3278 2587 3329 ι,
2641 3260 2714 3330 1).
2770 3282 2790 3308 ››
2846 3262 3110 3333 Denique
3142 3266 3202 3317 ut
3232 3264 3305 3317 ad
3336 3261 3703 3333 propositum

2030 3354 2401 3408 revertamur
2431 3350 2770 3421 exemplum
2805 3366 2817 3405 :
2859 3373 2879 3399 «
2917 3352 2982 3405 In
3010 3351 3323 3423 principio,
3357 3352 3564 3423 inquit,
3595 3367 3704 3404 an-

2030 3445 2264 3512 tequam
2296 3444 2513 3496 terram
2548 3439 2791 3509 faceret,
2825 3443 3139 3512 antequam
3180 3442 3437 3513 abyssos
3486 3440 3706 3494 faceret

2030 3529 2166 3600 (62),
2200 3534 2257 3586 et
2285 3533 2599 3601 antequam
2627 3529 2982 3600 produceret
3003 3530 3199 3585 fontes
3229 3546 3535 3602 aquarum,
3570 3532 3703 3583 ante

2032 3634 2239 3675 omnes
2269 3619 2474 3689 colles,
2510 3619 2713 3691 genuit
2745 3618 3064 3689 me(Prov.
3101 3636 3203 3690 vn,
3237 3619 3458 3689 (ΕΞ-25).
3497 3642 3519 3666 ιι

2676 3726 2929 3781 CAPUT
2964 3727 3062 3781 IX.

2030 3833 2454 3891 Difﬁcultatem
2487 3850 2564 3905 ex
2589 3832 2715 3888 Ioco
2745 3832 3079 3905 Salomonis
3109 3833 3530 3905 supralaudato
3555 3849 3700 3888 exo-

2103 3907 2359 3961 rientem
2409 3904 2501 3976 soi
2512 3904 2592 3959 vit
2626 3904 3016 3973 Ambrosius,
3069 3904 3195 3959 illic
3233 3913 3291 3960 et
3329 3906 3705 3976 prwteritum

2103 3977 2257 4032 sumi
2267 3992 2379 4049 pro
2406 3975 2621 4049 futuro,
2659 3980 2717 4049 et
2738 3976 3031 4047 geminam
3063 3977 3125 4030 in
3162 3975 3404 4031 Christo
3437 3984 3705 4031 naturain

2102 4047 2415 4121 designari
2445 4047 2820 4119 patefaciens

2103 4135 2192 4192 59.
2248 4136 2533 4191 Fortasse
2584 4135 2773 4206 dices,
2823 4138 3120 4208 quomodo
3180 4138 3253 4192 de
3303 4137 3707 4193 incarnatione

2030 4226 2249 4282 Christi
2313 4225 2530 4280 dictum
2589 4240 2728 4280 esse
2775 4222 3225 4281 memoraverim
3274 4243 3286 4282 :
3344 4248 3366 4278 α
3422 4227 3707 4281 Dominus

2033 4315 2256 4371 creavit
2286 4331 2377 4368 me
2411 4314 2619 4384 (Prov.
2654 4331 2777 4386 vm,
2803 4315 2915 4385 ‘22),
2956 4339 2977 4363 «ι
3016 4332 3149 4371 cum
3179 4320 3312 4371 ante
3356 4315 3709 4369 incarnatio-

2034 4421 2168 4459 nem
2198 4403 2418 4458 Christi
2467 4407 2733 4459 creatura
2775 4405 2853 4459 sit
2900 4404 3100 4460 mundi
3148 4408 3176 4461 ‘?
3221 4405 3337 4459 Sed
3396 4404 3709 4458 considera

2035 4494 2172 4566 quia
2220 4493 2404 4548 moris
2463 4496 2555 4548 est
2583 4493 2907 4564 Scriptnris
2956 4493 3198 4561 divinis,
3267 4496 3323 4547 et
3369 4493 3562 4546 futura
3600 4506 3708 4562 pro

253 4600 371 4651 erat
409 4597 473 4650 in
508 4596 799 4668 principio
839 4597 950 4665 (60)
994 4612 1007 4651 :
1051 4596 1159 4651 sed
1199 4596 1344 4651 illud
1403 4597 1561 4668 quod
1618 4613 1735 4652 non
1775 4602 1920 4668 erat,
1959 4580 2009 4641 Ι)
2035 4583 2350 4654 praeteritis
2374 4582 2593 4649 dicere,
2628 4586 2684 4637 et
2703 4583 2999 4653 geminam
3022 4583 3080 4636 in
3098 4582 3336 4637 Christo
3368 4581 3709 4654 significare

252 4685 420 4740 nobis
451 4685 737 4740 nascitur.
762 4684 928 4749 Quod
949 4685 1124 4740 etiam
1146 4686 1398 4758 angelus
1422 4686 1766 4756 pastoribus
1788 4704 1923 4742 cum

249 4771 622 4845 loqueretur,
696 4773 843 4827 dixit
898 4789 1036 4829 esse
1088 4776 1472 4846 generatum,
1534 4775 1689 4829 sicut
1736 4776 1924 4835 habes

255 4864 535 4934 scriptum
572 4878 584 4917 :
632 4886 652 4911 α
688 4861 833 4927 Quia
865 4866 1037 4917 natus
1078 4866 1168 4917 est
1222 4863 1397 4918 nobis
1430 4863 1605 4920 hodie
1635 4864 1924 4933 Salvator,

263 4952 353 5023 qui
394 4954 489 5007 est
508 4952 784 5006 Christus
817 4952 1125 5020 Dominus,
1169 4952 1229 5006 in
1266 4952 1503 5008 civitate
1544 4954 1731 5009 David
1761 4955 1923 5024 (Luc,

257 5040 454 5110 11,11),
496 5062 516 5090 ιο
555 5040 744 5095 Nobis
801 5057 946 5113 crgo
1005 5041 1162 5112 quod
1211 5057 1327 5096 non
1375 5046 1519 5113 erat,
1552 5047 1749 5098 natum
1784 5046 1876 5098 est
1910 5058 1923 5098 :

259 5129 367 5185 hoc
399 5134 512 5195 est,
549 5146 696 5200 puer
733 5147 809 5186 ex
843 5131 1110 5204 Virgine,
1145 5147 1364 5203 corpus
1411 5148 1487 5188 ex
1526 5133 1707 5188 Maria
1740 5149 1754 5204 ;
1811 5133 1923 5187 hoc

259 5220 400 5273 enim
419 5223 557 5290 post
591 5236 722 5287 nos,
751 5220 894 5274 illud
926 5223 1059 5275 ante
1092 5236 1231 5276 nos.

322 5291 407 5345 56.
434 5292 550 5344 Alii
583 5291 823 5347 codices
856 5293 945 5346 sic
970 5292 1187 5347 habent
1218 5307 1230 5348 :
1272 5314 1294 5343 «
1323 5294 1479 5348 Puer
1499 5297 1674 5349 natus
1695 5298 1786 5349 est
1816 5311 1930 5349 no-

271 5379 376 5450 bis,
410 5379 599 5433 Filius
633 5380 805 5435 datus
836 5384 927 5435 est
960 5381 1178 5452 nobis;
1226 5404 1246 5431 »
1273 5382 1385 5437 hoc
1405 5385 1515 5454 est,
1549 5384 1649 5454 qui
1690 5386 1815 5439 erat
1835 5382 1930 5437 Fi-

324 5525 434 5593 (59)
468 5522 622 5577 Edit.
668 5539 874 5578 omnes
922 5540 991 5578 ac
1028 5524 1197 5595 pauci
1247 5541 1395 5580 mss.
1443 5525 1539 5580 hic
1589 5529 1644 5580 et
1701 5526 1873 5595 inim,
1904 5548 1926 5575 »

257 5595 407 5649 Puer
434 5599 611 5649 natus
634 5598 727 5650 est
753 5596 928 5650 nobis
964 5611 980 5658 ξ
1008 5616 1031 5645 ι
1052 5597 1257 5665 plures
1288 5612 1434 5651 mss.
1461 5596 1732 5653 omittunt
1768 5620 1789 5646 α
1820 5612 1930 5652 ηο-

265 5667 373 5733 bis,
416 5688 438 5715 »
474 5666 709 5731 melius,
742 5671 804 5721 ut
835 5670 992 5736 patet
1021 5684 1052 5721 e
1084 5671 1383 5721 contextu.

335 5736 461 5809 (60)
484 5736 635 5793 Mss.
667 5737 908 5812 aliquot,
944 5745 1001 5793 ut
1034 5739 1243 5795 eratin
1259 5739 1576 5815 principio.

2036 4672 2426 4727 substantiam
2458 4671 2800 4740 divinitatis,
2851 4674 2907 4726 et
2941 4671 3176 4741 carnis;
3211 4687 3283 4725 ne
3322 4671 3457 4742 quis
3491 4672 3588 4725 aut
3619 4670 3709 4725 di-

2037 4761 2338 4815 vinitatem
2371 4763 2546 4831 neget
2578 4758 2732 4831 ejus,
2758 4762 2856 4814 aut
2879 4775 3136 4815 carnem.

2111 4847 2197 4905 60.
2233 4850 2381 4903 Nam
2412 4848 2567 4903 sicut
2590 4849 2649 4901 in
2680 4848 2832 4902 Isaia
2852 4848 3040 4903 habes
3074 4866 3085 4903 :
3127 4871 3147 4898 α
3190 4850 3348 4904 Puer
3396 4852 3569 4905 natus
3618 4852 3711 4905 est

2040 4937 2237 5007 nobis,
2264 4940 2320 4991 et
2350 4936 2538 4991 Filius
2571 4936 2741 4991 datus
2792 4940 2883 4991 est
2927 4937 3102 4992 nobis
3137 4937 3277 5009 (Isa.
3314 4956 3392 5009 IX,
3427 4938 3519 5009 6);
3557 4961 3577 4987 υ
3631 4939 3712 4993 ita

2040 5027 2135 5082 hic
2167 5042 2396 5097 quoque
2427 5029 2559 5081 ante
2580 5026 2868 5096 prmmisit
2887 5030 3216 5081 creaturam
3241 5029 3458 5097 carnis,
3485 5032 3541 5083 et
3571 5028 3713 5083 sub-

2036 5116 2222 5172 texuit
2252 5115 2645 5170 assertionem
2675 5115 2998 5170 divinitatis
3025 5133 3039 5185 ;
3083 5120 3146 5171 ut
3185 5118 3377 5174 scires
3409 5136 3527 5174 non
3560 5119 3712 5173 duos

2037 5206 2331 5274 Christos,
2375 5205 2482 5260 sed
2513 5221 2694 5259 unum
2725 5221 2864 5261 esse
2889 5222 2904 5276 ;
2929 5206 3029 5277 qui
3082 5210 3137 5262 et
3165 5211 3299 5263 ante
3348 5208 3570 5263 saecula
3602 5223 3712 5280 ge-

2040 5296 2282 5350 neratus
2316 5295 2395 5348 sit
2445 5309 2518 5348 ex
2574 5294 2765 5357 Patre,
2802 5297 2858 5349 et
2893 5295 3112 5352 ultimis
3146 5297 3512 5368 temper-ibus
3544 5312 3714 5350 crea-

2040 5387 2136 5438 tus
2177 5398 2252 5437 ex
2320 5383 2586 5455 Virgine,
2630 5383 2744 5438 hoc
2785 5387 2877 5438 est
2917 5400 2929 5439 :
2974 5385 3101 5457 Ego
3153 5403 3287 5441 sum
3340 5386 3438 5441 ille
3478 5387 3713 5439 creatus

2114 5527 2228 5596 (61)
2273 5526 2407 5582 Non
2443 5526 2612 5598 pauci
2656 5543 2829 5597 mss.,
2881 5526 2978 5582 hic
3034 5527 3266 5581 .llariee.
3328 5527 3491 5580 Puer
3545 5530 3716 5578 natus

2047 5601 2588 5742 “(gigantei/uani
2621 5670 2877 5743 abyssos
2907 5670 3157 5743 taceret,
3184 5666 3633 5721 desiderabatur
3655 5668 3713 5725 in

2049 5742 2210 5814 edit.,
2245 5742 2403 5815 quod
2433 5757 2545 5799 nos
2577 5756 2651 5798 ex
2681 5741 2830 5800 mss.
2864 5741 3251 5799 restituimus.
3702 5771 3706 5775 η
