4050 6182
395 249 517 322 627

1847 260 1911 326 S.
1947 262 2391 331 AMBROSII.

3687 280 3790 349 628

400 475 475 515 ex
504 457 763 529 homine,
787 462 1022 517 creatus
1053 460 1125 517 ad
1158 477 1419 534 causam,
1486 464 1609 537 qui
1631 480 1765 521 sum
1811 451 2138 539 genera-A
2171 483 2289 524 non
2324 471 2383 525 ut
2432 469 2820 528 confunderet
2863 472 3117 530 humana
3154 476 3323 548 atque
3367 476 3569 549 divina,
3599 482 3693 537 sed
3736 487 3792 539 ut

400 553 496 604 tus
526 552 659 603 ante
683 549 926 605 saecula.

469 637 558 691 6t.
602 638 868 711 Denique
900 640 1167 697 dicturus
1204 658 1216 697 :
1255 666 1273 689 ‹¹
1317 643 1603 699 Dominus
1634 646 1855 700 creavit
1887 661 2000 715 me,
2039 668 2059 694 υ

399 726 689 797 praemisit
722 743 734 782 :
776 751 797 775 ιε
824 728 1312 787 Commemorabo
1342 749 1476 803 quae
1506 750 1539 787 a
1571 734 1797 789 saeculo
1819 738 1958 788 sunt
1989 750 2001 788 :
2041 758 2062 781 ιι

401 815 610 881 (Prov.
644 832 768 885 vm,
801 817 877 885 6).
916 839 937 866 ι
966 819 1281 876 Dicturus:
1314 843 1335 868 α
1362 822 1593 890 Genuit,
1624 842 1645 872 ι
1678 823 1965 894 praemisit
1996 839 2009 878 :
2042 845 2062 871 ιι

404 906 467 960 ln
498 905 787 976 principio
816 910 1126 979 antequam
1170 911 1386 965 terram
1416 910 1655 981 faceret,
1696 914 1829 967 ante
1861 927 2068 967 omnes

404 994 588 1051 colles
611 994 816 1066 genuit
844 1011 937 1051 me
969 997 1145 1067 (Ibid.
1197 1000 1307 1069 25).
1348 1022 1368 1047 ιι
1422 1001 1602 1068 Ante,
1653 1016 1786 1055 eum
1836 1001 2068 1071 dicitur,

402 1084 463 1140 in
496 1084 785 1139 infinitum
813 1089 972 1140 retro
1022 1087 1152 1141 sine
1197 1089 1391 1160 aliqua
1441 1089 1781 1145 definitione
1812 1091 2073 1163 porrigi-

403 1176 519 1229 tur.
565 1172 850 1244 Denique,
892 1197 913 1223 α
972 1177 1118 1230 Ante
1168 1176 1487 1247 Abraham,
1520 1179 1727 1250 inquit,
1777 1194 1890 1250 ego
1937 1195 2073 1234 sum

408 1261 596 1323 (Joan.
622 1278 744 1329 vm,
775 1262 887 1331 58),
928 1286 949 1310 υ
985 1279 1102 1318 non
1132 1266 1335 1336 utique
1366 1270 1499 1337 post
1527 1267 1712 1322 Adam
1747 1283 1759 1322 :
1800 1289 1819 1316 ι
1855 1272 1912 1322 et
1941 1271 2075 1323 ante

410 1349 750 1405 Luciferum
787 1351 977 1420 (Psal.
1012 1369 1129 1423 cxx,
1171 1354 1248 1424 3),
1288 1375 1310 1404 ι
1345 1371 1462 1410 non
1497 1357 1696 1427 utique
1726 1359 1861 1427 post
1888 1373 2075 1428 ange-

408 1437 522 1494 los.
557 1438 670 1493 Sed
696 1445 851 1508 ante,
886 1456 1018 1495 cum
1048 1442 1214 1512 dixit,
1250 1460 1367 1499 non
1399 1460 1465 1500 se
1496 1445 1642 1500 intra
1667 1446 1941 1517 aliquem,
1969 1446 2075 1500 sed

410 1527 604 1582 omnia
635 1528 788 1582 infra
819 1545 887 1584 se
922 1530 1068 1585 dixit
1103 1549 1115 1587 :
1150 1533 1237 1587 sic
1267 1533 1421 1588 enim
1445 1534 1629 1590 moris
1658 1538 1750 1590 est
1780 1535 2077 1590 aeternita-

407 1620 524 1673 tem
575 1616 680 1671 Dei
729 1616 1052 1689 Scripturis
1107 1622 1449 1693 signiﬁcare
1516 1623 1756 1679 divinis.
1811 1624 2076 1695 Denique

407 1704 548 1760 alibi
578 1703 766 1760 babes
801 1723 815 1762 :
852 1728 874 1757 ι
939 1710 1293 1783 Priusquam
1338 1714 1571 1767 montes
1603 1712 1829 1781 tierent,
1864 1717 1922 1768 et
1952 1712 2076 1768 for-

408 1799 670 1849 maretur
699 1795 864 1851 orbis
894 1800 1089 1869 terrae,
1123 1816 1156 1853 a
1188 1800 1413 1855 saeculo
1454 1804 1511 1855 et
1553 1817 1745 1872 usque
1787 1802 1848 1857 in
1879 1818 2076 1858 saecu-

408 1881 527 1939 lum
559 1885 621 1937 tu
644 1898 712 1938 es
744 1884 934 1953 (Psal.
960 1904 1203 1959 Lxxxix,
1237 1888 1313 1953 2).
1343 1910 1363 1937 ι

479 1971 568 2026 62.
606 1974 755 2028 Ante
787 1976 981 2029 omnia
1012 1991 1157 2049 ergo
1216 1979 1540 2049 generatio,
1592 1978 1745 2034 inter
1775 1980 1967 2035 omnia
2020 1983 2080 2035 et

408 2063 650 2131 pr0pter
681 2063 875 2117 omnia
907 2068 1195 2122 creatura.
1228 2067 1415 2122 Natus
1447 2083 1521 2123 ex
1550 2069 1723 2124 Patre
1761 2084 1941 2141 supra
1989 2069 2077 2123 le-

409 2162 567 2221 gem,
602 2147 794 2206 factus
822 2167 899 2207 ex
927 2154 1109 2210 Maria
1139 2155 1252 2211 sub
1285 2155 1439 2229 lege.

1068 2263 1320 2320 CAPUT
1351 2265 1424 2320 X.

409 2343 912 2425 Baptistaeverba
931 2367 1010 2425 ex
1039 2353 1251 2425 quibus
1270 2354 1576 2409 Christum
1605 2355 1784 2410 etiam
1822 2360 1961 2410 ante
1979 2355 2076 2410 in-

483 2422 888 2496 carnationem
924 2422 1142 2496 factum
1187 2426 1590 2496 disputabant,
1625 2426 1944 2495 soluturus,
1981 2426 2082 2481 ubi

477 2493 780 2569 praemisit
804 2510 872 2569 ea
895 2495 1129 2549 referri
1141 2493 1329 2569 posse
1368 2497 1443 2550 ad
1457 2493 2078 2569 praedestinationem;

482 2562 876 2634 intelligenda
911 2572 1105 2620 tamen
1150 2562 1224 2621 He
1278 2562 1691 2621 incarnatione
1735 2568 1810 2623 ab
1844 2574 2080 2623 antece-

484 2633 767 2711 dentibus
795 2635 1005 2711 proba.
1049 2636 1203 2691 Hine
1249 2638 1653 2711 progrediens
1688 2639 1763 2693 ad
1802 2641 2076 2711 mystica,

484 2704 674 2777 ipsum
700 2704 996 2777 dignitate
1031 2724 1100 2761 ae
1137 2704 1528 2764 merito'ante
1559 2704 2081 2764 Joannem'l'uisse

528 2774 811 2853 celarat}:
850 2779 1105 2853 maxime
1135 2795 1262 2833 eum
1290 2779 1602 2853 Ecclesia},
1640 2780 1800 2851 cuius
1823 2787 1997 2853 typus
2018 2782 2079 2835 in

483 2845 739 2923 historia
760 2847 919 2923 {tut/2
955 2866 1282 2923 expressus
1310 2850 1528 2923 fuerat,
1571 2845 1821 2923 sponsus
1834 2845 1863 2914 ,⁷
1884 2845 2079 2923 'etiam

486 2916 723 2973 excluso
753 2918 982 2992 Moyse,
1003 2916 1165 2996 solus
1201 2916 1542 2996 e.\_'sititerit_
1559 2943 1576 2976 :
1598 2916 1767 2994 quam
1788 2923 1931 2996 licet
1957 2922 2078 2996 Sy-

484 3004 708 3061 nagoga
727 3006 840 3045 non
880 2992 1114 3048 omnino
1132 2994 1420 3065 neglecta,
1447 2992 1626 3049 solus
1645 3010 1781 3049 voca
1793 2995 1896 3049 vit.

482 3095 571 3151 62.
606 3095 802 3169 [Alias
829 3114 956 3171 cap.
990 3098 1082 3173 V.]
1113 3098 1229 3156 Sed
1261 3102 1549 3173 scriptum
1577 3103 1669 3156 est
1701 3116 1713 3156 :
1754 3122 1775 3152 ι
1809 3102 1955 3157 Post
1985 3116 2078 3157 me

410 3185 571 3240 venit
599 3186 710 3256 vir,
743 3188 998 3260 quiante
1029 3205 1121 3244 me
1161 3189 1352 3245 factus
1392 3193 1484 3245 est
1535 3205 1547 3245 :

409 3277 536 3330 erat
565 3275 754 3346 (Joan.
788 3295 828 3347 ι,
860 3279 971 3349 30).
1012 3300 1033 3327 ι
1086 3279 1255 3333 Unde
1287 3279 1487 3334 dicunt
1518 3299 1534 3333 .-
1569 3278 1721 3334 Ecce
1778 3280 1879 3352 qui
1930 3284 2073 3349 erat,

409 3361 604 3420 factus
634 3369 745 3422 est.
776 3368 910 3438 Ipsa
932 3368 1111 3423 verba
1134 3367 1591 3439 perpendamus.
1632 3390 1652 3415 ι
1688 3369 1831 3423 Post
1853 3385 1964 3438 me,
1988 3370 2076 3422 in-

408 3453 553 3523 quit,
585 3455 746 3509 venit
767 3456 877 3510 vir.
918 3480 939 3504 ι»
968 3457 1071 3511 Vir
1099 3472 1244 3529 ergo
1276 3459 1367 3512 est
1390 3456 1488 3528 qui
1523 3457 1701 3524 venit,
1721 3457 1964 3529 ipsequi
1992 3457 2076 3512 fa-

407 3547 505 3597 tus
527 3547 637 3598 est.
672 3544 777 3599 Vir
804 3546 949 3610 509
982 3549 1178 3601 autem
1219 3562 1433 3601 nomen
1483 3549 1575 3601 est
1622 3561 1807 3601 sexus
1842 3563 1853 3601 :
1889 3563 2075 3603 sexus

406 3634 601 3688 autem
631 3649 750 3689 non
782 3635 984 3707 utique
1017 3635 1326 3705 divinitati,
1374 3634 1481 3690 sed
1511 3636 1737 3690 natura:
1767 3634 2081 3706 deputatur

406 3719 701 3779 humanae.

476 3829 566 3885 64.
598 3832 853 3887 Possem
883 3848 1030 3906 ergo
1060 3832 1258 3888 diceie
1295 3848 1308 3886 :
1340 3831 1480 3887 Erat
1515 3831 1573 3886 in
1605 3831 2074 3904 pmcognitione

404 3918 643 3989 quidem
675 3922 966 3992 corporis,
1018 3922 1126 3977 sed
1169 3921 1491 3977 aeternitate
1512 3920 1746 3976 virtutis
1779 3936 1792 3976 :
1828 3937 1959 3975 nam
2019 3925 2076 3976 et

406 4004 676 4063 Ecclesia
706 4013 851 4079 erat,
886 4014 943 4066 et
965 4010 1153 4065 sancti
1187 4012 1354 4065 erant
1382 4008 1786 4081 prmdestinati
1815 4012 2073 4065 antesaa-

404 4096 534 4151 cuia
569 4113 582 4152 :
619 4098 728 4154 sed
776 4114 893 4155 non
940 4099 999 4153 id
1033 4099 1146 4155 hoc
1180 4099 1312 4156 loco
1356 4098 1510 4169 dico,
1548 4100 1607 4152 at
1648 4097 1791 4153 illud
1837 4114 2067 4168 assero,

403 4187 622 4244 factum
654 4204 795 4245 esse
834 4203 953 4245 non
1011 4188 1086 4243 ad
1117 4187 1481 4244 divinitatem
1503 4228 1519 4257 ,
1553 4186 1659 4242 sed
1696 4187 1768 4242 ad
1798 4186 2072 4243 incarna-

400 4278 583 4335 tionis
610 4278 906 4351 pertinere
928 4281 1217 4347 naturam,
1244 4277 1400 4333 sicut
1421 4277 1551 4347 ipse
1581 4275 1843 4331 Joannes
1875 4276 2022 4332 dixit
2053 4292 2066 4333 :

406 4390 428 4418 α
467 4368 577 4424 Hic
606 4371 698 4425 est
728 4369 801 4425 de
823 4384 940 4441 quo
972 4368 1092 4424 dixi
1128 4382 1143 4425 :
1176 4369 1323 4422 Post
1351 4380 1444 4421 me
1473 4364 1635 4421 venit
1664 4365 1773 4436 vir,
1806 4365 1907 4437 qui
1937 4368 2070 4423 ante

400 4474 493 4515 me
518 4458 712 4514 factus
734 4462 827 4515 est
855 4458 1082 4531 (Ibid)
1118 4478 1139 4508 ι

470 4550 559 4605 65.
594 4550 794 4622 Itaque
841 4564 974 4604 cum
1026 4546 1344 4620 geminam,
1379 4543 1535 4598 sicut
1582 4558 1764 4614 supra
1802 4542 1967 4612 dixit,
2009 4544 2069 4599 in
2097 4566 2150 4629 ι)

398 4637 635 4694 Christo
666 4638 1058 4695 substantiam
1088 4634 1525 4707 proposuisset,
1560 4635 1621 4686 ut
1641 4634 1947 4704 utramque
1982 4633 2068 4687 in-

399 4728 633 4799 telligas
666 4731 723 4782 et
752 4726 1075 4782 divinitatis
1116 4728 1173 4780 et
1209 4723 1437 4789 carnis,
1499 4721 1612 4777 hoc
1650 4721 1782 4776 loco
1829 4722 2005 4792 coepit
2034 4739 2068 4776 a

400 4832 596 4871 carne.
633 4816 738 4871 Est
768 4817 924 4872 enim
956 4813 1281 4886 Seripturis
1330 4811 1669 4884 promiscua
1700 4811 2066 4866 consuetudo

398 4905 639 4975 divinis,
662 4908 726 4961 ut
775 4905 1066 4961 interdum
1097 4920 1131 4958 a
1170 4902 1471 4957 divinitate
1500 4899 1720 4955 Christi
1751 4899 2066 4971 incipiant,

398 4999 455 5051 et
473 4995 547 5050 ad
577 4993 1002 5049 incarnationis
1042 4994 1411 5048 sacramenta
1452 4989 1850 5058 descendant;
1882 4988 2067 5043 inter-

396 5084 534 5140 dum
565 5084 638 5139 ab
671 5082 994 5138 humilitate
1040 5080 1460 5137 incarnationis
1491 5078 1800 5136 exordium
1832 5080 2067 5132 sumant

396 5177 454 5230 et
491 5173 562 5227 ad
589 5171 840 5245 gloriam
871 5171 1194 5226 divinitatis
1229 5173 1572 5241 assurgant,
1624 5172 1686 5223 ut
1715 5168 1774 5222 in
1804 5166 2063 5238 prophe-

394 5263 492 5332 tis,
519 5266 575 5317 et
605 5262 663 5315 in
695 5261 1083 5333 evangelistis
1119 5260 1478 5332 frequenter,
1499 5262 1553 5311 et
1585 5258 1644 5312 in
1675 5257 1878 5311 I’aulo.
1906 5254 2065 5328 Ergo

394 5355 452 5409 et
482 5352 577 5407 hic
602 5349 772 5423 juxta
796 5353 1174 5407 memoratam
1221 5345 1710 5405 consuetudinem
1744 5344 1816 5399 ab
1862 5344 2062 5399 incar-

394 5443 628 5498 natione
659 5440 888 5496 Domini
936 5440 1111 5510 cmpit
1140 5439 1211 5494 de
1242 5436 1378 5509 ejus
1409 5435 1710 5491 divinitate
1742 5433 2009 5489 dicturus
2045 5448 2058 5488 :

465 5584 577 5657 (63)
600 5584 746 5639 Mss.
779 5583 1029 5657 aliquot,
1055 5582 1162 5635 hoc
1195 5584 1319 5635 loco
1348 5583 1571 5633 certam
1593 5593 1851 5657 earueui.
1932 5646 1989 5657 Α.

466 5646 578 5723 (64)
610 5654 849 5711 Amerb.
878 5646 952 5708 ac
984 5646 1179 5720 Eras.,
1214 5659 1425 5723 tenere
1465 5650 1615 5721 quod
1656 5649 1894 5722 posuit;
1925 5646 2059 5705 Gill.

397 5730 455 5783 et
480 5722 647 5783 Rom.
678 5726 817 5782 edit.
852 5741 1005 5783 eum.
1043 5739 1189 5781 mss.
1224 5725 1288 5780 ut
1317 5722 1376 5779 in
1398 5723 1581 5779 textu.

2171 558 2583 632 distingueret.
2610 561 2824 619 Verum
2848 564 3070 631 Ariani,
3086 564 3245 620 velut
3262 566 3479 621 Judaici
3497 584 3784 642 caupones,

2174 649 2424 704 miscent
2452 666 2662 721 aquam
2696 668 2827 707 cum
2857 653 2992 707 vina
3024 656 3159 725 quia
3200 656 3445 710 divinam
3486 661 3785 728 generatio-

2176 754 2309 792 nem
2358 739 2789 812 humanamque
2830 743 3216 813 cont'undunt,
3257 745 3329 798 ad
3374 745 3628 801 deitatem
3662 749 3793 804 refe-

2176 831 2396 896 rentes,
2430 830 2586 900 quod
2618 830 2690 885 de
2722 847 2899 887 carne
2929 834 3007 887 sit
3035 833 3274 888 dictum.

2243 915 2331 972 66.
2370 918 2493 972 Nec
2526 925 2720 974 metuo
2752 922 2910 992 quod
2944 922 3233 993 objecturi
3276 924 3536 979 videntur
3576 925 3701 996 quia
3748 926 3798 981 in

2175 1008 2587 1077 superioribus
2621 1025 2735 1063 non
2768 1000 2962 1078 Habet,
2996 1013 3239 1079 Virum;
3290 1013 3376 1066 sic
3406 1013 3555 1068 enim
3606 1014 3799 1070 habet:

2180 1116 2201 1142 «ι
2235 1094 2345 1160 Qui
2375 1100 2509 1167 post
2541 1113 2632 1152 me
2656 1099 2833 1153 venit.
2870 1120 2893 1150 ι
2929 1100 3045 1155 Sed
3079 1102 3311 1157 videant
3341 1105 3398 1157 et
3425 1102 3503 1157 ibi
3524 1103 3651 1174 quid
3680 1119 3802 1173 prai-

2176 1184 2404 1239 miserit
2438 1202 2450 1240 :
2492 1208 2513 1235 α
2550 1186 2830 1256 Verbum,
2867 1188 3074 1260 inquit,
3109 1207 3247 1246 caro
3280 1191 3491 1247 factum
3522 1193 3610 1247 est
3635 1193 3799 1263 (Joan.

2176 1289 2213 1341 ι,
2250 1271 2362 1342 Η).
2403 1296 2423 1321 ι
2463 1274 2531 1328 Et
2564 1275 2695 1330 ideo
2743 1292 2859 1332 non
2908 1278 3148 1347 addidit,
3197 1280 3433 1349 Virum;
3483 1302 3505 1331 ι
3538 1281 3664 1352 quia
3694 1297 3805 1334 car-

2178 1378 2310 1417 nem
2342 1363 2570 1419 dixerat
2605 1381 2618 1420 :
2653 1382 2760 1436 per
2789 1383 3025 1424 carnem
3053 1374 3245 1424 au'em
3285 1370 3416 1425 istic
3442 1370 3625 1424 virum
3651 1369 3801 1425 intel-

2176 1453 2442 1525 ligimus,
2477 1459 2534 1511 et
2563 1472 2671 1527 per
2699 1458 2889 1513 virum
2922 1475 3179 1515 carnem.
3216 1460 3374 1533 Ergo
3409 1461 3542 1533 quia
3571 1460 3802 1518 dixerat:

2183 1564 2203 1589 α
2242 1542 2500 1599 Verbum
2526 1561 2663 1600 caro
2688 1546 3020 1618 factumest,
3068 1573 3090 1597 η
3126 1550 3319 1603 virum
3349 1549 3460 1604 hoc
3488 1550 3614 1605 loco
3642 1551 3810 1605 nomi-

2179 1646 2320 1686 nare
2349 1635 2713 1704 superfluum
2736 1636 2863 1707 fuit,
2890 1653 3064 1709 quem
3088 1637 3211 1710 jam
3237 1639 3437 1694 carnis
3453 1639 3811 1711 expressione

2181 1720 2539 1794 signaverat.

2103 1836 2151 1897 Β
2251 1828 2339 1885 6'7.
2364 1829 2489 1893 Quo
2521 1833 2791 1904 exemplo
2824 1834 2880 1888 in
2901 1834 3337 1904 posterioribus
3377 1850 3606 1908 quoque
3648 1838 3701 1890 et
3729 1851 3815 1907 ag-

2181 1934 2321 1973 num
2350 1922 2771 1993 praemisit,qui
2801 1924 3032 1979 tolleret
3061 1929 3297 1995 peccata
3317 1925 3550 1994 mundi;
3581 1928 3635 1981 et
3663 1928 3717 1979 ut
3745 1924 3819 1978 in-

2182 2011 2483 2064 carnatum
2513 2009 2899 2084 intelligeres,
2920 2028 3092 2084 quem
3111 2016 3243 2068 ante
3258 2017 3700 2085 memoraverat,
3718 2013 3816 2068 ait:

2185 2118 2206 2146 α
2243 2097 2352 2152 Hic
2383 2102 2475 2153 est
2504 2100 2576 2154 de
2608 2116 2724 2171 quo
2756 2104 2888 2155 ante
2912 2102 3032 2156 dixi
3068 2104 3249 2157 :Post
3282 2119 3375 2158 me
3404 2103 3560 2158 venit
3599 2102 3703 2171 vir,
3733 2102 3819 2174 qui

2178 2189 2310 2240 ante
2342 2203 2434 2243 me
2454 2187 2644 2244 factus
2676 2193 2787 2259 est,
2824 2209 2846 2239 ι
2883 2190 2995 2245 hoc
3014 2194 3124 2258 est,
3150 2192 3343 2246 virum
3362 2191 3505 2262 dixi,
3525 2207 3638 2246 non
3659 2184 3829 2246 Deum

2182 2274 2421 2330 factum.
2447 2276 2564 2332 Sed
2596 2281 2658 2332 ut
2687 2278 2881 2349 ipsum
2933 2279 3297 2335 incarnatum
3335 2281 3653 2336 declararet
3680 2295 3820 2349 esse,

2179 2365 2316 2436 quia
2346 2369 2479 2421 ante
2511 2367 2733 2421 saecula
2763 2372 2887 2423 erat
2921 2384 2933 2423 :
2969 2385 3041 2424 ne
3073 2369 3225 2425 duos
3256 2370 3415 2426 filios
3449 2370 3821 2437 crederemus,

2179 2454 2291 2508 ait:
2331 2475 2353 2504 α
2379 2454 2522 2519 Quia
2557 2456 2720 2525 prior
2749 2473 2841 2511 me
2872 2461 3014 2512 erat.
3056 2480 3075 2505 ι»
3126 2458 3264 2512 Eam
3315 2460 3369 2513 si
3418 2459 3610 2514 factus
3654 2463 3738 2513 est
3763 2457 3824 2511 ad

2180 2541 2438 2597 divinam
2471 2545 2911 2615 generationem
2943 2547 3266 2615 retulisset,
3300 2548 3446 2620 quid
3468 2564 3616 2619 opus
3646 2548 3828 2602 eratut

2181 2631 2373 2686 adhuc
2402 2633 2642 2688 adderet
2672 2634 2926 2702 tertium,
2972 2640 3147 2707 atque
3196 2639 3438 2692 itemret
3485 2637 3638 2709 quod
3667 2650 3826 2707 supra

2182 2720 2411 2774 dixerat
2438 2724 2467 2776 ε)
2497 2722 2610 2777 Sed
2643 2723 2778 2794 quia
2808 2728 2941 2780 ante
2971 2726 3042 2780 de
3074 2726 3480 2782 incarnatione
3509 2729 3721 2781 tantum
3748 2725 3828 2779 di-

2184 2813 2349 2864 xerat
2382 2826 2397 2865 :
2426 2834 2446 2857 «ι
2471 2811 2615 2865 I’ost
2638 2828 2728 2866 me
2758 2814 2916 2868 venit
2945 2814 3054 2882 vir,
3076 2815 3172 2885 qui
3196 2818 3331 2870 ante
3355 2831 3449 2871 me
3470 2815 3657 2870 factus
3679 2816 3779 2877 est,
3805 2836 3824 2859 ιο

2188 2899 2319 2953 ideo
2359 2899 2579 2954 addidit
2614 2916 2679 2956 τη
2709 2900 2854 2966 Quia
2891 2903 3053 2974 prior
3081 2920 3173 2957 me
3218 2908 3365 2971 erat,
3406 2925 3429 2956 ι
3463 2904 3729 2978 quoniam
3757 2902 3837 2956 di—

2181 2988 2444 3042 vinitatis
2476 2989 2775 3045 aeternitas
2827 2990 3015 3046 fuerat
3047 2993 3455 3063 exprimenda.
3492 2993 3561 3048 Et
3588 2993 3711 3048 haec
3754 2994 3834 3045 est

2184 3093 2363 3133 causa
2393 3078 2855 3148 praetationis,ut
2887 3081 3094 3135 merito
3123 3083 3420 3138 antelatus
3444 3082 3725 3151 videatur,
3745 3079 3836 3152 qui

1599 3190 1735 3262 quia
1767 3190 1930 3262 prior
1984 3207 2077 3245 me
2109 3203 2159 3262 ρ
2181 3168 2406 3237 proprii
2436 3167 2630 3222 Patris
2663 3169 3019 3241 sempiterna
3053 3170 3244 3225 virtue
3277 3176 3393 3227 est.

2253 3270 2341 3327 68.
2388 3273 2492 3327 Dat
2548 3276 2741 3329 tamen
2788 3275 3121 3331 intellectus
3158 3277 3450 3348 spiritalis
3498 3278 3753 3347 ubertas,
3780 3277 3836 3330 ut

2183 3376 2502 3417 excurrere
2533 3367 2589 3417 et
2621 3365 2858 3435 evagari
2891 3364 2963 3418 ad
2997 3365 3446 3422 concludendos
3478 3367 3655 3422 libeat
3682 3365 3837 3421 Pria-

2182 3466 2315 3520 nos,
2348 3453 2447 3523 qui
2469 3451 2673 3507 volunt
2700 3453 2913 3509 factum
2946 3454 3059 3509 hoc
3091 3454 3221 3510 loco
3253 3471 3371 3510 non
3404 3457 3477 3511 ad
3500 3456 3707 3524 virum,
3739 3453 3831 3509 sed

2182 3540 2253 3594 ad
2285 3540 2643 3596 divinitatem
2675 3542 2919 3598 referre.
2952 3542 3101 3608 Quid
3134 3548 3224 3599 est
3254 3546 3414 3601 enim
3458 3549 3659 3601 tenere
3690 3541 3831 3616 quod

2183 3630 2416 3699 possint
2445 3629 2598 3699 (64);
2633 3647 2766 3685 eum
2797 3631 3019 3686 dixerit
3046 3632 3303 3704 Baptista
3340 3651 3352 3689 :
3395 3656 3418 3686 ι
3456 3636 3602 3690 Post
3633 3649 3722 3689 me
3749 3647 3836 3686 ve-

2182 3719 2284 3784 nit,
2313 3719 2411 3791 qui
2445 3723 2578 3774 ante
2609 3736 2701 3775 me
2731 3720 2923 3775 factus
2947 3725 3036 3777 est
3073 3738 3084 3776 :
3126 3743 3147 3773 ι
3182 3722 3296 3777 hoc
3329 3726 3446 3796 est,
3472 3740 3649 3796 supra
3683 3719 3837 3777 meri-

2178 3810 2300 3862 tum
2335 3824 2528 3862 meum
2562 3807 2772 3879 factus,
2823 3825 3003 3880 supra
3035 3826 3223 3865 meam
3273 3811 3549 3884 gratiam,
3592 3815 3837 3882 tempore

2182 3896 2379 3952 carnis
2423 3897 2737 3968 posterior,
2785 3898 3108 3956 divinitatis
3166 3899 3394 3955 honore
3444 3898 3841 3956 venerabilis?

2181 3985 2328 4041 Post
2350 4002 2443 4040 me
2472 3986 2626 4040 enim
2673 3986 2855 4055 venit,
2880 3989 3164 4058 temporis
3206 3989 3353 4052 510
3384 3992 3520 4060 est;
3565 3989 3734 4062 prior
3760 4001 3840 4041 me

2179 4079 2331 4143 erat,
2352 4074 2702 4129 aeternitatis
2721 4093 2740 4139 ;
2772 4081 2911 4129 ante
2933 4091 3023 4130 me
3038 4079 3231 4130 laetus
3253 4082 3365 4145 est,
3385 4077 3640 4133 honoris
3663 4094 3676 4147 ;
3717 4076 3838 4148 quia

2178 4165 2352 4219 etiam
2387 4163 2815 4219 lncarnationis
2846 4166 3188 4237 mysterium
3208 4181 3389 4238 supra
3417 4167 3729 4223 humanam
3758 4166 3841 4219 est

2178 4253 2447 4326 gratiam.

2249 4360 2335 4416 69.
2370 4361 2637 4433 Denique
2669 4361 2727 4416 in
2746 4361 3129 4417 inferioribus
3152 4363 3290 4435 quid
3311 4378 3495 4434 supra
3519 4361 3846 4419 contexuis-

2175 4453 2268 4506 set
2284 4451 2585 4521 expressit
2609 4451 2815 4505 dicens
2842 4467 2855 4506 :
2886 4474 2906 4500 α
2928 4452 3071 4506 Post
3098 4468 3187 4506 me
3210 4454 3369 4507 venit
3393 4454 3506 4523 vir,
3533 4451 3709 4525 cujus
3730 4465 3836 4505 non

2176 4555 2308 4594 sum
2349 4540 2569 4612 dignus
2610 4540 3005 4595 calceamenta
3046 4546 3278 4611 portare
3314 4541 3508 4609 (.Ioan.
3570 4559 3610 4610 ι,
3652 4540 3772 4609 2‘7);
3814 4560 3833 4584 η

2174 4629 2575 4700 prmstantiam
2601 4629 2800 4700 utique
2832 4629 3135 4703 dignitatis
3160 4632 3293 4699 ((75),
3328 4647 3447 4685 non
3467 4631 3837 4686 (sterilitatem

2178 4717 2396 4772 divinae
2421 4718 2824 4789 generationis
2841 4734 3167 4788 exponens.
3192 4718 3355 4783 Quod
3384 4734 3653 4791 eousque
3672 4716 3739 4771 ad
3762 4716 3840 4768 in-

2174 4807 2573 4861 carnationem
2605 4807 2874 4877 pertinet,
2910 4812 2970 4861 ut
3000 4811 3195 4878 typum
3222 4808 3279 4862 in
3313 4808 3656 4863 hominibus
3688 4820 3833 4876 mys-

2173 4896 2272 4949 tici
2294 4895 2674 4950 caleeamcnti
2688 4898 2820 4950 ante
2834 4896 3207 4966 praemiserit.
3231 4897 3391 4968 Lege
3406 4898 3563 4951 enim
3578 4894 3834 4967 proximo

2173 4983 2435 5039 defuncti
2458 4985 2549 5038 vel
2576 4984 2739 5038 fratri
2772 4984 2980 5055 copula
3013 4985 3390 5039 deferebatur
3418 4984 3555 5056 ejus
3596 4982 3829 5048 uxoris;

2174 5078 2230 5128 ut
2248 5089 2452 5128 semen
2478 5074 2676 5127 fratris
2704 5075 2794 5128 vel
2817 5074 3069 5145 proximi
3087 5076 3682 5143 resuscitaret(l)eut.
3700 5086 3830 5133 xxv,

2172 5165 2247 5232 ὗ).
2283 5163 2452 5217 Unde
2484 5163 2639 5234 quod
2678 5162 2853 5231 Ruth,
2896 5163 3032 5217 licet
3069 5164 3196 5234 ipsa
3244 5165 3615 5236 alienigena;
3646 5167 3827 5216 tamen

2172 5251 2307 5324 quia
2354 5252 2620 5307 maritum
2664 5251 2947 5306 habuerat
2987 5268 3059 5306 ex
3094 5252 3338 5317 Judaeis,
3393 5252 3489 5324 qui
3524 5248 3829 5321 reliquerat

2172 5331 2529 5411 supersitem
2570 5341 2922 5411 proximum,
2966 5357 3212 5412 eamque
3246 5342 3620 5414 colligentem
3652 5337 3829 5392 muni-

2172 5430 2344 5500 pulos
2378 5446 2504 5485 sua:
2543 5431 2786 5499 messis,
2827 5430 3046 5501 quibus
3082 5430 3273 5484 alebat
3305 5437 3361 5485 et
3400 5446 3464 5485 se
3497 5433 3554 5485 et
3576 5440 3823 5490 socrum,

2244 5572 2632 5647 (65D_Nonntili
2669 5590 2812 5647 mss.
2850 5573 2912 5627 di
2926 5574 3192 5628 visitatis
3218 5590 3232 5645 ;
3255 5574 3448 5647 aptius
3466 5573 3588 5642 alii,
3612 5574 3666 5626 et
3697 5582 3827 5624 cun-

2171 5642 2280 5700 ctae
2313 5643 2473 5713 edit.,
2508 5642 2843 5717 dignitatis.
