4050 6182
298 308 394 377 629

1653 305 1764 372 DE
1804 306 1999 372 FIDE
2041 307 2200 371 LIB.
2245 308 2355 372 III.

3583 303 3707 371 630

290 512 423 568 Booz
440 509 578 566 vidit
593 512 649 566 et
680 510 933 581 amavit;
985 526 1103 567 non
1151 511 1322 568 aliter
1351 528 1479 568 eam
1528 513 1741 584 accipit
1771 527 1921 567 uxo-
1941 491 2000 560 Α
2031 511 2185 570 tiose
2216 510 2467 568 solidata
2495 512 2752 585 vestigia
2782 511 2964 568 Verbi
2997 512 3261 570 caelestis
3299 494 3645 568 haeserunt.

280 616 407 668 rem,
440 601 552 654 nisi
592 599 1055 656 ealceamentum
1104 600 1240 673 ejus
1290 607 1424 657 ante
1477 602 1780 672 solvisset,
1827 603 1922 657 cui

269 705 412 744 uxor
440 688 760 743 debebatur
788 704 863 743 ex
894 689 1025 761 lege
1055 690 1259 760 (Rulli.
1298 707 1377 760 iv,
1410 693 1557 759 5-7).

336 780 418 833 70.
453 778 711 832 llistoria
760 778 1035 848 simplex,
1087 780 1195 834 sed
1245 780 1359 834 alta
1393 781 1717 851 mysteria;
1762 779 1921 834 aliud

274 868 412 923 enim
444 867 777 938 gerebatur,
811 867 969 922 aliud
1000 868 1386 940 ﬁgurabatur.
1432 870 1581 923 Nam
1612 870 1663 923 si
1699 885 1919 924 secun-

271 958 393 1011 dum
423 956 670 1010 litteram
716 971 961 1011 sensum
1008 960 1411 1028 torqueamus,
1452 974 1636 1029 prope
1682 959 1919 1029 quidam

268 1045 443 1117 pudor
468 1048 524 1099 et
555 1045 766 1099 horror
792 1046 852 1098 in
905 1046 1088 1100 verbo
1120 1050 1230 1113 est,
1281 1047 1335 1100 si
1363 1047 1435 1100 ad
1487 1046 1919 1101 commistionis

268 1149 516 1204 corporea
539 1133 1031 1188 consuetudinem
1063 1136 1415 1189 sententiam
1441 1135 1917 1206 intellectumque

262 1223 592 1279 referamus.
622 1222 1269 1295 Designabaturautem
1303 1223 1518 1278 futuris
1551 1240 1626 1279 ex
1660 1224 1913 1291 Judaeis,

263 1327 329 1367 ex
349 1312 559 1383 quibus
581 1311 857 1366 Christus
881 1312 1212 1367 secundum
1237 1329 1497 1381 carnem,
1539 1314 1638 1385 qui
1664 1313 1918 1383 proximi

263 1401 365 1469 sui,
390 1400 496 1455 hoc
520 1403 633 1469 est,
655 1400 855 1471 populi
875 1401 1088 1456 mortui
1115 1416 1324 1456 semen
1346 1402 1631 1456 doctrinae
1653 1401 1917 1457 caelestis

264 1490 471 1545 semine
484 1490 826 1560 suscitaret,
851 1490 945 1544 cui
969 1489 1429 1545 calceamentum
1448 1490 1704 1561 nuptiale
1721 1490 1919 1545 Eccle-

270 1578 367 1633 siae
409 1577 756 1650 copulandas
795 1579 1145 1650 praescripta
1180 1578 1335 1652 legis
1368 1578 1653 1651 spiritalis
1690 1578 1918 1635 defere-

259 1668 407 1722 bant

318 1793 401 1847 'il.
427 1793 563 1848 Non
587 1792 827 1864 Moyses
849 1808 1113 1863 sponsus
1139 1808 1153 1863 ;
1186 1793 1269 1847 illi
1286 1794 1445 1848 enim
1461 1794 1706 1850 dicitur:
1734 1817 1754 1839 ιε
1781 1793 1916 1850 Sol-

2105 602 2193 656 75.
2224 600 2418 658 Claret
2448 602 2630 675 igitur
2658 606 2715 657 et
2744 602 2939 657 virum
2971 606 3029 659 et
3073 607 3276 676 typum
3320 602 3392 657 ad
3423 601 3699 658 incarna-

2035 691 2213 748 tionis
2234 694 2504 763 speetare
2535 693 2904 763 mysterium.

2663 817 2915 873 CAPUT
2965 818 3067 874 XI.

2032 943 2213 997 Redit
2236 942 2311 998 ad
2330 941 2517 999 locum
2535 944 2921 1015 propositum,
2949 951 3006 999 et
3028 945 3128 1000 ubi
3161 944 3442 999 Christus
3476 943 3701 999 dicitur

2103 1014 2316 1081 factus,
2342 1015 2451 1070 hoc
2482 1014 2579 1070 vel
2606 1014 2682 1070 ad
2718 1017 3189 1071 incarnationem
3229 1015 3326 1071 vel
3356 1015 3433 1069 ad
3466 1030 3699 1070 causam

2102 1087 2159 1140 si
2169 1102 2237 1141 ve
2257 1086 2594 1159 adjunelum
2617 1086 2851 1159 aliquod
2861 1088 3095 1142 referri
3114 1089 3302 1142 docet.
3318 1086 3415 1159 Ad
3432 1102 3560 1140 eum
3573 1102 3701 1159 sen-

2100 1173 2228 1211 sum
2244 1157 2502 1228 plurima
2523 1157 2829 1213 sacrorum
2852 1159 3113 1214 codicum
3128 1165 3186 1214 et
3208 1158 3385 1213 Pauli
3405 1158 3703 1228 imprimis

2101 1228 2441 1283 testimonio
2472 1230 2763 1284 edisserit
2788 1246 2800 1285 :
2836 1231 3090 1285 maxime
3112 1234 3304 1285 autem
3324 1230 3382 1283 in
3408 1243 3475 1282 eo
3496 1228 3696 1283 immo-

2098 1306 2374 1372 ratur,gut
2401 1300 2703 1355 Christum
2734 1318 2934 1356 verum
2955 1302 3326 1363 sacerdotem
3356 1314 3490 1354 esse
3517 1305 3694 1372 atque

2098 1371 2161 1424 in
2178 1370 2624 1427 Melchisedech
2640 1372 3104 1444 praefiguratum,
3146 1374 3315 1444 eique
3354 1388 3481 1426 cum
3504 1370 3700 1444 Patre

2101 1444 2470 1513 Operationis
2492 1443 2795 1509 unitatem,
2820 1460 2933 1499 non
2961 1459 3102 1499 vero
3121 1443 3304 1499 solam
3347 1443 3700 1498 similitudi-

2098 1530 2231 1570 nem
2250 1515 2453 1570 inesse
2468 1516 2851 1586 persuadeat.

2099 1621 2187 1679 76.
2220 1622 2352 1677 Non
2387 1636 2534 1694 ergo
2567 1621 2640 1676 ab
2673 1622 3065 1678 substantiam
3103 1621 3449 1677 divinitatis.
3483 1620 3593 1677 sed
3622 1620 3697 1675 ad

2027 1712 2493 1768 incarnationem
2533 1727 2717 1782 saepe,
2755 1728 3179 1783 nonnunquam
3229 1712 3402 1766 etiam
3448 1711 3521 1766 ad
3553 1727 3695 1766 cau-

2028 1819 2158 1858 sam
2186 1800 2463 1873 pertinet,
2497 1816 2631 1855 cum
2661 1800 2878 1857 dicitur
2904 1800 3119 1856 factus.
3152 1801 3302 1856 Nam
3332 1802 3387 1856 si
3435 1801 3506 1855 ad
3541 1801 3696 1856 divi-

258 1898 324 1937 ve
354 1882 814 1937 calceamentum
838 1882 1051 1951 pedum
1075 1886 1309 1937 tuorum
1330 1882 1545 1951 (Exod.
1571 1900 1654 1952 ιιι,
1683 1884 1740 1953 5)
1764 1898 1778 1951 ;
1806 1906 1826 1929 ιι
1856 1885 1909 1937 ut

2044 1893 2265 1948 litatem
2292 1890 2507 1960 refers,
2542 1905 2690 1961 ergo
2721 1894 2779 1946 et
2807 1891 2865 1949 in
2900 1890 3286 1961 opprobrium
3316 1890 3476 1945 Deus
3503 1890 3696 1945 factus

252 1971 473 2027 domino
495 1988 612 2027 suo
636 1971 823 2025 cedat.
846 1971 978 2025 Non
999 1971 1180 2026 Jesus
1203 1971 1368 2026 Nave
1405 1972 1564 2026 ﬁlius
1606 1988 1872 2043 sponsus
1899 1987 1912 2027 :

252 2078 372 2116 nam
410 2064 465 2116 et
494 2060 615 2132 ipsi
650 2059 889 2115 dicitur:
939 2084 959 2106 α
989 2060 1165 2115 Salve
1204 2060 1667 2115 calceamentum
1700 2060 1915 2131 pedum

250 2155 468 2206 tuorum
486 2151 695 2218 (Josue
717 2166 773 2216 v,
798 2148 909 2219 16),
944 2172 965 2196 »ι
1006 2164 1080 2203 ne
1120 2164 1196 2202 ex
1235 2149 1619 2204 similitudine
1650 2149 1907 2205 nominis

250 2256 501 2311 sponsus
528 2238 821 2293 Ecclesiae
863 2238 1227 2292 crederetur.
1275 2238 1408 2293 Non
1425 2238 1579 2293 alius
1622 2254 1912 2308 sponsus,

249 2330 343 2384 sed
361 2329 530 2384 solus
552 2326 832 2382 Christus
850 2330 942 2382 est
979 2343 1264 2397 sponsus,
1311 2328 1382 2382 de
1405 2343 1521 2398 quo
1545 2327 1695 2382 dixit
1728 2327 1909 2382 Joan-

246 2434 380 2473 nes:
436 2441 455 2465 ιι
483 2416 601 2482 Qui
636 2416 813 2472 habet
850 2432 1131 2487 sponsam
1165 2432 1427 2487 sponsus
1465 2419 1556 2471 est
1595 2415 1784 2484 (Joau.
1825 2433 1908 2486 ui,

244 2504 345 2577 29).
375 2531 395 2553 η
421 2506 548 2561 lllis
569 2505 751 2578 igitur
773 2505 1242 2560 calceamentum
1281 2505 1554 2574 solvitur,
1594 2505 1731 2559 huic
1753 2505 1908 2559 solvi

245 2611 351 2651 non
363 2598 583 2667 potest,
604 2595 758 2649 sicut
771 2594 894 2649 dixi
908 2594 1198 2649 Joannes:
1228 2617 1249 2640 α
1271 2594 1403 2648 Non
1418 2610 1550 2647 sum
1565 2595 1783 2665 dignus
1798 2593 1911 2650 sol-

243 2701 371 2739 vere
402 2684 727 2755 corrigiam
760 2683 1137 2737 calceamenti
1170 2681 1304 2753 ejus
1335 2682 1527 2751 (Joan.
1569 2700 1608 2752 ι,
1641 2682 1751 2751 2'1).
1779 2706 1799 2729 ››

304 2772 387 2828 72.
412 2774 599 2829 Solus
618 2788 763 2843 ergo
784 2771 1060 2825 Christus
1095 2774 1188 2825 est
1226 2787 1514 2842 sponsus,
1552 2772 1648 2825 cui
1677 2771 1773 2825 illa
1806 2787 1912 2826 ve-

245 2863 403 2919 niens
422 2879 497 2918 ex
521 2861 808 2934 gentibus
831 2876 1076 2931 sponsa,
1108 2863 1241 2914 ante
1274 2861 1446 2930 inops
1469 2862 1644 2932 atque
1676 2858 1908 2932 jejuna,

243 2953 339 3007 sed
355 2952 476 3024 jam
500 2950 732 3007 Christi
754 2965 953 3004 messe
975 2949 1166 3018 dives,
1186 2948 1429 3003 innubat
1453 2965 1467 3018 ;
1502 2964 1634 3020 quae
1656 2949 1916 3020 manipu-

242 3041 324 3096 los
355 3040 634 3096 fecundae
657 3039 906 3111 segetis,
940 3038 1238 3109 Verbique
1268 3038 1553 3110 reliquias
1584 3038 1814 3110 gremio
1836 3037 1915 3093 le-

241 3134 327 3203 gat
374 3130 600 3186 mentis
649 3130 916 3192 interno;
966 3130 1028 3182 ut
1076 3126 1426 3183 exhaustam
1474 3127 1633 3181 illam
1674 3126 1913 3181 viduam

2024 1984 2157 2051 est;
2191 1981 2281 2035 sic
2311 1979 2468 2035 enim
2501 1978 2727 2034 habes:
2768 2002 2788 2025 α
2842 1979 2932 2033 Tu
2959 1982 3153 2035 autem
3196 1978 3487 2050 repulisti,
3537 1980 3595 2033 et
3622 1978 3697 2035 ad

2022 2070 2278 2126 nihilum
2307 2068 2603 2140 redigisti,
2637 2068 2939 2138 dispulisti
2968 2068 3268 2123 Christum
3298 2070 3461 2122 tuum
3503 2066 3692 2137 (Psal.

2026 2176 2310 2222 Lxxxvm,
2338 2152 2429 2226 39)
2454 2172 2467 2225 ;
2493 2180 2514 2203 υ
2550 2160 2607 2211 et
2636 2156 2829 2226 infra;
2866 2180 2887 2203 α
2924 2159 2981 2211 et
3011 2156 3204 2211 factus
3247 2160 3339 2211 est
3384 2158 3444 2210 in
3476 2172 3694 2227 oppro-

2022 2248 2217 2303 brium
2247 2246 2464 2301 vicinis
2497 2246 2628 2300 suis
2659 2245 2830 2315 (Ibid.
2865 2245 2978 2311 42).
3005 2268 3027 2292 α
3076 2245 3317 2316 Vicmis,
3341 2246 3548 2316 inquit,
3575 2261 3692 2301 non

2023 2337 2279 2406 civibus,
2312 2351 2431 2390 non
2478 2335 2842 2400 domesticis,
2880 2350 2997 2390 non
3043 2334 3507 2405 adhaerentibus,
3541 2350 3692 2405 quo-

2023 2427 2180 2482 niam
2219 2448 2239 2472 «
2277 2425 2377 2496 qui
2410 2424 2673 2479 adhaeret
2717 2423 2986 2495 Domino,
3032 2439 3189 2479 unus
3240 2422 3487 2494 spiritus
3520 2427 3613 2478 est
3640 2423 3698 2493 (Ι

2026 2515 2163 2571 Cor.
2196 2531 2277 2586 vx,
2315 2512 2425 2583 17),
2468 2536 2489 2561 »ι
2544 2511 2644 2585 qui
2686 2513 2921 2568 vicinus
2972 2515 3084 2583 est,
3118 2528 3236 2568 non
3278 2512 3559 2567 adhmret.
3596 2512 3687 2583 Et,

2028 2629 2049 2652 «
2086 2605 2300 2660 Factus
2334 2605 2427 2658 est
2477 2602 2537 2657 in
2568 2602 2985 2673 opprobrium;
3022 2626 3043 2651 υ
3091 2602 3224 2673 quia
3277 2617 3424 2657 crux
3452 2601 3690 2656 Domini

2024 2694 2252 2750 Judaeis
2293 2692 2663 2762 scandalum,
2709 2692 2939 2747 Graecis
2962 2691 3208 2746 stultitia
3238 2690 3351 2762 (68)
3382 2690 3438 2760 (Ι
3468 2686 3602 2745 Cor.
3646 2708 3684 2759 ι,

2022 2784 2133 2854 23).
2158 2783 2308 2838 Nam
2330 2781 2701 2852 sapientibus
2722 2797 2830 2852 per
2853 2781 3117 2836 eamdem
3132 2796 3368 2835 crucem
3389 2779 3688 2834 excelsior

2021 2872 2214 2928 factus
2233 2874 2324 2927 est
2342 2871 2531 2941 caelis,
2557 2871 2856 2926 excelsior
2885 2870 3138 2943 angelis,
3181 2874 3237 2926 et
3266 2868 3530 2925 melioris
3559 2872 3685 2937 tes-

2018 2962 2261 3017 tamenti
2291 2960 2483 3015 factus
2513 2962 2604 3014 est
2633 2975 2912 3030 sponsor,
2947 2959 3194 3031 ipsequi
3227 2962 3351 3014 erat
3371 2958 3611 3030 prioris.

2089 3050 2180 3106 7'7.
2214 3049 2362 3105 Vide
2394 3064 2569 3120 quam
2599 3065 2716 3104 non
2747 3048 3046 3121 defugiam
3078 3049 3210 3119 ista,
3245 3051 3308 3103 ut
3339 3049 3510 3103 etiam
3542 3063 3687 3102 con-

2022 3173 2262 3232 geram:
2296 3156 2405 3211 sed
2434 3156 2730 3228 quomodo
2764 3156 2957 3210 factus
2989 3156 3085 3224 sit,
3120 3156 3454 3211 considera.

246 3223 421 3318 ¹Ῑ¹⁰¹ίῑθ
454 3220 589 3288 ﬁm’
626 3221 809 3318 ,διίξμθ
838 3217 1072 3318 ίηῗρθηῖ
1115 3216 1375 3318 “fugati
1425 3216 1629 3318 pop“?
1659 3219 1905 3318 Ὓξίίξθω
1947 3216 2058 3299 Cu
2090 3248 2179 3301 '78.
2216 3216 2479 3301 Primum
2508 3246 2686 3318 quod,
2724 3268 2745 3293 α
2780 3216 3189 3315 purificatione
3223 3244 3393 3311 facta,
3416 3243 3689 3298 considet

238 3310 399 3364 novis
429 3312 643 3380 pascat
673 3306 990 3375 alimentis,
1024 3321 1142 3360 non
1189 3304 1535 3376 relinquens
1567 3304 1911 3360 destitutam

238 3399 483 3470 viduam,
519 3399 584 3453 et
613 3412 802 3451 novos
833 3410 1137 3468 quaerens.

298 3523 383 3578 78.
406 3523 594 3579 Solus
616 3537 761 3594 ergo
780 3520 1056 3576 Christus
1081 3523 1172 3575 est
1195 3535 1494 3591 sponsus,
1522 3520 1625 3591 qui
1659 3535 1770 3575 nec
1798 3519 1912 3591 Sy-

238 3628 478 3685 nagogze
499 3611 625 3682 ipsi
646 3610 980 3681 manipulos
994 3626 1122 3665 sum
1139 3610 1360 3665 messis
1374 3609 1658 3664 invideat.
1678 3610 1909 3664 Utinam

236 3716 296 3756 se
312 3718 424 3756 non
444 3702 583 3772 ipsa
605 3699 947 3755 excluderet
970 3697 982 3754 ι
1018 3698 1240 3753 Habuit
1262 3714 1416 3769 quos
1436 3713 1545 3768 per
1564 3712 1632 3752 se
1660 3698 1912 3771 collige-

236 3794 354 3860 ret;
386 3791 494 3845 sed
528 3789 671 3861 quia
701 3788 958 3859 populus
980 3786 1115 3859 ejus
1134 3791 1406 3843 mortuus
1428 3786 1560 3857 (66),
1593 3788 1764 3858 quasi
1790 3788 1913 3842 tilio

236 3893 412 3951 egena
441 3878 752 3945 defuncto,
784 3892 895 3946 per
927 3876 1265 3931 Ecclesium
1318 3876 1655 3947 manipulos
1695 3875 1914 3947 quibus

233 3968 465 4037 viveret,
491 3966 851 4039 colligebat;
884 3982 1041 4036 quos
1072 3965 1392 4021 venientes
1413 3965 1475 4020 in
1497 3965 1912 4036 exsultatione,

235 4059 567 4127 portabunt,
600 4056 754 4112 sicut
781 4056 1069 4126 scriptum
1130 4058 1261 4125 est;
1300 4078 1320 4102 «ι
1358 4054 1681 4109 Venientes
1719 4058 1916 4109 autem

236 4148 461 4202 venient
489 4148 559 4202 in
589 4146 1014 4216 exsultatione,
1064 4144 1349 4200 tollentes
1396 4143 1730 4216 manipulos
1766 4158 1915 4199 suos

235 4234 416 4325 (Psal.
455 4253 643 4306 cxxv,
674 4236 728 4306 6)
756 4261 777 4283 η

299 4361 384 4417 Ἠ.
429 4361 583 4427 Quis
611 4361 767 4415 enim
792 4360 908 4415 sibi
942 4360 1103 4416 alius
1140 4374 1426 4431 sponsam
1466 4358 1681 4414 audeat
1702 4357 1913 4413 Eccle-

235 4449 375 4505 siam
394 4450 724 4518 vindicare,
748 4465 925 4519 quam
947 4466 981 4503 a
1005 4450 1231 4504 Libano
1260 4464 1415 4503 unus
1437 4450 1496 4502 et
1526 4448 1698 4503 solus
1727 4462 1913 4503 voca-

234 4537 309 4590 vit
353 4539 602 4593 diccns:
643 4560 665 4584 α
716 4537 873 4591 Ades
916 4537 1033 4592 huc
1080 4554 1114 4591 a
1156 4537 1404 4605 Libano,
1453 4551 1720 4606 sponsa;
1755 4528 1899 4590 511

2019 3338 2080 3390 in
2111 3337 2352 3391 dextera
2382 3334 2807 3408 magnitudinis
2857 3333 2917 3388 in
2947 3333 3226 3401 excelsis,
3279 3335 3438 3388 tanto
3480 3333 3689 3387 melior

2020 3426 2214 3481 factus
2244 3424 2477 3497 angelis
2527 3423 2738 3493 (Hebr.
2790 3442 2830 3494 ι,
2864 3424 2918 3492 3,
2970 3423 3043 3492 4).
3097 3446 3117 3469 »ι
3175 3421 3291 3477 Ubi
3333 3422 3683 3493 purificatio,

2020 3515 2253 3583 hostia;
2287 3514 2389 3568 ubi
2424 3514 2640 3583 hostia,
2673 3527 2934 3584 corpus;
2985 3512 3086 3567 ubi
3136 3527 3376 3582 corpus,
3429 3510 3685 3581 oblatio;

2023 3604 2123 3659 ubi
2155 3619 2371 3658 munus
2405 3602 2742 3672 oblationis,
2776 3602 2857 3657 ibi
2881 3601 3239 3657 sacriﬁcium
3271 3601 3592 3673 passionis.

2093 3710 2183 3768 79.
2221 3710 2443 3766 Deinde
2479 3733 2500 3757 α
2536 3725 2797 3781 sponsor
2826 3710 3091 3765 melioris
3122 3709 3452 3764 testamenti
3473 3708 3684 3773 (Hebr.

2021 3817 2144 3870 vui,
2179 3801 2291 3871 22).
2330 3824 2351 3848 ι»
2391 3822 2414 3847 «
2452 3799 2566 3854 Ubi
2597 3802 3032 3869 testamentum,
3078 3815 3261 3868 mors,
3308 3814 3563 3855 necesse
3595 3802 3689 3855 est

2022 3890 2322 3963 praecedat
2351 3888 2652 3944 testatoris
2702 3888 2914 3958 (Hebr.
2965 3907 3045 3958 1x,
3081 3887 3190 3958 16),
3227 3912 3248 3935 »ι
3299 3888 3454 3942 sicut
3484 3889 3690 3943 subter

2024 3983 2121 4037 est
2151 3978 2438 4050 scriptum
2464 3994 2478 4046 ;
2509 3993 2672 4032 mors
2703 3980 2895 4032 autem
2925 3994 3043 4032 non
3072 3978 3142 4032 ad
3176 3977 3497 4033 divinitatis
3530 3981 3693 4032 aeter-

2023 4070 2288 4137 nitatem,
2320 4067 2428 4123 sed
2459 4066 2531 4121 ad
2563 4066 2938 4139 fragilitatem
2969 4067 3223 4122 refertur
3254 4066 3588 4122 humanam.

2094 4176 2183 4231 80.
2236 4198 2257 4223 «
2309 4174 2624 4231 Excelsior
2669 4190 2905 4246 quoque
2951 4174 3120 4229 caelis
3172 4173 3364 4229 factus
3398 4198 3420 4222 υ
3474 4173 3686 4244 (Hebr.

2025 4284 2126 4336 vn,
2160 4265 2252 4336 26)
2275 4263 2571 4336 quomodo
2620 4262 2718 4334 sit,
2766 4263 3135 4333 ostenditur;
3181 4288 3202 4311 ι»
3250 4262 3686 4330 Immaculatus,

2021 4354 2232 4427 inquit,
2263 4356 2621 4427 segregatus
2652 4369 2687 4406 a
2714 4352 3149 4423 peccatoribus,
3182 4355 3240 4407 et
3255 4351 3553 4407 excelsior
3572 4366 3690 4405 coe-

2020 4445 2097 4501 lis
2148 4445 2380 4513 factus;
2429 4442 2531 4515 qui
2562 4457 2682 4497 non
2723 4441 2901 4496 habet
2943 4441 3202 4512 quotidie
3247 4441 3685 4509 necessitatem,

2022 4535 2179 4589 sicut
2209 4533 2577 4602 sacerdotes,
2628 4530 2797 4602 prius
2847 4546 2955 4600 pro
3000 4532 3129 4584 suis
3170 4529 3402 4584 delictis
3434 4529 3688 4584 hostiam

238 4626 371 4681 ades
387 4628 506 4682 huc
541 4644 574 4681 a
618 4626 840 4681 Libano
877 4625 1071 4696 (Cant.
1099 4643 1177 4693 1v,
1209 4625 1290 4696 8).
1330 4650 1350 4672 η
1536 4625 1609 4679 de
1648 4596 1765 4697 quo
1796 4625 1911 4680 alio
1943 4596 2000 4661 D
2021 4622 2256 4691 offerre,
2295 4621 2507 4676 deinde
2538 4596 2651 4691 pro
2675 4596 2896 4690 populi.
2932 4618 3059 4673 Hoc
3082 4618 3237 4672 enim
3260 4618 3599 4673 fecitsemel
3621 4634 3687 4673 se

238 4717 411 4783 potuit
438 4715 713 4771 Ecclesia
744 4715 973 4769 dicere:
1015 4738 1036 4761 «
1092 4714 1319 4769 Fauces
1353 4714 1488 4785 ejus
1525 4714 1908 4782 dulcedines,

240 4806 293 4857 et
318 4807 476 4860 totus
523 4804 891 4860 desiderium
934 4801 1049 4875 (67)
1083 4803 1281 4873 (Cant.
1333 4819 1392 4872 v,
1434 4802 1565 4872 16)?
1600 4827 1621 4851 ι»
1675 4802 1746 4858 Et
1774 4802 1910 4874 quia

240 4891 306 4947 de
335 4894 734 4949 calceamento
761 4893 976 4964 pedum
1025 4895 1345 4947 tractatum
1390 4891 1782 4962 sumpsimus,
1815 4890 1907 4945 cui

238 4979 326 5035 alii
382 4983 500 5038 nisi
560 4982 758 5038 Verbo
810 4983 914 5036 Dei
962 4982 1264 5036 incarnato
1311 4981 1593 5036 convenit
1650 4980 1905 5035 dictum:

247 5092 265 5115 ι
294 5070 475 5125 Crura
516 5070 651 5143 ejus
684 5072 975 5126 columnae
1021 5085 1389 5139 marmoreae,
1424 5069 1683 5124 fundata:
1729 5084 1911 5139 super

240 5155 410 5215 bases
421 5176 637 5215 aureas
654 5160 832 5230 (Ibid.
852 5160 939 5229 15)
952 5162 980 5214 ?
1015 5185 1036 5207 υ
1064 5159 1241 5214 Solus
1255 5159 1412 5213 enim
1431 5158 1708 5213 Christus
1733 5157 1911 5212 inam-

242 5245 393 5302 bulat
437 5249 673 5317 animis,
705 5252 761 5303 et
811 5248 1079 5320 graditur
1126 5249 1187 5303 in
1237 5250 1435 5303 mente
1465 5249 1811 5302 sanctorum
1843 5246 1903 5300 in

244 5337 449 5405 quibus
483 5336 641 5391 velut
670 5338 868 5392 aureis
896 5337 1167 5403 basibus,
1213 5336 1730 5407 fundamentisque
1750 5343 1902 5405 'pre-

311 5476 419 5542 (66’)
451 5478 668 5533 Omnes
698 5479 859 5544 edit.,
893 5495 1144 5551 sponsus
1161 5479 1290 5551 ejus
1310 5484 1403 5534 est
1435 5485 1739 5542 mortuus;
1776 5494 1905 5532 om-

245 5560 346 5621 nes
378 5565 549 5617 mss.,
593 5574 614 5596 «
660 5550 935 5621 populus
964 5550 1119 5619 ejus,
1157 5550 1289 5619 etc;
1344 5574 1365 5597 η
1401 5550 1593 5621 Magis
1640 5564 1904 5620 congrue

245 5614 350 5692 hoc
380 5614 544 5692 enim
564 5614 939 5676 referendum
972 5614 1044 5676 ad
1075 5614 1386 5692 superiora
1416 5614 1552 5676 illa:
1591 5644 1612 5667 «
1672 5614 1907 5691 inopem

251 5686 499 5763 deliuneti
530 5693 723 5763 populi
759 5698 1027 5747 matrem.
1065 5717 1086 5740 υ

305 5758 413 5829 (67)
443 5758 880 5837 Μεέ.’81ἱειιιοὶ,
926 5788 946 5810 «
986 5764 1215 5823 Fauces
1263 5762 1399 5840 ejus
1456 5762 1791 5822 dulcedinis
1838 5766 1896 5821 et

2022 4710 2344 4779 offerendo,
2385 4734 2406 4756 α
2441 4710 2597 4764 sicut
2625 4708 2909 4778 scriptum
2942 4710 3034 4761 est
3062 4706 3240 4777 (Ibid.
3272 4706 3360 4775 26,
3381 4707 3504 4777 2'7);
3539 4699 3687 4763 512

2020 4801 2208 4857 Nemo
2241 4799 2539 4854 excelsior
2585 4797 2777 4851 factus
2822 4796 3052 4860 dicitur,
3104 4796 3221 4850 nisi
3252 4795 3353 4867 qui
3380 4797 3440 4851 in
3490 4797 3687 4869 aliquo

2020 4889 2197 4944 fuerit
2228 4887 2541 4955 humilior;
2573 4886 2632 4940 in
2663 4900 2734 4940 eo
2786 4885 2967 4957 igitur
3002 4884 3302 4939 excelsior
3347 4885 3461 4955 (69)
3495 4885 3685 4941 factus

2019 4981 2131 5046 est,
2165 4976 2429 5033 sedendo
2461 4975 2533 5030 ad
2562 4975 2865 5029 dexteram
2896 4975 3109 5041 Patris,
3144 4974 3203 5028 in
3232 4991 3350 5046 quo
3373 4991 3461 5045 se,
3495 4976 3690 5031 minor

2016 5066 2254 5138 angelis
2288 5065 2479 5119 factus
2512 5063 2723 5134 (Hebr.
2759 5080 2818 5133 ιι,
2852 5063 2928 5133 9),
2963 5063 3172 5118 obtulit
3201 5065 3490 5133 passioni.

2086 5154 2175 5209 81.
2204 5155 2515 5210 Postremo
2538 5152 2667 5224 ipse
2691 5152 3015 5223 Apostolus
3038 5153 3111 5207 ad
3142 5152 3558 5225 Philippenses
3584 5154 3681 5223 ait,

2019 5243 2154 5316 quia
2191 5266 2211 5289 α
2244 5244 2307 5297 in
2338 5242 2721 5297 similitudine
2752 5241 3010 5296 hominis
3042 5241 3257 5311 factus,
3281 5246 3337 5297 et
3376 5244 3576 5314 specie
3598 5243 3684 5296 in-

2017 5335 2237 5388 ventus
2277 5335 2340 5387 ut
2387 5331 2586 5401 homo,
2638 5330 2967 5385 humiliavit
3013 5330 3428 5401 semetipsum,
3490 5331 3683 5385 factus

2015 5476 2198 5531 totius
2229 5474 2532 5531 desiderii.
2569 5498 2591 5522 ι»

2089 5548 2201 5616 (68)
2232 5548 2363 5601 Non
2387 5547 2561 5617 pauci
2590 5561 2762 5615 mss.,
2803 5569 2822 5590 α
2861 5545 3087 5600 Graecis
3119 5543 3362 5600 stultitia
3402 5541 3681 5611 sapienti-

2013 5619 2151 5674 bus.
2190 5619 2301 5674 Per
2330 5618 2615 5686 eamdem,
2650 5621 2762 5672 etc.
2801 5640 2821 5664 ιι
3594 5668 3603 5673 ,

2089 5689 2203 5758 (69)
2250 5684 2673 5767 Edit._o_n;nes,
2715 5686 3146 5755 excellentior;
3195 5699 3343 5739 mss.
3394 5697 3575 5755 prope
3607 5684 3702 5738 ad.

2019 5776 2222 5834 unum,
2254 5759 2573 5817 excelsior.
