3982 6174
359 296 476 365 631

1877 291 1943 360 s.
1991 238 2411 362 Aiieaosn
2514 375 2522 382 ,

3663 299 3768 372 632

382 499 671 557 obcdiens
688 513 878 572 usque
899 497 972 555 ad
995 499 1240 556 mortem
1263 497 1447 570 (Phil.
1467 499 1600 570 ",7,
1619 497 1694 572 8).
1715 524 1737 549 η
1765 499 1912 556 Vide
1936 497 2040 554 ubi
2063 481 2116 545 Ᾱ
2143 512 2392 570 corpore
2415 495 2675 570 expiavit
2697 495 2895 570 populi
2918 499 3158 569 peccata
3180 498 3208 554 ?
3231 497 3293 553 In
3316 513 3428 570 quo
3448 515 3647 572 passus
3665 507 3767 575 est,

283 640 289 646 .
371 591 531 646 fatus
575 589 710 658 sit,:
768 611 790 636 ε·
845 589 909 646 In
955 589 1358 659 similitudine,
1409 591 1616 662 inquit,
1667 589 1946 658 hominis,
2002 613 2024 636 ι»

368 695 487 735 non
516 679 574 733 in
603 681 894 749 potestate
941 679 1084 734 Dei:
1133 683 1191 734 et
1224 701 1247 726 ιι
1288 679 1481 734 factus
1513 679 1800 734 obediens
1848 693 2041 750 usque

373 768 446 823 ad
478 771 723 822 mortem
749 783 764 837 ;
801 791 824 816 ιι
861 771 922 822 ut
954 768 1347 824 obedientiam
1363 768 1476 841 (Ἳο)
1507 768 1744 840 quidem
1775 767 2035 822 hominis

381 856 672 926 habuerit,
703 873 952 928 regnum
977 857 1320 912 divinitatis.

441 963 528 1018 82.
573 963 820 1029 Quantis
869 965 1052 1036 igitur
1097 964 1290 1020 adhuc
1337 967 1572 1020 utemur
1613 964 1904 1036 exemplis
1961 965 2034 1020 ad

365 1053 850 1122 incarnationem,
876 1055 969 1109 vel
992 1054 1066 1109 ad
1085 1053 1306 1126 aliquid
1320 1054 1698 1112 referendum
1719 1070 1858 1110 esse
1881 1055 2039 1126 quod

367 1141 562 1197 factus
607 1145 702 1198 est
740 1140 892 1214 (7t)!
945 1142 1113 1208 Quod
1161 1146 1357 1198 autem
1385 1148 1442 1198 et
1473 1144 1690 1198 factum
1738 1147 1850 1212 est,
1885 1145 2041 1200 idem

365 1234 458 1288 est
488 1234 546 1286 et
573 1235 864 1287 creatum:
909 1254 930 1279 «
971 1231 1130 1287 Dixit
1179 1233 1356 1300 enim,
1412 1235 1469 1287 et
1499 1232 1651 1287 facta
1701 1236 1876 1289 sunt:
1912 1233 2040 1304 ipse

367 1320 684 1390 mandavit,
717 1323 774 1376 et
815 1324 1010 1376 creata
1055 1323 1195 1376 sunt
1224 1309 1413 1391 (Psal.
1453 1338 1693 1392 CXLVIII,
1729 1323 1804 1392 5).
1838 1323 2042 1378 Domi-

367 1424 482 1464 nus
514 1409 736 1464 creavit
764 1425 856 1464 me
889 1409 1100 1481 (Prov.
1144 1427 1268 1479 vui,
1321 1410 1432 1480 2'2),
1470 1433 1491 1456 »ι
1545 1411 1875 1466 secundum
1906 1429 2040 1466 car-

366 1515 502 1554 nem
523 1498 741 1554 dictum
769 1513 784 1568 ;
815 1501 1076 1554 creatum
1107 1515 1346 1572 quoque
1375 1515 1557 1570 supra
1583 1499 1956 1556 ostendimus
1979 1501 2039 1556 in

365 1589 518 1646 libro
536 1588 724 1660 primo
748 1589 900 1660 (cap.
931 1587 994 1644 t-t
1021 1595 1078 1644 et
1105 1591 1256 1662 seq.)
1279 1589 1351 1644 de
1373 1589 1776 1646 incarnatione
1819 1591 2037 1646 dictum

369 1678 580 1734 videri.

439 1785 526 1839 83.
572 1785 706 1856 Ipse
728 1785 904 1840 etiam
943 1785 1268 1855 Apostolus
1298 1786 1626 1842 asserendo
1659 1787 2040 1842 serviendum

2144 586 2265 641 nisi
2294 587 2355 642 in
2385 603 2636 658 corpore
2663 603 2677 658 ;
2712 588 2868 643 sicut
2895 591 2951 642 et
2978 603 3158 659 supra
3180 587 3470 644 diximus:
3505 613 3526 638 »ν
3562 591 3770 650 Christo

2143 692 2324 746 passo
2347 677 2675 732 secundum
2706 692 2945 732 carnem
2993 677 3051 747 (I
3075 677 3250 732 Patr.
3291 694 3369 745 iv,
3396 677 3446 747 1)
3468 679 3495 732 ‘2
3537 702 3556 727 η
3589 680 3646 735 In
3671 698 3772 753 quo

2143 765 2450 835 sacerdos,
2487 766 2604 820 nisi
2637 766 2696 820 in
2725 781 2796 822 eo
2828 767 2986 838 quod
3015 766 3370 822 sacerdotali
3391 771 3692 840 assumpsit
3709 787 3774 826 ex

2142 870 2362 926 genere
2385 857 2413 910 ?

2214 960 2302 1016 87.
2335 961 2628 1017 Sacerdos
2673 962 2830 1017 enim
2877 961 3103 1034 aliquid
3153 963 3325 1018 debet
3359 961 3582 1033 otl‘erre,
3613 967 3664 1020 et
3691 981 3776 1022 se-

2143 1050 2400 1104 cundum
2442 1050 2637 1123 legem
2685 1052 2743 1106 in
2787 1055 2990 1106 sancta
3035 1053 3256 1106 intrare
3306 1068 3411 1123 per
3457 1054 3776 1126 sanguinem

2141 1139 2358 1211 (Exod.
2379 1156 2520 1210 xxx,
2545 1139 2669 1211 40):
2703 1132 2850 1196 513
2883 1157 3028 1214 ergo
3059 1143 3196 1214 quia
3225 1143 3572 1214 sanguinem
3603 1146 3776 1198 tauro-

2139 1244 2268 1283 rum
2312 1228 2697 1301 hicorumque
2728 1230 3142 1301 repudiaverat
3189 1231 3374 1300 Deus,
3409 1231 3560 1286 hunc
3603 1233 3779 1304 utique

2142 1317 2511 1373 sacerdotem
2543 1333 2646 1388 per
2676 1333 2848 1374 suum
2889 1321 3266 1392 sanguinem,
3301 1320 3457 1375 sicut
3487 1320 3696 1393 legisti,
3723 1321 3774 1377 in

2142 1407 2354 1462 Sancta
2390 1411 2729 1462 sanctorum
2762 1409 2896 1464 caeli
2927 1425 3158 1464 summa
3199 1412 3598 1480 penetrantem
3627 1426 3783 1481 apor-

2141 1496 2298 1551 tobat
2340 1495 2790 1568 intrare(Hebr.
2840 1514 2918 1563 ix,
2967 1498 3092 1568 12);
3125 1503 3188 1553 ut
3218 1501 3438 1554 aeterna
3471 1501 3784 1554 nostrorum

2141 1589 2303 1641 esset
2321 1585 2537 1640 oblatio
2559 1589 2934 1657 peccatorum
2965 1587 3098 1657 ('72).
3134 1588 3294 1642 ldcm
3327 1603 3472 1661 ergo
3502 1587 3781 1658 sacerdos,
3815 1633 3847 1644 ..

2143 1674 2298 1729 idem
2329 1678 2385 1730 et
2415 1674 2650 1744 hostia;
2701 1678 2757 1730 et
2786 1676 3186 1732 sacerdotium
3234 1679 3452 1746 tamen,
3503 1681 3558 1732 et
3585 1677 3788 1732 sacriﬁ-

2141 1763 2298 1819 cium
2354 1763 2626 1820 humanie
2681 1765 3040 1821 cmditionis
3100 1765 3368 1822 ofﬁcium
3412 1769 3539 1836 est;
3593 1782 3718 1821 nam
3743 1769 3792 1821 et

368 1890 488 1930 non
509 1853 647 1930 esse
670 1877 958 1930 creatura)
981 1853 1168 1942 (Rom.
1194 1892 1232 1942 ι,
1266 1875 1378 1945 25),
1411 1875 1774 1948 signiﬁcavit
1804 1893 1879 1931 ex
1914 1877 2034 1932 Deo
2074 1854 2438 1948 Bagnusf‘d
2471 1853 3132 1948 im't'filandtfvlflﬁlﬁué
3162 1859 3278 1948 δέξιν
3311 1857 3380 1910 et
3405 1855 3684 1910 εαθθνίιοθ
3713 1857 3790 1911 θεῖ

369 1963 582 2018 Filium
638 1979 756 2019 non
805 1965 1067 2018 creatum
1111 1978 1271 2032 esse,
1324 1964 1430 2018 sed
1480 1964 1763 2036 genitum.
1811 1966 2034 2022 Tamen

368 2053 541 2108 etiam
559 2052 720 2122 alibi,
743 2056 808 2107 ut
835 2052 1240 2108 manifestat-et
1283 2053 1582 2124 quomodo
1613 2053 1673 2109 in
1722 2054 2038 2110 Salomone

370 2141 450 2196 sit
481 2142 736 2212 lectum;
774 2162 797 2189 σι
831 2141 1118 2196 Dominus
1137 2141 1358 2196 creavit
1375 2157 1506 2197 me:
1547 2165 1570 2190 ι»
1594 2143 1735 2214 quid
1758 2143 1819 2199 in
1839 2144 2042 2200 Chris-

368 2235 429 2286 to
462 2233 727 2286 creatum
757 2233 940 2301 esset,
977 2231 1254 2286 ostendit.

439 2337 527 2394 84.
550 2338 750 2410 Itaque
771 2337 950 2394 totius
965 2338 1182 2395 Seriem
1207 2339 1417 2411 capitis
1449 2355 1874 2398 recenseamus
1899 2357 1914 2410 ;
1947 2343 2038 2398 sic

369 2428 527 2482 enim
546 2427 732 2482 habes
758 2442 771 2483 :
809 2451 832 2474 «
870 2425 1028 2500 Ergo
1053 2428 1188 2500 quia
1213 2428 1318 2483 filii
1339 2429 1656 2500 participes
1679 2422 1819 2486 sunt
1840 2432 2038 2488 carnis

367 2519 426 2572 et
449 2516 782 2588 sanguinis,
815 2519 873 2571 et
915 2515 1045 2588 ipse
1075 2518 1348 2572 similiter
1394 2519 1692 2592 particeps
1723 2519 1916 2576 factus
1945 2525 2039 2576 est

370 2605 748 2674 earumdem;
795 2609 856 2660 ut
907 2622 1014 2676 per
1059 2609 1306 2662 mortem
1353 2605 1686 2664 destrueret
1729 2609 1886 2664 hunc
1937 2611 2039 2682 qui

371 2695 580 2750 mortis
609 2694 863 2750 habebat
889 2695 1201 2766 imperium
1231 2695 1442 2766 (Hebr.
1480 2715 1538 2765 lt,
1578 2697 1684 2768 14).
1723 2722 1745 2746 ι»
1771 2697 1916 2763 Quis
1949 2716 2040 2754 er-

374 2799 450 2855 go
483 2783 704 2854 estqui
756 2799 866 2838 nos
913 2784 1232 2855 participes
1283 2799 1410 2840 suae
1441 2787 1626 2842 voluit
1669 2802 1808 2842 esse
1841 2788 2039 2843 carnis

372 2875 430 2927 et
450 2872 808 2945 sanguinis?
840 2872 1055 2945 Utique
1077 2874 1183 2929 Dei
1203 2873 1411 2930 Filius.
1443 2875 1749 2941 Quomodo
1781 2877 1898 2932 nisi
1935 2893 2043 2949 per

379 2977 617 3016 carnem
637 2961 933 3034 particeps
959 2963 1148 3018 factus
1166 2966 1260 3019 est
1292 2967 1497 3020 noster
1515 2965 1543 3020 ‘2
1573 2968 1673 3020 aut
1702 2981 1808 3036 per
1839 2983 2036 3038 quam,

377 3051 496 3106 nisi
515 3067 622 3123 per
642 3052 911 3123 corporis
934 3056 1200 3122 mortem,
1221 3054 1428 3110 mortis
1461 3054 1694 3110 vincula
1717 3055 2043 3112 dissolvit?

377 3140 586 3197 Mortis
637 3142 794 3198 enim
843 3157 1005 3198 mors
1048 3143 1200 3199 facta
1249 3147 1340 3199 est
1388 3144 1692 3216 susceptio
1737 3146 1946 3202 mortis
1979 3146 2038 3202 in

375 3230 633 3287 Christo.
667 3231 827 3305 Ergo
860 3233 931 3288 de
964 3232 1366 3288 incarnatione
1398 3235 1726 3306 proposuit.

445 3358 534 3414 85.
560 3357 879 3416 Videamus
919 3359 1261 3432 sequentia:
1301 3383 1324 3407 «
1352 3359 1478 3416 Nec
1517 3358 1673 3414 enim
1704 3359 1900 3415 statim
1931 3377 2040 3416 au-

375 3448 567 3522 gelos,
599 3449 806 3521 inquit,
837 3450 1184 3520 assumpsit,
1219 3448 1325 3505 sed
1343 3464 1547 3504 semen
1568 3448 1842 3506 Abrahaa.
1871 3449 2040 3506 Unde

375 3536 707 3609 habuit'per
726 3539 920 3594 omnia
943 3539 1222 3594 fratribus
1259 3538 1546 3607 similari;
1580 3541 1642 3594 ut
1691 3539 2039 3596 misericors

375 3629 542 3685 ﬁeret
562 3632 619 3684 et
639 3627 830 3684 fidelis
851 3628 1149 3700 princeps,
1185 3627 1469 3684 sacerdos
1486 3628 1560 3683 ad
1603 3628 1807 3698 Deum,
1841 3632 1902 3684 ut
1931 3645 2028 3685 ex.

371 3717 810 3788 piaretpeccata
827 3717 1048 3788 populi.
1085 3716 1148 3772 In
1173 3733 1288 3789 quo
1311 3717 1464 3772 enim
1501 3733 1720 3788 passus
1743 3721 1834 3773 est
1869 3717 1997 3788 ipse
2024 3735 2040 3788 ς

377 3809 730 3874 ettentatus,
753 3810 950 3878 potest
982 3810 1040 3862 et
1074 3811 1330 3862 tentatos
1362 3805 1576 3878 juvare
1613 3807 1792 3877 (Ibid.
1831 3807 2038 3878 16-18).

375 3896 626 3967 Propter
641 3897 819 3968 quod,
839 3897 1054 3952 fratres
1086 3896 1474 3964 sanctissimi,
1501 3896 1834 3951 vocationis
1858 3897 2040 3952 cmic-

376 3985 486 4042 stis
515 3985 854 4058 participes,
889 3984 1195 4040 intuemini
1239 3985 1574 4056 apostolum
1612 3987 1668 4040 et
1713 3985 2040 4056 principem

375 4073 752 4132 sacerdotum
769 4073 1172 4130 confessionis
1189 4077 1410 4128 nostrae
1429 4073 1636 4128 Jesum
1653 4073 1886 4129 fidelem
1900 4089 2039 4130 esse

375 4163 627 4222 creatori
649 4179 781 4232 suo,
820 4163 976 4218 sicut
994 4165 1051 4218 et
1085 4163 1326 4234 Moyses
1355 4162 1416 4216 in
1447 4162 1623 4218 domo
1658 4162 1792 4234 ejus
1825 4162 2036 4231 (Hebr.

373 4270 456 4324 in,
493 4252 542 4318 1,
577 4254 653 4316 2).
691 4278 714 4302 η
751 4252 896 4308 Haec
927 4267 1138 4324 nempe
1168 4251 1352 4306 verba
1381 4253 1520 4306 sunt
1550 4251 1839 4322 Apostoli.

444 4344 533 4400 86.
587 4343 815 4399 Videtis
861 4342 922 4397 in
958 4357 1077 4414 quo
1107 4343 1370 4397 creatum
1414 4340 1602 4395 dicat:
1635 4340 1695 4395 in
1727 4356 1844 4413 quo
1881 4363 1903 4388 κ
1935 4359 2038 4397 as-

372 4433 648 4506 sumpsit,
679 4431 889 4505 inquit,
921 4445 1128 4486 semen
1159 4430 1436 4500 Abrahae,
1475 4453 1497 4478 n
1532 4430 1900 4500 corporalem
1923 4431 2038 4486 uti-

372 4540 488 4596 que
521 4523 962 4598 generationem
1003 4519 1238 4576 asserit.
1291 4521 1354 4575 In
1399 4521 1534 4592 quo'
1565 4522 1779 4590 autem,
1831 4520 1949 4575 nisi
1980 4521 2037 4575 in

442 4669 558 4736 (Ἶο)
588 4667 669 4722 Ita
697 4667 835 4724 edit.
868 4681 938 4720 ac
969 4665 1172 4737 plures
1204 4679 1395 4737 mss.;
1427 4663 1692 4737 nonnulli
1715 4666 1906 4718 tamen
1929 4680 2035 4734 pro

375 4735 773 4794 obedientiam
802 4735 1008 4810 legunt
1055 4736 1416 4810 obedientia,
1461 4735 1757 4810 virgulam
1805 4751 2038 4810 expun-

375 4813 584 4880 gentes
615 4813 748 4864 ante
781 4805 1029 4880 reprimo
1077 4807 1440 4880 divinitatis,
1475 4805 1583 4878 pro
1625 4805 2038 4880 quibus_voci~

370 4878 486 4934 bus
518 4879 615 4934 alii
647 4880 820 4933 etiam
852 4877 1090 4950 r'aliquot
1134 4879 1370 4944 habent,
1418 4877 1666 4950 regnum
1697 4877 2034 4950 dignitatis.

444 4950 557 5020 (Ἠ)
593 4951 761 5006 Rom.
793 4949 931 5004 edit.
967 4947 1101 5004 cum
1155 4967 1303 5006 mss.
1335 4947 1593 5012 duobus,
1641 4948 1790 5020 quod
1818 4947 2038 5020 factum

371 5018 504 5086 est;
536 5018 809 5092 vet.edit.
830 5035 970 5092 cum
986 5020 1254 5092 reliquis,
1289 5021 1439 5092 quod
1469 5018 1665 5092 factus
1690 5025 1803 5092 est,
1830 5018 2039 5092 Chris-

367 5097 466 5148 tus
498 5091 792 5146 videlicet.
824 5089 1147 5161 Subjungi‘t
1185 5089 1380 5146 autem
1429 5091 1786 5146 Ambrosius
1819 5090 2036 5146 factum

369 5168 426 5219 et
455 5167 714 5218 creatum
757 5161 1023 5234 eamdem
1072 5161 1292 5234 habere
1343 5163 1869 5234 signiﬁcationem,
1909 5178 2037 5234 eam

367 5235 641 5290 nimirum
674 5249 805 5304 qua,
833 5233 905 5304 de
945 5232 1330 5304 productione
1375 5232 1574 5287 rerum
1607 5250 1681 5288 ex
1730 5233 1914 5288 nihilo
1943 5233 2037 5288 in-

363 5302 729 5378 telliguntur.
767 5303 836 5358 Et
867 5302 1248 5378 hoc_quidem
1280 5303 1340 5356 in
1367 5305 1582 5378 Graeco
1625 5305 1898 5378 idiomate
1931 5321 2037 5378 vef

361 5373 666 5434 rissimum
699 5378 810 5443 est,
845 5377 907 5428 ut
929 5373 1353 5448 pilicro‘nymus
1399 5374 1456 5428 in
1488 5391 1614 5448 cap.
1641 5393 1700 5428 iv
1733 5375 1916 5448 Epist.
1964 5377 2034 5430 ad

359 5451 582 5520 Ephes.
617 5451 674 5503 et
705 5444 1080 5520 Augustinus
1113 5444 1214 5520 lib.
1246 5445 1483 5520 i_ACont._
1501 5445 1598 5520 {td
1610 5461 1765 5500 vers.
1789 5444 1943 5515 Log.
1971 5455 2032 5501 et

359 5515 937 5593 I’rophet._cap.'23,_
975 5515 1222 5593 docent:
1263 5515 1400 5593 licet
1429 5515 1670 5593 ultimus
1719 5521 2031 5593 utrumque

357 5585 534 5648 etiam
561 5593 620 5647 in
651 5585 976 5659 Scriptor-is
1024 5585 1431 5642 indifferenter
1461 5587 1532 5642 de
1565 5587 1747 5641 rebus
1794 5585 2030 5644 sive'ex

355 5663 598 5720 materia
629 5663 833 5734 aliqua_
853 5659 1050 5734 factis,
1112 5659 1241 5734 sive
1273 5675 1349 5714 ex
1379 5659 1563 5734 nulla
1598 5659 2026 5734 dictasset-at.

353 5735 520 5803 Quod
543 5729 745 5791 autem
767 5731 835 5787 ad
874 5730 1138 5788 Latinam
1160 5731 1445 5804 linguam,
1487 5729 1665 5789 iidem
1701 5729 1784 5789 illi
1815 5731 2026 5788 Patres

2141 1942 2472 1998 secundum
2501 1943 2770 1999 ordinem
2811 1943 3278 2000 Melchisedech.

2213 2068 2507 2122 88.Nemo
2542 2069 2724 2141 igitur
2751 2069 2850 2124 ubi
2873 2069 3347 2126 ordinem‘ccrnit
3367 2071 3636 2126 humanae
3666 2085 3793 2124 con-

2141 2155 2402 2225 ditionis,
2436 2157 2512 2211 ibi
2541 2157 2644 2228 jus
2676 2157 2998 2212 divinitatis
3029 2163 3263 2213 asserat
3295 2159 3432 2231 (73).
3468 2159 3616 2215 Nam
3651 2161 3703 2213 et
3733 2158 3796 2212 il-

2141 2245 2260 2299 lum
2295 2245 2732 2302 Melchisedech
2763 2262 3060 2319 perquam
3083 2247 3385 2302 Abraham
3417 2248 3640 2304 hostias
3669 2262 3796 2301 suas

2141 2333 2350 2388 obtulit
2379 2334 2552 2401 (Gen.
2579 2353 2699 2403 xw,
2733 2334 2840 2406 18),
2876 2352 2994 2392 non
3047 2337 3324 2409 angelum
3365 2337 3569 2411 utique
3600 2353 3800 2393 secun-

2141 2423 2278 2478 dum
2309 2423 2552 2478 Judaica
2601 2424 2858 2480 ludibria
2910 2425 3188 2496 intelligit
3239 2427 3516 2484 Ecclesia
3547 2425 3677 2496 (Ἠ),
3707 2426 3800 2480 sed

2145 2513 2337 2567 virum
2368 2517 2658 2582 sanctum,
2691 2530 2759 2569 ac
2791 2515 3164 2570 sacerdotem
3199 2515 3324 2584 Dei,
3361 2517 3467 2589 qui
3498 2519 3690 2589 typum
3720 2530 3804 2587 ge-

2147 2617 2288 2656 rens
2310 2603 2560 2672 Domini,
2605 2607 2656 2658 et
2690 2603 2820 2659 sine
2853 2604 3042 2673 Patre,
3076 2608 3132 2658 et
3176 2606 3306 2660 sine
3353 2611 3562 2675 matre,
3597 2608 3652 2660 et
3682 2605 3797 2659 sine

2149 2691 2549 2762 generationis
2571 2693 2959 2761 enarratione,
2985 2697 3040 2748 et
3072 2694 3202 2748 sine
3230 2695 3418 2766 initio,
3455 2697 3514 2750 et
3542 2695 3669 2750 sine
3698 2693 3800 2748 tiae

2149 2779 2506 2835 describitur
2531 2796 2544 2850 ;
2578 2784 2638 2836 ut
2661 2783 2997 2836 ostenderet
3019 2784 3452 2854 sempiternum
3482 2783 3690 2838 Filium
3711 2781 3804 2836 Dei

2145 2869 2202 2924 in
2227 2869 2385 2925 hunc
2405 2870 2682 2925 mundum
2713 2887 2851 2926 esse
2889 2879 3219 2940 venturum,
3255 2873 3355 2945 qui
3388 2875 3447 2930 et
3479 2873 3610 2928 sine
3642 2872 3801 2926 Patre

2146 2959 2474 3014 secundum
2507 2959 2966 3014 incarnationem
3009 2965 3181 3015 natus
3213 2965 3324 3030 est,
3362 2965 3421 3017 ct
3477 2961 3609 3018 sine
3639 2962 3805 3014 matre

2147 3047 2474 3102 secundum
2505 3048 2760 3103 divinam
2815 3051 3278 3122 generationem,
3316 3054 3376 3105 ct
3420 3051 3553 3106 sine
3583 3063 3808 3104 enarra-

2145 3137 2305 3191 tione
2337 3137 2778 3210 generationis;
2831 3139 2966 3210 quia
2997 3139 3278 3209 scriptum
3313 3143 3442 3196 est:
3503 3163 3527 3190 ε
3563 3139 3807 3196 Genera-

2081 3221 2365 3289 Ctioncm
2390 3229 2584 3280 autem
2635 3225 2770 3298 ejus
2799 3227 2934 3299 quis
2986 3229 3285 3282 enarrabit
3314 3229 3461 3298 (Isa.
3506 3245 3624 3297 Lm,
3655 3227 3706 3297 8)
3726 3229 3752 3281 ?
3782 3250 3799 3272 ι»

2218 3314 2306 3370 89.
2340 3314 2498 3388 Ergo
2529 3316 2692 3370 illum
2724 3316 3164 3372 Melchisedech
3205 3317 3263 3371 in
3293 3317 3518 3374 Christi
3552 3322 3686 3388 typo
3717 3332 3804 3371 sa-

2147 3405 2444 3460 cerdotem
2475 3405 2578 3460 Dei
2611 3405 2990 3478 accepimus;
3021 3407 3125 3462 sed
3163 3407 3323 3462 illum
3358 3409 3422 3463 in
3471 3410 3632 3480 typo,
3665 3407 3808 3460 hunc

2147 3494 2208 3548 in
2229 3495 2473 3549 veritate
2497 3510 2514 3562 ς
2547 3500 2721 3566 typus
2739 3500 2932 3551 autem
2954 3496 3159 3552 umbra
3183 3501 3275 3552 est
3311 3498 3585 3554 veritatis
3608 3513 3622 3564 ;
3659 3496 3811 3550 illum

2147 3584 2208 3638 in
2239 3585 2474 3640 nomine
2507 3584 2684 3639 unius
2715 3584 2992 3653 civitatis,
3027 3585 3184 3640 hunc
3217 3602 3425 3658 regem
3457 3587 3521 3641 in
3550 3583 3809 3640 reconci-

2147 3672 2384 3728 liatione
2417 3673 2596 3728 totius
2630 3673 2870 3740 mundi;
2901 3675 3038 3745 quia
3082 3674 3373 3744 scriptum
3405 3678 3540 3730 est:
3598 3697 3621 3725 κ
3657 3675 3808 3728 Deus

2147 3763 2350 3816 eratin
2368 3762 2628 3832 Christo,
2667 3763 2950 3818 mundum
2975 3765 3372 3820 reconcilians
3411 3765 3533 3822 sibi
3565 3763 3650 3835 (Il
3679 3764 3803 3817 Cor.

2147 3867 2204 3920 ν,
2239 3851 2362 3921 19);
2399 3875 2420 3898 .n
2457 3851 2570 3907 hoc
2599 3855 2713 3920 est,
2745 3853 3102 3924 sempiterna
3131 3853 3453 3925 divinitas;
3484 3857 3605 3923 aut,
3637 3851 3690 3908 si
3718 3851 3812 3906 Pa-

2148 3943 2238 3995 ter
2265 3940 2324 3995 in
2382 3940 2550 4012 Filio,
2584 3941 2740 3996 sicut
2769 3941 2956 3998 Filius
3014 3943 3074 3998 in
3111 3943 3298 4013 Patre,
3361 3947 3425 3999 et
3474 3940 3813 3998 substantiae

2145 4030 2347 4102 utique
2377 4031 2822 4101 etioperationis
2852 4031 3048 4087 unitas
3083 4048 3199 4088 non
3233 4035 3512 4106 negatur.

2217 4155 2305 4209 90.
2325 4153 2628 4220 Quomodo
2651 4159 2842 4210 autem
2862 4172 3082 4228 negare
3101 4157 3306 4212 merito
3327 4160 3612 4229 possunt,
3647 4154 3807 4210 etiam

2145 4244 2197 4298 si
2223 4243 2420 4312 velint,
2447 4261 2582 4298 cum
2604 4245 2890 4316 scriptum
2907 4246 2984 4300 sit
3008 4261 3020 4300 :
3061 4269 3081 4293 ει
3113 4247 3287 4301 Pater
3306 4249 3509 4302 autem
3529 4245 3632 4318 qui
3654 4245 3711 4300 in
3730 4257 3813 4297 m0

2145 4334 2360 4400 manet,
2388 4333 2516 4404 ipse
2537 4349 2716 4406 opera
2735 4333 2927 4404 (Joan.
2953 4347 3076 4404 xw,
3098 4334 3222 4404 10);
3258 4356 3280 4383 ιο
3315 4339 3396 4404 et,
3427 4357 3450 4385 α
3473 4335 3665 4406 Opera
3694 4345 3815 4403 quae

2144 4437 2260 4494 ego
2289 4422 2464 4491 facio,
2497 4423 2626 4493 ipse
2657 4421 2796 4477 facit
2823 4423 3014 4492 (Joaa.
3040 4441 3097 4492 χ,
3129 4423 3220 4493 37)
3247 4427 3274 4478 ε)
3308 4445 3328 4472 ι
3367 4424 3509 4480 Non
3541 4423 3720 4478 dixit:
3754 4418 3818 4474 Et

2145 4511 2276 4582 ipse
2294 4511 2432 4566 facit
2457 4527 2472 4580 ;
2502 4527 2574 4566 ne
2596 4511 3042 4567 similitudinem
3079 4513 3293 4584 magis,
3331 4529 3518 4584 quam
3548 4512 3816 4568 unitatem

2149 4654 2336 4726 creari
2383 4671 2451 4708 ac
2501 4654 2626 4709 fieri
2677 4655 3261 4726 etdegeneratioue
3304 4655 3638 4711 liberorum
3671 4655 3723 4708 et
3751 4650 3814 4726 de

2143 4725 2594 4796 magistratuum
2615 4720 2979 4780 institutio'nc
3003 4727 3276 4796 usurpari
3295 4729 3644 4792 memorant,
3670 4720 3810 4796 quod

2145 4795 2525 4868 probatorum
2549 4797 2906 4866 scriptorum
2930 4813 3040 4851 usu
3066 4795 3484 4866 planissimum
3523 4799 3636 4852 est.
3659 4795 3815 4850 Grie-

2144 4893 2348 4932 eorum
2383 4877 2564 4948 igitur
2597 4877 2851 4942 Palmm,
2884 4876 2984 4948 qui
3017 4877 3275 4930 Verbum
3309 4877 3590 4931 divinum
3616 4875 3814 4948 κτίσμα,

2139 4948 2196 5004 id
2255 4952 2348 5002 est
2405 4947 2752 5014 creaturam,
2813 4947 3010 5003 dicere
3069 4963 3308 5016 semper
3351 4947 3803 5016 exhorruerunt,

2143 5019 2502 5096 Ambrosius
2524 5019 2740 5090 ubique
2763 5035 2938 5096 qua_m
2959 5015 3302 5096 firmissime
3324 5018 3610 5096 vestigiis
3631 5015 3815 5096 adhae-

2146 5091 2333 5158 sit,ea
2363 5091 2589 5145 ratione
2623 5089 2816 5144 omnia
2868 5089 3188 5159 St'l‘lpllll‘m
3239 5089 3602 5156 testimonia,
3653 5089 3812 5157 queis

2147 5161 2349 5216 Ariani
2383 5161 2795 5230 abolebantur,
2847 5161 3332 5216 commodissime
3381 5160 3606 5232 exponi
3637 5170 3806 5230 posse

2143 5248 2498 5303 persuasum
2531 5233 2782 5287 habens.

2212 5304 2326 5374 (7'2)
2354 5303 2572 5358 Omnes
2604 5304 2741 5358 edit.
2775 5319 2844 5358 ac
2875 5318 3023 5374 mss.
3078 5302 3320 5374 aliquot,
3354 5301 3587 5374 ablatio
3609 5312 3810 5374 pecca-

2143 5369 2366 5443 torum;
2401 5375 2596 5430 caeteri
2633 5391 2804 5438 mss.,
2839 5373 3060 5427 oblatio
3087 5369 3489 5443 peccatorum.
3517 5369 3707 5442 Magis
3723 5383 3810 5443 ap-

2139 5441 2372 5517 posite;
2409 5447 2559 5500 idem
2591 5447 2746 5517 enim
2779 5450 2872 5500 est
2910 5441 3095 5516 atque
3118 5444 3338 5499 oblatio
3388 5459 3502 5514 pro
3534 5441 3806 5514 psecatis,

2139 5516 2210 5572 de
2241 5534 2355 5586 qua
2387 5517 2482 5570 hic
2507 5516 2723 5587 agitur.

2208 5590 2322 5652 (7:1)
2358 5588 2532 5652 Edit.,
2565 5586 2592 5631 ⁷η
2629 5586 2956 5640 divinitatis
2983 5587 3249 5641 ascribit.
3293 5609 3312 5635 ιο

2207 5660 2320 5728 (7-1)
2347 5651 2746 5734 Πίονοιξῖιξιυβ
2771 5659 3055 5734 Brisaei).
3087 5657 3162 5734 ad.
3184 5657 3470 5734 Evasit?»
3513 5651 3806 5734 ita“???

2135 5724 2369 5788 nionem
2393 5747 2509 5787 non
2533 5724 2780 5799 nam,
2802 5724 2906 5784 {sed
2925 5728 3020 5784 Οιιὶ
3031 5724 3164 5804 geni
3189 5745 3259 5786 ac
3272 5724 3520 5801 Didyme
3536 5724 3793 5793 ascribit,
