4050 6182
169 319 275 387 633

1503 324 1616 392 DE
1647 325 1842 393 FIDE
1873 327 2034 396 LIB.
2067 329 2177 398 III.

3427 341 3544 407 63!

168 521 331 620 operis
359 522 722 620 mstiuiaresf
756 523 863 580 sed
894 525 1185 620 dicendo;
1221 549 1242 578 σι
1275 526 1416 620 Quae
1451 545 1564 602 ego
1595 529 1771 602 facio,
1809 515 1942 588 Ain
1974 547 2222 608 regnum
2245 553 2419 593 suum
2441 538 2678 608 (Matth.
2712 541 2957 614 xvz,28).
2993 542 3254 602 Dubitari
3271 561 3415 620 ergo
3429 562 3548 604 non

158 613 268 682 ipse
292 610 434 681 facit,
471 632 493 662 ι
527 611 900 670 manifestum
956 615 1193 688 reliquit
1223 619 1382 690 quod
1411 634 1592 674 unum
1624 635 1775 692 opus

159 701 320 756 Patris
337 703 390 756 et
417 699 542 756 Filii
573 702 816 760 credere
847 703 1190 762 debeamus.

208 807 284 862 9t.
308 807 558 880 Denique
589 809 686 864 ubi
720 811 1162 867 similitudinem
1195 829 1458 884 operum,
1493 831 1609 872 non
1643 817 1776 871 uni-

151 900 298 950 tatem
337 897 513 952 voluit
542 899 788 972 intelligi
821 917 832 956 :
885 926 906 948 «ι
942 900 1050 966 Qui
1087 903 1290 973 credit,
1326 905 1533 976 inquit,
1567 905 1628 960 in
1659 921 1773 977 me,

153 1001 300 1056 opera
345 1002 474 1058 quae
522 1003 634 1060 ego
683 989 857 1060 facio,
897 992 952 1045 et
991 991 1121 1062 ipse
1172 991 1347 1047 faciet
1387 993 1564 1063 (Ibid.
1600 995 1709 1061 12).
1749 1015 1770 1044 ι

147 1075 280 1130 Bene
308 1075 413 1131 hoc
445 1083 504 1132 et
532 1078 978 1150 interponendo,
1004 1081 1448 1139 similitudinem
1477 1083 1650 1138 nobis
1673 1084 1776 1141 do-

147 1164 306 1220 navit:
327 1167 382 1220 et
409 1167 601 1221 tamen
633 1169 909 1224 unitatem
939 1170 1263 1226 naturalem
1295 1173 1554 1244 negavit.
1580 1173 1775 1229 Unum

146 1253 405 1326 estigitur
432 1271 583 1326 Opus
617 1257 808 1312 Patris
855 1261 912 1314 et
941 1258 1095 1330 Filii,
1131 1261 1362 1318 etiamsi
1400 1277 1518 1320 non
1548 1262 1777 1334 Placeat

148 1342 371 1400 Arianis.

749 1472 1000 1528 CAPUT
1031 1474 1152 1528 Xll.

141 1610 370 1684 Regnum
389 1613 789 1694 Patrisatque
813 1616 964 1670 Filii
983 1634 1152 1694 unum
1177 1633 1401 1694 csse-Aac
1423 1620 1554 1676 indi
1565 1621 1770 1694 risum,

290 1691 344 1738 et
366 1702 534 1740 unam
557 1687 844 1742 similiter
875 1689 1180 1760 utriusque
1202 1690 1265 1744 di
1276 1692 1602 1750 vinitatew.

197 1826 272 1882 9'2.
303 1826 509 1892 Quaero
531 1832 730 1886 autem
760 1833 1054 1904 quomodo
1087 1849 1337 1908 regnum
1369 1835 1552 1890 velint
1584 1835 1776 1891 Patris

1882 627 2078 694 potest
2099 626 2210 696 ('78)
2234 627 2391 698 quod
2423 629 2500 684 sit
2529 645 2778 702 regnum
2812 631 2944 687 Filii
2977 635 3105 691 Dei.

1956 731 2043 786 97.
2087 732 2203 788 Sed
2232 735 2432 806 accipe
2471 738 2668 808 ipsum
2713 755 2850 794 esse
2891 757 3140 812 regnum
3183 741 3336 814 Filii,
3388 744 3544 816 quod

1883 821 2078 875 Patris
2109 825 2200 876 est
2233 839 2244 878 :
2285 845 2306 870 «
2343 828 2528 880 Amen
2561 827 2692 882 dico
2723 828 2895 883 vobis
2937 831 3092 901 quod
3136 834 3272 886 sunt
3311 834 3548 904 quidam

1887 910 2412 984 circumstantium,
2447 916 2548 986 qui
2576 932 2693 970 non
2725 919 3046 990 gustabunt
3076 924 3340 989 mortem,
3363 923 3550 978 donec

1884 999 2122 1056 videant
2148 1017 2394 1074 regnum
2429 1005 2535 1059 Dei
2564 1006 2812 1061 veniens
2843 1009 2956 1079 ('79)
2985 1009 3044 1063 in
3093 1009 3304 1065 virtute
3329 1011 3541 1080 (Marc.

1884 1105 1984 1159 vu,
2009 1089 2153 1160 39).»
2192 1091 2274 1146 Eo
2297 1093 2453 1148 enim
2481 1110 2672 1167 usque
2695 1113 2874 1152 unum
2896 1114 3146 1170 regnum
3159 1103 3268 1168 est,
3291 1103 3348 1156 ut
3371 1117 3550 1156 unum

1885 1178 1962 1233 sit
1979 1180 2304 1252 praemium,
2331 1181 2714 1256 idemhaares,
2731 1186 2932 1242 eadem
2947 1189 3171 1260 merita,
3199 1188 3350 1244 idem
3374 1206 3550 1262 spon-

1887 1284 2012 1327 SOI‘.

1953 1377 2043 1432 68.
2075 1378 2380 1445 Quomodo
2411 1398 2530 1438 non
2571 1383 2724 1438 idem
2757 1401 3028 1458 regnum,
3065 1402 3194 1441 cum
3219 1389 3550 1458 praesertim

1885 1467 2013 1539 ipse
2046 1469 2117 1524 de
2147 1487 2213 1525 se
2245 1469 2432 1526 Filius
2481 1473 2696 1528 dixerit
2729 1491 2740 1529 :
2802 1497 2823 1524 α
2867 1475 3030 1532 Tunc
3057 1476 3205 1548 justi
3237 1477 3550 1550 fulgebunt

1885 1559 2041 1613 sicut
2096 1559 2188 1615 sol
2230 1561 2289 1615 in
2319 1577 2506 1633 regno
2556 1564 2746 1618 Patris
2777 1565 2892 1619 mei
2923 1566 3161 1635 (.llattli.
3204 1585 3327 1634 xm,
3361 1568 3474 1637 43).
3514 1594 3534 1614 ιι

1885 1645 2050 1712 Quod
2083 1648 2237 1702 enim
2260 1650 2453 1704 Patris
2502 1653 2593 1706 est
2614 1669 2718 1722 per
2749 1653 3077 1725 majestatis
3110 1657 3544 1726 proprietatem,

1883 1735 1942 1791 id
1972 1737 2146 1792 etiam
2178 1737 2309 1792 Filii
2339 1742 2430 1794 est
2459 1755 2564 1810 per
2593 1740 2867 1812 ejusdem
2884 1743 3250 1798 claritudinis
3276 1745 3552 1800 unitatem

1883 1825 2072 1896 (Joan.
2097 1844 2238 1897 vxu,
2271 1828 2346 1897 5).
2381 1828 2508 1900 Ego
2541 1832 2597 1884 et
2625 1830 2817 1884 Patris
2845 1847 3094 1904 regnum
3133 1833 3434 1904 Scriptura
3459 1835 3549 1889 di-

141 1919 185 1969 et
207 1915 320 1971 Filii
349 1934 484 1974 esse
525 1919 822 1990 divisum;
857 1939 986 1977 cum
1012 1905 1296 1980 Dominus
1320 1925 1553 1992 dixerit,
1588 1928 1648 1980 ut
1679 1942 1777 1982 su-
1803 1905 1852 1966 Β
1885 1917 1989 1987 κίε,
2027 1920 2082 1972 ei
2112 1916 2264 1972 Fim-

139 2022 222 2076 pra
273 2009 681 2080 ostendimus;
721 2033 742 2058 α
791 2010 973 2067 Omne
1018 2028 1268 2084 regnum
1298 2015 1359 2070 in
1397 2031 1463 2069 se
1495 2015 1771 2084 divisum,

137 2093 280 2151 facile
309 2097 652 2154 destruetur
679 2099 917 2171 (Matth.
953 2119 1054 2172 xu,
1087 2103 1223 2172 '25)?
1259 2126 1279 2152 ιι

191 2202 268 2258 93.
300 2205 368 2260 Et
396 2205 530 2262 ideo
562 2207 637 2261 ad
660 2207 1091 2262 excludendum
1121 2209 1357 2265 Arianae
1393 2211 1776 2284 sacrilegium

139 2293 410 2364 suavitatis,
429 2311 621 2350 unum
649 2295 957 2366 imperium
981 2297 1168 2352 Patris
1188 2301 1244 2354 et
1273 2298 1406 2353 Filii
1427 2300 1601 2354 etiam
1626 2291 1776 2358 514

142 2379 318 2437 Petrus
347 2388 600 2439 sanctus
630 2386 891 2440 asseruit
920 2385 1129 2441 dicens
1153 2402 1166 2442 :
1187 2411 1207 2434 α
1231 2387 1601 2460 Quapropter
1629 2393 1777 2444 sata-

138 2471 254 2541 gite,
277 2472 503 2544 fratres,
531 2483 756 2528 certam
792 2477 1044 2529 vestram
1059 2477 1427 2532 vocationem
1459 2482 1516 2532 et
1548 2479 1780 2534 electio-

137 2575 246 2614 nem
274 2561 482 2618 facere.
513 2563 662 2618 Haec
699 2563 854 2618 enim
880 2563 1164 2619 facientes
1197 2581 1314 2620 non
1337 2567 1612 2622 errabitis
1638 2583 1652 2636 ;
1685 2569 1776 2622 sic

137 2651 266 2706 enim
307 2652 708 2708 abundantius
741 2653 1174 2708 ministrabitur
1202 2655 1374 2709 vobis
1405 2655 1684 2712 introitus
1717 2659 1780 2712 in

136 2741 381 2796 aeternum
414 2742 733 2812 imperium
762 2742 864 2796 Dei
890 2745 945 2797 et
971 2742 1202 2797 Domini
1231 2745 1420 2798 nostri
1451 2760 1776 2800 conserva-

138 2829 256 2884 toris
274 2831 382 2901 ('75)
411 2831 568 2887 Jesu
595 2830 817 2886 Christi
845 2831 922 2900 (ll
948 2831 1121 2886 Petr.
1154 2849 1192 2900 ι,
1221 2831 1305 2902 10,
1342 2833 1448 2902 11).
1479 2858 1499 2881 η

190 2936 266 2992 94.
287 2941 398 2994 Aut
427 2939 484 2994 si
515 2938 659 3010 quis
689 2937 761 2992 de
791 2937 1011 2994 Christi
1031 2941 1255 2994 tantum
1284 2940 1531 3010 imperio
1562 2941 1780 2997 dictum

135 3028 285 3096 putat,
308 3031 362 3082 et
391 3029 507 3084 hoc
544 3027 678 3082 ideo
707 3027 796 3082 sic
825 3027 1056 3098 accipit,
1089 3032 1151 3082 ut
1181 3029 1414 3084 I’atrem
1448 3029 1778 3103 Filiumqne

135 3119 386 3182 potestate
418 3119 729 3186 secernat;
766 3117 818 3171 is
853 3120 1043 3172 tamen
1085 3121 1141 3172 et
1170 3135 1418 3190 regnum
1464 3119 1596 3174 Filii
1635 3120 1780 3175 fate-

133 3202 280 3274 bitur,
311 3210 364 3262 et
393 3211 708 3261 aeternum.
745 3206 942 3276 Itaque
975 3195 1324 3262 non‘solum
1347 3207 1462 3262 duo
1494 3209 1782 3265 inducent

1953 2026 2042 2081 99.
2089 2027 2305 2096 Accipe
2334 2043 2490 2082 nunc
2521 2027 2656 2099 quia
2686 2028 2786 2083 ubi
2820 2043 3074 2104 regnum
3111 2030 3214 2085 Dei
3251 2031 3409 2100 dicit,
3442 2048 3551 2086 nec

1885 2115 2078 2170 Patris
2110 2131 2218 2171 nec
2253 2115 2381 2170 Filii
2413 2120 2649 2187 separat
2680 2120 3028 2188 potestatem
3055 2135 3068 2189 ;
3102 2119 3237 2190 quia
3269 2125 3324 2175 et
3355 2125 3551 2190 pater-

1885 2221 2024 2260 num
2047 2207 2103 2260 et
2132 2203 2262 2259 Filii
2281 2221 2661 2277 rcgnumuno
2683 2206 2789 2261 Dei
2819 2207 3054 2262 nomine
3087 2209 3550 2278 comprehendit,

1887 2295 2042 2349 sicut
2073 2295 2258 2350 habes
2293 2311 2304 2349 :
2345 2319 2366 2342 ιι
2410 2293 2556 2349 Cum
2593 2295 2860 2350 videritis
2910 2296 3228 2353 Abraham.
3265 2298 3451 2366 Isaac,
3497 2303 3554 2353 et

1883 2383 2090 2453 Jacob,
2125 2386 2181 2439 et
2212 2399 2418 2439 omnes
2447 2384 2766 2456 pr0phetas
2797 2385 2857 2442 in
2886 2401 3072 2458 regno
3106 2385 3207 2440 Dei
3237 2386 3398 2456 (Luc.
3427 2405 3550 2457 xm,

1889 2473 2000 2542 28‘).
2039 2497 2059 2520 »
2087 2475 2178 2528 An
2209 2489 2498 2546 negamus
2544 2475 2601 2528 in
2643 2490 2828 2545 regno
2871 2473 3001 2529 Filii
3032 2475 3349 2546 prophetas
3392 2492 3552 2540 esse,

1885 2578 2018 2617 cum
2048 2565 2104 2618 et
2134 2563 2344 2618 latroni
2373 2564 2586 2618 dicenti
2615 2580 2626 2619 :
2665 2587 2688 2615 ει
2723 2564 3014 2619 Memento
3048 2565 3180 2633 mei,
3215 2581 3350 2620 cum
3381 2583 3560 2622 veno-

1885 2653 1971 2706 ris
2003 2653 2063 2707 in
2085 2669 2336 2726 regnum
2364 2655 2528 2708 tuum
2557 2654 2720 2722 (Luc.
2769 2671 2933 2723 χχιιι,
2974 2653 3094 2724 42);
3125 2678 3145 2701 »
3181 2655 3557 2726 responderit

1889 2741 2176 2796 Dominus
2213 2759 2225 2798 :
2265 2765 2286 2790 α
2324 2744 2510 2798 Amen
2540 2743 2671 2798 dico
2695 2743 2820 2812 tibi,
2859 2743 3032 2798 hodie
3065 2759 3299 2798 mecum
3331 2744 3453 2799 eris
3503 2745 3563 2800 in

1888 2833 2166 2902 paradiso
2198 2833 2376 2903 (Ibid.
2399 2832 2539 2902 43)?
2566 2857 2588 2880 η
2634 2834 2750 2886 Aut
2787 2832 2927 2903 quid
2959 2836 3050 2888 est
3099 2849 3236 2887 esse
3271 2833 3329 2887 in
3382 2850 3568 2905 regno

1889 2921 1996 2976 Dei
2026 2922 2159 2992 (80),
2193 2923 2309 2978 nisi
2331 2927 2610 2978 aeternam
2641 2923 2875 2978 nescire
2897 2924 3190 2977 mortem?
3219 2921 3328 2988 Qui
3357 2927 3555 2977 autem

1887 3013 2161 3067 nesciunt
2190 3016 2470 3067 aeternam
2501 3015 2769 3082 mortem,
2801 3012 3004 3066 vident
3055 3010 3267 3066 Filium
3297 3011 3556 3068 hominis

1886 3102 2217 3157 venientem
2241 3101 2300 3156 in
2325 3119 2574 3174 regnum
2609 3118 2804 3158 suum.

1959 3209 2080 3264 100.
2113 3209 2416 3275 Quomodo
2432 3225 2576 3283 ergo
2599 3213 2793 3280 potest
2815 3227 2932 3266 non
2964 3210 3019 3264 in
3036 3212 3323 3280 potestate
3337 3209 3555 3266 habere

135 3309 288 3366 regna
331 3295 552 3363 divisa,
606 3298 666 3349 ut
696 3295 948 3350 obnoxia
983 3296 1102 3350 sint
1131 3296 1420 3366 defectui;
1453 3299 1561 3352 sed
1599 3299 1774 3354 etiam
1801 3270 1850 3332 C
1892 3299 2048 3370 quod
2081 3303 2260 3354 nonat
2287 3300 2492 3354 dicens
2519 3315 2531 3354 :
2563 3322 2583 3346 ιι
2620 3300 2750 3354 Tibi
2782 3301 2933 3354 dabo
2958 3301 3158 3354 claves
3187 3300 3356 3372 regni
3380 3300 3557 3354 coelo-

136 3398 244 3438 cum
269 3402 447 3458 regna
479 3384 903 3455 comparabilia
923 3384 1081 3438 nulla
1100 3385 1219 3440 sint
1249 3385 1352 3440 Dei
1386 3396 1594 3458 regno,
1617 3389 1779 3458 quod

135 3468 242 3527 Filii
265 3490 418 3545 esse,
453 3475 694 3530 etiarnsi
727 3474 906 3528 velint
944 3489 1164 3546 negare
1197 3491 1314 3530 non
1344 3479 1598 3547 possunt
1633 3493 1645 3532 :
1677 3481 1778 3532 aut

137 3565 305 3618 contra
333 3580 503 3619 suam
532 3565 887 3618 sententiam
919 3564 1195 3618 redibunt
1226 3565 1360 3636 (76),
1396 3569 1458 3619 ut
1489 3565 1640 3620 idem
1665 3567 1778 3621 Pa-

135 3651 222 3706 tris
249 3656 299 3707 et
345 3652 764 3725 Filii-regnum
795 3669 932 3708 esse
965 3653 1256 3708 fateantur
1289 3670 1302 3710 :
1337 3658 1454 3724 aut,
1489 3657 1648 3726 quod
1681 3671 1781 3712 sa-

136 3741 410 3814 crilegium
441 3747 544 3799 est
571 3743 790 3812 dicere,
819 3741 1096 3814 jusl’atri
1125 3743 1294 3815 regni
1321 3744 1568 3799 minoris
1599 3746 1784 3800 ascri-

134 3826 249 3885 bent
284 3848 295 3886 :
335 3837 454 3903 aut,
503 3833 668 3903 quod
700 3833 1058 3886 contrarium
1097 3835 1208 3900 est,
1257 3849 1432 3904 quem
1489 3835 1777 3890 minorem

133 3916 398 3976 divinitate
421 3921 606 3993 impie
625 3923 968 3992 memorant,
995 3921 1130 3993 ejus
1162 3937 1412 3994 regnum
1441 3923 1780 3978 fatebuntur

136 4011 348 4080 aequale.

187 4115 264 4170 95.
293 4117 406 4173 Sed
438 4118 560 4173 hoc
589 4134 706 4172 non
735 4118 1002 4188 quadrat,
1044 4134 1162 4173 non
1195 4120 1487 4190 congruit,
1525 4135 1642 4174 non
1673 4135 1777 4174 co-

136 4201 306 4261 haeret.
341 4207 554 4262 Dicant
576 4207 756 4280 igitur
787 4223 965 4262 unum
1004 4223 1141 4262 esse
1175 4223 1445 4278 regnum,
1481 4209 1636 4265 sicut
1667 4225 1778 4264 nos

137 4290 376 4365 dicimus,
421 4303 480 4353 et
531 4297 851 4368 probamus
887 4313 898 4352 :
935 4297 1256 4366 probamus
1289 4301 1482 4352 autem
1514 4314 1634 4352 non
1665 4315 1776 4354 no-

136 4381 272 4454 stris,
303 4387 407 4442 sed
429 4386 786 4443 ccclestibus
805 4385 1182 4442 testimoniis.

191 4490 269 4545 96.
297 4493 558 4549 Primum
583 4494 736 4548 enim
774 4493 946 4547 etiam
995 4493 1127 4546 aliis
1159 4493 1447 4563 exemplis
1480 4493 1646 4548 disce
1680 4510 1778 4548 re-

137 4593 288 4648 gnum
317 4583 627 4652 cmlorum,
650 4599 898 4655 regnum
919 4583 1092 4636 etiam
1115 4581 1245 4636 Filii
1267 4597 1405 4636 esse
1428 4597 1439 4636 :
1468 4581 1594 4652 ipse
1617 4583 1774 4637 enim

136 4664 296 4724 dixit:
333 4694 352 4716 κ
398 4675 613 4740 Amen,
665 4687 856 4737 amen,
912 4671 1044 4725 dico
1094 4670 1266 4725 vobis
1313 4670 1591 4740 quoniam
1635 4675 1774 4726 sunt

136 4754 285 4828 aliqui
329 4761 398 4814 de
439 4762 538 4816 hic
587 4760 918 4814 astantibus
964 4759 1097 4828 (Ἡ),
1145 4759 1246 4830 qui
1294 4775 1412 4813 non
1453 4760 1778 4831 gustabunt

140 4851 374 4918 mortem,
407 4850 600 4904 donec
636 4849 872 4902 videant
915 4847 1124 4902 Filium
1153 4847 1411 4903 hominis
1443 4849 1776 4904 venientem

196 4987 295 5058 (75)
327 4991 436 5046 Ms.
462 5007 641 5058 unus,
681 4991 1150 5053 Creatoris;alii
1175 4991 1463 5058 nonnulli,
1485 4995 1541 5046 et
1571 5007 1777 5047 omnes

143 5057 283 5126 edit.,
311 5057 688 5132 Salvatoris;
720 5064 940 5133 caeteri,
983 5063 1084 5134 qui
1118 5066 1175 5117 et
1215 5057 1610 5134 prohatiOres,
1637 5080 1776 5118 con-

142 5135 466 5188 servatoris.

197 5201 295 5277 (776)
318 5204 466 5277 Edit.
497 5221 704 5259 omnes
735 5221 868 5277 cum
901 5221 1048 5260 mss.
1081 5205 1324 5277 aliquot,
1364 5229 1385 5252 «
1438 5208 1537 5260 aut
1575 5209 1776 5260 contra

143 5275 460 5390 isentgntiam
512 5292 678 5330 suam
714 5276 1008 5330 ridebunt.
1048 5301 1069 5324 »
1119 5275 1271 5344 Quid
1312 5275 1504 5349 magis
1551 5277 1774 5332 ridicu-

162 5354 272 5390 um-

162 5354 273 5397 um'!

197 5413 481 5490 (17)”Vet.
531 5419 666 5473 edit.
714 5435 783 5472 ac
832 5435 978 5474 mss.
1043 5435 1160 5474 non
1208 5420 1399 5490 pauci,
1453 5443 1473 5465 «
1521 5419 1592 5474 de
1643 5419 1776 5474 istis

143 5487 463 5560 astantibus.
503 5505 516 5542 :
555 5491 745 5554 Rom.,
783 5514 805 5537 «ι
841 5491 912 5544 de
945 5491 1078 5544 istic
1101 5487 1468 5546 astantibus:
1501 5515 1522 5537 »ι
1561 5491 1774 5560 reliqui

144 5566 256 5620 "18.,
289 5580 309 5602 ει
343 5559 413 5613 de
441 5559 536 5614 his
557 5563 907 5616 astantibus.
948 5587 968 5610 ιι
1021 5567 1092 5616 At
1123 5563 1360 5616 omnino
1391 5559 1772 5617 scribendum

142 5628 192 5704 ξιξ
237 5627 292 5680 in
353 5634 550 5704 textu;
615 5634 730 5688 hoc
798 5650 1049 5704 namque
1104 5635 1253 5702 loco,
1305 5634 1460 5688 sicut
1506 5637 1561 5688 et
1619 5634 1775 5702 apud

147 5691 376 5778 Marcum
407 5691 556 5757 infra
585 5705 822 5760 citatum
852 5707 917 5758 in
949 5691 1157 5760 Gramo
1208 5691 1554 5760 constanter
1585 5691 1775 5778 legas,

147 5775 225 5826 τῶν
251 5771 646 5850 inmissarium
721 5787 954 5841 ltursus
1030 5801 1169 5840 vero
1239 5785 1339 5842 ubi
1399 5771 1675 5842 habeturv
1715 5771 1773 5842 in

1889 3405 2018 3442 rum
2049 3388 2286 3458 (Matth.
2319 3406 2439 3459 χνι,
2459 3390 2544 3460 19)
2564 3391 2591 3444 ‘2
2613 3414 2632 3437 η
2671 3390 2952 3445 Etvideto
2975 3389 3563 3444 distantiam.Servus

1893 3473 2038 3535 515
2085 3481 2291 3550 aperit,
2353 3480 2641 3534 Dominus
2685 3480 2936 3552 largitur
2972 3495 2983 3533 :
3033 3479 3147 3533 iste
3193 3495 3300 3549 per
3340 3494 3428 3545 se,
3471 3477 3570 3532 ille

1890 3586 1996 3640 per
2031 3569 2332 3624 Christum
2371 3585 2382 3623 :
2435 3568 2691 3622 famulus
2742 3568 2960 3622 claves.
2993 3567 3228 3638 accipit,
3273 3567 3560 3622 Dominus

1889 3658 2118 3713 ordinat
2164 3659 2525 3728 potestates:
2567 3657 2723 3711 aliud
2761 3655 2864 3726 jus
2917 3657 3192 3712 donantis
3225 3657 3358 3726 (81),
3406 3655 3566 3710 aliud

1889 3748 2291 3819 dispensantis
2314 3746 2666 3817 obsequium
2690 3750 2799 3800 est.

1957 3855 2085 3911 101.
2139 3856 2356 3926 Accipe
2405 3855 2597 3911 adhuc
2638 3871 2820 3910 unum
2853 3871 3125 3928 regnum,
3161 3871 3340 3910 unum
3373 3855 3561 3926 impc-

1885 3945 2037 4000 rium
2067 3961 2204 4000 esse
2254 3945 2444 3999 Patris
2501 3948 2558 3999 ct
2597 3944 2748 3999 Filii.
2793 3944 2994 3998 Habes
3024 3943 3096 3997 ad
3137 3943 3506 3998 Timotheum
3542 3960 3554 3998 :

1890 4058 1911 4081 ιι
1941 4035 2160 4089 Paulus
2179 4035 2485 4104 apostolus
2510 4034 2654 4088 Jesu
2667 4033 2886 4088 Christi
2905 4033 3234 4088 secundum
3255 4034 3563 4104 imperium

1886 4124 1992 4178 Dei
2013 4124 2337 4178 Salvatoris
2369 4125 2578 4190 nostri,
2633 4126 2688 4177 et
2724 4124 2946 4177 Christi
2989 4123 3136 4178 Jesu
3182 4123 3310 4192 spei
3342 4127 3564 4177 nostrae

1887 4214 1944 4280 (Ι
1977 4213 2120 4269 'I'im.
2152 4231 2190 4282 ι,
2225 4215 2297 4282 1).
2329 4237 2350 4262 υ
2394 4213 2582 4268 Unum
2623 4213 2804 4284 igitur
2831 4214 3025 4267 Patris
3057 4216 3113 4267 et
3143 4212 3273 4268 Filii
3307 4227 3560 4284 regnum

1889 4303 2192 4358 evidenter
2213 4305 2306 4357 est
2337 4303 2720 4372 declaratum,
2743 4303 2899 4358 sicut
2920 4307 2976 4358 et
3005 4302 3316 4372 apostolus
3342 4300 3565 4358 Paulus

1889 4393 2148 4448 asseruit
2175 4393 2419 4447 dicens:
2457 4417 2478 4440 «ι
2515 4393 2642 4448 Hoc
2692 4393 2850 4448 enim
2907 4393 3118 4446 scitote
3161 4391 3318 4462 quod
3371 4389 3564 4444 omnis

1886 4481 2244 4552 impudicus,
2303 4484 2404 4536 aut
2459 4481 2819 4551 immundus,
2861 4483 2959 4534 aut
2989 4495 3226 4548 avarus,
3269 4479 3428 4550 quod
3474 4480 3568 4533 est

1889 4571 2240 4641 idololatria,
2275 4587 2393 4626 non
2415 4571 2592 4625 habet
2611 4569 3012 4625 hmreditatem
3042 4568 3098 4620 in
3122 4583 3310 4639 regno
3333 4566 3558 4620 Christi

1886 4664 1942 4714 et
1974 4661 2075 4714 Dei
2108 4660 2354 4732 (In‘plies.
2387 4677 2444 4728 v,
2477 4661 2551 4730 5).
2588 4683 2608 4705 »ι
2639 4657 2798 4730 Ergo
2835 4673 3016 4712 unum
3048 4671 3324 4728 regnum,
3367 4659 3422 4710 et
3453 4671 3570 4712 una

1886 4749 2188 4804 divinitas.

1959 4857 2079 4910 102.
2115 4856 2304 4911 Unam
2349 4854 2709 4909 divinitatem
2749 4853 2847 4908 lex
2903 4853 3192 4924 probavit,
3251 4869 3384 4924 quaa
3418 4852 3562 4908 dicit

1886 5000 2120 5054 cunctis
2153 5000 2289 5054 edit.
2324 5015 2393 5052 ac
2433 5014 2580 5052 mss.
2631 4997 3011 5066 quibusdam,
3051 5021 3072 5043 α
3107 4996 3370 5051 Dubitari
3411 5012 3557 5069 ergo

1884 5087 2002 5124 non
2026 5074 2254 5143 potest;
2285 5094 2304 5116 ιι
2342 5071 2401 5124 in
2423 5069 2671 5139 reliquis
2703 5069 2832 5123 cod.
2869 5069 3182 5140 praefertur
3217 5091 3237 5115 α
3275 5069 3554 5123 Dubitare

1886 5156 2032 5212 ergo
2054 5143 2194 5198 noli.
2234 5167 2254 5190 ι»

1955 5211 2078 5280 ('78)
2113 5212 2391 5267 Nonnulli
2423 5227 2596 5281 mss.,
2624 5235 2644 5257 ‹‹
2682 5211 2959 5266 Dubitare
2997 5227 3141 5282 ergo
3173 5211 3314 5265 noli.
3354 5234 3374 5256 ιι

1956 5287 2070 5355 ('79)
2102 5288 2320 5340 Omnes
2353 5284 2512 5351 edit.,
2544 5306 2565 5329 «τ
2603 5299 2853 5354 regnum
2887 5283 2986 5336 Dei
3020 5282 3354 5355 venientis;
3386 5303 3406 5329 ιθ

1883 5353 2058 5424 mss.,
2094 5379 2114 5403 η
2143 5371 2392 5425 regnum
2413 5356 2514 5408 Dei
2541 5369 2554 5422 ;
2581 5377 2602 5401 η
2623 5353 2800 5421 unus,
2826 5355 3052 5408 «tilium
3076 5354 3200 5422 Dei,
3225 5353 3502 5425 veniens:
3525 5376 3546 5399 ι»

1884 5429 2040 5500 quod
2075 5423 2350 5482 omnibus
2382 5441 2618 5498 quoque
2663 5426 2984 5500 Scriptura:
3019 5423 3314 5500 idiomatis
3347 5423 3560 5500 confir-

1881 5493 2092 5554 matur.
2151 5499 2364 5562 Iterum
2400 5493 2607 5552 'autein
2660 5497 2762 5573 ubi
2800 5493 3016 5573 omnes
3076 5496 3214 5573 edit.
3257 5509 3325 5573 ac
3357 5493 3558 5573 plures

1885 5589 2054 5636 mss.,
2077 5594 2096 5618 υ
2131 5570 2282 5625 idem
2307 5570 2502 5624 haeres
2529 5585 2542 5640 ;
2579 5591 2599 5615 «
2635 5566 3292 5632 aliinonnulliexibent,
3324 5585 3344 5609 υ
3372 5562 3548 5632 iidqu

1887 5644 2179 5698 homines.

1963 5713 2074 5781 (80)
2106 5713 2386 5766 Nonnulli
2411 5728 2582 5782 mss.,
2611 5734 2632 5758 ‹‹
2671 5711 2726 5764 in
2747 5725 2932 5782 regno
2965 5707 3119 5782 Filii.
3149 5726 3171 5755 »

1961 5778 2074 5856 (8t)
2107 5785 2253 5839 Mss.
2291 5781 2533 5858 aliquot,
2569 5778 2591 5828 ὶε
2627 5782 2762 5855 ejus
2785 5778 3140 5835 donationis.
3181 5799 3199 5827 ιι
