4050 6182
529 297 650 368 635

1999 309 2065 373 s.
2111 307 2552 375 AMBROSII.
2679 405 2682 408 ἶ
3811 319 3902 387 636

531 521 713 562 unum
755 504 938 561 Deum
981 505 1176 579 (Deut.
1227 525 1303 580 vx,
1335 509 1410 580 4).
1445 509 1724 566 Probavit
1753 513 1810 566 et
1840 512 2191 583 Apostolus,
2234 497 2289 564 Α
2316 529 2492 569 unam
2519 512 2888 586 majestatem
2918 516 2975 570 et
3005 529 3179 570 unam
3223 513 3461 588 gloriam
3501 533 3629 574 esse
3653 519 3826 577 Patris
3861 529 3906 578 et

530 593 780 650 dicendo
802 595 872 650 de
905 594 1140 652 Christo
1173 613 1186 653 :
1225 622 1247 646 ιι
1276 598 1339 654 In
1379 615 1496 672 quo
1545 600 1767 656 habitat
1799 602 1993 656 omnis
2015 601 2204 672 pleni-

531 685 670 738 tudo
713 684 1034 741 divinitatis
1095 688 1480 758 corporaliter
1511 689 1762 757 (Coloss.
1811 708 1871 759 ιι,
1917 690 1998 760 9).
2053 712 2074 738 η
2137 689 2199 745 Si

529 773 684 828 enim
713 773 881 846 juxta
903 777 1245 846 Apostolum
1270 777 1568 848 plenitudo
1589 779 1782 834 omnis
1809 779 2201 849 corporaliter

530 862 852 917 divinitatis
886 865 944 918 in
993 864 1228 920 Christo
1259 871 1369 936 est,
1406 871 1504 921 aut
1537 868 1712 922 unius
1743 869 2066 922 divinitatis
2095 868 2202 922 Pa-

529 955 678 1006 trem
728 955 784 1007 et
825 951 1037 1008 Filium
1079 953 1417 1010 fatebuntur
1465 971 1476 1012 :
1513 959 1612 1012 aut
1655 957 1709 1011 si
1746 957 1934 1010 Patris
1982 959 2038 1010 et
2069 956 2202 1012 Filii

532 1041 892 1096 divinitatem
924 1043 1162 1113 copiunt
1191 1059 1490 1115 separare,
1517 1061 1652 1100 cum
1685 1061 1918 1100 omnem
1948 1045 2201 1116 plenitu-

533 1130 729 1184 dinem
759 1130 1079 1187 divinitatis
1131 1134 1518 1204 corporaliter
1564 1135 1751 1188 Filius
1783 1134 2032 1203 habeat;
2059 1134 2200 1206 quid

531 1222 624 1274 est
653 1220 807 1290 quod
831 1220 1167 1276 existimant
1187 1223 1439 1292 amplius
1461 1223 1892 1278 reservandum
1915 1223 2048 1294 (8‘2),
2065 1239 2200 1279 cum

532 1309 784 1379 amplius
834 1309 976 1363 nihil
1025 1310 1103 1364 sit
1145 1310 1506 1382 plenitudine
1553 1311 1992 1384 perfectionis?
2040 1312 2199 1386 Ergo

535 1413 647 1454 una
681 1397 979 1455 divinitas.

1149 1507 1399 1564 CAPUT
1441 1509 1590 1565 XIII.

533 1593 1088 1672 Filiomqjestatem
1112 1613 1274 1672 suam
1299 1615 1457 1672 esse,
1473 1615 1557 1672 (ac
1579 1581 1848 1672 paterna!
1867 1598 2148 1672 aequalem
2178 1619 2197 1654 :

616 1667 778 1740 ciy'us
799 1667 948 1723 socii
975 1685 1087 1723 non
1132 1671 1255 1724 sint
1277 1686 1350 1724 an
1354 1670 1497 1743 geli,
1520 1667 1630 1726 sed
1652 1667 2048 1742 spectatores.

601 1791 724 1846 103.
757 1790 952 1866 [Alias
998 1809 1124 1864 cap.
1160 1793 1280 1868 VL]
1324 1794 1644 1867 Imaginem
1676 1799 1870 1852 autem
1911 1812 2107 1866 unam,
2142 1799 2199 1850 et

531 1881 973 1937 similitudinem
1007 1899 1180 1938 unam
1213 1900 1392 1954 supra
1423 1885 1681 1940 diximus
1715 1885 1838 1953 (lib.
1866 1903 1908 1954 ι,
1949 1901 2076 1956 cap.
2116 1885 2192 1956 '7),
2233 1881 2280 1939 B

531 1975 807 2042 superest
854 1975 914 2026 ut
954 1972 1130 2027 unius
1180 1989 1416 2044 quoque
1449 1973 1778 2046 majestatis
1815 1975 2045 2030 Patrem
2096 1974 2196 2030 Fi-

529 2059 790 2132 liumque
848 2061 1186 2116 doceamus.
1237 2062 1362 2116 Nec
1408 2063 1584 2134 longe
1615 2063 1842 2132 aberit;
1876 2079 2009 2117 cum
2040 2063 2195 2118 enim

529 2149 657 2221 ipse
689 2150 904 2204 dixerit
925 2151 996 2205 dc
1028 2167 1094 2206 se
1127 2151 1312 2206 Filius
1339 2167 1352 2207 :
1390 2174 1410 2200 α
1437 2151 1582 2206 Cum
1613 2152 1840 2206 venerit
1865 2152 2050 2207 Filius
2082 2151 2194 2207 ho-

525 2238 705 2294 minis
751 2240 809 2294 in
867 2239 1176 2311 majestate
1211 2257 1340 2310 sua,
1376 2243 1432 2296 et
1465 2255 1673 2296 oumcs
1703 2241 1901 2312 angeli
1934 2257 2066 2296 cum
2097 2257 2190 2312 eo,

525 2331 666 2383 tunc
704 2329 933 2384 sededit
963 2345 1145 2402 super
1167 2329 1370 2385 aedem
1402 2329 1734 2401 majestatis
1783 2345 1910 2386 suae
1952 2329 2189 2401 (Matth.

525 2434 664 2481 xxv,
699 2417 808 2486 3|).
851 2442 873 2465 »
915 2418 1065 2474 Ecce
1088 2419 1220 2474 Filii
1242 2435 1529 2490 expressa
1562 2418 1846 2492 majestas
1877 2423 1967 2474 est
2002 2437 2014 2474 :
2049 2420 2191 2491 quid

529 2507 582 2562 ei
614 2507 802 2577 deest,
845 2506 1020 2578 cujus
1054 2508 1373 2564 increatam
1404 2507 1777 2580 majestatem
1818 2523 2038 2580 negare
2069 2524 2188 2564 non

523 2600 779 2668 possunt
807 2598 836 2651 ‘2
868 2596 973 2650 Est
993 2612 1138 2670 ergo
1169 2597 1298 2651 Filii
1333 2596 1638 2668 majestas.

599 2685 722 2742 104.
757 2685 1064 2756 Accipiunt
1121 2702 1299 2754 nunc,
1350 2691 1410 2741 ut
1457 2687 1724 2742 dubitare
1769 2703 1887 2742 non
1932 2686 2184 2757 possint,

526 2773 682 2846 quod
716 2773 905 2829 Patris
951 2778 1009 2828 et
1046 2774 1153 2829 Fili
1189 2791 1300 2830 una
1343 2775 1671 2848 majestatis
1702 2775 1779 2830 sit
1811 2792 1826 2844 ;
1874 2777 2002 2846 ipse
2034 2776 2190 2830 enim

528 2861 816 2918 Dominus
854 2863 1001 2918 dixit
1033 2881 1044 2920 :
1085 2888 1106 2913 υ
1140 2864 1289 2918 Nam
1321 2865 1422 2937 qui
1482 2880 1572 2920 me
1603 2865 1904 2921 erubuerit
1935 2869 1991 2920 et
2023 2879 2190 2918 meos

526 2967 857 3022 sermones,
916 2953 1072 3008 hunc
1121 2953 1306 3009 Filius
1353 2954 1612 3010 hominis
1658 2938 2008 3022 erubescet;
2055 2969 2189 3007 cum

521 3041 750 3096 venerit
801 3041 861 3096 in
907 3040 1215 3114 majestate
1247 3059 1376 3112 sua,
1411 3045 1467 3098 et
1516 3043 1726 3110 Patris,
1759 3046 1816 3097 et
1847 3045 2192 3096 sanctorum

521 3130 868 3202 angelorum
916 3132 1079 3200 (Luc.
1111 3149 1190 3200 ιχ,
1225 3132 1334 3202 26).
1374 3153 1395 3180 ιι
1423 3131 1569 3198 Quid
1605 3136 1696 3188 est
1729 3147 1740 3188 :
1781 3153 1803 3183 α
1840 3131 1908 3186 Εῑ
1939 3134 2190 3186 sancto-

522 3235 655 3274 rum
694 3220 1060 3292 angelorum,
1099 3243 1120 3270 υ
1165 3221 1282 3275 nisi
1328 3221 1464 3292 quia
1522 3221 1888 3276 honorantur
1934 3224 1990 3276 et
2022 3219 2190 3276 servi

526 3309 808 3381 dignitate
831 3309 1048 3364 domini
1081 3310 1176 3364 sui
1206 3311 1320 3383 (83)
1351 3313 1379 3366 ‘.’

597 3396 719 3453 105.
759 3399 1112 3470 Dignitatem
1145 3415 1291 3472 ergo
1323 3416 1493 3454 suam
1525 3401 1596 3454 ad
1631 3399 1841 3454 Filium
1871 3404 1929 3454 et
1959 3399 2190 3454 Patrem

522 3487 755 3556 retulit;
791 3501 907 3542 non
947 3491 1010 3542 ut
1053 3489 1250 3562 angeli
1281 3489 1536 3544 habeant
1563 3505 1694 3544 cum
1737 3489 1906 3544 Patre
1937 3491 1996 3544 et
2043 3487 2191 3544 Filio

524 3575 752 3648 aequale
785 3577 1170 3646 consortium,
1205 3579 1310 3633 sed
1344 3582 1406 3633 ut
1433 3579 1912 3650 praeeminentem
1935 3578 2187 3651 gloriam

525 3665 632 3723 Dei
659 3669 920 3720 cernant.
955 3666 1164 3738 Neque
1199 3668 1354 3722 enim
1396 3684 1564 3722 suam
1595 3667 1962 3740 majestatem
1995 3667 2194 3739 angeli

524 3754 763 3823 habent,
798 3755 954 3808 sicut
975 3755 1190 3810 lectum
1213 3761 1302 3811 est
1331 3757 1402 3812 de
1433 3756 1582 3813 Filio
1609 3773 1621 3812 :
1649 3780 1670 3806 α
1705 3757 1850 3812 Cum
1881 3756 2102 3812 sederit
2131 3756 2192 3810 in

525 3843 668 3898 sede
699 3842 1028 3914 majestatis
1059 3861 1185 3900 suae
1215 3846 1452 3913 (Matth.
1485 3863 1627 3915 xxv,
1673 3845 1797 3916 31);
1835 3869 1856 3894 ιι
1896 3846 2002 3901 sed
2032 3845 2193 3900 assi-

527 3933 708 3999 stunt,
742 3934 804 3985 ut
836 3931 1027 3986 Patris
1059 3937 1116 3988 et
1144 3933 1276 3988 Filii
1317 3935 1567 4007 gloriam
1607 3935 1844 4006 videant
1871 3935 2004 4007 (84),
2057 3935 2192 4006 qui-

524 4017 641 4074 bus
673 4022 771 4074 aut
801 4025 1054 4090 possunt
1081 4025 1181 4078 aut
1208 4028 1510 4078 merentur
1529 4024 1892 4095 aspectibus.

597 4105 721 4163 106.
757 4108 1019 4180 Denique
1049 4111 1178 4182 ipsa
1211 4127 1277 4166 se
1305 4113 1621 4183 explanant
1651 4114 1830 4168 verba
1873 4113 2088 4180 divina,
2130 4115 2195 4167 ut

527 4197 826 4270 intelligas
881 4199 1038 4253 illam
1086 4200 1335 4272 gloriam
1367 4202 1558 4256 Patris
1591 4205 1646 4256 et
1682 4201 1813 4257 Filii
1871 4219 2003 4257 cum
2043 4193 2186 4256 516

528 4286 762 4358 angelis
817 4303 936 4344 non
991 4304 1129 4344 esse
1163 4305 1570 4361 communem;
1612 4291 1702 4346 sic
1741 4291 1895 4346 enim
1946 4291 2132 4345 habes
2176 4307 2188 4346 :

531 4397 555 4428 α
599 4376 744 4432 Cum
774 4381 967 4432 autem
1015 4379 1244 4434 venerit
1287 4378 1471 4434 Filius
1501 4379 1758 4435 hominis
1790 4381 1844 4434 in
1887 4379 2193 4452 majestate

526 4481 658 4537 sua,
691 4469 748 4521 et
769 4482 977 4522 omnes
1007 4467 1201 4540 angeli
1227 4484 1358 4523 cum
1391 4485 1463 4524 eo
1493 4469 1696 4540 (Ibid.)
1722 4491 1743 4518 α
1767 4469 1837 4524 Et
1865 4473 1926 4525 ut
1957 4471 2196 4524 doceret

600 4608 715 4679 (82)
746 4609 964 4665 Omnes
997 4610 1159 4677 edit.,
1182 4611 1556 4683 raestimant;
1597 4613 1850 4683 amplius
1883 4612 2192 4667 ascriben-

529 4679 709 4753 dum;
744 4706 766 4730 n
803 4698 951 4737 mss.
977 4681 1264 4751 nonnulli,
1304 4706 1326 4730 α
1348 4684 1670 4752 aestimant;
1695 4679 1728 4732 ἶ»
1764 4685 1984 4753 plures,
2015 4707 2036 4731 «
2071 4684 2195 4738 exi-

531 4751 799 4876 stimant;
829 4777 850 4802 »
888 4753 994 4808 sed
1027 4769 1235 4809 omnes
1258 4755 1516 4826 omnino,
1546 4778 1568 4802 «
1602 4751 1855 4826 amplius
1877 4751 2194 4810 reservan-

573 4838 688 4876 um.
721 4846 740 4872 υ

573 4838 688 4877 um.
721 4846 740 4872 υ

599 4894 1058 4975 (88)__Vet_._cdit.,
1088 4919 1110 4944 α
1146 4897 1260 4951 nisi
1293 4898 1448 4969 quod
1482 4897 1773 4953 honorant
1800 4900 1857 4952 et
1885 4896 2044 4952 servi
2077 4897 2196 4952 Do-

533 4965 674 5019 mini
707 4965 1049 5023 dignitatem
1079 4984 1268 5023 suam.
1301 4965 1322 5016 ιῖ

605 5035 722 5112 (ξᾎ)
749 5035 900 5112 Mss.
927 5037 1172 5112 aliquot,
1189 5063 1216 5112 κα
1242 5039 1488 5112 gratiam
1519 5039 1775 5095 videant.
1816 5063 1836 5086 ι»

601 5108 716 5180 (85)
748 5108 828 5161 lta
868 5123 1076 5180 omnes
1108 5108 1348 5164 editfac
1377 5111 1580 5180 plures
1613 5127 1760 5165 mss.
1803 5112 1973 5166 llom.
2001 5113 2196 5165 autem

535 5179 684 5254 sola,
723 5203 744 5226 »
782 5178 1338 5254 cronfundetu‘rgcum
1364 5178 1438 5250 ;“‹‹
1474 5183 1575 5237 ubi
1631 5183 1843 5254 reliqui
1893 5198 2039 5236 mss.
2072 5198 2195 5252 prae

533 5265 600 5304 se
632 5249 846 5318 ferunt,
876 5273 896 5297 n
926 5251 1300 5308 conﬁtebitur
1329 5249 1482 5308 eum.
1521 5273 1542 5302 ι
1761 5249 1780 5254 “
2071 5249 2075 5292 ἱ

603 5321 718 5390 (86)
749 5321 1089 5376 Substantia
1117 5323 1342 5396 ubique
1366 5325 1682 5380 Ambrosio
1715 5325 1866 5380 idem
1899 5327 1992 5380 est
2022 5327 2196 5394 atque

532 5401 686 5474 ρύσίαν
721 5400 1086 5474 Graecorum,
1131 5403 1189 5456 id
1231 5407 1342 5473 est,
1375 5404 1626 5474 ipsamet
1668 5405 1755 5459 rei
1799 5407 2024 5467 natura,
2069 5403 2197 5458 sive

534 5473 648 5527 hoc
675 5473 870 5542 ipsum
899 5473 1183 5546 quodres
1215 5473 1467 5546 quaeque
1500 5479 1610 5546 est.
1651 5475 1762 5540 Qui
1801 5491 1945 5530 sane
1979 5475 2200 5530 intelle-

533 5549 664 5616 ctus
706 5559 839 5616 cum
871 5544 1078 5614 negari
1121 5544 1249 5601 non‘
1271 5544 1462 5616 possit
1499 5545 1812 5600 admodum
1845 5546 2192 5610 catholicus,

535 5615 766 5668 tandem
817 5615 1059 5670 invaluit
1117 5615 1287 5687 apud
1328 5617 1590 5686 Latinos,
1651 5621 1714 5670 ut
1759 5617 1917 5671 Deus
1976 5617 2196 5672 habere

535 5687 928 5740 substantiam
958 5691 1014 5741 et
1051 5687 1326 5742 Christus
1362 5688 1516 5742 Patri
1548 5688 2038 5742 consubtantialis
2055 5703 2196 5743 esse

531 5753 845 5813 diceretur.
895 5757 1043 5818 Nam
1077 5773 1210 5817 cum
1251 5773 1458 5815 vocem
1492 5759 1827 5818 substantia
1877 5759 2066 5818 Latini
2121 5759 2195 5816 ad

2315 619 2504 673 suam,
2561 603 2690 674 ipse
2736 605 2796 658 in
2837 603 2952 659 alio
2991 603 3143 660 libro
3173 603 3251 659 ait
3283 620 3296 660 :
3333 628 3354 652 α
3388 604 3457 660 Et
3485 605 3657 664 Filius
3683 608 3900 666 hominis

2317 693 2636 748 confundet
2666 709 2798 748 eum
2829 693 2964 764 (85),
2999 709 3133 748 cum
3171 695 3391 748 venerit
3434 695 3492 750 in
3533 697 3708 768 gloria
3750 700 3904 754 Patris

2315 783 2411 836 sui
2433 798 2566 836 cum
2595 782 2826 855 angelis
2859 782 3084 838 sanctis
3115 783 3326 847 (Marc.
3349 799 3466 852 VIII,
3499 783 3632 854 38).»
3657 785 3806 842 llliin
3830 789 3910 842 ob-

2315 871 2547 942 sequio,
2589 871 2685 925 hic
2709 872 2768 926 in
2800 871 2989 943 gloria
3023 887 3034 927 :
3071 871 3155 925 illi
3193 872 3251 926 in
3281 872 3564 942 comitatu,
3597 873 3685 928 hic
3713 874 3765 929 in
3791 891 3909 947 sug-

2314 966 2492 1032 gestu
2519 975 2532 1015 :
2566 961 2649 1014 illi
2677 963 2852 1030 stant,
2901 960 2998 1016 hic
3029 961 3196 1016 sedet
3237 977 3250 1015 :
3295 964 3355 1016 ut
3385 961 3558 1016 verbo
3585 965 3760 1017 tamen
3786 980 3903 1018 usus

2317 1053 2573 1104 utamtur
2601 1049 2862 1116 humani,
2888 1049 2984 1104 hic
3000 1047 3246 1122 judicat,
3273 1049 3330 1104 hi
3362 1049 3698 1106 ministrant.

2387 1139 2510 1194 107.
2547 1139 2815 1194 Divinam
2859 1142 3052 1195 autem
3100 1155 3219 1194 non
3266 1139 3548 1214 praemisit
3600 1139 3911 1210 majestatem

2314 1228 2439 1282 Pati
2457 1228 2530 1299 is,
2568 1231 2624 1283 et
2653 1228 2917 1283 subdidit
2947 1244 3115 1283 suam
3154 1231 3212 1283 et
3241 1228 3618 1300 angelorum;
3653 1243 3720 1283 ne
3745 1229 3806 1283 de
3833 1245 3913 1283 su-

2314 1317 2650 1388 perioribus
2673 1317 2744 1371 ad
2767 1317 3049 1372 inferiora
3078 1317 3300 1372 fecisse
3321 1317 3564 1389 gradum
3585 1317 3856 1388 quemdam
3871 1322 3912 1372 et

2315 1407 2583 1462 ordinem
2639 1407 2960 1462 videretur.
2993 1407 3108 1462 Sed
3148 1408 3284 1478 quia
3313 1407 3486 1461 Pater
3512 1405 3742 1461 inferior
3765 1406 3914 1460 videri

2315 1512 2431 1551 non
2465 1499 2710 1567 poterat,
2745 1496 3036 1566 praemisit
3062 1495 3434 1567 majestatem
3463 1510 3646 1564 suam,
3667 1497 3718 1549 et
3737 1494 3913 1548 addidit

2311 1587 2505 1642 Patris
2537 1590 2592 1640 et
2612 1587 2991 1658 angelorum;
3023 1601 3116 1655 ne,
3169 1600 3238 1640 se
3279 1583 3534 1639 medium
3563 1584 3706 1638 inter
3729 1584 3914 1638 Patrem

2311 1679 2368 1730 et
2422 1676 2670 1746 angelos
2715 1675 3094 1743 nominando,
3134 1677 3233 1729 aut
3261 1674 3335 1728 ab
3365 1673 3592 1746 angelis
3633 1673 3701 1726 ad
3727 1673 3914 1726 Patrem

2310 1781 2418 1834 per
2447 1765 2540 1818 sui
2573 1780 2806 1836 queque
2829 1763 3193 1819 incrementa
3224 1762 3448 1818 fecisse
3478 1761 3770 1834 quemdam
3789 1761 3918 1814 vide-

2311 1857 2474 1908 retur
2503 1869 2843 1923 ascensum,
2877 1857 2974 1908 aut
3004 1869 3036 1906 a
3066 1854 3244 1907 Patre
3266 1867 3481 1908 rursus
3513 1851 3582 1904 ad
3606 1850 3828 1924 angelos
3844 1865 3921 1920 per

2312 1943 2576 1997 ordinem
2611 1958 2743 1996 cum
2776 1943 2869 1996 sui
2900 1942 3071 1996 etiam
3104 1941 3492 1996 diminutione
3525 1939 3837 1994 crederetur
3852 1938 3916 1992 fe-

2311 2031 2470 2086 cisse
2519 2031 2898 2086 descensum.
2943 2030 3091 2086 Nam
3123 2045 3234 2084 nos
3275 2029 3379 2102 qui
3409 2045 3578 2084 unam
3611 2028 3916 2082 divinitatem

2308 2120 2501 2174 Patris
2531 2123 2587 2175 et
2618 2119 2747 2174 Filii
2782 2119 3148 2189 contltemur,
3172 2118 3497 2187 diversum,
3523 2119 3583 2172 ut
3620 2115 3816 2186 Ariani,
3843 2131 3917 2170 or-

2313 2209 2509 2265 dinem
2541 2225 2658 2265 non
2689 2213 2982 2282 putamus.

2921 2333 3174 2390 CAPUT
3205 2333 3361 2389 XIV.

2316 2461 2504 2515 Unius
2533 2459 2885 2514 substantiae
2915 2475 3042 2514 cum
3071 2459 3262 2513 Patre
3283 2458 3504 2513 Filium
3527 2473 3657 2513 esse
3677 2473 3691 2524 ;
3709 2457 3839 2511 hanc
3854 2470 3924 2508 au-

2381 2539 2496 2586 tem
2529 2539 2706 2586 etiam
2736 2531 3054 2586 secundum
3077 2530 3463 2584 divinitatem
3493 2530 3643 2583 sumi
3669 2529 3866 2583 debere
3881 2526 3923 2577 in

2379 2603 2580 2658 multis
2605 2603 3052 2673 Scriptm'arum
3077 2601 3464 2673 testimoniis,
3488 2601 3718 2673 tametsi
3744 2599 3799 2652 in
3823 2596 3926 2673 aliis

2379 2673 2678 2728 nonnullis
2693 2666 2798 2726 hor
2821 2671 3060 2746 verbum
3075 2679 3172 2726 aut
3197 2672 3270 2726 de
3286 2666 3763 2746 possessionibus
3774 2673 3854 2723 aut
3873 2666 3924 2720 dc

2378 2745 2796 2800 incarnatione
2817 2743 3216 2816 intelligatur.

2378 2849 2500 2906 108.
2548 2851 2632 2906 De
2681 2851 3014 2906 substantia
3053 2852 3270 2920 autem,
3323 2849 3644 2921 imperator
3691 2847 3920 2919 auguste,

2304 2941 2446 3014 quid
2473 2941 2685 3013 loquar
2713 2940 2890 2996 unius
2921 2939 3131 2994 Filium
3154 2955 3288 2994 cum
3325 2940 3496 2994 Patre
3528 2955 3664 2994 esse
3691 2936 3926 2992 substan-

2303 3032 2437 3102 tiae;
2471 3046 2604 3086 cum
2638 3029 2957 3102 imaginem
2987 3032 3248 3100 paternae
3279 3029 3632 3084 substantiae
3661 3026 3850 3081 Filium
3872 3023 3929 3076 le-

2306 3121 2571 3193 gerimus
2590 3119 2752 3192 (Sep.
2786 3136 2886 3188 vn,
2919 3119 3042 3188 26);
3074 3121 3136 3172 ut
3178 3119 3239 3173 in
3265 3118 3432 3174 nullo
3464 3116 3779 3173 secundum
3804 3111 3925 3168 divi-

2223 3225 2290 3306 ο
2309 3211 2549 3265 nitatem
2580 3225 2613 3263 a
2642 3209 2818 3263 Patre
2845 3207 3146 3280 intelligas
3168 3207 3560 3278 discrepare?

2377 3315 2500 3372 109.
2535 3317 2711 3371 Juxta
2760 3315 2913 3370 hanc
2966 3315 3285 3387 imaginem
3316 3315 3468 3369 dixit
3503 3330 3516 3370 :
3555 3337 3577 3361 σι
3610 3312 3800 3368 Omnia
3827 3322 3928 3380 quas

2303 3407 2478 3460 Pater
2509 3405 2706 3476 habet,
2757 3420 2886 3460 mea
2923 3407 3062 3458 sunt
3091 3403 3282 3470 (Joan.
3319 3421 3442 3464 XVI,
3478 3401 3592 3473 15).
3627 3427 3648 3450 »ι
3681 3401 3825 3473 Ergo
3849 3410 3931 3452 nec

2305 3493 2826 3564 substantiam(86)
2845 3493 2903 3548 in
2925 3493 3045 3548 Deo
3075 3508 3406 3564 possumus
3427 3492 3747 3564 denegare;
3777 3499 3929 3557 neque

2303 3583 2458 3640 enim
2482 3582 2960 3638 insubstantivus
2982 3585 3096 3652 est,
3121 3581 3223 3652 qui
3242 3581 3380 3636 aliis
3413 3581 3574 3636 dedit
3593 3579 3796 3635 habere
3821 3573 3931 3630 sub-

2305 3673 2578 3728 stantiam
2611 3687 2624 3726 :
2658 3670 2795 3726 licet
2817 3670 2930 3724 alia
2960 3671 3038 3724 sit
3066 3669 3404 3724 substantia
3437 3669 3564 3738 Dei,
3597 3668 3708 3723 alia
3737 3665 3929 3721 creatu-

2303 3778 2407 3817 rae.
2441 3763 2566 3816 Nec
2597 3763 2804 3832 posset
2825 3759 3302 3814 insubstantivus
3331 3757 3525 3814 Filius
3557 3757 3658 3813 Dei
3687 3769 3830 3824 esse,
3850 3765 3931 3824 per

2305 3867 2480 3924 quem
2512 3853 2722 3906 cuncta
2745 3849 3104 3904 subsistunt.

2378 3938 2500 3994 110.
2527 3939 2598 3994 Et
2626 3939 2760 3994 ideo
2781 3939 2860 3993 ait
2893 3954 2906 3994 :
2947 3961 2968 3985 α
2997 3938 3128 3993 Non
3160 3940 3253 3993 est
3281 3926 3640 3992 occultatum
3661 3952 3759 3991 eos
3775 3942 3930 3986 meum

2305 4029 2463 4102 quod
2522 4029 2714 4084 fecisti
2761 4029 2820 4082 in
2868 4027 3240 4096 abscondito,
3287 4030 3348 4082 et
3397 4027 3726 4082 substantia
3756 4037 3864 4078 mea
3888 4019 3932 4070 in

2304 4118 2690 4174 inferioribus
2738 4121 2914 4172 terra;
2961 4115 3152 4186 (Psal.
3203 4132 3496 4186 cxxxvm,
3535 4116 3642 4184 15).
3678 4138 3698 4162 η
3759 4103 3932 4164 Virtuti

2305 4208 2463 4264 enim
2507 4211 2567 4262 et
2621 4205 2910 4262 divinitati
2949 4221 3038 4272 ea,
3085 4221 3220 4276 quae
3277 4209 3439 4275 ante,
3501 4200 3932 4260 constitutionem

2303 4297 2528 4366 mundi,
2574 4295 2670 4350 vel
2721 4293 3189 4366 imperspicabili
3247 4293 3563 4366 majestate
3609 4294 3741 4348 sunt
3775 4288 3929 4361 gesta.

2305 4385 2654 4441 abscondita
2698 4399 2838 4439 esse
2878 4398 2996 4438 non
3027 4384 3314 4454 poterant.
3352 4383 3640 4456 Legimus
3669 4393 3804 4452 ergo
3827 4371 3936 4430 sab-

2306 4473 2604 4532 stantiam.

2306 4619 2796 4690 originemsuam
2819 4615 3176 4684 referebant,
3213 4614 3342 4690 sive
3364 4615 3528 4690 illam
3557 4609 3932 4690 deducerent}

2304 4681 2882 4764 verbogsubsyistere,
2917 4691 2978 4742 ut
2998 4681 3372 4764 Augustinus
3394 4687 3500 4741 lib.
3521 4681 3929 4764 vunDefrinﬁ-i

2307 4777 2434 4832 cap.
2487 4761 2520 4814 4
2556 4763 2614 4832 et
2653 4761 2709 4832 5,
2741 4747 2922 4832 sive'a
2953 4747 3137 4832 verbo
3168 4757 3472 4826 substare,
3504 4761 3568 4812 ut
3600 4754 3824 4832 Boetius
3849 4747 3930 4824 lib:

2305 4826 2398 4888 De
2431 4831 2607 4888 duab.
2647 4831 2923 4905 Naturis,
2975 4829 3270 4905 eamdem_
3294 4844 3507 4884 vocem
3555 4826 3782 4905 preprie
3807 4832 3934 4905 sum}

2304 4919 2424 4958 non
2455 4917 2638 4973 posse
2663 4901 3056 4969 afﬁrmabant,
3090 4899 3208 4954 nisi
3239 4899 3310 4973 de
3331 4915 3402 4973 eo
3435 4896 3593 4970 quod
3635 4896 3932 4973 subjectum

2305 4971 2490 5042 esset,
2524 4974 2653 5028 sive
2685 4973 2988 5028 substaret
3016 4975 3076 5044 et
3105 4971 3278 5044 quasi
3309 4971 3789 5044 substerneretur
3813 4975 3935 5044 acci-

2305 5037 2604 5101 dentibus.
2655 5044 2911 5100 Eosdem
2969 5037 3148 5098 adeas
3189 5042 3346 5110 licet,
3397 5041 3556 5096 sicut
3603 5044 3688 5111 et,
3721 5037 3932 5111 Mai-iatn

2306 5118 2550 5181 Vietor.,
2609 5115 2711 5186 qui
2757 5114 3091 5186 Constantii
3133 5101 3396 5186 florebat
3424 5109 3803 5186 temporibus.
3826 5101 3932 5186 ΔΗίιι

2306 5189 2462 5244 enim
2503 5174 2560 5243 et
2587 5174 2784 5241 varias
2824 5184 3008 5256 hujus
3039 5184 3316 5256 dictionis
3348 5174 3794 5256 significationis
3823 5174 3930 5256 fuso

2349 5259 2708 5330 rosequitur,
2742 5261 2797 5313 et
2826 5247 3032 5330 omnes
3078 5255 3244 5310 locos
3282 5247 3437 5326 quos
3479 5255 3577 5308 hic
3609 5251 3778 5330 reicit
3813 5247 3929 5330 diu:

2349 5277 2708 5330 rosequnur,
2742 5277 2797 5313 et
2826 5277 3032 5312 omnes
3079 5277 3244 5310 IOCOS
3282 5277 3436 5326 quos
3480 5277 3577 5308 mc
3610 5277 3778 5308 I'UICI'I
3813 5277 3926 5325 nru’

2304 5277 2548 5387 Erosius
2615 5332 2836 5396 noster,
2901 5327 3054 5382 idem
3111 5330 3550 5397 commemorat.
3610 5316 3931 5397 Phaebadius

2305 5417 2542 5473 quoque
2593 5401 2723 5473 haec
2780 5387 2909 5470 ipsa
2961 5400 3294 5473 pertractat,
3329 5395 3652 5473 exquibus
3686 5387 3930 5473 omniin}?

2306 5450 2821 5545 aﬁéﬁiu'm’h'ﬁ'ph‘
2844 5450 2990 5545 {rpr
3009 5450 3806 5545 vabhorrerentintelligitur.

2307 5525 2822 5601 doniromittendus
2845 5539 3207 5596 Athanasius
3237 5539 3336 5610 qui
3386 5538 3538 5610 libro
3589 5525 3675 5610 (Ιέ
3701 5525 3929 5610 ιςγηοίζίε

2305 5594 2442 5688 pag.
2465 5594 2955 5689 secundum
2980 5594 3326 5689 Sirmio-auls,
3347 5594 3775 5689 confessionem
3803 5594 3928 5689 ιξςξξδο

2306 5677 2469 5754 reris,
2493 5677 2613 5740 illic
2649 5687 2928 5739 statutum
2959 5687 3022 5738 ut
3050 5677 3319 5736 vocibus'
3340 5679 3688 5754 substantiw
3720 5677 3773 5729 et
3809 5681 3925 5723 ron-

2306 5750 2841 5817 substantialitatis
2869 5755 3287 5824 abstineretur,
3311 5750 3536 5810 scribit.
