4050 6182
196 299 306 368 637

1546 311 1658 377 DE
1696 312 1891 378 FIDE
1930 312 2088 378 LIB.
2137 313 2225 378 III

3500 325 3620 392 638

264 507 374 564 111.
409 507 529 564 Sed
559 509 722 565 dices
755 510 826 567 de
858 511 1258 569 incarnatione
1291 514 1504 570 dictam
1536 531 1674 572 esse
1705 517 1848 572 sub-
1870 498 1928 563 Ᾰ
1959 516 2142 573 dixit:
2182 540 2204 565 «ι
2240 518 2394 576 Ecce
2426 535 2539 595 ego
2572 522 2643 577 ad
2660 524 2737 595 te,
2771 539 2942 581 mons
2975 530 3246 600 corrupte
3264 528 3511 601 (Jerem.
3536 546 3612 603 Li,

198 599 476 655 stantiam.
508 599 746 655 Interim
776 617 990 657 nomen
1019 603 1368 660 substantia
1396 606 1611 661 lectum
1641 607 1848 678 proba-

190 688 259 757 vi,
278 691 334 742 et
353 688 572 743 lectum
591 706 707 745 non
729 706 835 761 pro
857 692 1247 763 patrimoniis,
1272 698 1334 749 ut
1364 695 1580 751 dicitis.
1617 696 1767 765 Jam,
1793 698 1847 751 si

186 776 388 847 placet,
408 778 770 849 accipiamus
794 781 1121 835 secundum
1151 784 1496 853 mysterium
1519 785 1577 839 in
1597 785 1843 840 inferio-

186 867 345 921 ribus
377 867 602 921 Christi
631 868 820 923 fuisse
839 870 1250 926 substantiam.
1273 873 1500 928 Etenim
1519 877 1581 928 ut
1601 875 1845 930 defunc-

182 957 368 1011 torum
401 957 630 1012 animas
663 957 720 1012 in
750 960 843 1013 sui
878 961 1147 1030 corporis
1176 962 1369 1016 anima
1400 963 1695 1033 liberaret,
1716 965 1845 1019 vin-

182 1044 306 1099 cula
338 1046 548 1101 mortis
581 1047 859 1119 solveret,
891 1053 1132 1120 peccata
1162 1051 1425 1123 donaret,
1457 1056 1731 1125 Operatus
1752 1057 1845 1109 est

178 1133 233 1188 in
264 1135 522 1192 inferno.

253 1217 403 1280 517
445 1228 565 1282 “2.
602 1229 672 1283 Et
700 1232 893 1286 tamen
924 1233 1067 1304 quid
1097 1234 1291 1289 obstat
1322 1234 1640 1306 quominus
1681 1234 1841 1289 illam

178 1313 433 1370 divinam
464 1317 764 1391 intelligas
796 1336 934 1376 esse
966 1322 1378 1394 substantiam,
1405 1340 1538 1378 cum
1568 1325 1728 1380 Deus
1762 1327 1840 1380 ita

174 1403 393 1475 ubique
423 1407 521 1475 sit,
557 1411 618 1462 ut
648 1410 700 1462 ei
725 1409 943 1464 dictum
977 1412 1086 1466 sit:
1125 1435 1147 1460 «
1185 1414 1247 1468 Si
1278 1416 1606 1470 ascendero
1638 1416 1697 1470 in
1729 1432 1841 1471 ca-

168 1490 312 1563 lum,
345 1497 411 1549 tu
438 1495 557 1551 illic
588 1512 694 1553 es:
740 1498 795 1552 si
833 1499 1199 1557 descendero
1236 1503 1308 1557 ad
1339 1503 1654 1576 infernum,
1692 1506 1836 1561 ades

170 1581 347 1649 (Ibid.
380 1585 454 1653 8).
494 1607 515 1633 .

238 1672 363 1728 113.
399 1674 664 1748 Denique
693 1678 765 1731 ad
816 1678 1207 1736 substantiam
1252 1682 1511 1740 divinam
1556 1685 1833 1742 derivan-

176 1760 306 1816 dum
344 1779 486 1820 esse
526 1766 886 1824 intellectum
937 1774 1327 1843 sequentibus
1381 1776 1701 1831 declaravit
1741 1777 1833 1832 di-

176 1867 311 1906 cens
332 1869 345 1907 ζ
404 1878 426 1901 κ

173 1940 342 2006 (Ibid.
378 1942 506 2012 16);
543 1964 565 1993 ι
602 1961 672 2000 eo
703 1949 860 2018 quod
892 1966 1010 2004 non
1043 1953 1240 2021 operis
1271 1952 1496 2008 factura
1519 1956 1597 2008 sit
1620 1956 1827 2026 Filius,

173 2030 273 2084 sed
298 2030 555 2087 Verbum
589 2036 851 2106 genitum
880 2042 1190 2109 potestatis
1225 2046 1500 2098 aeternae:
1540 2043 1829 2120 ἀκατίρογα-

174 2135 288 2169 cm»
324 2121 479 2175 enim
512 2122 678 2193 dixit,
711 2124 824 2180 hoc
855 2133 946 2183 est
992 2129 1360 2202 inoperatum
1391 2138 1565 2207 atque
1596 2138 1829 2195 increa-

174 2210 310 2277 tum,
342 2209 601 2267 Verbum
633 2214 764 2270 sine
792 2217 1049 2290 alicujus
1079 2226 1364 2279 creaturae
1394 2228 1733 2283 testimonio
1754 2244 1831 2283 ex

180 2295 339 2353 Patre
366 2304 594 2357 natum:
626 2308 683 2358 et
714 2307 906 2362 tamen
927 2309 1296 2367 abundamus
1331 2314 1465 2370 aliis
1497 2317 1830 2374 substantia

178 2387 538 2478 testimoniis.
572 2391 659 2447 Sit
688 2395 800 2448 ista
839 2396 951 2451 hoc
982 2398 1113 2455 loco
1161 2402 1493 2459 substantia
1543 2422 1827 2478 corpora-

174 2473 261 2566 lis,
295 2477 607 2536 dummodo
627 2498 746 2537 non
777 2501 927 2556 opus
952 2487 1053 2542 Dei
1080 2488 1313 2562 Filium,
1337 2494 1445 2548 sed
1464 2473 1825 2566 inoperatum

176 2563 302 2634 ejus
330 2567 689 2626 divinitatem
720 2576 776 2628 et
804 2574 933 2645 ipse
965 2576 1223 2635 fatearis.

238 2655 355 2711 114.
387 2657 524 2714 Scio
554 2665 746 2718 autem
777 2665 1011 2737 aliquos
1043 2668 1240 2725 dicere
1288 2672 1653 2743 inoperatum
1685 2693 1825 2734 esse

171 2746 333 2801 etiam
363 2749 787 2808 incarnationis
820 2758 1185 2829 mysterium,
1207 2762 1365 2831 quod
1386 2778 1505 2817 non
1533 2765 1611 2819 sit
1633 2767 1823 2823 virilis

165 2837 382 2905 copula
412 2855 564 2894 usus
613 2846 921 2913 operatus;
974 2847 1111 2917 quia
1160 2853 1366 2919 partus
1412 2856 1504 2906 est
1542 2854 1818 2927 virginis.

166 2923 223 2978 Si
254 2942 394 2999 ergo
422 2928 690 3001 plerique
720 2931 833 2987 hoc
862 2933 993 2990 loco
1025 2952 1135 2991 nec
1180 2938 1381 2995 Maria
1413 2946 1618 3011 partus
1643 2923 1818 3015 'Opus

165 3028 300 3071 esse
340 3018 634 3092 dixerunt,
681 3024 763 3093 tu,
818 3023 1055 3094 Ariane,
1106 3043 1256 3098 opus
1306 3033 1479 3100 putas
1523 3047 1662 3088 esse
1714 3035 1818 3089 Dei

165 3101 418 3162 Verbum
439 3110 469 3163 ?

231 3196 351 3253 115.
374 3204 489 3255 Aut
506 3201 601 3256 hic
623 3206 842 3259 tantum
867 3207 1258 3263 substantiam
1279 3210 1579 3281 legimus?
1608 3211 1817 3267 Nonne

163 3286 216 3337 et
241 3286 376 3342 alibi
398 3289 578 3345 dixit:
618 3315 640 3339 ει
672 3294 866 3350 Porta
884 3297 1185 3353 civitatum
1205 3299 1460 3356 effracta
1478 3305 1636 3370 sunt,
1661 3318 1822 3357 mon-

160 3376 246 3429 tes
279 3380 633 3449 ceciderunt,
669 3386 726 3438 et
757 3386 1012 3441 revelata
1052 3391 1144 3442 est
1174 3389 1504 3445 substantia
1536 3391 1813 3462 (Na/mm.

162 3479 217 3553 ii,
248 3466 353 3535 6)?
384 3490 405 3518 ι
456 3470 756 3542 Numquid
802 3473 897 3528 hic
929 3492 1164 3548 quoque
1196 3482 1465 3535 creatura
1497 3482 1816 3553 signatur?

158 3551 353 3610 Solent
384 3559 539 3613 enim
579 3561 760 3632 aliqui
791 3563 988 3619 dicere
1031 3567 1430 3636 pecuniariam
1475 3551 1614 3625 esse
1664 3570 1813 3625 sub-

155 3643 441 3701 stantiam.
475 3648 634 3721 Ergo
665 3651 720 3705 si
750 3652 823 3706 ad
856 3653 1012 3708 hunc
1044 3670 1289 3711 sensum
1321 3658 1534 3728 refers,
1568 3659 1700 3715 ideo
1715 3676 1813 3716 oe-

156 3730 417 3790 ciderunt
446 3742 697 3809 montes,
733 3744 794 3796 ut
820 3744 1223 3812 pecuniarium
1248 3747 1663 3818 patrimonium
1685 3766 1813 3806 cer-

154 3828 404 3880 neretur.

219 3909 338 3967 116.
373 3914 489 3970 Sed
527 3919 970 3977 meminerimus
1019 3924 1117 3995 qui
1167 3929 1398 3981 montes
1444 3928 1805 3999 ceciderunt,

148 3997 230 4053 illi
260 4004 457 4075 utique
488 4007 561 4062 de
592 4009 809 4079 quibus
841 4011 1059 4068 dictum
1109 4018 1236 4069 est:
1290 4038 1311 4061 ιι
1366 4016 1427 4071 Si
1476 3997 1805 4074 habueritis

150 4085 321 4147 ﬁdem
350 4096 507 4150 sicut
544 4113 796 4168 granum
836 4101 1085 4172 sinapis,
1138 4104 1348 4160 dicetis
1399 4106 1539 4161 huic
1589 4108 1805 4164 monti:

149 4176 394 4268 :I‘Aollere,
445 4190 503 4240 et
541 4186 768 4257 jactare
809 4191 867 4244 in
922 4207 1083 4247 mare
1132 4194 1371 4264 (Matth.
1420 4213 1559 4264 xvn,
1613 4196 1722 4268 19).
1781 4222 1801 4246 ι»

146 4265 371 4326 Montes
402 4290 549 4347 ergo
582 4282 720 4332 sunt
750 4279 1089 4336 altitudines
1118 4298 1185 4337 se
1217 4284 1588 4340 extollentes.

1957 607 2067 677 ea).
2100 632 2120 655 η

2028 697 2150 753 119.
2194 700 2293 754 Isti
2341 716 2485 774 ergo
2536 703 2875 760 ceciderunt
2913 710 3164 777 montes,
3198 711 3255 763 et
3290 708 3613 765 revelatum

1957 788 2049 840 est
2077 789 2232 858 quod
2263 795 2425 845 esset
2453 792 2511 846 in
2541 792 2777 848 Christo
2809 795 3003 850 divina
3037 797 3386 868 substantia,
3423 800 3616 854 dicen-

1956 876 2116 931 tibus
2138 879 2213 933 iis
2245 880 2345 951 qui
2373 882 2672 938 viderant:
2713 907 2734 931 η
2782 884 2934 939 Vere
2967 884 3151 940 Filius
3186 887 3288 941 Dei
3320 890 3412 942 est
3448 888 3611 958 (Luc.

1960 981 2038 1035 iv,
2070 967 2198 1037 4t);
2236 992 2258 1016 «
2293 985 2411 1024 non
2442 972 2598 1025 enim
2642 972 2915 1043 humana,
2950 975 3057 1029 sed
3090 976 3287 1030 divina
3325 980 3614 1047 potestate

1956 1054 2266 1113 daemoniis
2296 1059 2639 1131 imperabat.
2672 1063 2961 1119 Jeremias
2984 1080 3219 1137 quoque
3241 1066 3381 1120 dicit
3406 1082 3419 1121 :
3458 1088 3480 1115 ι»
3507 1066 3616 1120 Su-

1954 1160 2065 1215 per
2091 1151 2322 1203 montes
2341 1151 2589 1221 accipite
2610 1152 2851 1222 luctum,
2876 1157 2933 1208 et
2955 1169 3138 1224 super
3158 1155 3400 1209 semitas
3422 1156 3619 1209 deser-

1948 1238 2040 1289 tas
2070 1237 2386 1309 planctum,
2429 1240 2566 1311 quia
2610 1240 2991 1313 defecerunt;
3025 1258 3095 1298 eo
3143 1244 3300 1315 quod
3344 1260 3463 1299 non
3493 1244 3617 1298 sint

1950 1325 2241 1396 homines,
2275 1344 2392 1383 non
2423 1334 2777 1400 acceperunt
2806 1347 3014 1387 vocem
3035 1333 3384 1388 substantia
3413 1349 3425 1387 :
3461 1349 3492 1387 a
3512 1349 3616 1387 vo-

1946 1414 2209 1471 latilibus
2239 1434 2430 1490 usque
2460 1420 2531 1474 ad
2556 1419 2824 1491 jumenta
2852 1426 3218 1494 expaverunt
3264 1427 3320 1478 et
3363 1423 3608 1480 defece-

1944 1509 2082 1560 runt
2110 1507 2355 1576 (Jerem.
2391 1525 2473 1577 ix,
2506 1510 2615 1578 10).
2656 1535 2677 1559 ιι

2015 1596 2137 1653 120.
2172 1596 2297 1652 Nec
2329 1600 2611 1668 praeteriit
2641 1603 2815 1656 etiam
2862 1602 3020 1671 alibi,
3075 1619 3208 1658 cum
3249 1603 3600 1676 fragilitates

1942 1689 2264 1754 exponeret
2295 1687 2650 1743 conditionis
2680 1690 2972 1759 humana,
3008 1695 3069 1746 ut
3108 1696 3445 1763 susceptam
3475 1710 3507 1748 a
3537 1710 3603 1749 se

1941 1765 2090 1828 518
2120 1775 2513 1831 infirmitatem
2545 1779 2762 1848 carnis,
2797 1782 2853 1833 et
2888 1779 3159 1834 affectum
3192 1785 3412 1837 nostra
3447 1798 3607 1838 men-

489 1855 860 1927 Inoperatum
918 1877 1115 1917 meum
1171 1865 1448 1918 viderunt
1500 1866 1655 1920 oculi
1715 1867 1828 1936 tui,
1863 1863 2016 1942 Btis
2050 1864 2407 1931 ostenderet,
2442 1866 2670 1921 dixisse
2702 1868 3172 1940 Dominumper
3206 1871 3595 1941 I’ropbetam:

1943 1974 1965 1999 α
2000 1951 2313 2023 Memento,
2342 1954 2606 2023 Domine,
2631 1972 2764 2027 qua
2787 1960 2879 2012 est
2899 1958 3230 2013 substantia
3261 1976 3390 2014 mea
3412 1960 3602 2029 (Psal.

1936 2057 2222 2110 Lxxxvui,
2258 2042 2388 2114 48);
2427 2067 2448 2091 υ
2483 2044 2619 2115 quia
2650 2045 2709 2099 in
2740 2048 2946 2101 natura
2974 2046 3311 2120 fragilitatis
3334 2049 3605 2109 humana

1935 2128 2039 2184 Dei
2065 2129 2250 2185 Filius
2270 2131 2641 2203 loquebatur.

2015 2218 2135 2273 121.
2189 2220 2273 2275 De
2318 2236 2435 2291 quo
2483 2236 2684 2292 supra,
2734 2225 2797 2278 ut
2842 2223 3265 2279 incarnationis
3311 2228 3594 2298 mysteria

1937 2307 2247 2376 revelaret,
2282 2309 2392 2364 ait:
2429 2333 2451 2357 ι»
2495 2310 2582 2365 Tu
2611 2326 2753 2366 vero
2785 2312 3075 2383 repulisti,
3109 2314 3376 2383 Domine,
3410 2319 3467 2370 et
3495 2333 3601 2386 pro

1933 2396 2117 2451 nihilo
2150 2396 2446 2454 habuisti:
2483 2399 2783 2470 dispulisti
2804 2400 3106 2456 Christum
3127 2406 3311 2472 tuum,
3333 2406 3598 2459 evertisti

1931 2487 2347 2540 testamentum
2380 2503 2540 2542 serv1
2570 2489 2675 2553 tui,
2716 2489 3042 2559 profanasti
3071 2491 3132 2545 in
3164 2495 3321 2546 terra
3374 2493 3599 2547 sancti-

1932 2576 2109 2628 tatem
2138 2574 2273 2646 ejus
2305 2576 2482 2645 (Ibid.
2513 2577 2602 2644 39,
2634 2578 2747 2647 40).
2786 2602 2807 2626 υ
2844 2579 2907 2632 In
2938 2594 3055 2650 quo
3102 2580 3303 2651 utique
3353 2598 3597 2637 servum

1934 2662 2100 2733 dixit,
2135 2665 2252 2718 nisi
2284 2665 2344 2719 in
2373 2682 2569 2736 carne,
2604 2667 2739 2738 quia
2778 2691 2798 2714 α
2836 2684 2955 2723 non
2987 2668 3254 2739 rapinam
3282 2670 3601 2727 arbitratus

1934 2755 2026 2807 est
2047 2768 2185 2808 esse
2215 2769 2281 2809 se
2312 2756 2599 2827 aqualem
2630 2756 2772 2823 Deo,
2799 2757 2905 2811 sed
2925 2758 3308 2828 semetipsum
3331 2761 3598 2816 exinani-

1934 2843 2019 2896 vit
2051 2843 2297 2898 formam
2333 2845 2495 2899 servi
2542 2845 2864 2916 accipiens,
2900 2847 2959 2900 in
3008 2848 3452 2905 similitudinem
3486 2851 3597 2906 ho-

1932 2932 2154 2987 minum
2183 2934 2398 3003 factus,
2419 2937 2475 2989 et
2507 2934 2706 3006 specie
2728 2935 3005 2991 inventus
3023 2939 3085 2991 ut
3106 2936 3282 2993 homo
3301 2938 3590 3011 (Philipp.

1930 3037 1992 3091 ii,
2026 3022 2080 3089 6,
2112 3023 2168 3091 Ἳ)
2188 3024 2218 3078 ?
2251 3047 2273 3071 »ι
2309 3024 2438 3079 Mea
2468 3040 2613 3097 ergo
2646 3025 3029 3097 susceptione
3060 3042 3297 3098 servus,
3331 3045 3441 3083 sua
3474 3029 3595 3085 Do-

1932 3110 2129 3166 minus
2161 3115 2470 3182 potestate.

2005 3199 2125 3255 1‘2'2.
2150 3200 2299 3266 Quid
2320 3202 2462 3257 illud
2484 3203 2640 3274 quod
2664 3204 2851 3260 habes
2870 3207 2899 3260 ?
2934 3228 2955 3253 α
2988 3205 3273 3271 Quoniam
3296 3208 3431 3279 quis
3466 3212 3591 3264 ste-

1933 3289 1995 3343 tit
2023 3289 2083 3344 in
2116 3290 2446 3346 substantia
2479 3292 2706 3347 Domini
2730 3294 3158 3365 (JOI'Om.XXIII,
3194 3296 3323 3368 i8);
3360 3321 3381 3345 »ι
3410 3300 3465 3352 et
3488 3298 3587 3352 ali-

1930 3377 2024 3433 bi:
2072 3402 2093 3425 ‹‹
2128 3379 2199 3433 Et
2228 3379 2278 3434 si
2313 3381 2620 3437 stetissent
2649 3382 2708 3437 in
2740 3383 3070 3438 substantia
3100 3401 3248 3455 mea,
3286 3390 3343 3440 et
3381 3387 3589 3442 audis-

1929 3470 2062 3522 sent
2106 3469 2285 3523 verba
2326 3486 2474 3539 mea,
2522 3474 2579 3526 et
2626 3471 2679 3526 si
2711 3472 3060 3528 docuissent
3086 3474 3318 3544 plebem
3365 3492 3590 3546 meam;

1927 3557 2279 3613 avertissem
2312 3574 2417 3616 eos
2446 3576 2477 3614 a
2511 3561 2790 3634 nequitiis
2822 3566 2878 3617 et
2911 3562 3429 3621 adinventionibus
3459 3566 3590 3622 suis

1935 3645 2096 3716 (Ibid
2117 3646 2228 3718 22)
2269 3670 2289 3696 ”
2550 3721 2803 3777 CAPUT
2843 3723 2969 3779 xv.

1932 3806 2073 3884 Cum
2112 3807 2339 3884 filiuni
2385 3809 2567 3884 Patri
2605 3809 2914 3884 ἑτεροοὺσιον
2935 3813 3157 3868 Ariani
3201 3813 3434 3883 dicant,
3489 3830 3593 3871 eos

2016 3879 2078 3956 in
2103 3880 2223 3956 _Deo
2240 3881 2646 3956 substantiam
2670 3879 2877 3954 aperte
2913 3900 3268 3956 agnoscere:
3308 3879 3509 3942 nec-ob
3532 3903 3593 3942 a-

1994 3950 2122 4027 liud
2142 3952 2294 4027 hanc
2318 3968 2511 4027 vagam
2534 3950 2842 4027 defugere,
2872 3950 2992 4008 nisi
3012 3956 3162 4027 quod
3195 3956 3359 4010 illum
3385 3973 3588 4011 verum

1996 4022 2111 4097 ρεξὶ
2128 4022 2343 4097 Filium
2363 4018 2770 4097 fatei'inoliiit,
2801 4018 2859 4079 ut
2890 4018 3164 4097 signi/ica
3177 4028 3258 4080 vit
3289 4028 3592 4083 Eusebius

1994 4093 2497 4159 Nicomediensis.
2521 4096 2703 4149 Recte
2720 4097 2909 4166 igitur
2929 4093 3309 4153 constitutum
3333 4115 3365 4154 ε
3388 4099 3586 4155 Nica-

1996 4173 2091 4227 nis
2110 4173 2242 4250 PP,
2285 4175 2527 4250 var/ium
2555 4171 2839 4250 ὁμορὺσιον,
2877 4181 3072 4248 utpote
3103 4178 3326 4233 haeresi
3358 4180 3589 4250 apposi-

1995 4250 2114 4321 tum
2139 4252 2199 4299 et
2220 4245 2618 4321 inseri/itura
2632 4245 3338 4321 {i‘i-inatiim}proindeque
3361 4245 3592 4320 neglec-

1996 4316 2096 4383 tis,
2123 4332 2248 4387 qua
2273 4317 2381 4370 isti
2399 4316 2628 4390 lingunt
2655 4318 2730 4373 de
2762 4316 3150 4390 Sabellianis,
3183 4316 3583 4375 retinendum.

215 4358 334 4447 11Ἶ.
370 4363 635 4436 Denique
660 4367 717 4422 in
734 4368 963 4439 Graeco,
994 4394 1015 4417 ιι
1044 4388 1227 4444 regna
1252 4373 1591 4430 ceciderunt
1613 4376 1746 4447 (8'7),
1780 4403 1801 4427 »

151 4443 410 4537 habetur.
458 4452 601 4519 Qua
645 4472 850 4529 regna,
897 4460 1015 4514 nisi
1072 4443 1324 4532 satana,
1377 4464 1448 4518 de
1494 4443 1632 4537 quoi
1660 4443 1807 4522 dixit

152 4532 460 4597 Dominus:
504 4566 527 4589 α
548 4543 852 4609 Quomodo
876 4550 1052 4605 stabit
1074 4566 1321 4624 regnum
1342 4532 1532 4624 ipsius
1563 4557 1800 4625 (Matth.

151 4637 247 4693 xu,
279 4629 415 4696 26)?
450 4656 472 4681 ι»
507 4633 677 4703 Ipsos
710 4651 854 4707 ergo
888 4638 1142 4710 legimus
1172 4646 1425 4712 montes,
1461 4661 1593 4715 qua
1617 4662 1801 4718 regna

153 4720 281 4806 sunt
324 4719 561 4778 diaboli.
613 4724 868 4797 Ideoque
910 4728 1044 4782 istis
1092 4731 1439 4786 cadentibus
1482 4736 1687 4806 regnis
1730 4737 1801 4791 de

153 4805 317 4889 corde
353 4810 630 4882 ﬁdelium,
666 4815 987 4875 revelatum
1019 4821 1111 4872 est
1140 4823 1399 4889 paterna
1441 4805 1804 4880 DeiiFilium

153 4888 404 4952 Chistum
436 4916 576 4955 esse
604 4904 975 4960 substantia.
1008 4906 1118 4972 Qui
1142 4888 1302 4963 sunt
1351 4911 1525 4965 etiam
1554 4912 1639 4967 illi
1685 4915 1800 4985 ipsi

155 4990 367 5041 montes
415 4991 576 5056 arei,
624 4992 695 5047 de
746 5010 996 5064 quorum
1046 4998 1237 5052 medio
1285 5004 1538 5071 quatuor
1586 5018 1800 5058 currus

156 5076 458 5136 procedunt
487 5079 691 5147 (Zach.
727 5099 803 5151 v1,
841 5084 941 5152 i)?

219 5162 328 5218 118.
383 5168 763 5225 Advertimus
803 5173 1170 5230 altitudinem
1217 5177 1375 5233 illam
1420 5180 1796 5237 extollentem

162 5261 217 5302 se
241 5254 526 5311 adversus
547 5259 851 5315 scientiam
872 5262 977 5317 Dei
999 5265 1182 5319 verbo
1207 5267 1436 5322 Domini
1456 5270 1790 5339 corruisse;

163 5351 273 5394 cum
300 5344 518 5401 diceret
548 5348 652 5402 Dei
692 5348 912 5405 Filius:
971 5375 992 5399 «
1028 5353 1404 5427 Obmutesce,
1440 5361 1496 5412 et
1525 5359 1640 5428 exi,
1674 5360 1786 5413 im-

164 5433 345 5489 munde
376 5437 853 5508 spiritus(.tlarc.
888 5459 926 5510 ι,
959 5443 1069 5513 25).
1111 5468 1131 5491 »ι
1170 5444 1250 5500 De
1282 5463 1397 5518 quo
1419 5451 1475 5502 et
1505 5448 1789 5518 propheta

1992 4403 2116 4459 1°23.
2168 4403 2472 4470 Quomodo
2522 4410 2741 4478 negant
2789 4408 2894 4462 Dei
2952 4423 3091 4463 esse
3141 4408 3632 4477 substantiam?,

1919 4490 2224 4557 Quomodo
2254 4494 2500 4549 verbum
2533 4495 2901 4566 substantia,
2954 4496 3112 4568 quod
3161 4497 3586 4552 creberrimum

1920 4582 1979 4636 in
2011 4581 2334 4653 Scripturis
2367 4586 2478 4654 est,
2508 4586 2714 4654 putant
2760 4600 2897 4639 esse
2928 4585 3230 4638 vitandum
3256 4601 3269 4652 ;
3304 4601 3436 4639 cum
3468 4585 3585 4656 ipsi

1919 4685 1994 4725 ex
2023 4671 2133 4725 alia
2164 4672 2518 4742 substantia,
2543 4672 2655 4727 hoc
2688 4677 2780 4727 est
2836 4671 3164 4745 irepooﬁaiov,
3202 4672 3452 4727 dicendo
3486 4674 3582 4727 Fi-

1916 4759 2079 4829 lium,
2140 4761 2533 4815 substantiam
2570 4765 2765 4816 tamen
2815 4761 2873 4815 in
2927 4761 3047 4816 Deo
3106 4777 3245 4816 esse
3302 4776 3420 4817 non
3472 4763 3582 4817 ab-

1917 4851 2144 4903 nuant?

1987 4938 2109 4993 19.4.
2144 4939 2279 4993 Non
2307 4938 2489 5012 igitur
2516 4938 2785 5009 verbum,
2820 4940 2928 4994 sed
2959 4939 3078 4994 vim
3106 4940 3274 4995 verbi
3304 4940 3539 5014 fugiunt
3564 4959 3579 5014 ;

1917 5028 2053 5098 quia
2082 5027 2288 5082 nolunt
2316 5043 2522 5082 verum
2553 5044 2691 5082 esse
2724 5029 2826 5082 Dei
2858 5028 3089 5084 Filium.
3124 5029 3273 5084 Nam
3306 5030 3442 5085 licet
3470 5032 3577 5086 hu-

1916 5131 2085 5170 mano
2117 5116 2301 5171 verbo
2333 5131 2449 5170 non
2480 5117 2673 5186 possit
2702 5117 2918 5172 divina
2949 5118 3353 5190 generationis
3384 5120 3575 5175 series

1913 5205 2351 5275 comprehendi,
2382 5207 2575 5261 tamen
2604 5205 2943 5277 judicarunt
2962 5207 3168 5262 Patres
3197 5208 3371 5262 fidem
3404 5224 3574 5263 suam

1908 5294 2009 5348 tali
2039 5295 2274 5365 proprie
2323 5298 2525 5350 contra
2563 5292 2876 5369 ἐτεραοὺσιου
2910 5312 3185 5351 sermone
3217 5296 3574 5369 signandam

1907 5382 2054 5453 (88),
2122 5383 2524 5438 auctoritatem
2605 5384 2793 5438 secuti
2852 5385 3191 5455 propheta,
3274 5385 3375 5455 qui
3449 5386 3567 5452 ait,

1908 5493 1929 5519 α
1975 5470 2119 5535 Quis
2151 5472 2311 5528 stetit
2340 5472 2399 5527 in
2434 5472 2764 5528 substantia
2789 5473 3041 5543 Domini,
3066 5473 3281 5528 etvidit
3312 5473 3570 5527 Verbum

217 5586 313 5669 (87)
343 5588 500 5643 LXX
535 5589 806 5660 lnterpr.,
838 5595 925 5647 καὶ
954 5594 1283 5669 τάβασίλεια
1304 5594 1520 5653 διέπεσε.

203 5668 740 5753 .(§8)li}‘merb.het
798 5673 968 5731 Eras.
1043 5678 1142 5732 tali
1212 5681 1446 5753 proprie
1498 5679 1788 5746 ἐπιούσιονς

165 5737 265 5793 Uill.
295 5742 347 5794 et
384 5740 553 5797 Rom.
588 5742 726 5803 edit.
762 5760 893 5803 cum
928 5764 1073 5807 mss.
1107 5754 1167 5806 ut
1207 5737 1266 5806 in
1298 5737 1479 5824 textu,
1515 5754 1567 5809 si
1598 5737 1791 5816 tamen

1901 5604 2053 5659 duos
2084 5606 2212 5660 cod.
2239 5606 2522 5677 excipias,
2550 5608 2609 5661 in
2632 5607 2849 5678 quibus
2882 5607 3133 5662 habetur
3153 5611 3357 5660 contra
3381 5602 3565 5682 ὁμαλοῦ-ι

1896 5703 2028 5737 σιον.
2065 5686 2198 5741 Non
2228 5690 2407 5748 recte.
