4050 6182
180 390 279 456 641

1532 372 1643 440 DE
1686 371 1881 439 FIDE
1923 376 2086 440 LIB.
2131 372 2242 437 III.

3462 371 3584 435 642

184 590 371 644 exuunt
398 587 648 641 veterem
695 599 867 638 usum
902 625 916 653 ,
976 585 1037 637 ut
1066 581 1310 637 induant
1347 597 1537 636 novos
1565 595 1767 635 mores
1790 620 1804 649 ,
1836 559 1896 621 Α
1924 576 2111 632 Scivit
2142 578 2312 632 Pater
2360 576 2647 631 serendas
2696 590 2834 630 esse
2877 575 2948 630 de
2998 575 3145 631 Filio
3196 574 3583 647 quaestiones,

177 679 308 732 sicut
337 675 611 744 scriptum
643 675 735 727 est
776 688 788 727 ε
827 694 849 719 «ι
886 670 1301 742 Exspoliantes
1332 674 1590 725 veterem
1621 667 1809 723 homi-

177 782 288 821 nem
320 780 444 819 cum
472 762 701 817 actibus
720 760 878 832 ejus,
912 764 968 815 et
989 760 1300 815 induentes
1322 775 1561 828 novum,
1595 772 1810 812 secun-

173 854 289 909 dum
317 852 630 924 imaginem
653 850 787 921 ejus
811 851 910 921 qui
945 849 1165 904 creavit
1199 864 1331 903 eum
1365 846 1613 917 (Coloss.
1648 863 1727 915 ιιι,
1752 846 1806 916 9,

172 942 268 1012 10).
303 966 321 988 η
356 942 664 995 Discamus
716 954 884 1011 ergo,
945 937 1234 1007 depositis
1272 937 1489 992 vetusti
1550 935 1808 991 hominis

171 1031 400 1099 exuviis,
433 1028 928 1102 Evangelicorum
951 1026 1312 1097 serpentium
1345 1026 1511 1093 vias;
1555 1028 1617 1079 ut
1644 1040 1807 1079 more

169 1120 501 1191 serpentium
525 1133 766 1173 servare
802 1119 993 1188 caput,
1037 1116 1303 1171 fraudem
1347 1131 1557 1170 cavere
1588 1130 1805 1169 nosca-

167 1226 298 1265 IDUS.

225 1296 337 1353 132.
392 1297 548 1353 Satis
584 1295 777 1352 fuerat
820 1294 1018 1350 dicere
1062 1310 1074 1350 :
1122 1293 1234 1360 Qui
1288 1293 1429 1349 dicit
1476 1295 1805 1348 creaturam

168 1387 456 1456 Christum,
508 1385 819 1440 anathema
862 1384 958 1439 sit.
1017 1382 1136 1438 Cur
1171 1383 1328 1438 bono
1379 1381 1802 1451 confessionis,

166 1478 377 1547 Ariane,
407 1490 635 1531 venena
665 1473 1025 1545 pen-misces,
1076 1474 1140 1526 ut
1168 1474 1351 1527 totum
1400 1487 1618 1541 corpus
1659 1485 1805 1524 con-

166 1568 390 1621 tamines
410 1568 437 1619 ?
457 1564 747 1619 Addenda
787 1562 941 1618 enim
973 1578 986 1616 :
1022 1560 1359 1616 Secundum
1378 1563 1625 1617 caeteras
1645 1574 1806 1614 crea-

165 1660 326 1726 turas,
358 1671 470 1710 non
503 1655 835 1708 creaturam
879 1650 1180 1705 Christum
1220 1665 1408 1723 negas
1434 1693 1448 1720 ,
1499 1650 1603 1704 sed
1637 1664 1806 1704 crea-

166 1748 329 1799 turam
350 1744 497 1798 dicis
517 1758 657 1798 esse
680 1739 1031 1795 dissimilem
1056 1754 1072 1809 ;
1113 1743 1439 1794 creaturam
1458 1739 1614 1794 enim
1632 1738 1804 1807 dicis,

163 1834 254 1889 etsi
289 1833 757 1904 praestantiorem
781 1828 1015 1884 caeteris
1054 1844 1296 1884 asseras
1338 1828 1648 1883 creaturis.
1685 1827 1802 1881 De-

166 1922 318 1994 nique
373 1923 596 1990 Arius,
664 1918 848 1991 hujus
913 1918 1230 1988 impietatis
1308 1917 1625 1989 magister,
1701 1916 1808 1970 Dei

1920 666 2175 737 praebuit
2218 666 2392 721 nobis
2440 665 2598 736 quod
2647 680 3072 736 sequeremur,
3110 664 3342 735 pietatis
3380 680 3584 720 exem-

1919 755 2102 826 plum,
2136 771 2209 810 ne
2243 754 2390 810 Filio
2422 755 2801 827 derogemns.

2520 860 2772 915 CAPUT
2804 861 2978 915 XVII.

1923 967 2261 1041 Objectioni
2290 985 2414 1041 qua:
2443 968 2541 1041 hic
2586 968 2753 1023 nasci
2787 974 3045 1041 poterat,
3081 984 3435 1036 occurrens,
3480 987 3586 1024 cur

2045 1042 2274 1095 ominus
2310 1040 2612 1164 Stefbano
2651 1045 2815 1094 stare
2843 1040 3006 1094 visus
3040 1042 3136 1107 sit,
3172 1040 3506 1113 explicatur
3529 1046 3587 1094 et

2045 1111 2263 1164 rbuius
2292 1110 2369 1164 ad
2438 1112 2620 1164 'ilium
2659 1110 2938 1164 nrecibus
2967 1113 3229 1164 eiusdem
3265 1128 3332 1164 ac
3375 1113 3587 1164 I’atris

1989 1128 2068 1167 ex
2086 1111 2263 1183 qujus
2292 1110 2369 1166 ad
2397 1110 2620 1183 FiIium
2653 1110 2938 1183 precibus
2967 1113 3229 1183 ejusdem
3246 1110 3332 1166 ’ρο
3375 1113 3589 1166 I’atris

1986 1181 2323 1250 (equalitate
2352 1181 2714 1247 confirmata,
2737 1182 2955 1237 librum
2979 1181 3280 1238 terminat.

1989 1304 2111 1362 137.
2148 1307 2281 1362 Uno
2309 1310 2535 1362 tantum
2565 1307 2698 1362 loco
2734 1300 3004 1362 ‘stantem
3036 1308 3108 1363 ad
3139 1308 3440 1363 dexteram
3482 1308 3589 1364 Dei

1915 1395 2124 1450 Jesum
2164 1396 2500 1467 Stephanus
2548 1396 2775 1452 vidisse
2816 1413 2883 1452 se
2934 1396 3080 1451 dixit
3109 1397 3267 1469 (Act.
3320 1414 3420 1466 vn,
3472 1394 3585 1468 55).

1918 1483 1987 1538 Et
2007 1484 2120 1539 hoc
2153 1485 2338 1555 disce,
2381 1501 2454 1540 ne
2494 1502 2669 1557 quam
2708 1486 2845 1541 hinc
2900 1503 3142 1541 moveas
3173 1487 3586 1558 quaestionem.

1915 1572 2036 1628 Cur
2064 1574 2220 1628 enim
2253 1574 2471 1646 ubique
2517 1575 2589 1629 ad
2639 1576 2938 1630 dexteram
2980 1576 3190 1631 sedere
3240 1576 3590 1647 ostenditur,

1915 1677 2034 1717 uno
2066 1662 2287 1735 legitur
2313 1664 2373 1717 in
2411 1664 2542 1719 loco
2575 1668 2733 1719 stare
2755 1666 2783 1718 ‘2
2812 1664 2989 1719 Sedet
3019 1664 3393 1736 quasijudex
3426 1666 3591 1721 vivo-

1917 1767 2048 1805 rum
2081 1756 2138 1806 et
2176 1755 2538 1807 mortuorum
2565 1769 2580 1822 ;
2613 1755 2727 1806 stat
2757 1754 2925 1824 quasi
2967 1754 3288 1808 advocatus
3322 1771 3589 1813 suorum.

1919 1838 2122 1894 Stabat
2160 1857 2305 1913 ergo
2346 1841 2516 1913 quasi
2542 1841 2850 1911 sacerdos,
2896 1842 3127 1912 quando
3156 1842 3311 1896 Patri
3336 1843 3592 1900 hostiam

1919 1928 2058 1983 boni
2095 1931 2371 2001 martyris
2424 1928 2706 1985 otl‘crcbat
2757 1946 2769 1985 :
2821 1931 3013 1985 stabat
3065 1932 3236 2002 quasi
3276 1932 3432 1988 bona
3462 1933 3592 1989 luc-

166 2010 353 2066 Filium
390 2014 725 2065 creaturam
766 2007 912 2064 dixit
950 2022 1087 2062 esse
1141 2005 1483 2078 perfectam,
1525 2005 1632 2060 sed
1689 2021 1807 2060 non

1946 2017 2095 2073 atori
2128 2019 2397 2073 bravium
2436 2020 2580 2073 tanti
2602 2019 2822 2090 praesul
2855 2020 3192 2073 certaminis
3232 2020 3592 2079 redditurus.

165 2100 298 2155 sicut
347 2104 601 2155 caeteras
657 2102 980 2155 creaturas.
1033 2096 1243 2151 Vitetis
1318 2095 1501 2168 igitur
1551 2094 1809 2149 haeredi-

164 2189 291 2244 tario
326 2189 510 2261 patris
574 2188 761 2244 vestri
798 2203 908 2243 vos
964 2201 1112 2241 usos
1165 2200 1303 2240 esse
1357 2186 1677 2239 sermone?
1714 2183 1815 2237 Sat

168 2281 244 2333 est
267 2282 595 2334 creaturam
634 2292 875 2350 negare,
919 2275 1059 2347 quid
1082 2290 1234 2346 opus
1256 2274 1366 2329 fuit
1395 2274 1613 2329 addere
1657 2289 1669 2328 :
1709 2273 1817 2327 sed

165 2383 264 2424 non
292 2369 440 2424 sicut
472 2372 727 2423 caeteras
760 2365 1109 2422 creaturas?
1149 2363 1369 2419 Recide
1393 2363 1549 2435 quod
1578 2361 1816 2435 putruit,

164 2473 227 2512 ne
261 2461 451 2529 serpat
479 2460 761 2530 contagio
802 2472 817 2527 ;
859 2468 1153 2511 venenum
1195 2453 1408 2525 habet;
1441 2456 1690 2509 mortem
1729 2452 1822 2508 af-

165 2546 278 2602 fert.

224 2636 335 2692 133.
391 2636 622 2692 Deinde
675 2635 826 2689 dicis
877 2633 1169 2688 interdum
1226 2632 1414 2686 Deum
1461 2630 1763 2687 Christum
1804 2648 1816 2688 :

167 2726 256 2781 sed
274 2727 344 2781 ita
375 2726 469 2781 dic
504 2726 694 2781 Deum
724 2740 931 2779 verum
954 2763 970 2791 ,
1030 2726 1095 2776 ut
1147 2721 1567 2793 plenitudinem
1623 2721 1734 2791 (93)
1767 2722 1822 2776 ei

167 2819 403 2885 paternae
425 2815 758 2869 divinitatis
780 2813 1061 2883 assignas
1087 2827 1100 2881 ;
1134 2814 1273 2866 sunt
1302 2810 1454 2876 enim
1479 2810 1580 2882 qui
1610 2810 1819 2865 dicun-

169 2906 250 2958 tur
266 2904 339 2959 dii
370 2905 499 2959 sive
539 2904 600 2957 in
633 2903 803 2971 caelo,
826 2902 954 2955 sive
976 2901 1035 2954 in
1056 2902 1233 2954 terra.
1269 2899 1401 2955 Non
1419 2915 1563 2972 ergo
1582 2899 1822 2971 perfun-

170 2994 327 3048 ctorie
357 2992 801 3063 nuncupandus
833 2990 1013 3060 Deus,
1035 2989 1141 3043 sed
1173 2989 1251 3042 ita
1281 2991 1341 3043 ut
1369 2989 1635 3043 eamdem
1667 2989 1821 3043 divi-

177 3082 389 3138 nitatem
420 3081 726 3155 praedices
756 3080 814 3133 in
845 3078 1015 3148 Filio,
1040 3093 1217 3149 quam
1244 3077 1419 3132 Pater
1449 3077 1644 3147 habet,
1668 3078 1823 3133 sicut

168 3172 429 3242 scriptum
466 3174 605 3240 est,
643 3193 663 3216 ‹‹
699 3168 865 3223 Sicut
912 3168 1066 3221 enim
1109 3167 1282 3221 Pater
1322 3167 1501 3221 vitam
1556 3167 1733 3223 habet
1761 3168 1822 3222 in

171 3261 467 3332 semetipso
497 3302 514 3331 ,
573 3260 664 3313 sic
694 3257 854 3312 dedit
894 3260 949 3311 et
986 3256 1134 3311 Filio
1173 3257 1351 3310 vitam
1382 3256 1600 3311 habere
1639 3257 1699 3311 in
1720 3272 1822 3312 se-

167 3350 393 3420 metipso
424 3350 622 3421 (Joan.
646 3364 705 3417 v,
738 3346 830 3414 26)
864 3371 885 3394 »
923 3345 1094 3399 Dedit
1130 3347 1330 3417 utique
1350 3345 1522 3417 quasi
1553 3345 1701 3401 Filio
1717 3362 1825 3418 per

172 3439 619 3508 generationem,
651 3452 770 3491 non
799 3435 972 3508 quasi
1012 3434 1170 3505 inapi
1202 3451 1308 3505 per
1336 3436 1604 3507 gratiam.

228 3526 341 3582 134.
393 3551 415 3575 α
461 3526 543 3581 Et
581 3528 931 3596 potestatem
972 3524 1130 3578 dedit
1169 3523 1222 3578 ei
1266 3523 1558 3595 judicium
1588 3524 1820 3591 facere,

173 3616 293 3685 quia
319 3615 507 3671 Filius
534 3614 794 3669 hominis
834 3615 928 3667 est
956 3612 1134 3683 (Ibid.
1168 3612 1278 3682 2'7).
1317 3635 1338 3660 «
1373 3612 1519 3668 Vide
1549 3612 1688 3685 quid
1718 3614 1824 3667 ad-

168 3704 309 3775 didit,
333 3722 405 3761 ne
434 3710 498 3761 tu
538 3703 918 3759 calumnieris
950 3718 1024 3756 ex
1062 3701 1271 3756 verbo.
1304 3700 1518 3756 Filium
1567 3702 1824 3759 hominis

175 3792 328 3864 legis,
349 3799 406 3850 et
434 3794 831 3864 accipientem
853 3791 1059 3864 arguis
1087 3792 1116 3845 εν
1148 3790 1317 3863 Nega
1341 3806 1485 3864 ergo
1518 3792 1701 3847 Deum
1724 3834 1738 3863 ,
1773 3793 1828 3847 si

170 3897 270 3937 non
293 3885 484 3939 omnia
506 3883 663 3939 Filio
680 3897 813 3953 quas
839 3880 944 3935 Dei
974 3883 1133 3949 sunt,
1150 3880 1494 3935 deferuntur
1515 3896 1648 3936 cum
1671 3883 1827 3937 enim

174 3970 367 4027 dixerit
398 3989 411 4028 :
460 3994 483 4022 ι
522 3971 731 4027 Omnia
754 3986 887 4042 quae
919 3969 1091 4024 Pater
1108 3969 1304 4038 habet,
1324 3985 1454 4024 mea
1477 3974 1616 4025 sunt
1637 3971 1824 4041 (Joan.

173 4075 277 4131 xw,
306 4061 416 4133 15),
454 4087 477 4110 κ
507 4077 621 4116 cur
678 4063 739 4115 tu
779 4075 898 4114 non
955 4058 1148 4114 omnia
1198 4074 1329 4129 quae
1360 4058 1577 4115 divinae
1603 4064 1828 4116 naturae

180 4152 318 4220 sunt,
350 4152 528 4207 etiam
562 4150 623 4205 in
654 4150 803 4205 Filio
856 4149 1159 4204 conﬁteris
1193 4149 1223 4202 ε»
1261 4147 1411 4203 Nam
1450 4150 1551 4221 qui
1590 4149 1731 4205 dicit
1761 4166 1772 4205 :
1802 4173 1823 4199 ιθ

174 4234 355 4294 Omnia
388 4257 530 4314 qua:
562 4241 735 4294 Pater
772 4238 966 4304 habet,
999 4252 1130 4292 mea
1171 4241 1328 4308 sunt,
1368 4262 1389 4285 η
1427 4239 1568 4310 quid
1612 4240 1831 4311 excipit

174 4328 309 4396 quod
337 4346 456 4385 non
482 4328 666 4384 habet
694 4331 723 4383 ἱ)

233 4415 344 4472 135.
367 4417 531 4484 Quid
581 4422 672 4473 est
709 4418 864 4489 quod
904 4424 1184 4499 ἄμφατικῶς
1220 4432 1396 4488 quam
1440 4418 1598 4473 ﬁdeli
1636 4419 1829 4491 magis

180 4517 431 4562 sermone
480 4522 938 4578 commemores,
991 4513 1149 4580 quod
1189 4516 1453 4567 mortuos
1495 4509 1829 4565 suscitave-

176 4591 255 4661 rit,
285 4596 459 4650 maria
482 4596 670 4668 pedes
691 4598 1109 4671 transmiserit,
1136 4602 1505 4656 inﬁrmitates
1525 4600 1829 4656 hominum

183 4686 494 4740 curaverit?
530 4686 674 4741 Haec
706 4686 860 4741 enim
893 4690 1152 4745 servulis
1184 4692 1312 4746 suis
1360 4691 1653 4762 praestitit.
1688 4691 1829 4745 Plus

180 4767 279 4824 ista
305 4775 486 4830 miror
525 4777 585 4830 in
626 4776 966 4833 hominibus
992 4821 1006 4849 ,
1038 4780 1196 4850 quod
1234 4783 1452 4835 tantam
1484 4781 1573 4835 eis
1605 4781 1832 4835 dederit

184 4862 535 4927 potestatem.
599 4865 835 4937 Aliquid
875 4868 947 4922 de
989 4868 1226 4924 Christo
1270 4870 1473 4925 audire
1513 4870 1791 4925 desidero
1815 4912 1829 4939 ,

183 4950 322 5017 quod
358 4954 620 5023 speciale
651 4955 729 5008 sit
756 4954 997 5027 Christi,
1017 4958 1174 5029 quod
1195 4975 1328 5013 cum
1359 4959 1434 5014 iis
1473 4975 1607 5031 quae
1639 4962 1834 5013 creata

186 5042 307 5092 sunt
334 5056 451 5096 non
481 5043 675 5113 possit
706 5059 843 5099 esse
874 5061 1218 5118 commune;
1253 5048 1387 5122 quia
1407 5050 1666 5121 genitus,
1700 5048 1836 5120 quia

188 5125 379 5184 unicus
400 5135 493 5185 est
526 5132 629 5186 Dei
661 5132 869 5204 Filius,
891 5136 1027 5206 quia
1059 5136 1218 5191 Deus
1241 5153 1421 5193 verus
1443 5153 1516 5193 ex
1532 5138 1650 5194 Deo
1669 5153 1835 5207 vero,

192 5216 310 5283 quia
339 5220 410 5273 ad
441 5221 745 5277 dexteram
789 5224 981 5279 Patris
1010 5225 1198 5282 sedet.

258 5302 376 5363 136.
407 5308 761 5384 Ubicunque
791 5313 928 5386 lego
969 5330 1331 5371 consessum
1366 5318 1558 5373 Patris
1591 5322 1648 5373 et
1686 5318 1839 5389 Filii,

204 5392 326 5459 521
375 5413 612 5471 semper
655 5403 726 5457 ad
777 5404 1081 5458 dexteram
1121 5405 1305 5461 Filius
1334 5408 1518 5463 sedet.
1544 5408 1844 5480 Numquid

198 5482 388 5570 melior
415 5487 603 5547 Filius
634 5491 850 5548 Patre?
899 5493 1032 5549 Non
1055 5494 1167 5550 hoc
1198 5496 1452 5552 dicimus
1490 5514 1503 5553 :
1532 5499 1639 5553 sed
1670 5514 1845 5570 quem

196 5568 431 5634 charitas
472 5578 578 5636 Dei
631 5581 902 5657 honorat,
953 5585 1206 5642 humana
1249 5585 1531 5662 iniquitas
1576 5568 1842 5663 derogat.

1997 2107 2120 2161 138.
2156 2108 2375 2178 Accipe
2408 2110 2555 2174 ettu
2575 2109 2845 2177 spiritum
2875 2109 2997 2177 Dei,
3019 2111 3079 2163 ut
3101 2108 3208 2162 ista
3233 2109 3594 2183 distinguas,

1925 2196 2078 2250 sicut
2111 2196 2323 2266 accipit
2356 2199 2409 2249 et
2439 2196 2795 2266 Stephanus,
2856 2200 2912 2251 et
2961 2197 3125 2251 dicas
3170 2198 3323 2252 sicut
3354 2199 3501 2253 dixit
3540 2204 3598 2256 et

1926 2289 2148 2355 martyr
2188 2300 2200 2339 :
2240 2305 2261 2334 α
2299 2284 2452 2339 Ecce
2496 2284 2667 2339 video
2728 2285 2913 2339 caelos
2963 2290 3198 2356 apertos
3223 2329 3236 2355 ,
3287 2291 3344 2341 et
3384 2287 3597 2344 Filium

1927 2373 2186 2428 hominis
2217 2376 2468 2427 stantem
2507 2372 2579 2426 ad
2610 2377 2895 2428 texteram
2928 2373 3033 2427 Dei
3071 2375 3228 2443 (Act.
3280 2392 3379 2445 vn,
3420 2378 3531 2446 55).
3570 2398 3593 2430 ι

1926 2462 2034 2527 Qui
2070 2463 2255 2518 caelos
2278 2466 2517 2533 apertos
2557 2463 2754 2532 habet,
2796 2462 3003 2517 Jesnm
3043 2464 3114 2518 ad
3154 2464 3456 2520 dexteram
3492 2468 3597 2522 Dei
3658 2500 3673 2505 σ

1929 2552 2145 2621 cernit;
2178 2552 2276 2624 qui
2311 2552 2553 2607 clausos
2585 2552 2792 2607 oculos
2823 2551 2999 2606 habet
3031 2554 3263 2624 mentis,
3298 2554 3502 2610 Jesum
3526 2556 3600 2612 ad

1927 2640 2230 2696 dexteram
2278 2642 2385 2697 Dei
2426 2658 2544 2697 non
2577 2641 2754 2696 videt.
2789 2639 3186 2697 Conﬁteamur
3216 2658 3361 2716 ergo
3392 2645 3600 2701 Jesum

1926 2730 1999 2784 ad
2030 2731 2360 2801 dexteram,
2397 2734 2459 2785 ut
2488 2731 2699 2786 ccelum
2741 2733 2797 2785 et
2844 2730 3017 2786 nobis
3062 2733 3376 2802 aperiatur.
3422 2732 3598 2791 Clau-

1928 2824 2071 2879 dunt
2100 2819 2218 2875 sibi
2250 2821 2484 2889 emtum,
2517 2820 2618 2892 qui
2645 2819 2814 2874 aliter
2842 2819 3211 2876 confitentur.

2007 2907 2318 2973 522139.
2359 2908 2528 2976 Quod
2574 2911 2628 2963 si
2688 2909 2788 2980 qui
2846 2909 3134 2980 objiciunt
3189 2913 3345 2983 quod
3402 2911 3590 2968 Filius

1928 3005 2140 3073 stabat,
2177 3001 2492 3058 ostendant
2545 2999 2657 3053 hoc
2714 2999 2846 3053 loco
2896 3000 3053 3071 quod
3104 3001 3275 3055 Pater
3324 3002 3591 3058 sedebat.

1928 3094 2079 3148 Nam
2113 3094 2249 3147 licet
2290 3089 2505 3144 Filium
2538 3087 2797 3143 hominis
2830 3090 2988 3142 stare
3007 3086 3241 3160 dixerit,
3268 3094 3460 3144 tamen
3491 3091 3604 3146 hco

1930 3184 2063 3238 loco
2082 3198 2192 3238 nec
2229 3180 2464 3234 Patrem
2487 3177 2699 3232 sedere
2732 3180 3232 3233 commemoravit.

2004 3273 2127 3327 1-10.
2184 3270 2257 3325 Ut
2304 3272 2499 3323 autem
2544 3266 2877 3321 evidentius
2929 3272 3398 3339 cognosceretur
3446 3267 3607 3323 nulla

1934 3377 2071 3416 esse
2102 3359 2313 3416 stantis
2347 3356 2583 3428 injuria,
2626 3354 2733 3409 sed
2767 3358 3050 3425 potestas,
3087 3355 3299 3410 Filium
3349 3356 3593 3427 Stepha-

1853 3467 1905 3529 ο
1934 3466 2047 3505 nus
2071 3447 2446 3517 obsecrabat,
2479 3449 2540 3499 ut
2564 3460 2630 3499 se
2652 3443 2903 3514 amplius
2937 3444 3377 3500 commendaret
3415 3445 3592 3516 Patri,

1934 3539 2184 3594 dicens;
2225 3560 2247 3585 α
2310 3535 2555 3590 Domine
2600 3534 2783 3603 Jesu,
2846 3533 3043 3603 recipe
3100 3534 3372 3604 spiritum
3412 3551 3606 3591 meum

1935 3627 2115 3699 (Ibid.
2148 3627 2237 3696 58)
2274 3647 2294 3673 ιο
2333 3623 2404 3678 Et
2432 3626 2494 3678 ut
2524 3622 2789 3677 eamdem
2838 3621 3029 3676 Patris
3073 3626 3128 3677 et
3174 3623 3302 3677 Filii
3334 3628 3598 3694 potesta-

1934 3721 2051 3771 tem
2081 3731 2219 3771 esse
2252 3713 2611 3783 ostenderet,
2645 3711 2916 3783 repetivit
2946 3710 3153 3766 dicens
3204 3728 3216 3767 :
3271 3735 3291 3757 «
3330 3713 3598 3785 Domine,

1938 3821 2011 3861 ne
2035 3808 2260 3860 statuas
2291 3804 2410 3857 illis
2441 3803 2554 3857 hoc
2593 3804 2898 3872 peccatum
2915 3799 3093 3871 (Ibid.
3120 3801 3235 3866 59).
3266 3825 3287 3849 »
3326 3801 3453 3856 Hoc
3495 3802 3609 3858 Do-

1939 3894 2141 3949 minus
2174 3893 2233 3947 in
2275 3892 2559 3964 passione
2608 3890 2846 3961 propria
2889 3891 3059 3962 quasi
3117 3889 3304 3945 Filius
3354 3891 3611 3946 hominis

1940 3984 2097 4038 Patri
2137 3982 2321 4037 dicit:
2365 3981 2478 4036 hoc
2539 3983 2596 4034 et
2652 3978 2989 4049 Stephanus
3034 3977 3220 4033 Filius
3274 3980 3375 4034 Dei
3411 3980 3466 4034 in
3500 3997 3611 4036 suo

1938 4063 2216 4144 martyrio
2241 4072 2610 4142 deprecatur.
2644 4068 2790 4122 Cum
2830 4068 3038 4123 eadem
3063 4069 3310 4139 gratiam
3350 4073 3406 4123 et
3439 4070 3608 4125 Patre

1939 4160 2207 4233 Filioque
2237 4160 2600 4231 depascitur,
2636 4157 2840 4213 eadem
2872 4160 3128 4227 potentia
3150 4158 3501 4213 declaratur.

2010 4249 2132 4305 141.
2191 4250 2307 4304 Aut
2353 4250 2405 4303 si
2453 4248 2660 4303 volunt
2726 4246 3087 4317 Stephanum
3138 4247 3295 4301 Patri
3342 4248 3611 4316 dixisse,

1938 4340 2172 4394 videant
2201 4339 2342 4410 quid
2380 4338 2618 4409 propria
2656 4336 3070 4390 testiﬁcatione
3111 4336 3471 4407 signiﬁcent.
3517 4337 3614 4390 Li-

1941 4431 2033 4484 cet
2061 4444 2173 4483 nos
2205 4428 2318 4482 ista
2348 4444 2466 4483 non
2506 4428 2797 4494 moveant,
2829 4425 3143 4479 advertant
3179 4429 3370 4480 tamen
3392 4427 3493 4496 qui
3521 4431 3614 4482 to-

1942 4521 2064 4573 tum
2101 4517 2160 4572 in
2189 4516 2380 4572 littera
2411 4515 2777 4571 constituunt
2799 4518 2854 4569 et
2884 4514 2943 4567 in
2976 4513 3200 4581 ordine,
3236 4515 3393 4584 quod
3427 4514 3613 4571 Filius

1944 4608 2111 4679 prius
2144 4608 2222 4662 sit
2252 4609 2520 4678 rogatus.
2553 4604 2679 4658 Nos
2727 4606 2920 4657 autem
2953 4605 3008 4656 et
3039 4602 3363 4657 secundum
3409 4620 3617 4659 eorum

1949 4695 2489 4768 interpretationem
2512 4690 3173 4747 ostendimusunitatem
3204 4694 3616 4761 pateram.ma-

1944 4785 2183 4858 jestatis
2208 4787 2264 4840 et
2295 4784 2462 4852 Filii;
2494 4797 2627 4836 nam
2659 4796 2792 4835 cum
2823 4780 2996 4833 Pater
3024 4784 3269 4852 rogatur
3318 4786 3373 4835 et
3405 4781 3614 4853 Filius,

1950 4874 2259 4946 aequalitas
2289 4870 2648 4943 precationis
2682 4869 3042 4939 operationis
3064 4869 3282 4924 indicat
3317 4872 3615 4928 unitatem.

1949 4963 2013 5019 Si
2044 4966 2237 5018 autem
2269 4961 2389 5015 illis
2427 4976 2547 5015 non
2578 4959 2770 5029 placet
2801 4958 2949 5012 Filio
2979 4958 3218 5028 dictum,
3247 4960 3513 5030 Domine,
3534 4963 3621 5016 vi-

1950 5054 2160 5108 demus
2183 5050 2343 5123 quod
2366 5050 2539 5105 etiam
2574 5048 2884 5103 Dominum
2908 5064 3040 5102 eum
3071 5064 3290 5121 negare
3310 5055 3620 5109 conantur.

2022 5138 2144 5196 142.
2183 5140 2298 5195 Sed
2317 5139 2444 5212 jam
2474 5138 2611 5210 quia
2644 5138 2918 5208 martyris
2949 5138 3092 5192 tanti
3123 5154 3337 5194 corona
3371 5157 3621 5211 proces-

1951 5231 2047 5300 sit,
2093 5229 2287 5284 studia
2331 5228 2670 5283 certaminis
2711 5227 3082 5296 relaxemus,
3127 5228 3305 5283 ferias
3355 5229 3626 5286 hodierni

1954 5320 2254 5374 sermonis
2287 5317 2634 5373 habeamus.
2670 5317 3389 5387 Prosequamursanctum
3413 5324 3624 5390 marty-

1954 5424 2079 5464 rem
2110 5407 2408 5477 laudibus,
2433 5407 2589 5461 sicut
2618 5410 2753 5478 post
2781 5422 2994 5478 magna
3007 5406 3253 5461 decebat
3283 5406 3619 5479 certamina,

1954 5497 2304 5553 vulneribus
2360 5496 2598 5569 quidem
2662 5495 2991 5551 adversarii
3050 5499 3453 5565 cruentatum,
3514 5495 3624 5552 sed

1956 5587 2177 5644 Christi
2204 5588 2468 5661 praemiis
2500 5590 2866 5645 coronatum.

205 5708 616 5811 ;_(‘9_3_)‘9mnes
648 5726 786 5785 edit.
812 5743 882 5785 ac
902 5743 1052 5788 mss.
1086 5728 1328 5809 aliquot,
1382 5754 1405 5788 α
1449 5734 1543 5794 dic
1575 5736 1762 5796 Deum
1791 5747 2022 5811 verum,
2067 5735 2132 5792 ut
2160 5730 2602 5809 plenitudinem,
2637 5734 2789 5809 etc.;
2843 5753 2864 5783 υ
2925 5729 3258 5807 elegantuis
3300 5729 3530 5809 reliqui,
3565 5732 3633 5799 ut

198 5783 253 5845 in
278 5783 451 5854 textu.
