3982 6174
435 350 558 414 643

457 493 3477 522 .______.._____________________________________

1879 353 1944 417 S.
1991 353 2433 420 AMBROSII.
2459 361 2464 364 ’

3703 371 3800 440 644

1617 575 2693 716 LIBERiUARTUS.

872 804 1010 870 521
1045 803 1296 860 CAPUT
1329 806 1655 862 PRIMUM.
2127 770 2186 830 Α

437 916 609 994 Haud
646 920 859 974 mirum
901 936 1036 994 esse
1071 922 1222 994 quod
1253 922 1522 978 homines
1558 923 1622 976 in
1647 921 1880 978 Christi
1901 923 2098 994 cogni-

505 991 664 1045 tione
696 993 1064 1066 erraverint,
1081 991 1194 1048 sed
1210 994 1360 1066 quod
1380 994 1712 1066 Scriptura?
1733 1011 1847 1066 non
1877 991 2100 1066 obtem-

498 1063 859 1137 perarerint
933 1062 1096 1117 illum
1137 1062 1356 1137 quoque
1379 1081 1486 1137 nec
1507 1062 1581 1119 ab
1601 1065 1834 1137 angelis
1853 1065 1980 1137 nisi
2004 1081 2100 1120 re-

509 1132 802 1189 velatione
817 1133 1014 1207 fuisse
1035 1132 1348 1207 cognitum,
1373 1136 1528 1190 sicut
1558 1153 1666 1190 nec
1679 1132 1769 1191 ἐι)
1793 1137 1920 1207 ipso
1939 1135 2102 1191 Prae—

501 1220 767 1276 cursore.
801 1205 1087 1276 Ejusdem
1106 1205 1348 1260 Christi
1379 1208 1442 1260 in
1483 1208 1688 1262 coelum
1717 1205 2102 1262 ascendentis

503 1275 835 1366 triumphus
852 1275 1073 1366 ’qualis,‘
1093 1284 1150 1331 et
1164 1279 1800 1366 ‘z:aptunproplz'etarun2‘
1831 1294 2100 1366 quarum-

502 1346 634 1400 dam
657 1346 1298 1421 quanto'przestantior.
1341 1346 1500 1418 Tum,
1534 1346 2100 1421 descripto—angelo-

493 1434 624 1473 rum
645 1417 756 1491 [iac
776 1417 850 1472 de
881 1417 950 1472 re
989 1418 1276 1491 colloquio
1297 1459 1310 1484 ,
1351 1417 1558 1476 contra
1597 1417 1862 1477 Arianos
1900 1417 2101 1476 Filius

498 1488 869 1560 omnipotens
891 1504 1029 1545 esse
1049 1488 1407 1547 ostenditur.

499 1612 550 1670 1.
593 1613 1006 1669 Consideranti
1046 1615 1226 1686 mihi,
1294 1616 1613 1688 imperator
1650 1619 1903 1690 auguste
1927 1658 1942 1687 ,
1983 1633 2100 1689 qua

426 1703 650 1758 ratione
701 1703 790 1758 sic
841 1705 1128 1758 erraverit
1171 1721 1366 1777 genus
1406 1705 1730 1776 hominum,
1770 1709 1835 1762 ut
1865 1705 1936 1761 de
1991 1706 2098 1762 Dei

426 1789 575 1846 Filio
609 1791 894 1863 plerique,
935 1809 1026 1848 vae
1051 1793 1215 1864 mihi,
1249 1794 1487 1849 diversa
1527 1798 1920 1866 sequerentur
1947 1795 2096 1866 (94);

423 1896 795 1952 nequaquam
827 1881 972 1936 satis
1026 1882 1239 1937 mirum
1280 1883 1514 1938 videtur
1559 1884 1693 1955 quia
1733 1885 1950 1940 erravit
1985 1885 2098 1940 hu-

422 1985 592 2024 mana
647 1970 895 2024 scientia
954 1971 1025 2026 de
1065 1972 1366 2043 supernis,
1409 1973 1516 2028 sed
1556 1973 1713 2044 quod
1771 1973 2098 2045 Scripturis

421 2074 538 2113 non
568 2059 772 2113 detulit
811 2059 1232 2115 obedientiam.

492 2147 543 2202 2.
579 2145 726 2212 Quid
759 2149 916 2202 enim
935 2149 1166 2220 mirum,
1200 2151 1252 2204 si
1283 2151 1637 2222 mysterium
1671 2151 1776 2207 Dei
1809 2151 2001 2208 Patris
2041 2155 2097 2209 et

423 2233 654 2291 Domini
685 2235 831 2292 Jesu
862 2236 1080 2293 Christi
1112 2238 1246 2308 (95),
1288 2239 1349 2293 in
1381 2255 1498 2310 quo
1547 2243 1686 2295 sunt
1725 2257 1932 2297 omnes
1960 2243 2092 2298 the-

423 2325 586 2380 sauri
619 2325 924 2396 sapientiai
967 2330 1025 2382 et
1066 2328 1333 2383 scientia:
1371 2329 1706 2385 absconditi
1745 2330 1994 2400 (Coloss.
2027 2349 2088 2404 ιι,

421 2410 499 2484 9),
534 2430 642 2486 per
679 2414 1028 2486 sapientiam
1076 2417 1274 2472 mundi
1310 2433 1428 2472 non
1467 2422 1782 2489 potuerunt
1820 2419 2090 2476 homines

423 2503 948 2575 comprehendere,
983 2506 1141 2576 quod
1171 2521 1282 2561 nec
1327 2507 1526 2580 angeli
1549 2524 1939 2582 cognoscere,
1973 2509 2090 2565 nisi

421 2607 498 2648 ex
519 2592 898 2663 revelatione,
931 2597 1245 2666 potuerunt
1273 2597 1302 2650 ε)

505 2682 652 2746 522
685 2685 738 2740 3.
772 2683 916 2750 Quis
948 2683 1105 2738 enim
1135 2684 1324 2754 potuit
1365 2685 1640 2756 opinione
1690 2687 1883 2760 magis
1913 2703 2091 2760 quam

426 2773 540 2830 ﬁde
575 2777 733 2848 siqui
765 2773 1076 2830 Dominum
1108 2772 1335 2842 Jesum,
1367 2791 1524 2829 nunc
1555 2775 1626 2830 de
1645 2775 1777 2830 αωιί
1809 2775 2090 2831 altissimi

425 2863 656 2920 inferna
711 2865 1134 2936 penetrantem,
1168 2878 1324 2916 nunc
1373 2863 1446 2917 ab
1477 2863 1688 2919 inferis
1727 2864 1800 2919 ad
1829 2865 2094 2920 coelestia

427 2958 843 3027 resurgentem
876 2969 888 3008 2
923 2951 1120 3006 subito
1158 2951 1543 3022 exinanitum,
1589 2955 1651 3007 ut
1697 2952 1988 3008 habitaret
2031 2954 2093 3009 in

425 3043 622 3114 nobis,
656 3059 765 3099 nec
789 3057 1045 3113 unquam
1077 3040 1465 3107 imminutum,
1488 3058 1620 3096 cum
1639 3056 1876 3114 semper
1907 3042 2092 3098 Filius

421 3127 480 3185 in
512 3129 702 3200 Patre,
737 3135 792 3186 et
823 3131 882 3185 in
913 3129 1060 3184 Filio
1093 3131 1266 3184 Pater
1293 3133 1456 3184 esset
1485 3129 1514 3184 ?

491 3203 544 3258 4.
607 3203 906 3258 Dubitavit
948 3202 1007 3256 in
1047 3217 1116 3256 eo
1161 3202 1291 3272 ipse
1342 3201 1751 3272 Praenuntius,
1803 3201 1941 3257 licet
1988 3219 2096 3274 per

425 3287 763 3366 Synagogae
793 3295 994 3363 typum
1023 3290 1158 3360 (96),
1193 3289 1480 3344 dubitavit
1520 3291 1646 3360 ipse
1697 3294 1829 3346 ante
1862 3291 2094 3348 Domini

419 3377 630 3436 faciem
665 3382 1016 3436 destinatus.
1053 3379 1340 3451 Denique,
1394 3379 1601 3434 missis
1632 3379 1966 3452 discipulis,
2000 3380 2093 3434 in-

425 3473 690 3544 terrogat
725 3487 736 3526 :
783 3491 809 3521 ‹‹
850 3470 938 3524 Tu
971 3485 1038 3524 es
1067 3469 1168 3540 qui
1197 3471 1484 3523 venturus
1515 3484 1603 3538 es,
1636 3485 1710 3524 an
1739 3469 1918 3524 alium
1950 3485 2094 3524 exs-

418 3563 724 3629 pectamus
749 3558 988 3629 (Matth.
1023 3575 1104 3627 ιιι,
1145 3557 1258 3628 3)?
1301 3581 1324 3605 »

420 3647 474 3718 5,
508 3648 956 3720 Obstupuerunt
978 3651 1034 3702 et
1063 3645 1261 3718 angeli
1283 3645 1524 3702 cmleste
1541 3647 2094 3720 mysterium.Unde

421 3751 555 3792 cum
585 3740 928 3810 resurgeret
949 3736 1256 3804 Dominus,
1281 3739 1454 3807 atque
1481 3735 1647 3790 illum
1669 3752 1845 3807 quem
1865 3736 2086 3791 dudum

419 3826 749 3882 secundum
795 3841 1031 3880 carnem
1079 3828 1371 3897 angustus
1423 3824 1683 3894 sepulcri
1723 3825 1892 3880 locus
1932 3829 2092 3880 texe-

419 3917 528 3984 rat,
592 3917 1009 3985 resurgentem
1064 3913 1138 3968 ab
1188 3913 1396 3967 inferis
1445 3913 1578 3968 coeli
1637 3913 1751 3967 alta
1791 3913 2091 3968 sustinere

419 4018 538 4058 non
585 4005 870 4074 possent,
921 4002 1225 4057 haeserunt
1272 4001 1446 4056 etiam
1501 4000 1766 4056 cmlestia
1797 4002 2094 4073 opinionis
2148 4036 2156 4042 -

427 4092 654 4147 incerto
677 4091 810 4160 (9'1).

490 4180 544 4235 6.
583 4177 871 4235 Veniebat
902 4179 1056 4235 enim
1089 4179 1262 4234 novis
1301 4178 1493 4234 victor
1522 4178 1829 4234 redimitus
1861 4179 2096 4234 exuviis

420 4268 709 4324 Dominus
744 4267 802 4322 in
833 4268 1052 4340 templo
1086 4272 1296 4323 sancto
1329 4282 1478 4337 suo;
1515 4267 1805 4338 praeibant
1823 4267 2020 4340 angeli
2042 4271 2099 4324 et

422 4356 790 4428 archangeli,
823 4356 1108 4411 mirantes
1141 4356 1396 4428 spolium
1419 4371 1495 4411 ex
1523 4359 1708 4411 morte
1738 4357 2090 4429 quaesitum:

420 4451 478 4502 et
509 4447 784 4520 quamvis
816 4445 1039 4501 scirent
1060 4445 1206 4500 nihil
1239 4445 1360 4500 Deo
1383 4446 1668 4500 accedere
1701 4461 1774 4500 ex
1797 4461 1972 4500 carne
1994 4462 2100 4517 po-

417 4537 630 4606 tuisse,
665 4535 802 4608 quia
847 4535 1000 4590 inl’ra
1049 4534 1240 4590 Deum
1287 4535 1433 4600 523
1474 4534 1668 4590 omnia
1713 4538 1870 4604 sunt,
1903 4537 2100 4590 tamen

417 4628 640 4696 tropaea
681 4623 914 4694 crucis,
963 4622 1140 4696 cujus
1202 4623 1557 4696 principium
1605 4639 1786 4696 super
1817 4624 2099 4680 humeros

2127 3423 2180 3486 C

2217 789 2387 860 quasi
2419 805 2553 846 eum
2573 805 2750 862 quem
2779 790 3099 846 emiserant
3127 791 3262 848 caeli
3283 797 3477 864 portae,
3507 811 3693 868 capere
3717 818 3810 858 non

2215 883 2483 949 possent,
2517 880 2653 934 licet
2691 897 2991 951 nunquam
3030 881 3164 953 ejus
3218 884 3442 953 capiant
3476 886 3812 961 majestateln,

2215 967 2504 1038 mojorem
2527 969 2680 1022 viam
2699 969 3044 1040 quaerebant
3062 969 3316 1042 aliquam
3347 975 3642 1030 revertenti
3668 992 3680 1032 :
3699 979 3816 1034 adeo

2215 1057 2361 1111 nihil
2393 1057 2730 1112 exinanitus
2761 1058 3040 1113 amiserat
3072 1057 3086 1114 l

2284 1145 2337 1200 '7.
2372 1145 2584 1201 Debuit
2614 1149 2807 1201 tamen
2839 1163 2993 1203 novo
3014 1148 3223 1203 victori
3245 1165 3458 1205 novum
3475 1150 3618 1206 inter
3643 1156 3820 1224 parari,

2214 1250 2452 1306 semper
2481 1235 2636 1290 enim
2675 1236 2866 1290 victor
2907 1240 3184 1308 tanquam
3233 1238 3422 1310 major
3449 1244 3504 1294 et
3527 1242 3825 1312 prtecelsior

2213 1326 2306 1379 est
2338 1339 2351 1380 :
2390 1325 2497 1380 sed
2526 1325 2661 1396 quia
2694 1328 2933 1380 reternaa
2965 1325 3369 1398 suntjustitiaa
3398 1331 3830 1400 portte,eaedem-

2213 1428 2328 1484 que
2369 1413 2521 1468 Novi
2552 1417 2610 1469 et
2647 1413 2879 1470 Veteris
2902 1415 3282 1486 Testamenti,
3302 1417 3516 1490 quibus
3537 1417 3830 1489 (98)caalum

2212 1503 2492 1573 aperitur,
2518 1509 2638 1558 non
2655 1507 2954 1559 mutantur
2981 1504 3203 1576 utique,
3237 1505 3342 1560 sed
3377 1505 3700 1578 elevantur;
3726 1510 3836 1580 quia

2213 1607 2332 1646 non
2363 1606 2520 1646 unus
2550 1591 2748 1662 homo,
2795 1593 2904 1648 sed
2933 1595 3093 1649 totus
3133 1594 3194 1648 in
3223 1595 3483 1651 omnium
3513 1597 3836 1668 redemptore

2212 1680 2471 1735 mundus
2511 1681 2786 1737 intrabat.

2283 1769 2336 1824 8.
2405 1770 2752 1825 Translatus
2792 1773 2918 1826 erat
2966 1771 3170 1828 Enoch
3219 1772 3397 1843 (Gen.
3441 1790 3498 1843 v,
3537 1774 3646 1844 9.4),
3673 1777 3845 1845 raptus

2215 1858 2377 1914 Elius
2409 1855 2535 1929 (IV.
2558 1859 2706 1931 Reg.
2731 1876 2791 1929 ιι,
2835 1859 2924 1930 11)
2955 1875 2969 1915 :
3013 1861 3119 1916 sed
3149 1877 3268 1918 non
3299 1877 3516 1918 servus
3546 1879 3715 1934 supra
3749 1863 3847 1917 Do-

2217 1949 2458 2003 minum.
2498 1969 2518 1996 α
2557 1947 2772 2003 Nullus
2802 1949 2958 2004 enim
2989 1951 3258 2006 ascendit
3290 1951 3350 2006 in
3376 1951 3609 2022 emtum,
3641 1952 3748 2006 nisi
3770 1951 3851 2022 qui

2218 2037 2527 2093 descendit
2563 2037 2636 2092 de
2669 2037 2820 2092 coelo
2850 2039 3039 2108 (Joan.
3082 2057 3166 2110 ιιι,
3191 2038 3303 2109 13).
3347 2041 3498 2095 Nam
3529 2045 3584 2096 et
3615 2041 3851 2112 Moysen,

2130 2105 2182 2168 Β
2215 2127 2354 2182 licet
2385 2142 2603 2196 corpus
2634 2125 2769 2198 ejus
2808 2142 2928 2182 non
2975 2129 3318 2200 apparuerit
3374 2130 3437 2183 in
3486 2129 3680 2199 terris,
3734 2145 3857 2184 nus-

2215 2231 2390 2288 quam
2412 2218 2606 2270 tamen
2645 2215 2705 2270 in
2753 2215 2944 2287 gloria
3001 2217 3231 2272 cmlesti
3270 2217 3557 2291 legimus,
3597 2218 3708 2273 nisi
3737 2234 3856 2288 pos-

2213 2309 2485 2376 teaquam
2517 2304 2804 2360 Dominus
2834 2306 3298 2362 resurrectionis
3332 2323 3466 2364 sum
3493 2309 3738 2380 pignore
3765 2308 3865 2361 vino

2215 2395 2346 2450 cula
2405 2393 2582 2448 solvit
2636 2393 2887 2464 inferni,
2937 2397 2995 2449 et
3041 2395 3274 2467 piorum
3335 2396 3568 2451 animas
3621 2395 3861 2451 elevavit.

2213 2483 2564 2539 Translatus
2611 2498 2758 2554 ergo
2799 2483 3025 2553 Enoch,
3081 2489 3288 2555 raptus
3331 2485 3540 2553 Elius;
3596 2485 3762 2540 ambo
3795 2485 3870 2539 fa-

2214 2572 2378 2642 muli,
2409 2572 2584 2627 ambo
2615 2588 2749 2626 cum
2780 2587 3031 2644 corpore
3061 2588 3078 2628 :
3121 2573 3226 2628 sed
3261 2589 3384 2630 non
3418 2577 3557 2646 post
3587 2589 3869 2630 resurrec-

2213 2662 2452 2731 tionem,
2494 2677 2614 2716 non
2646 2677 2778 2716 cum
2809 2661 3104 2716 manubiis
3129 2664 3342 2718 mortis
3361 2663 3505 2736 (99),
3529 2667 3588 2719 et
3607 2662 3875 2735 triumpho

2213 2751 2410 2806 crucis
2441 2750 2712 2804 viderant
2741 2749 2878 2805 illos
2901 2751 3118 2823 angeli.

2281 2838 2335 2894 9.
2370 2839 2442 2893 Et
2471 2839 2624 2908 ideo,
2659 2838 2975 2894 Dominum
3007 2840 3268 2896 omnium
3311 2841 3582 2913 primum
3601 2857 3670 2896 ac
3707 2839 3880 2896 solum

2211 2928 2284 2984 de
2328 2931 2515 2984 morte
2580 2927 3037 2998 triumphantem
3095 2930 3304 2985 venire
3361 2934 3723 2997 cernentes,
3775 2928 3882 2983 tolli

2209 3020 2414 3089 portas
2445 3016 2814 3088 principibus
2861 3017 3261 3089 imperabant,
3325 3034 3472 3074 cum
3519 3017 3885 3074 admiratione

2213 3107 2481 3162 dicentes
2517 3122 2529 3161 :
2566 3125 2594 3155 «
2635 3105 2844 3160 Tollite
2882 3109 3105 3176 portas,
3147 3108 3506 3179 principes,
3569 3108 3791 3176 vestri;
3843 3110 3892 3160 et

2220 3194 2552 3265 elevamini,
2592 3197 2779 3264 portae
2801 3195 3114 3250 aeternales
3157 3211 3171 3252 :
3214 3200 3274 3252 et
3313 3197 3602 3253 introibit
3633 3213 3740 3252 rex
3771 3195 3886 3268 glo-

2210 3285 2316 3340 riae
2355 3284 2544 3351 (Psal.
2587 3300 2754 3353 xxm,
2795 3283 2872 3354 '7).
2905 3308 2926 3333 η

2283 3374 2370 3428 10.
2406 3373 2587 3428 Erant
2615 3376 2810 3426 tamen
2841 3373 3034 3428 adhuc
3056 3377 3113 3429 et
3143 3375 3201 3429 in
3234 3375 3612 3431 caelestibus
3653 3375 3752 3448 qui
3781 3377 3893 3428 stu-

2211 3465 2437 3534 perent,
2470 3462 2571 3534 qui
2611 3461 3044 3518 admirarentur
3070 3479 3286 3518 novam
3338 3481 3659 3536 pompam,
3704 3478 3899 3520 novam

2211 3552 2463 3624 gloriam
2498 3567 2512 3620 ;
2545 3555 2602 3606 et
2640 3551 2772 3606 ideo
2802 3551 3184 3623 requirebant
3213 3567 3226 3607 :
3276 3575 3298 3602 ι
3344 3553 3508 3618 Quis
3541 3558 3638 3610 est
3669 3554 3779 3608 iste
3807 3566 3900 3606 rex

2210 3642 2421 3715 gloriae
2453 3640 2628 3710 (Ibid.
2662 3640 2717 3710 8)
2747 3641 2776 3695 ?
2820 3663 2842 3688 »ι
2885 3640 3000 3696 Sed
3033 3641 3170 3712 quia
3224 3645 3285 3697 et
3335 3643 3556 3716 angeli
3588 3656 3905 3715 processus

2211 3730 2431 3785 habent
2461 3729 2748 3798 scientiae,
2790 3732 2848 3784 et
2887 3731 3268 3801 capacitatem
3312 3732 3672 3802 profectus,
3706 3731 3906 3786 habent

2211 3820 2412 3891 utique
2435 3819 2857 3874 discretionem
2887 3819 3123 3874 virtutis
3155 3823 3340 3892 atque
3384 3822 3743 3893 prudentia
3776 3837 3790 3876 ι
3818 3824 3942 3875 80-)

2208 3907 2304 3963 lus
2343 3908 2502 3963 enim
2533 3907 2662 3962 sine
2694 3923 2985 3979 processu
3009 3908 3208 3980 Deus;
3251 3911 3406 3981 quia
3440 3911 3507 3966 in
3561 3911 3730 3968 omni
3793 3924 3947 3980 per-.

2210 3997 2467 4052 fectione
2498 4013 2739 4067 semper
2771 4001 3032 4052 aeternus
3055 4001 3166 4052 est.

2283 4085 2368 4142 11.
2404 4086 2689 4141 Dicebant
2725 4086 2845 4156 alii,
2872 4086 2950 4140 illi
2985 4087 3187 4160 utique
3219 4089 3328 4159 qui
3351 4089 3699 4146 adfuerant
3729 4103 3918 4145 resur-

2211 4177 2394 4250 genti,
2436 4175 2519 4230 illi
2543 4175 2644 4248 qui
2673 4175 2941 4231 viderant
2973 4175 3203 4248 veljam
3236 4183 3687 4250 cognoverant
3721 4195 3736 4234 :
3766 4201 3788 4225 ιι
3822 4177 3922 4231 Do-

2210 4266 2407 4320 minus
2440 4264 2610 4320 fortis
2641 4268 2698 4319 et
2740 4267 2972 4336 potens,
3007 4264 3297 4322 Dominus
3334 4273 3578 4339 potens
3631 4270 3694 4324 in
3725 4266 3921 4340 praelia

2211 4354 2438 4426 (Ibid.).
2476 4379 2497 4400 η

2284 4441 2370 4498 12.
2405 4443 2622 4498 Iterum
2652 4442 2959 4499 multitudo
2985 4443 3350 4516 angelorum
3405 4447 3781 4520 triumphali
3825 4462 3926 4518 ag-

2211 4531 2368 4588 mine
2412 4529 2860 4603 praecinebant:
2908 4555 2929 4579 «
2983 4533 3192 4588 Tollite
3241 4538 3473 4606 portas
3502 4579 3520 4607 ,
3582 4537 3925 4608 principes,

2213 4621 2437 4691 vestri;
2477 4623 2534 4676 et
2561 4618 2895 4693 elevamini,
2927 4625 3113 4694 portae
3145 4625 3494 4681 teternales
3534 4644 3548 4682 :
3587 4630 3650 4683 et
3673 4623 3933 4682 introibit

420 4712 580 4785 ejus,
621 4716 678 4768 et
707 4713 1153 4784 triumphatoris
1184 4714 1390 4769 interni
1421 4713 1731 4768 manubias
1775 4713 2092 4769 intuentes;
2128 4745 2182 4807 Β
2211 4728 2319 4768 rex
2358 4709 2566 4784 gloria:
2605 4707 2782 4781 (Ibid.
2815 4709 2892 4780 9).
2929 4733 2950 4759 »

493 4855 608 4925 (94)
640 4855 738 4910 Sic
760 4871 908 4910 mss.
950 4856 1154 4926 plures
1185 4872 1253 4910 ac
1287 4857 1548 4926 potiores
1593 4873 1604 4910 :
1641 4855 1740 4910 alii
1770 4858 1963 4910 autem
2023 4871 2093 4910 ac

423 4927 1218 4998 edit.,_«7genusihominum
1249 4929 1387 4995 (vet.
1429 4928 1590 4997 edit.,
1631 4928 1962 4994 humanum)
2019 4927 2092 4982 de

423 4997 527 5052 Dei
567 4996 742 5065 Filio,
766 5001 828 5051 ut
852 4997 1116 5070 plerique
1139 4998 1376 5053 diversa
1407 5000 1546 5069 (vet.
1579 4996 1744 5069 edit.,
1783 5015 1868 5053 vae
1897 4999 2094 5054 diver-

418 5071 506 5138 sa)
539 5073 950 5139 sequerentur.
980 5089 1006 5118 »
2039 5111 2044 5116 .

490 5140 603 5208 (95)
630 5139 764 5192 «Dei
803 5139 992 5212 Patris
1042 5143 1098 5193 et
1131 5139 1382 5211 Domini,
1424 5164 1446 5187 ιο
1481 5141 1542 5196 in
1588 5155 1736 5196 mss.
1787 5139 2090 5212 plerisque

423 5212 707 5267 omittitur
720 5209 950 5279 copula.

489 5282 604 5352 (96)
639 5303 664 5330 ‹‹
700 5281 813 5353 Per
833 5280 1170 5352 Synagogte
1195 5285 1414 5353 typum,
1443 5302 1465 5331 ι
1494 5282 1550 5336 id
1582 5286 1693 5351 est,
1719 5282 1778 5336 in
1808 5284 2090 5353 quantum

420 5351 758 5425 synagoga:
780 5352 968 5423 ﬁgura
992 5351 1134 5419 erat,
1159 5351 1414 5423 ejusque
1428 5370 1743 5423 personam
1767 5351 2094 5424 repraesen-

415 5427 577 5481 tabat
611 5440 622 5480 :
659 5425 714 5478 in
742 5428 1023 5494 quantum
1045 5429 1239 5478 autem
1263 5425 1482 5479 Christi
1502 5441 1858 5494 praecursor,
1881 5441 1997 5478 non
2021 5440 2089 5479 ea

417 5497 609 5580 debat.
633 5495 707 5580 in.
726 5494 898 5576 talem
926 5495 1689 5580 prophetam“tantierroris
1713 5497 2090 5580 suspicio,nut

417 5567 546 5640 ipse
580 5567 936 5650 Ambrosius
971 5567 1218 5650 tradidit
1236 5567 1338 5622 lib.
1382 5569 1505 5649 v'in
1539 5568 1778 5650 Lucam,
1812 5583 1971 5622 num.
1995 5567 2084 5636 93,

419 5639 518 5696 ubi
551 5637 907 5711 fusiusihtec
938 5638 1582 5711 proseqmturLVideri
1623 5641 2088 5711 etiampossunt

413 5715 632 5796 praeter
659 5711 727 5769 D.
763 5710 1045 5768 Thomam
1078 5709 1199 5786 2-9,
1243 5727 1302 5790 q.
1354 5709 1408 5784 2,
1441 5715 1549 5768 art.
1597 5711 1651 5783 7,
1684 5711 1757 5768 ad
1797 5709 1870 5786 2',
1929 5710 2086 5770 sacri

2211 4854 2564 4925 interpretes
2595 4853 2655 4907 in
2677 4870 2738 4908 ιιι
2768 4853 3024 4910 Matthmi
3065 4857 3124 4910 et
3161 4871 3240 4908 vn
3291 4855 3526 4913 Lucae.
3575 4857 3756 4923 Quod
3799 4865 3934 4910 vero

2211 4926 2284 4980 ad
2311 4925 2660 4998 angelorum
2689 4925 3111 4998 dubitationem
3145 4925 3269 4998 jam
3303 4943 3340 4981 ει
3389 4929 3594 4984 nobis
3639 4930 3934 4998 observa-

2209 5001 2332 5071 tum
2363 4996 2456 5052 eSt
2503 4996 2576 5050 ad
2604 4996 2706 5050 lib.
2743 4996 2831 5050 De
2879 4997 3075 5071 instit,
3107 4996 3260 5071 virg.
3318 5015 3472 5070 cap.
3521 5002 3592 5071 5,
3631 5017 3804 5056 num.
3853 4997 3938 5071 39,

2211 5068 2511 5122 doctorem
2547 5071 2810 5140 nostrum
2837 5067 3100 5122 eamdem
3127 5067 3275 5122 hanc
3300 5067 3690 5140 opinionem
3712 5069 3936 5140 smpius

2210 5143 2477 5210 repetere
2513 5154 2525 5193 :
2561 5139 2667 5192 sed
2707 5154 2835 5193 eam
2887 5154 3180 5210 nusquam
3238 5139 3604 5210 pertractat
3663 5142 3936 5209 uberius,

2210 5209 2382 5282 quam
2417 5209 2529 5282 hoc
2563 5211 2693 5280 ipso
2723 5209 2876 5264 loco.

2280 5281 2388 5349 (97.
2426 5281 2572 5336 Mss.
2607 5281 2868 5354 aliquot,
2923 5280 3187 5354 melioris
3239 5286 3416 5339 nota:
3446 5326 3463 5354 ,

2209 5353 2576 5408 sustinere...
2601 5352 2896 5422 opinionis
2930 5353 3172 5408 incerta.
3211 5378 3231 5401 »ι

2279 5424 2392 5496 (98)
2423 5423 2816 5496 Thuanrcod.
2849 5440 3084 5496 unus”
3121 5423 3416 5496 idemque
3458 5428 3636 5484 Novi
3681 5431 3744 5484 et
3765 5425 3940 5482 Vete-

2206 5493 2296 5550 ris
2316 5493 2673 5549 Testamenti
2697 5495 2913 5563 aditus,
2947 5495 3186 5566 quibus,
3223 5519 3244 5542 η
3280 5493 3414 5552 etc.

2279 5567 2393 5635 (99)
2424 5565 2555 5620 Non
2573 5567 2752 5641 pauci
2780 5565 3004 5641 mssa}:
3039 5571 3175 5641 post
3207 5571 3774 5641 resurrectionem
3821 5569 3942 5641 jam

2205 5653 2338 5716 cum
2395 5636 2710 5716 manubiis.
2758 5637 2978 5716 LNoAn
3037 5636 3115 5693 ita
3171 5638 3381 5716 male;
3441 5636 3944 5716 i‘ubintelligitur

2204 5709 2381 5784 enim,
2415 5711 2477 5765 ut
2514 5711 2721 5786 postea
2752 5707 3027 5774 Christus
3054 5709 3351 5771 ascendit.

3529 5308 3554 5332 ιι
3595 5286 3744 5340 οωΙὶ
3783 5286 3938 5338 astra
