3982 6174
102 357 201 420 645

1383 348 1496 410 DE
1538 347 1733 411 FIDE
1777 347 1928 411 LIB.
1976 348 2083 410 IV.

3325 339 3446 411 646

159 555 220 610 t3.
247 554 443 608 Rursus
469 548 560 603 alii
612 550 926 621 stupentes
974 548 1280 604 dicebant:
1335 570 1355 597 α
1391 547 1536 612 Quis
1584 552 1677 603 est
1699 533 1748 595 Α
1782 549 1938 604 enim
1972 549 2156 604 caelos
2181 549 2286 604 Dei
2305 549 2562 604 Verbum
2581 551 2864 620 penetrat,
2886 550 2957 604 de
2988 550 3206 621 quibus
3229 549 3449 605 dictum

99 648 183 699 iste
209 659 289 696 rex
321 641 505 712 gloriae
539 637 717 705 (Ibid.
762 637 852 706 10)
873 640 900 692 ‘?
940 637 1209 692 Vidimus
1257 653 1391 692 eum
1420 653 1536 692 non
1569 637 1674 691 ha-

93 735 271 788 bentem
297 730 530 800 speciem
573 743 766 798 neque
805 727 1080 781 decorem
1119 727 1258 796 (Isa.
1285 744 1402 796 LIII,
1427 727 1521 795 2):
1562 747 1584 775 »
1619 726 1673 780 si

93 836 198 892 ergo
222 820 329 888 ipse
353 833 458 871 non
487 819 596 886 est,
635 839 656 863 α
696 815 840 880 Quis
873 820 964 870 est
995 816 1106 869 iste
1139 830 1246 870 rex
1277 815 1530 886 gloriae?

144 907 206 962 11.
237 905 618 977 Respondetur
662 922 694 958 a
744 905 1110 959 scientibus:
1163 905 1450 958 Dominus
1483 904 1670 958 virtu-

89 1005 191 1065 tum,
221 998 327 1066 ipse
369 999 450 1049 est
480 1010 582 1048 rex
618 994 827 1066 gloriae
858 993 1048 1062 (Psal.
1083 1010 1250 1061 χχιιι,
1288 993 1396 1062 10).
1431 1014 1458 1042 ››
1512 993 1671 1064 Ergo

89 1087 307 1140 Dominus
323 1085 586 1138 virtutum
609 1084 738 1153 ipse
781 1085 872 1137 est
906 1082 1111 1137 Filius.
1153 1082 1222 1136 Et
1251 1081 1548 1154 quomodo
1586 1082 1673 1136 in-

87 1176 260 1229 tinuum
287 1173 466 1228 Ariani
512 1172 732 1240 dicunt,
787 1187 961 1242 quem
1012 1172 1323 1226 Dominum
1371 1172 1670 1239 virtutum,

87 1265 197 1317 sicut
215 1269 260 1318 et
277 1264 500 1330 Patrem,
523 1260 823 1315 credimus
844 1263 872 1314 ?
903 1259 1207 1325 Quomodo
1232 1260 1428 1314 Ariani
1452 1261 1670 1314 discre-

85 1354 247 1406 tionem
281 1350 478 1405 faciunt
509 1350 842 1420 potestatis,
884 1365 1018 1403 cum
1067 1350 1379 1404 Dominum
1409 1349 1667 1404 Sabaoth

86 1441 279 1508 Patrem,
301 1440 592 1494 Dominum
605 1438 863 1493 Sabaoth
885 1437 1433 1510 Filiumlegerimus
1456 1440 1483 1492 ‘3
1517 1428 1666 1493 524

83 1529 197 1582 Nam
223 1531 270 1584 et
293 1527 370 1582 hic
410 1528 495 1582 sic
530 1529 791 1598 positum
836 1527 1103 1598 plerique
1151 1527 1390 1582 codices
1429 1526 1668 1596 habent,

81 1618 199 1688 quod
219 1642 236 1665 ε
254 1617 510 1672 Dominus
530 1616 791 1672 Sabaoth
810 1617 937 1687 ipse
962 1616 1039 1670 sit
1068 1631 1171 1670 rex
1191 1616 1398 1687 gloriae
1421 1615 1622 1684 (Ibid.)
1645 1637 1666 1663 ι

81 1706 276 1762 Sabaoth
304 1711 480 1761 autem
513 1707 871 1776 interpretes
903 1705 1118 1760 alicubi
1153 1705 1460 1760 Dominum
1492 1705 1674 1758 virtu.

81 1801 182 1865 tum,
209 1796 397 1851 alicubi
425 1811 654 1867 regem,
701 1793 920 1850 alicubi
969 1795 1428 1864 omnipotentem
1486 1794 1673 1848 inter-

80 1886 232 1956 pretati
259 1888 382 1939 sunt
409 1885 503 1955 (1).
545 1885 702 1956 Ergo
732 1883 1010 1955 quoniam
1042 1883 1143 1955 qui
1172 1883 1441 1938 ascendit
1491 1882 1670 1937 Filius

81 1975 279 2046 est:qui
320 1975 585 2028 ascendit
627 1978 842 2041 autem,
891 1973 1176 2028 Dominus
1225 1976 1317 2028 est
1371 1971 1666 2027 Sabaoth:

82 2064 376 2134 omnipotens
409 2065 611 2135 utique
645 2063 750 2117 Dei
781 2062 968 2116 Filius
999 2065 1110 2117 est.

662 2168 916 2224 CAPUT
947 2169 1014 2222 II.

79 2259 122 2312 In
146 2259 314 2314 caelum
340 2275 467 2314 szne
519 2257 640 2314 {ide
691 2273 1074 2312 escensurum
1128 2257 1440 2325 neminem,
1499 2253 1596 2309 vel
1619 2254 1676 2309 si

125 2333 224 2402 quis
248 2332 601 2399 ascenderit,
638 2329 1032 2402 ejiciendum.-
1066 2328 1228 2402 illam
1249 2329 1448 2402 itaque
1470 2325 1676 2402 sedulo

123 2397 427 2456 conservari
449 2397 701 2456 debere.
736 2401 896 2455 Esse
927 2401 1104 2454 etiam
1153 2401 1214 2454 in
1261 2397 1433 2454 nobis
1473 2397 1672 2465 caelos,

125 2489 318 2544 quorum
340 2479 533 2545 portae
563 2472 922 2545 aperiendte,
958 2487 1024 2545 ac
1051 2487 1162 2542 per
1197 2471 1429 2545 Christi
1454 2469 1677 2545 divini-

124 2540 234 2598 tatis
259 2540 727 2598 confessionnem
758 2540 1064 2597 elevanda}
1081 2548 1236 2596 sunt.
1262 2541 1386 2595 Has
1407 2540 1480 2594 ab
1502 2540 1676 2593 Aria-

124 2616 195 2693 nis
221 2631 318 2669 non
349 2617 601 2679 elevari,
641 2631 747 2694 nec
777 2614 850 2694 ab
883 2615 962 2668 iis
993 2615 1091 2694 qui
1117 2614 1433 2694 requirunt
1457 2610 1670 2694 ilium

120 2689 249 2740 inter
273 2694 510 2742 terrena
534 2707 554 2749 ;
582 2686 953 2757 proindeque
983 2682 1122 2739 illos
1161 2682 1286 2738 cum
1317 2682 1674 2757 Magdalena

120 2759 464 2813 remittendos
495 2752 927 2828 aid-apostolos,
973 2757 1035 2809 in
1086 2752 1440 2828 quosiportaé
1485 2752 1675 2808 inferi

123 2845 205 2910 non
244 2831 660 2910 prere/ebant.
726 2827 1043 2910 Colligitur
1074 2827 1152 2910 ex
1199 2827 1382 2880 dictis
1414 2841 1446 2880 e
1494 2839 1676 2880 servo

121 2897 311 2954 Domini
340 2901 629 2972 dignitati
659 2915 770 2953 non
805 2897 1224 2968 derogandum.

123 2988 185 3042 lt.
221 2990 354 3054 Quid
404 2991 595 3061 igitur
629 2988 917 3059 agemus?
946 2986 1250 3050 Quomodo
1279 2984 1674 3040 ascendemus

72 3077 117 3130 ad
137 3079 311 3133 caelum
334 3081 361 3134 ξ)
389 3079 546 3134 Sunt
565 3077 683 3131 illic
706 3076 1011 3146 dispositaa
1049 3078 1392 3145 potestates,
1424 3073 1674 3128 ordinati

73 3169 324 3238 principes,
357 3168 457 3238 qui
491 3167 631 3221 coeli
658 3165 874 3237 januas
907 3167 1165 3231 servant,
1209 3165 1307 3234 qui
1341 3163 1674 3218 ascenden-

73 3261 149 3309 tem
173 3257 553 3333 interrogant:
597 3256 731 3327 quis
786 3271 878 3308 me
909 3253 1187 3321 admittet,
1237 3253 1354 3306 nisi
1407 3253 1677 3321 omnipo-

73 3351 229 3399 tentem
265 3347 606 3401 annuntiem
647 3344 944 3398 Christum
969 3343 996 3396 ξ)
1033 3343 1266 3396 Clausae
1299 3345 1437 3396 sunt
1467 3344 1673 3411 portae,

77 3448 153 3487 non
185 3437 494 3508 cuicunque
551 3433 925 3505 aperiuntur:
976 3446 1093 3485 non
1141 3431 1478 3502 quicunque
1529 3429 1672 3498 vult,

75 3522 149 3573 nisi
173 3525 258 3593 qui
299 3524 561 3579 fideliter
620 3521 826 3590 credit,
886 3520 1272 3591 ingredietur.
1330 3518 1678 3573 Custoditur

76 3612 161 3662 aula
185 3612 510 3683 imperialis.

121 3699 180 3754 15.
197 3701 297 3757 Sed
332 3707 482 3768 esto,
528 3701 816 3773 indignus
857 3699 1217 3769 obrepserit,
1247 3697 1481 3751 latuerit
1510 3697 1674 3766 prin-

77 3789 190 3856 cipes
238 3796 533 3862 portarum
596 3789 946 3859 caelestium,
1001 3787 1369 3842 discubuerit
1409 3786 1468 3839 in
1513 3801 1680 3839 ecena

75 3875 272 3936 Domini:
305 3882 631 3953 ingressus
665 3878 951 3933 Dominus
993 3875 1270 3944 convivii,
1323 3875 1530 3928 videns
1564 3890 1681 3928 non

76 3965 276 4023 indutum
299 3970 563 4040 nuptiale
597 3967 732 4022 fidei
759 3967 1196 4030 vestimentum,
1232 3963 1504 4034 projiciet
1548 3979 1681 4017 eum

74 4054 108 4106 in
124 4059 357 4114 tenebras
379 4058 750 4126 exteriores,
770 4055 870 4110 ubi
905 4057 984 4109 sit
1014 4056 1187 4109 fletus
1211 4057 1267 4108 et
1282 4053 1504 4107 stridor
1533 4051 1679 4106 den-

75 4149 249 4214 t:um,si
276 4149 444 4203 tldem
477 4161 808 4219 pacemque
859 4160 975 4199 non
1018 4145 1219 4198 servet
1263 4142 1500 4213 (Matth.
1533 4157 1680 4211 χχιι,

78 4229 230 4290 11-131.

121 4322 182 4376 l6.
209 4326 519 4381 Servemus
580 4325 762 4397 igitur
818 4321 1076 4394 nuptiale
1127 4319 1281 4392 quod
1342 4320 1681 4391 accepimus

78 4414 444 4485 vestimentum,
508 4429 624 4470 nec
689 4413 927 4467 Christo
999 4412 1234 4481 propria
1293 4409 1680 4481 denegemus,

73 4514 197 4566 quem
234 4508 697 4575 omnipotentem
741 4501 1088 4556 annuntiant
1135 4498 1334 4571 angeli
1381 4498 1684 4568 propheta)

1785 643 1909 693 est:
1949 660 1970 687 ι
2011 639 2311 692 Habemus
2345 639 2499 693 enim
2532 639 2901 693 sacerdotem
2932 655 3230 709 magnum,
3281 640 3445 709 prin-

1784 729 1971 798 cipem
1999 729 2394 797 sacerdotum,
2413 728 3103 798 quipertransivitcmlos
3129 729 3208 798 (‘2)
3239 729 3446 783 Jesum

1783 817 1998 870 Filium
2018 817 2121 871 Dei
2145 817 2354 885 (Hebr.
2377 834 2457 884 ιν,
2482 817 2588 884 14).
2629 841 2650 863 ιι
2683 817 2790 880 Qui
2837 821 2974 870 sunt
3005 817 3102 870 isti
3147 817 3298 886 coeli,
3329 817 3446 870 nisi

1783 909 1839 960 et
1870 905 1926 958 hi
1961 906 2032 960 de
2091 906 2309 976 quibus
2370 906 2486 959 dici
2545 905 2873 975 PrOpheta:
2941 928 2962 954 (ι
2994 904 3138 960 Θωιὶ
3171 909 3444 960 enarrant

1782 994 2030 1066 gloriam
2056 995 2160 1048 Dei
2189 994 2376 1065 (Psal.
2411 1010 2573 1062 xvm,
2608 995 2664 1064 2)
2685 995 2713 1048 ?
2747 1014 2769 1042 ι

1856 1082 1941 1137 18.
1993 1084 2116 1138 Stat
2163 1083 2317 1138 enim
2365 1083 2641 1137 Christus
2686 1083 2756 1137 ad
2788 1081 3027 1153 januam
3059 1083 3272 1137 mentis
3303 1084 3441 1151 tuae,

1779 1173 1914 1226 audi
1947 1189 2079 1227 eum
2136 1173 2459 1226 dicentem:
2524 1193 2546 1222 «
2604 1173 2754 1226 Ecce
2815 1176 2908 1226 sto
2939 1173 3011 1225 ad
3065 1171 3326 1241 januam,
3391 1174 3448 1225 et

1779 1261 1952 1331 pulso
1985 1261 2101 1329 (3);
2136 1262 2188 1316 si
2219 1263 2354 1332 quis
2388 1261 2529 1315 mihi
2579 1263 2892 1331 aperuerit,
2927 1261 3230 1332 ingrediar
3275 1260 3347 1314 ad
3379 1261 3445 1314 il-

1778 1351 1937 1420 tum;
1971 1354 2027 1404 et
2057 1351 2303 1405 cmnabo
2335 1367 2468 1405 cum
2500 1367 2590 1421 eo,
2626 1355 2681 1405 et
2711 1352 2838 1421 ipse
2871 1367 3098 1404 mecum
3122 1351 3325 1421 (Apoc.
3358 1367 3440 1417 ιιι,

1781 1440 1891 1508 20).
1931 1462 1951 1488 υ
1988 1439 2058 1493 Ει
2089 1439 2358 1498 Ecclesia
2406 1441 2477 1494 de
2509 1455 2578 1494 eo
2625 1440 2801 1494 dicit:
2842 1463 2862 1489 tl
2923 1440 3052 1494 \‘ox
3096 1439 3294 1493 fratris
3329 1438 3445 1492 mei

1785 1529 1982 1600 pulsat
2011 1529 2082 1582 ad
2113 1528 2357 1600 januam
2389 1530 2583 1598 (Cant.
2615 1546 2672 1596 v,
2706 1529 2781 1599 2).
2823 1551 2842 1576 η

1855 1617 1942 1688 19,
1969 1617 2092 1672 Stat
2122 1634 2288 1690 ergo,
2326 1622 2381 1672 et
2420 1634 2532 1672 noc
2585 1618 2752 1672 solus
2785 1621 2916 1686 stat,
2952 1617 3056 1671 sed
3106 1615 3450 1687 praecedunt

1783 1724 1914 1762 eum
1937 1707 2153 1778 angeli,
2179 1707 2534 1777 quidicunt:
2575 1728 2596 1756 cr
2623 1707 2830 1761 Tollite
2864 1711 3084 1776 portas,
3123 1706 3444 1776 principes,

1781 1797 1964 1852 vestri
1998 1796 2184 1866 (l’sal.
2207 1813 2371 1865 χχιιι,
2395 1795 2645 1865 '7).Quas
2670 1800 2870 1866 portas
2898 1794 2909 1849 1
2965 1796 3099 1849 lllas
3143 1796 3340 1867 utique
3373 1796 3446 1854 de

1706 1911 1751 1970 Β
1784 1885 2000 1957 quibus
2041 1889 2097 1938 et
2134 1885 2271 1938 alibi
2311 1885 2488 1940 dicit:
2528 1909 2546 1932 ιι
2585 1885 2820 1955 Aperite
2853 1885 2993 1938 mihi
3036 1887 3234 1954 portas
3272 1885 3450 1956 justi-

1784 1977 1880 2029 tiee
1931 1974 2118 2042 (Psal.
2158 1991 2335 2041 cxvn,
2376 1974 2483 2040 19).
2523 1997 2543 2020 η
2598 1974 2772 2044 Aperi
2808 1989 2951 2045 ergo
2981 1973 3216 2028 Christo
3248 1980 3449 2045 portas

1781 2068 1937 2132 tuas,
1987 2067 2048 2117 ut
2090 2063 2457 2134 ingrediatur
2505 2063 2561 2116 in
2594 2066 2684 2117 te:
2739 2063 2898 2132 aperi
2931 2067 3130 2132 portas
3171 2063 3442 2135 justitize,

1783 2153 1940 2223 aperi
1988 2156 2190 2223 portas
2221 2143 2366 2206 525
2399 2151 2717 2220 pudicitiae,
2769 2151 2929 2220 aperi
2977 2154 3178 2220 portas
3212 2151 3447 2207 fortitu-

1784 2242 1940 2298 dinis
1971 2249 2144 2312 atque
2175 2240 2502 2310 sapientiae.

1851 2330 1940 2386 ‘20.
2001 2329 2188 2384 Crede
2233 2329 2466 2400 angelis
2516 2329 2884 2383 dicentibus:
2941 2349 2963 2376 α
3001 2328 3069 2382 Et
3111 2329 3442 2399 elcvamini,

1785 2424 1971 2492 portae
2005 2418 2338 2487 ceter-nales,
2373 2421 2429 2472 et
2459 2417 2722 2472 introibit
2752 2433 2857 2472 rex
2887 2417 3096 2488 gloriae
3127 2416 3223 2487 (-t),
3261 2419 3450 2473 Domi-

1784 2525 1898 2565 nus
1931 2507 2187 2564 Sabaoth
2220 2506 2407 2574 (Psal.
2440 2523 2606 2574 χχιιι,
2637 2507 2712 2575 '7).
2751 2529 2771 2553 ι»
2808 2505 2980 2561 Porta
3009 2509 3140 2560 tuas
3176 2508 3344 2562 vocis
3377 2508 3449 2562 ti-

1785 2599 1936 2653 delis
1968 2613 2183 2652 canora
2203 2596 2506 2650 confessio
2527 2599 2650 2650 est:
2683 2598 2849 2666 porta
2877 2599 3008 2650 tuas
3047 2597 3263 2650 ostium
3283 2597 3450 2651 verbi

1787 2691 1897 2755 est,
1924 2703 2099 2758 quam
2121 2686 2237 2740 sibi
2263 2685 2584 2756 Apostolus
2609 2685 3016 2756 optataperiri,
3044 2685 3279 2741 dicens:
3326 2709 3346 2734 ιι
3375 2687 3454 2741 Ut

1783 2777 2080 2847 aperiatur
2109 2774 2252 2829 mihi
2281 2775 2497 2828 ostium
2535 2774 2700 2828 verbi
2750 2775 2821 2828 ad
2854 2775 3246 2846 eloquendum
3293 2791 3454 2846 mys-

1783 2865 1996 2920 terium
2030 2863 2249 2918 Christi
2284 2864 2360 2931 (5)
2394 2862 2642 2930 (Coloss.
2676 2880 2754 2931 iv,
2795 2864 2870 2932 3).
2913 2887 2934 2910 η

1855 2955 1942 3008 21.
1980 2953 2293 3024 Aperiatur
2324 2952 2504 3023 igitur
2524 2951 2760 3006 Christo
2783 2956 2946 3022 porta
2973 2957 3086 3020 tua,
3120 2969 3229 3008 nec
3261 2955 3454 3009 solum

1787 3043 2102 3114 aperiatur,
2138 3042 2242 3096 sed
2274 3042 2445 3096 etiam
2481 3041 2781 3110 elevetur;
2831 3043 2880 3094 si
2913 3046 3106 3097 tamen
3156 3044 3452 3099 aeternalis

1787 3137 1900 3196 est,
1939 3148 2054 3186 non
2088 3132 2306 3185 caduca
2334 3146 2348 3198 ;
2408 3131 2693 3200 scriptum
2724 3134 2814 3184 est
2845 3131 3038 3186 enim:
3079 3155 3099 3178 οι
3158 3133 3227 3186 Et
3257 3133 3456 3187 eleva-

1787 3223 1949 3290 mini,
1986 3224 2171 3291 portae
2203 3219 2535 3274 aeternales.
2571 3241 2590 3266 ι
2620 3219 2920 3274 Elevatum
2954 3225 3049 3275 est
3076 3222 3455 3291 superlimen

1787 3311 1978 3380 Isaiae,
2013 3310 2248 3381 quando
2279 3309 2586 3378 Seraphim
2620 3309 2772 3362 labia
2803 3308 2938 3380 ejus
2968 3310 3174 3382 tetigit,
3210 3314 3266 3365 et
3312 3311 3456 3365 vidit

1785 3416 1988 3472 regem
2022 3399 2331 3453 Dominum
2354 3397 2611 3452 Sabaoth
2643 3397 2782 3466 (lsa.
2815 3415 2896 3466 vx,
2932 3398 3006 3467 8).

1857 3489 1946 3543 22.
1972 3489 2114 3542 Tum
2136 3503 2281 3558 ergo
2297 3490 2480 3556 porta:
2495 3485 2901 3556 elevabuntur,
2921 3487 2972 3539 si
3005 3488 3450 3558 sempiternum,

1787 3580 1838 3633 si
1863 3578 2340 3647 omnipotentem,
2376 3575 2426 3629 si
2479 3575 2972 3644 inaestimabilem,
3023 3577 3073 3630 si
3122 3577 3456 3648 incompre-

1787 3666 2163 3734 hensibilem,
2190 3665 2240 3719 si
2265 3681 2396 3719 eum
2415 3664 2516 3736 qui
2535 3667 2592 3718 et
2616 3663 2911 3734 prmterita
2945 3667 3137 3720 omnia
3163 3670 3218 3720 et
3257 3666 3451 3720 futura

1789 3756 2038 3825 noverit,
2066 3754 2277 3810 Filium
2317 3753 2419 3807 Dei
2454 3753 2688 3808 credas.
2721 3753 2887 3818 Quod
2923 3755 2975 3808 si
3005 3755 3310 3824 praefinitas
3350 3771 3455 3825 po-

1785 3845 2016 3902 testatis
2047 3847 2104 3898 et
2152 3843 2438 3911 scientiae,
2493 3841 2950 3914 subjectumque
2997 3844 3281 3914 opinaris,
3335 3860 3454 3899 non

1787 3936 1988 3991 elevas
2019 3936 2223 4004 portas
2255 3931 2588 3986 aeternales.

1861 4044 1947 4099 23.
2008 4041 2327 4096 Eleventur
2374 4054 2520 4111 ergo
2576 4042 2761 4109 portae
2791 4042 2928 4108 tuae,
2977 4043 3038 4094 ut
3088 4055 3204 4095 non
3238 4042 3456 4096 Ariano

1791 4149 1976 4189 sensu
2008 4130 2311 4201 parvulus,
2347 4144 2463 4182 non
2512 4129 2790 4199 pusillus,
2827 4145 2944 4184 non
2991 4130 3267 4184 subditus
3298 4131 3367 4184 ad
3401 4135 3458 4186 te

1791 4224 2066 4279 Christus
2097 4220 2382 4274 introeat:
2420 4218 2525 4272 sed
2557 4220 2732 4272 intret
2787 4219 2846 4272 in
2881 4219 2985 4273 Dei
3019 4219 3224 4288 forma,
3284 4219 3460 4273 intret

1791 4329 1921 4368 cum
1949 4311 2140 4378 Patre,
2163 4310 2338 4362 intret
2359 4307 2492 4362 talis
2533 4309 2727 4379 qualis
2767 4311 2878 4378 est,
2913 4312 2968 4363 et
2999 4309 3212 4362 emtum
3243 4311 3300 4362 et
3329 4324 3457 4362 om-

1793 4403 1888 4457 nia
1936 4412 2396 4470 supergressus,
2429 4396 2651 4451 emittat
2700 4397 2804 4450 tibi
2836 4397 3114 4466 Spiritum
3164 4399 3452 4450 sanctum.

1792 4489 2043 4560 Expedit
2075 4487 2176 4541 tibi
2225 4489 2287 4540 ut
2337 4486 2546 4540 credas
2581 4486 2716 4555 quia
2765 4485 3052 4552 ascendit,
3087 4489 3142 4539 et
3189 4485 3355 4539 sedet
3383 4484 3457 4540 ad

77 4587 366 4661 signiﬁcant,
391 4573 408 4575 _
428 4592 690 4664 apostoli
742 4591 1152 4660 testiﬁcantur,
1212 4590 1301 4643 sic
1325 4587 1450 4659 jam
1507 4603 1684 4659 supra
1708 4639 1757 4664 ἢ
1791 4581 2093 4635 dexteram
2115 4575 2330 4630 Patris.
2350 4574 2496 4627 Nam
2517 4575 2569 4627 si
2593 4589 2725 4627 eum
2752 4573 2904 4628 inter
2925 4576 3226 4627 creaturas
3263 4577 3319 4627 et
3343 4577 3455 4628 ter-

77 4683 374 4737 tgsteudimus
404 4683 536 4752 (lib.
564 4699 625 4749 ιι,
660 4697 785 4750 (⁸³1)·
822 4680 899 4748 4)·

125 4768 188 4820 t'i.
219 4770 278 4823 Et
313 4772 571 4825 fortasse
605 4785 722 4824 non
766 4769 836 4823 de
867 4768 1040 4822 istius
1094 4765 1494 4822 tantummodo
1554 4765 1688 4820 coeli

80 4858 213 4920 portis
241 4861 520 4931 propheta
573 4857 788 4913 dixerit
832 4857 989 4929 quod
1034 4856 1396 4928 praeteribit;
1450 4857 1510 4910 et
1537 4854 1686 4910 alios

128 4999 182 5060 τί)
207 5001 338 5058 Mss.
371 5003 637 5074 aliquod,
679 5025 699 5047 ι·
747 5001 1103 5074 Interpretes
1152 4997 1366 5074 alicubi
1416 4995 1686 5074 omnipo-

84 5071 242 5125 trntcm
262 5068 631 5145 interpretati
649 5077 804 5126 sunt.
832 5094 851 5119 ι»
891 5068 960 5125 Et
991 5087 1134 5125 sane
1167 5086 1301 5145 cum
1331 5068 1687 5145 Ambrosius

87 5153 134 5189 ex
157 5158 275 5197 voce
305 5139 682 5216 omnipotens
713 5148 1182 5216 argumentetur,
1216 5141 1345 5194 sine
1377 5139 1687 5216 dispendio

87 5222 246 5268 sensus
261 5216 387 5271 aliae
409 5211 1140 5286 interpretatic'inesomitti
1165 5214 1431 5281 possent.
1458 5211 1687 5286 _\’erum

90 5295 179 5335 Cum
217 5287 547 5342 habeantur
572 5282 650 5340 'in
682 5287 815 5339 aliis
847 5285 978 5338 cod.
1029 5301 1203 5337 manu
1249 5282 1527 5350 exaratis,
1577 5296 1687 5335 nec

94 5365 169 5404 non
195 5357 242 5409 in
270 5360 443 5413 editis
476 5358 777 5422 omnibus,
813 5356 1170 5426 rejiciendas
1203 5355 1349 5408 alias
1390 5355 1550 5426 duas
1569 5369 1687 5406 non

91 5429 373 5486 putavimus.
409 5431 666 5484 Primam
697 5445 809 5499 qua
842 5425 1458 5499 sabaei/1exponitur
1495 5425 1686 5499 virtu;

94 5499 170 5547 tam
183 5499 289 5554 sive
306 5503 692 5559 exercituum.
716 5493 991 5571 agnoscit
1018 5493 1383 5571 Epiphanius
1413 5495 1582 5571 ῌειθι·ἱ
1595 5493 1683 5571 ξὶδ,

97 5571 143 5640 9F.
167 5576 352 5636 praeter
380 5574 534 5626 alios
571 5565 791 5639 Patres',
825 5565 1162 5641 Origenem,
1193 5565 1686 5641 Gregorium‘Naf

99 5635 687 5715 unozqhugustinum,
722 5635 802 5696 et.
845 5635 1591 5715 Hieronymusepist,_t3ti,
1612 5636 1688 5692 ad

103 5707 416 5770 Marcellam“:
442 5716 601 5770 sicut
631 5707 686 5771 et
716 5711 981 5769 eamdem
1012 5707 1189 5766 simul
1219 5707 1394 5783 atque
1439 5710 1688 5783 tertiam,

105 5790 178 5856 tu
202 5784 405 5847 Icilicet
432 5789 752 5853 memorata
779 5785 956 5845 dictio
988 5783 1146 5844 idem
1193 5781 1364 5841 sonat
1393 5797 1462 5843 ac
1511 5781 1693 5841 omni-

1702 4639 1758 4702 θ
1791 4685 1932 4726 rena
1975 4666 2150 4736 impia
2191 4663 2545 4736 cogitatione
2575 4662 2861 4729 detineas,
2896 4663 2946 4714 si
2981 4677 3096 4715 non
3128 4662 3232 4716 tibi
3262 4663 3452 4731 abeat,

1792 4775 1909 4813 non
1964 4756 2069 4810 tibi
2098 4754 2399 4822 ascendat,
2462 4767 2572 4806 nec
2620 4750 2947 4806 Paraclitus
3007 4751 3076 4804 ad
3128 4755 3182 4805 te
3235 4753 3452 4821 veniet,

1792 4849 1948 4902 sicut
1980 4846 2107 4916 ipse
2141 4843 2326 4898 dixit:
2370 4865 2391 4888 α
2425 4841 2574 4896 Nam
2615 4841 2669 4894 si
2699 4855 2811 4912 ego
2863 4855 2978 4895 non
3011 4840 3234 4910 abiero,
3283 4841 3456 4896 Para-

1787 4998 2011 5064 potens,
2032 4988 2203 5058 epist.
2241 4984 2342 5041 142
2374 4983 2735 5064 comprobat.
2769 4983 3156 5064 Quodautem
3197 4985 3294 5040 illa
3326 4985 3457 5064 ipsa

1794 5056 1909 5119 vox
1941 5056 2114 5116 etiam
2145 5075 2250 5129 pro
2301 5073 2441 5128 rege
2473 5057 2640 5129 sumi
2673 5057 2903 5124 dicitur,
2940 5056 3062 5129 hoc
3084 5073 3198 5110 non
3229 5059 3456 5128 reperi-

1792 5149 1924 5189 mus
1957 5126 2198 5186 alterius
2232 5126 2586 5199 cujusquam
2620 5126 3246 5199 ﬁrmatum'suffragio.

1864 5206 1940 5273 (2)
1976 5206 2144 5257 llom.
2181 5202 2342 5260 edit..
2391 5223 2410 5244 α
2459 5199 2760 5273 Habemus
2794 5201 2947 5273 enim
2998 5201 3320 5268 principem
3354 5217 3455 5255 sa-

1795 5271 2118 5342 cerdotum,
2153 5273 2253 5342 qui
2312 5271 2656 5341 penetravit,
2707 5292 2728 5318 »
2789 5271 2918 5324 alia:
2975 5287 3043 5323 ac
3103 5288 3247 5325 mss.
3285 5277 3344 5325 ut
3398 5274 3454 5327 in

1792 5352 1974 5414 textu,
2008 5346 2124 5399 nisi
2153 5343 2308 5414 quod
2334 5347 2447 5396 vet.
2483 5343 2620 5395 edit.
2656 5358 2787 5396 cum
2824 5343 2991 5396 llom.
3017 5342 3239 5414 legunt,
3266 5360 3452 5414 pcne-

1795 5428 1886 5476 tra
1900 5421 1998 5472 vit.

1865 5492 1940 5561 (3;
1974 5485 2443 5561 h’lss._nonnulii,
2483 5508 2503 5534 α
2540 5484 2693 5540 Ecce
2716 5484 2850 5539 steti
2878 5485 2948 5539 ad
2977 5483 3217 5556 januam
3242 5482 3452 5541 mentis

1794 5559 1929 5629 tuae,
1963 5566 2020 5615 et
2049 5559 2243 5630 pulso.
2282 5582 2302 5605 ιν

1865 5625 1935 5704 (1)
1965 5625 2222 5704 Ita-mss.
2258 5628 2459 5704 plures
2490 5643 2558 5682 ac
2581 5627 2874 5704 potiores:
2909 5627 3182 5704 aliiverc,
3216 5625 3449 5703 ctedit.,

1797 5729 1818 5755 ιι
1855 5699 2005 5761 αι’ὶιι
2035 5699 2283 5758 introeat
2311 5701 2370 5755 in
2401 5705 2455 5755 te
2489 5715 2597 5754 rex
2628 5699 2853 5773 glorias,
2873 5720 2922 5773 ρ-
2949 5701 3058 5773 etc.

1863 5776 1940 5854 (5)
1973 5775 2121 5834 Mss.
2155 5773 2396 5850 aliquot,
2436 5791 2457 5825 ι
2493 5767 3102 5849 ωαιτῐγνὶιιιιιϐιιιείειὶ.
