3982 6174
499 309 620 392 647

1945 334 2012 394 S.
2059 333 2179 398 ΑΜ

2300 333 2504 396 LOSII.
3766 353 3858 417 648
3929 282 3938 292 ‘

503 536 677 590 clitus
709 547 828 587 non
856 530 1054 586 veniet
1083 529 1157 584 ad
1184 545 1333 586 vos:
1367 531 1420 585 si
1461 533 1651 586 autem
1684 531 1907 601 abiero,
1949 532 2169 588 mittam
2190 517 2248 581 Α
2288 533 2656 604 substantiae,
2693 534 2967 606 quoniam
3015 535 3229 591 mulier
3277 539 3330 592 et
3357 537 3442 593 vir
3464 543 3626 598 unius
3673 553 3792 605 sunt
3814 553 3856 608 in

501 624 667 678 illum
699 621 771 674 ad
802 635 911 675 vos
943 619 1130 688 (Joau.
1163 637 1286 691 xw,
1317 621 1392 690 7).
1433 641 1454 669 »

573 713 663 766 24.
695 709 864 775 Quod
894 711 949 764 si
979 709 1130 763 inter
1179 712 1413 764 terrena
1443 725 1619 764 cuum
1677 710 1970 782 requiras,
2017 711 2172 766 sicut

502 801 684 856 Maria
709 798 1054 870 Magdalene
1079 798 1435 869 requirebat,
1471 814 1612 853 cave
1648 815 1721 854 ne
1753 803 1811 854 et
1838 800 1944 854 tibi
1977 799 2165 855 dicat:

507 913 528 940 α
552 889 688 944 Noli
711 904 802 942 me
822 892 1064 960 tangere
1089 904 1104 957 ;
1129 887 1386 942 nondum
1408 888 1564 942 enim
1581 888 1824 943 ascendi
1845 889 1916 942 ad
1935 889 2168 942 Patrem

502 995 696 1034 meum
729 977 919 1048 (Joan.
956 993 1056 1046 xx,
1093 977 1200 1046 t7).
1239 997 1261 1026 ι
1313 977 1507 1031 Portae
1551 976 1707 1030 enim
1751 980 1868 1032 tuae
1895 979 2169 1048 angustae

503 1071 661 1136 sunt,
689 1081 897 1136 capere
933 1081 1025 1120 me
1055 1081 1172 1120 non
1203 1068 1425 1137 queunt
1457 1081 1468 1120 :
1523 1065 1745 1120 elevari
1775 1082 1892 1122 non
1923 1067 2165 1137 queunt,

505 1158 722 1212 intrare
753 1171 872 1210 non
903 1170 1172 1224 possum.

574 1247 662 1300 25.
684 1245 844 1298 Vade
865 1259 1010 1316 ergo
1034 1243 1108 1298 ad
1128 1243 1342 1298 fratres
1373 1259 1540 1298 meos
1573 1243 1754 1314 (Ibid.
1758 1243 1806 1314 ),
1831 1243 1944 1298 hoc
1979 1247 2068 1298 est
2097 1243 2171 1298 ad

505 1336 635 1391 illas
657 1337 858 1405 portas
891 1333 1222 1402 aaternales,
1275 1348 1408 1404 quae
1459 1348 1592 1386 cum
1639 1332 1844 1387 Jesum
1894 1332 2168 1402 viderint,

505 1426 826 1491 elevantur,
862 1421 1190 1476 fEternalis
1222 1425 1391 1491 porta
1437 1424 1531 1476 est
1571 1421 1808 1491 Petrus,
1860 1421 1955 1476 cui
1985 1424 2172 1492 porta)

504 1513 678 1569 interi
709 1527 826 1566 non
853 1509 1259 1580 praevalebunt
1299 1511 1537 1580 (Matth.
1582 1527 1703 1579 xvx,
1743 1509 1852 1580 18).
1888 1511 2173 1564 Αἰιθιιηει-

503 1604 593 1658 les
623 1605 808 1672 portae
833 1600 1096 1654 Joannes
1126 1602 1182 1654 et
1211 1599 1493 1669 Jacobus,
1541 1601 1740 1669 utpote
1781 1599 1883 1653 filii
1931 1599 2170 1654 tonitrui

502 1693 714 1760 (Merc.
750 1707 833 1760 Ill,
872 1687 980 1760 1⁵1).
1041 1689 1386 1742 Ᾱίιθηιειιθε
1419 1691 1604 1758 portae
1665 1692 1805 1747 sunt
1858 1687 2170 1756 Ecclesiae,

503 1779 829 1836 ubilaudes
851 1777 1070 1832 Christi
1093 1778 1440 1832 annnntiarc
1473 1776 1768 1847 Pr0pheta
1798 1777 2169 1846 desiderans,

505 1871 685 1926 dicit:
733 1889 759 1920 «
794 1867 1230 1922 Utannuntiem
1277 1881 1484 1920 omnes
1532 1865 1900 1920 laudationes
1942 1868 2074 1920 tuas
2115 1865 2173 1920 in
2205 1896 2259 1960 Β

504 1961 691 2032 portis
723 1957 858 2012 filiai
893 1956 1036 2011 Sion
1063 1954 1252 2025 (Psal.
1287 1972 1366 2023 1x,
1403 1955 1511 2024 15).
1552 1975 1573 2004 ι

575 2050 663 2105 26.
687 2047 920 2104 Grande
939 2061 1084 2117 ergo
1107 2044 1450 2114 mysterium
1473 2043 1712 2113 Christi,
1749 2043 1906 2115 quod
1936 2046 2175 2115 stupueo

508 2143 643 2196 runt
671 2141 728 2192 et
755 2135 952 2207 angeli
977 2150 992 2204 ;
1027 2138 1082 2187 et
1112 2133 1244 2186 ideo
1276 2133 1547 2186 venerari
1577 2133 1784 2200 debes,
1841 2137 1897 2188 et
1928 2132 2175 2187 Domino

507 2227 764 2284 famulus
795 2225 1086 2295 derogare
1119 2237 1236 2276 non
1276 2221 1481 2275 debes.
1536 2221 1818 2292 lgnorare
1848 2238 1966 2276 non
2000 2221 2169 2290 licet;

506 2321 819 2390 propterea
841 2313 997 2368 enim
1019 2311 1326 2366 descendit
1357 2313 1417 2363 ut
1451 2311 1694 2364 credas:
1731 2311 1784 2364 si
1815 2327 1932 2377 non
1955 2309 2174 2380 credis,

509 2423 628 2464 non
659 2403 968 2460 descendit
1013 2401 1140 2470 tibi,
1191 2415 1309 2454 non
1338 2399 1447 2452 tibi
1491 2415 1712 2468 passus
1743 2403 1854 2454 est.
1908 2422 1930 2447 «ε
1966 2399 2028 2454 Si
2059 2414 2178 2454 non

507 2497 832 2561 venissem,
867 2491 1073 2562 inquit,
1107 2493 1162 2544 et
1191 2489 1426 2542 locutus
1457 2503 1574 2542 non
1610 2488 1862 2542 fuissem
1890 2488 2006 2555 his,
2040 2503 2178 2558 peo-

512 2589 705 2640 catum
753 2597 872 2636 non
921 2579 1241 2633 haberent:
1290 2592 1447 2630 nunc
1494 2580 1688 2631 autem
1733 2577 2177 2631 excusationem

510 2691 628 2731 non
650 2672 868 2728 habent
895 2669 965 2722 de
987 2669 1228 2738 peccato
1265 2681 1395 2720 suo.
1415 2663 1526 2729 Qui
1562 2681 1653 2720 me
1677 2665 1817 2730 odit,
1843 2668 1901 2720 et
1943 2666 2178 2720 Patrem

512 2779 706 2819 meum
747 2759 868 2814 odit
912 2757 1102 2827 (Joau.
1154 2771 1253 2823 xv,
1305 2755 1392 2824 22,
1428 2754 1538 2824 23).
1579 2775 1600 2802 »ι
1653 2753 1798 2818 Quis
1846 2753 2028 2825 igitur
2058 2753 2181 2808 odit

513 2852 834 2917 Christum,
855 2845 1090 2917 nisiqui
1112 2845 1356 2915 derogat
1377 2845 1404 2896 ‘?
1433 2843 1598 2898 Sicut
1628 2843 1784 2896 enim
1835 2841 2056 2897 amoris
2087 2844 2180 2896 est

514 2941 768 3009 deferre,
789 2939 864 2992 ita
885 2936 1003 2991 odii
1043 2938 1136 2990 est
1158 2933 1468 3004 derogare.
1491 2931 1600 2997 Qui
1631 2931 1770 3002 odit,
1807 2932 2176 3002 quaestiones

510 3034 744 3099 movet;
777 3027 878 3098 qui
907 3027 1076 3088 amat,
1117 3021 1502 3078 reverentiam
1533 3019 1742 3075 defert.

1005 3114 1148 3178 526
1189 3119 1441 3174 CAPUT
1481 3118 1573 3172 III.

527 3218 720 3276 Verba
735 3215 870 3272 illa:
917 3213 1122 3268 Omnis
1139 3210 1254 3264 viri
1279 3211 1452 3278 caput
1477 3207 1844 3262 Christus...
1875 3210 2048 3277 caput
2077 3223 2178 3262 au-

584 3297 700 3346 tem
718 3286 935 3343 Chtristi
953 3285 1113 3339 Deus
1126 3282 1178 3352 (Ι
1195 3281 1331 3336 Cor.
1349 3297 1426 3347 xx,
1443 3281 1518 3348 3),
1530 3279 1796 3352 primoin
1813 3279 2180 3352 Arianosjp-

585 3378 687 3416 sos
719 3363 1056 3428 retorquet:
1097 3349 1315 3408 deinde
1346 3349 1834 3428 Clii'isti_taiitzim
1862 3349 2182 3404 secundam

585 3440 854 3488 naturam
869 3421 1175 3482 Humanam
1189 3423 1556 3478 considerati
1574 3421 1756 3474 Deum
1770 3427 1937 3491 caput
1951 3436 2087 3474 esse
2105 3436 2182 3476 ex

587 3505 703 3560 alio
716 3504 1047 3572 Scripturze
1075 3497 1219 3563 loco,
1247 3511 1414 3572 queui
1431 3492 1694 3572 oly'iccre
1711 3492 1981 3546 solebant
2000 3491 2180 3572 iidem

586 3577 802 3631 haercti
807 3564 880 3640 ei,
887 3570 1070 3642 proba
1080 3574 1098 3622 t
1105 3589 1122 3622 :
1142 3564 1615 3642 nec—prudentius
1629 3578 1848 3642 quoque
1860 3564 2180 3642 oppositum

587 3648 660 3702 ab
683 3647 834 3717 ipsis
869 3634 1102 3717 textum
1130 3634 1293 3717 ilium
1314 3657 1330 3690 .-
1361 3636 1472 3701 Qui
1504 3634 2052 3717 autem.plantat,_et
2081 3634 2182 3717 qui

587 3705 1183 3790 ,.igdt,iinumsunt(l
1215 3710 1472 3790 gerum,
1503 3706 1808 3790 8_)_Quibus
1839 3705 2176 3790 explicatis,

587 3777 875 3862 qii'onecto
903 3784 1093 3862 Pater
1208 3779 1381 3847 Filio,
1419 3784 1478 3862 et
1506 3778 1699 3862 Ivi/ius
1729 3778 1789 3830 in
1829 3777 2036 3862 Patre,
2071 3792 2180 3830 nec

587 3850 719 3914 non.
735 3865 979 3927 utroque
1008 3853 1218 3908 lideIes
1250 3866 1386 3905 esse
1415 3850 1709 3916 dicantur,
1755 3850 2043 3920 aperitur.

585 3949 674 4003 2'7.
700 3947 898 4019 [Alias
923 3961 1049 4014 cap.
1075 3939 1168 4014 11.]
1190 3942 1389 4010 Itaque
1404 3939 1791 4002 discutiamus
1809 3951 2014 3992 eorum
2035 3937 2181 3992 alias

519 4038 888 4110 questiones.
923 4032 1218 4101 Scriptum
1249 4032 1360 4098 est,
1399 4027 1707 4098 inquiunt:
1761 4047 1786 4076 ‹‹
1837 4026 2040 4081 Omnis
2069 4026 2182 4080 viri

515 4129 689 4198 caput
711 4123 985 4179 Christus
1009 4124 1119 4188 est,
1147 4121 1318 4188 caput
1349 4121 1542 4171 autem
1575 4116 1841 4170 mulieris
1879 4116 1989 4186 vir,
2011 4118 2184 4186 caput

515 4220 711 4272 autem
727 4225 740 4261 ι
757 4211 948 4266 lhristi
973 4209 1128 4263 Deus
1152 4207 1206 4276 (Ι
1228 4206 1362 4276 Cor,
1387 4222 1466 4274 x1,
1487 4205 1561 4274 3).
1583 4229 1604 4251 «
1629 4204 1751 4268 Qua
1773 4204 1833 4258 in
1851 4205 2180 4275 quaestione

517 4307 714 4360 dicant
735 4301 900 4369 mihi,
925 4298 1122 4367 velim,
1162 4300 1359 4350 utrum
1391 4293 1779 4366 conjungere,
1811 4309 1886 4346 an
1917 4293 2181 4348 dividere

515 4396 644 4450 haec
666 4395 918 4465 quatuor
942 4387 1140 4442 velint.
1175 4385 1237 4440 Si
1277 4383 1434 4439 enim
1482 4382 1869 4455 conjungere,
1901 4384 2076 4454 atque
2106 4382 2182 4436 ita

517 4485 719 4539 dicunt
769 4483 954 4535 Deum
1014 4478 1187 4546 caput
1241 4489 1380 4528 esse
1437 4472 1677 4540 Christi,
1739 4474 1894 4526 sicut
1941 4473 2034 4526 vir
2090 4473 2183 4526 est

515 4572 783 4628 mulieris
815 4571 1008 4640 caput,
1052 4565 1246 4619 videte
1285 4562 1428 4634 quid
1459 4561 1738 4616 incidant.
1770 4561 1918 4615 Nam
1966 4561 2018 4614 si
2050 4559 2181 4614 haec

2288 639 2463 678 carne
2495 626 2718 678 naturae
2748 622 2922 694 (Gen.
2967 641 3027 693 ιι,
3077 625 3206 694 24):
3253 641 3382 680 nam
3431 631 3574 700 quod
3623 633 3789 708 distat,
3815 641 3858 696 in

2287 728 2435 767 sexu
2469 715 2578 767 est.
2609 711 2754 766 Cum
2785 729 2930 768 vero
2947 712 3098 768 inter
3111 712 3404 770 Christum
3421 721 3474 771 et
3494 719 3699 777 Patrem
3717 741 3863 783 sexus

2287 817 2404 856 non
2434 801 2804 872 interveniat,
2857 803 3012 872 quod
3059 819 3240 857 unum
3286 804 3433 859 inter
3470 806 3660 864 Filium
3699 816 3748 866 et
3784 815 3865 870 Pa-

2287 893 2434 944 trem
2466 891 2525 944 in
2555 895 2762 945 natura
2793 894 2905 960 est,
2945 891 3315 948 fatebuntur:
3362 895 3514 966 quod
3537 895 3802 956 diversum
3822 906 3867 960 in

2241 977 2254 986 ’
2285 994 2437 1034 sexu
2467 981 2578 1048 est,
2613 978 3008 1052 denegabant.

2355 1068 2442 1122 29.
2469 1067 2668 1123 Placet
2687 1085 2759 1123 ne
2780 1069 2892 1124 ista
2907 1069 3120 1125 divisio
3140 1071 3170 1124 ?
3198 1071 3289 1126 An
3305 1071 3614 1145 mulierem,
3626 1076 3790 1134 virum
3803 1086 3872 1136 est

2285 1156 2583 1212 Christum
2607 1159 2783 1212 unius
2810 1158 3017 1213 volunt
3053 1174 3192 1214 esse
3221 1160 3580 1232 substantiae,
3609 1168 3660 1218 et
3687 1167 3872 1223 Patrem

2285 1249 2602 1317 separant?
2625 1248 2903 1302 Haeccine
2924 1247 3106 1320 igitur
3125 1249 3340 1304 divisio
3359 1249 3587 1320 placet?
3611 1253 3668 1307 Si
3697 1255 3762 1308 ita
3787 1261 3872 1312 est.

2284 1337 2478 1392 videte
2501 1336 2641 1408 quid
2667 1336 2944 1390 incidant.
2969 1338 3085 1392 Ant
3113 1337 3270 1393 enim
3300 1354 3418 1394 non
3447 1341 3628 1395 solum
3651 1343 3874 1411 Arianos,

2287 1425 2394 1480 sed
2411 1425 2586 1480 etiam
2621 1425 3006 1481 Photinianos
3031 1442 3096 1481 se
3137 1441 3390 1482 necesse
3411 1431 3502 1482 est
3523 1429 3876 1503 conﬁteantur;

2285 1514 2423 1586 quia
2443 1513 2742 1568 Christum
2758 1514 3054 1570 hominem
3073 1517 3294 1570 tantum
3324 1515 3593 1587 fatentur,
3625 1534 3779 1590 quem
3800 1520 3883 1574 hu.

2286 1619 2474 1657 manm
2493 1603 2893 1658 tantummodo
2921 1607 3146 1660 naturae
3185 1605 3479 1660 aestimant
3517 1607 3882 1677 copulandum:

2286 1695 2385 1746 aut
2416 1692 2510 1747 vel
2525 1693 2744 1747 invitos
2757 1693 3140 1764 acquiescere
3153 1709 3257 1764 par
3269 1697 3362 1750 est
3380 1697 3596 1749 nostra;
3613 1698 3887 1767 sententiae,

2287 1797 2578 1852 perquam
2595 1781 2832 1852 idquod
2849 1781 3025 1852 impie
3056 1783 3411 1853 cogitarunt,
3431 1785 3526 1854 pie
3549 1783 3888 1856 religioseque

2287 1869 2660 1925 defendimus
2685 1885 2698 1940 ;
2732 1873 2794 1925 ut
2815 1869 2892 1924 sit
2907 1869 3181 1926 Christus
3212 1871 3452 1942 quidem
3483 1872 3788 1927 secundum
3813 1889 3891 1945 ge-

2287 1959 2650 2014 nerationem
2669 1959 2926 2013 divinam
2951 1959 3055 2014 Dei
3085 1960 3298 2030 virtus,
3335 1961 3658 2016 secundum
3675 1976 3898 2031 assump-

2287 2048 2504 2102 tionem
2523 2051 2717 2102 autem
2740 2047 2956 2113 carnis,
2976 2049 3152 2102 unius
3172 2064 3306 2102 cum
3320 2049 3596 2104 omnibus
3609 2049 3897 2105 hominibus

2287 2137 2347 2190 in
2371 2151 2547 2191 carne
2563 2136 2910 2192 substantiae
2931 2153 2943 2190 :
2977 2137 3140 2191 salva
3163 2140 3358 2192 tamen
3381 2137 3786 2192 incarnationis
3805 2154 3900 2191 suae

2289 2225 2538 2298 gloriae;
2584 2225 2720 2297 quia
2777 2227 3085 2280 veritatem
3133 2227 3426 2298 suscepit,
3480 2241 3597 2281 non
3639 2227 3902 2298 imaginem

2290 2316 2488 2370 carnis
2521 2315 2618 2385 (6).

2358 2403 2448 2458 30.
2482 2403 2568 2458 Sit
2599 2419 2743 2476 ergo
2769 2403 2938 2476 juxta
2969 2403 3283 2459 humanam
3337 2405 3730 2460 conditionem
3775 2404 3908 2473 caput

2289 2491 2508 2546 Christi
2535 2492 2725 2562 Deus;
2759 2509 2876 2548 non
2907 2493 3063 2548 enim
3113 2493 3260 2548 dixit
3290 2496 3472 2566 caput
3515 2493 3731 2548 Christi
3755 2494 3910 2559 Pater,

2292 2581 2396 2636 sed
2427 2605 2448 2629 «
2491 2585 2668 2652 caput
2694 2581 2912 2636 Christi
2946 2581 3148 2652 Deus;
3199 2605 3220 2629 »ι
3271 2585 3378 2654 qui
3410 2583 3708 2650 divinitas,
3755 2583 3911 2650 utpote

2291 2672 2566 2740 creatrix,
2593 2673 2765 2740 caput
2782 2674 2874 2726 est
2891 2673 3197 2726 creaturae.
3223 2671 3295 2726 Et
3307 2672 3467 2726 bene
3490 2671 3669 2726 dixit:
3706 2695 3727 2718 ει
3769 2669 3917 2740 Caput

2287 2759 2506 2814 Christi
2531 2760 2719 2828 Deus;
2748 2784 2770 2807 υ
2794 2763 2855 2814 ut
2875 2764 2930 2814 et
2951 2759 3316 2815 divinitatem
3328 2761 3560 2816 Christi
3574 2759 3921 2832 significaret,

2288 2852 2346 2904 et
2385 2843 2642 2917 carnem,
2675 2847 2788 2902 hoc
2837 2853 2948 2918 est,
2993 2849 3464 2905 incarnationem
3512 2850 3575 2904 in
3605 2847 3811 2904 Christi
3836 2861 3918 2901 no-

2287 2937 2484 2993 mine:
2535 2938 2596 2991 in
2642 2937 2763 2992 Deo
2795 2940 2986 2992 autem
3017 2939 3302 2993 unitatem
3349 2939 3703 3009 divinitatis,
3747 2939 3799 2992 et
3827 2951 3923 2990 ma-

2288 3028 2652 3100 gnitudinem
2682 3027 3011 3098 potestatis.

2363 3118 2451 3172 31.
2476 3117 2754 3187 Eousque
2775 3120 2968 3170 autem
2990 3121 3162 3186 caput
3181 3117 3415 3172 Christi
3448 3118 3614 3173 Deus
3635 3115 3921 3172 secundum

2290 3207 2752 3262 incarnationem
2812 3205 3028 3259 dictum
3087 3208 3198 3276 est,
3230 3209 3294 3260 ut
3354 3209 3416 3260 et
3449 3209 3628 3277 caput
3674 3205 3780 3258 viri
3803 3193 3918 3258 527

2289 3296 2563 3350 Christus
2587 3294 2914 3349 secundum
2938 3293 3411 3350 incarnationem
3428 3294 3617 3350 Verbi
3634 3295 3838 3349 dictum
3855 3291 3929 3344 sit.

2289 3385 2456 3450 Quod
2484 3384 2624 3438 alibi
2670 3383 2998 3455 Apostolus
3038 3383 3350 3439 evidenter
3397 3383 3684 3454 exposuit
3728 3382 3928 3435 dicens:

2295 3498 2315 3522 α
2342 3473 2628 3540 Quoniam
2649 3473 2742 3526 vir
2763 3474 2935 3542 caput
2967 3474 3058 3526 est
3087 3472 3382 3539 mulieris,
3421 3474 3587 3528 sicut
3617 3476 3675 3528 et
3703 3471 3937 3526 Christus

2291 3563 2764 3634 caputEcclesiac
2781 3561 3094 3633 (Ephesv,
3111 3561 3222 3630 23).
3245 3584 3268 3608 »
3291 3561 3370 3616 Et
3389 3563 3450 3616 in
3463 3558 3935 3632 consequentibus

2290 3653 2546 3707 addidit:
2586 3651 2743 3715 «Qui
2776 3665 2842 3704 se
2875 3649 3110 3704 tradidit
3152 3665 3261 3720 pro
3310 3666 3384 3706 ea
3419 3651 3612 3721 (Ibid.
3642 3650 3754 3720 25).
3789 3673 3810 3696 ι
3854 3645 3940 3700 Se-

2292 3741 2545 3796 cundum
2595 3739 3060 3794 incarnationem
3092 3739 3278 3812 igitur
3317 3743 3506 3811 caput
3535 3741 3650 3794 viri
3682 3737 3938 3799 Christus,

2289 3831 2426 3902 quia
2457 3828 2782 3884 secundum
2815 3829 3276 3882 incarnationem
3311 3829 3498 3884 facta’
3527 3828 3764 3884 traditio
3793 3827 3888 3880 est.

2358 3919 2447 3973 32.
2484 3918 2588 3972 Est
2619 3933 2763 3989 ergo
2797 3920 2968 3987 caput
3011 3916 3232 3971 Christi
3275 3918 3454 3972 Deus
3487 3919 3608 3988 ('7);
3655 3917 3750 3972 ubi
3793 3911 3942 3975 servi,

2290 4009 2404 4064 hoc
2435 4010 2528 4062 est
2575 4006 2856 4075 hominis,
2909 4022 3030 4061 non
3073 4005 3197 4072 Dei,
3245 4005 3454 4062 forma
3505 4009 3809 4062 tractatur.
3852 3997 3946 4055 Sed

2290 4097 2434 4152 nihil
2457 4095 2808 4167 praejudicat
2838 4095 2940 4148 Dei
2975 4093 3143 4164 Filio,
3179 4095 3233 4148 si
3263 4097 3621 4151 secundum
3654 4093 3842 4150 carnis
3867 4103 3945 4142 ve-

2293 4187 2521 4241 ritatem
2545 4183 2758 4238 similis
2781 4183 2857 4238 sit
2879 4184 3240 4252 hominibus,
3265 4186 3468 4256 quiin
3509 4185 3815 4240 divinitate
3841 4191 3949 4232 cum

2288 4275 2462 4329 Patre
2485 4290 2667 4328 unum
2695 4276 2788 4328 est
2844 4273 3033 4342 (Joan.
3071 4290 3130 4343 x,
3162 4273 3290 4342 30);
3345 4291 3476 4330 non
3511 4277 3674 4330 enim
3722 4272 3951 4344 potestas

2289 4363 2399 4417 hac
2458 4362 2938 4432 interpretatione
2993 4362 3317 4433 minuitur,
3389 4365 3507 4420 sed
3570 4355 3951 4418 misericordia

2291 4452 2664 4523 prtedicatur.
2815 4507 2818 4510 .

2359 4540 2446 4597 33.
2479 4541 2624 4606 Quis
2673 4544 2866 4596 autem
2917 4558 3092 4597 unam
3140 4542 3529 4598 divinitatem
3576 4543 3655 4613 (8)
3697 4537 3876 4595 Patris
3912 4534 3957 4587 et

513 4665 793 4734 tanquam
814 4625 1154 4728 ex‘paribus
1178 4656 1411 4722 sumpta
1429 4655 1520 4706 est
1556 4652 1934 4721 comparatio,
1961 4652 2017 4704 et
2049 4649 2179 4704 haec
2203 4625 2258 4688 D
2288 4629 2419 4685 Filii
2443 4631 2536 4701 Ρίθ
2562 4631 2852 4734 θῦηθῧθξξ
2885 4631 3177 4734 αξλῐηὶξΡεθ
3194 4632 3508 4734 ῙξοῐῙι-ίξλυε
3535 4630 3959 4734 οοηεῑιιξξξηδίιυς

518 4757 790 4822 quatuor,
852 4748 906 4801 id
939 4749 1063 4814 est,_
1105 4743 1337 4814 mulier,
1381 4741 1491 4810 vir,
1553 4739 1848 4807 Christus,
1883 4741 1940 4792 et
1995 4737 2176 4808 Deus,

519 4841 693 4912 quasi
715 4855 790 4892 ex
812 4838 990 4892 unius
1020 4839 1193 4905 atque
1226 4832 1498 4904 ejusdem
1523 4833 1749 4884 naturm
1797 4827 2178 4882 similitudine

521 4930 958 4998 comparantur,
991 4939 1134 4995 ergo
1165 4923 1376 4976 mulier
1406 4923 1461 4976 et
1493 4919 1652 4974 Deus
1683 4918 1858 4972 unius
1899 4916 2181 4986 incipient

517 5033 655 5072 esse
687 5019 932 5070 naturae.

597 5104 683 5160 28.
715 5104 882 5170 Quod
928 5103 982 5156 si
1013 5102 1124 5157 hoc
1176 5100 1471 5171 displicet,
1532 5097 1668 5170 quia
1700 5095 2060 5167 sacrilegum
2089 5097 2182 5148 est

517 5196 736 5262 dicere,
760 5191 1041 5248 utvolun‘t
1063 5189 1341 5244 dividant.
1364 5189 1561 5258 Itaque
1603 5187 1657 5242 si
1695 5186 1992 5241 Christum
2024 5183 2178 5254 apud

525 5287 710 5340 Deum
733 5285 965 5337 l‘atrem
987 5281 1063 5333 ita
1083 5279 1289 5333 volunt
1311 5292 1469 5347 esse,
1495 5277 1646 5330 sicut
1669 5279 1761 5330 est
1796 5273 2006 5329 mulier
2025 5272 2178 5344 apud

517 5376 711 5431 virum
735 5389 749 5443 ς
783 5371 960 5426 unius
982 5369 1182 5440 utique
1205 5366 1505 5420 Christum
1528 5369 1582 5422 et
1607 5366 1788 5420 Deum
1812 5365 2010 5418 dicunt
2041 5377 2178 5417 esse

587 5519 664 5586 (6)
696 5518 821 5571 Vet.
857 5515 1018 5581 edit.,
1057 5535 1077 5564 α
1136 5511 1234 5586 qui
1276 5509 1680 5565 auctoritatem
1710 5508 2011 5586 suscepit,
2063 5522 2182 5586 non

510 5578 828 5662 imaginem
864 5578 1352 5662 carnis._»__P\om.
1386 5587 1441 5662 et
1483 5599 1628 5662 mss.
1663 5583 1724 5662 ut
1755 5581 1813 5634 in
1844 5583 2028 5662 textu,
2062 5578 2181 5662 nisi

515 5650 672 5729 quod
707 5661 911 5716 eadem
959 5657 1218 5729 praefert,
1277 5676 1298 5706 α
1335 5654 1432 5729 qui
1480 5653 1822 5729 veritatem:
1861 5671 1883 5729 ξ
1939 5656 1995 5705 et
2025 5650 2176 5729 _cod.

546 5725 740 5790 ‘huan.
794 5721 980 5801 unus,"
1022 5752 1043 5778 α
1089 5721 1226 5801 quia
1271 5721 1492 5785 veritas
1542 5723 1809 5798 suscepit
1859 5721 2181 5798 imaginem

514 5805 730 5870 carnis.
769 5827 791 5855 »
831 5801 1118 5862 Pessime.

2287 4736 2392 4774 rus
2421 4725 2737 4791 praecepta,
2787 4720 3098 4791 discipulis
3150 4721 3280 4776 suis
3329 4723 3609 4777 dixerit:
3671 4744 3692 4768 ει
3749 4718 3820 4772 Ut
3858 4714 3958 4767 sint

2286 4826 2488 4879 unum,
2523 4811 2678 4864 sicut
2707 4812 2763 4864 et
2801 4826 2914 4864 nos
2945 4826 3124 4865 unum
3157 4826 3378 4866 sumus
3432 4811 3640 4881 (Joan.
3673 4825 3816 4876 xvii,
3847 4802 3964 4863 ll)?

2287 4900 2404 4954 Pro
2461 4898 2802 4954 testimonio
2861 4899 3018 4954 enim
3061 4899 3198 4953 ﬁdei
3258 4900 3545 4970 positum
3579 4903 3696 4968 est,
3747 4898 3876 4951 licet
3901 4889 3961 4943 ab

2287 4988 2527 5042 Arianis
2545 4988 2618 5042 ad
2639 4992 3050 5059 argumentum
3071 4988 3344 5059 perfidiae
3379 4989 3725 5044 derivetur.
3760 4980 3966 5040 Etenim

2285 5079 2562 5150 quoniam
2584 5079 2757 5132 toties
2779 5077 2989 5132 lectam
3012 5093 3231 5149 negare
3253 5093 3384 5132 non
3410 5082 3652 5150 queunt
3686 5075 3965 5134 unitatem,

2285 5171 2606 5223 extenuare
2636 5171 2956 5237 conantur;
3001 5169 3062 5222 ut
3098 5167 3234 5221 talis
3283 5168 3585 5224 videatur
3639 5159 3964 5225 divnnitatis,

2285 5258 2480 5312 unitas
2541 5255 2694 5312 inter
2749 5255 2984 5312 Patrem
3037 5258 3094 5310 et
3151 5255 3398 5325 Filium,
3436 5258 3649 5329 qualis
3707 5257 3799 5310 est
3839 5253 3966 5304 inter

2285 5347 2558 5403 homines
2617 5348 2814 5402 unitas
2872 5347 3211 5402 devotionis
3268 5349 3332 5400 et
3394 5346 3769 5402 fideizlicet
3813 5341 3966 5396 etiam

2365 5491 2446 5562 (7)
2474 5491 2692 5546 Omnes
2724 5491 2885 5546 edit..
2924 5515 2945 5538 α
2982 5490 3090 5546 Est
3119 5507 3262 5564 ergo
3296 5493 3493 5562 caput
3535 5490 3655 5544 viri
3686 5485 3966 5564 Christus,

2287 5556 2458 5642 caput
2478 5564 2697 5642 Christi
2721 5565 2914 5642 Deus;
2949 5585 2974 5642 »_
3009 5579 3154 5642 mss.
3191 5556 3790 5642 'vero'conctunius
3821 5556 3966 5642 omit:

2283 5630 2428 5704 tunt,
2462 5657 2482 5682 ιι
2506 5639 2679 5706 caput
2694 5637 2808 5690 viri
2839 5630 3136 5706 Christus,
3177 5658 3199 5682 ι»
3235 5637 3298 5690 ut
3346 5635 3644 5706 proxime
3677 5630 3966 5704 sequentia

2285 5715 2433 5772 satis
2465 5707 2802 5766 ostendunt.

2321 5785 2432 5863 '(8)
2460 5781 2707 5850 Quidam
2738 5793 2910 5855 mss.,
2947 5801 2971 5830 «
3002 5793 3180 5839 unam
3212 5776 3322 5838 Dei
3359 5777 3776 5838 divinitatem.
3811 5797 3834 5828 υ
