4050 6182
261 353 354 416 649
1559 346 1669 413 DE
1702 344 1923 413 FIDEI
1957 351 2094 413 LIB
2153 351 2260 414 IV.

3529 348 3651 415 650

253 555 378 606 inter
402 551 554 622 ipsos
584 551 855 606 homines
888 552 1081 605 unitas
1116 555 1337 606 ualui-in
1363 552 1435 605 sit
1457 570 1525 606 ex
1554 550 1874 605 communi-
1900 535 1955 600 Ᾱ
1987 555 2257 606 serentes
2317 568 2489 606 unam
2540 554 2712 622 atque
2754 552 3015 605 eamden
3048 552 3397 621 potestatem
3428 549 3560 604 Filii
3594 555 3651 606 et

248 645 346 695 tate
364 642 594 694 naturae.
1986 640 2178 694 Patris
2222 657 2359 694 esse
2403 657 2518 694 non
2553 656 2753 710 posse,
2789 642 2923 711 quia
2966 642 3078 709 ipsi
3126 640 3269 694 dixit
3311 657 3323 695 :
3382 664 3402 686 ιι
3441 642 3647 710 Amen,

302 729 379 783 31.
407 729 563 783 Unde
608 732 663 783 et
693 729 836 784 illud
886 729 1259 799 apertissime
1303 731 1572 799 solvitur,
1607 731 1760 801 quod
1806 730 1876 783 ad
1985 746 2154 783 amen
2203 730 2334 783 dico
2396 730 2589 795 vobis,
2649 746 2764 783 non
2817 734 3011 799 potest
3057 730 3241 783 Filius
3291 729 3486 783 facere
3514 746 3545 783 a
3584 746 3649 784 sc

242 819 686 873 extenuationem
720 819 1300 873 Dominicacunitatis
1324 819 1586 889 objicerc
1622 836 1877 873 cousue-
1986 819 2327 889 quidquam,
2379 819 2494 871 nisi
2559 819 2713 888 quod
2774 819 2984 872 viderit
3055 820 3279 872 Patrem
3342 819 3651 873 facientem

240 912 373 976 runt,
422 908 553 978 quia
606 907 891 977 scriptum
940 911 1075 961 est:
1124 932 1144 953 α
1177 906 1281 970 Qui
1327 913 1517 961 autem
1552 908 1790 977 plantat,
1826 910 1881 960 et
1985 907 2173 975 (Joau.
2210 924 2264 977 v,
2302 907 2409 974 19).
2450 931 2470 953 υ
2516 907 2714 978 Itaque
2746 907 2891 960 nihil
2931 923 3003 960 ex
3050 922 3115 960 se
3168 906 3389 961 fecisse
3440 907 3652 962 Filium

240 998 327 1068 qui
352 999 515 1068 rigat,
548 1013 727 1050 unum
761 1002 897 1050 sunt
944 996 998 1065 (Ι
1037 996 1171 1051 Cor.
1210 1014 1286 1067 ιιι,
1315 998 1388 1065 8).
1424 1022 1442 1042 η
1482 998 1607 1051 Hoc
1654 997 1877 1063 Ariani,
1988 996 2207 1064 dicunt,
2242 1011 2351 1049 nec
2383 995 2579 1050 facere
2611 1012 2812 1066 posse,
2855 997 2969 1050 nisi
3003 996 3159 1067 quod
3190 996 3406 1051 viderit
3434 996 3652 1051 facien-

239 1087 284 1141 si
303 1089 579 1156 saperent,
616 1102 733 1140 non
765 1085 1114 1156 objicercnt.
1146 1084 1451 1150 Quomodo
1471 1086 1627 1140 enim
1662 1101 1881 1157 negare
1988 1088 2105 1139 tem
2138 1086 2392 1139 Patrem.

239 1179 497 1230 conantur
526 1175 660 1246 quia
686 1176 856 1228 Pater
878 1175 1141 1229 et'Filius
1165 1192 1342 1229 unum
1376 1178 1533 1241 sunt,
1568 1192 1697 1229 cum
1730 1176 1883 1228 Pau~

236 1264 318 1317 lus
346 1266 400 1318 et
427 1264 633 1333 Apollo
667 1267 721 1317 et
754 1266 960 1317 natura
984 1281 1162 1318 unum
1196 1264 1313 1317 sint
1346 1268 1402 1317 et
1433 1264 1592 1317 fide?
1635 1263 1748 1317 Sed
1793 1268 1883 1317 ta-

239 1368 357 1407 men
385 1368 488 1422 per
515 1352 710 1407 omnia
742 1368 922 1407 unum
967 1368 1104 1406 esse
1139 1369 1255 1406 non
1304 1356 1576 1423 possunt,
1611 1353 1745 1423 quia
1776 1369 1881 1407 ne-

235 1447 438 1512 queunt
460 1443 786 1512 comparari
822 1442 1073 1495 humana
1107 1442 1346 1496 divinis.

298 1531 377 1585 35.
410 1531 828 1601 inseparabilis
887 1547 1032 1602 ergo
1082 1531 1242 1585 Deus
1278 1533 1450 1585 Pater
1470 1531 1685 1599 Verbo,
1722 1532 1885 1584 inse-

237 1620 494 1690 parabilis
524 1622 765 1689 virtute,
799 1621 1216 1690 inseparabilis
1240 1621 1523 1690 sapientia
1545 1637 1649 1690 per
1672 1620 1887 1673 divina)

232 1710 488 1764 unitatem
519 1711 911 1779 substantiae;
945 1714 1001 1764 et
1032 1714 1123 1764 est
1156 1711 1213 1763 in
1247 1710 1416 1779 Filio,
1440 1712 1594 1767 sicut
1612 1710 1886 1779 frequen-

231 1802 311 1852 ter
334 1802 421 1853 est
443 1800 735 1869 scriptum
768 1815 779 1852 :
816 1802 908 1853 est
936 1815 1078 1853 vero
1101 1815 1218 1853 non
1244 1802 1303 1853 ut
1334 1804 1605 1870 egentem
1637 1798 1892 1852 sanctiﬁ-

2062 1192 2150 1246 39.
2184 1191 2231 1246 Ο
2277 1193 2531 1262 praescia
2589 1192 2877 1263 sapientia
2920 1192 3243 1248 infidelium
3272 1195 3656 1265 argumento-

1991 1297 2120 1334 rum
2144 1284 2170 1334 ?
2200 1297 2332 1351 quae
2364 1281 2622 1352 subjecit
2650 1283 2806 1353 quod
2830 1283 3109 1353 solveret,
3126 1282 3538 1353 quaestionem,
3558 1282 3659 1336 ad-

1993 1370 2185 1424 dendo
2207 1370 2365 1440 quod
2397 1370 2667 1441 sequitur
2699 1387 2711 1426 :
2742 1396 2763 1419 «
2789 1370 2934 1435 Quia
2965 1387 3336 1442 quaecunque
3376 1371 3472 1425 ille
3494 1370 3658 1425 fece-

1991 1459 2085 1526 rit,
2112 1459 2314 1512 eadem
2333 1463 2389 1513 et
2409 1458 2591 1513 Filius
2616 1460 2751 1514 facit
2772 1461 3042 1515 similiter
3063 1461 3265 1530 (lbid.)
3284 1477 3298 1529 ;
3314 1461 3427 1515 hoc
3449 1476 3660 1530 nempe

1996 1548 2280 1618 sequitur.
2315 1548 2433 1601 Cur
2476 1564 2621 1620 ergo
2652 1550 2940 1619 scriptum
2987 1554 3078 1603 est
3111 1566 3123 1604 :
3154 1550 3368 1604 Eadem
3394 1550 3531 1603 facit
3561 1548 3661 1602 Fi-

1996 1637 2130 1703 lius,
2155 1637 2341 1707 (1l)et
2371 1654 2488 1691 non
2521 1639 2689 1705 talia;
2721 1639 2837 1692 nisi
2869 1642 2930 1692 ut
2960 1640 3018 1692 in
3048 1638 3196 1693 Filio
3215 1639 3516 1708 unitatem,
3541 1654 3661 1693 non

1994 1726 2376 1780 imitationem
2399 1729 2626 1796 paterni
2646 1728 2844 1797 operis
2877 1728 3208 1782 aestimares
3226 1729 3254 1781 ?

2070 1832 2157 1887 40.
2183 1832 2297 1887 Sed
2323 1838 2514 1887 tamen
2543 1835 2603 1887 ut
2627 1834 2860 1888 illorum
2892 1850 3126 1906 quoque
3159 1837 3508 1907 argumenta
3544 1836 3667 1889 dis-

233 1887 488 1995 ?ﬂlsig?’
516 1891 744 1995 Anci???
1054 1888 1515 1995 'fni’let‘fuqu‘“
1925 1919 1976 1980 Β
2002 1925 2312 1991 cutiamus,
2337 1939 2538 1993 quaaro
2562 1925 2623 1976 ut
2662 1924 3078 1995 respondeant,
3106 1929 3300 1979 utrum
3342 1926 3536 1979 videat
3568 1924 3669 1979 Fi-

232 1976 322 2030 Dei
352 1977 568 2032 virtus.
620 1978 745 2031 Nec
788 1977 945 2031 enim
977 1977 1165 2031 virtus
1194 1977 1409 2031 virtute
1432 1981 1715 2049 augetur;
1757 1976 1890 2047 quia

231 2082 336 2120 non
376 2066 519 2121 duae-
552 2067 824 2134 virtutes,
879 2067 986 2120 sed
1028 2083 1141 2120 una
1174 2067 1363 2121 virtus
1399 2082 1411 2122 :
1458 2083 1566 2120 nec
1615 2066 1892 2119 divinitas
1931 2127 1934 2131 ,

230 2154 585 2211 divinitatem
616 2156 863 2225 accipit;
897 2157 1032 2226 quia
1075 2171 1192 2209 non
1224 2156 1356 2209 dum
1390 2156 1748 2223 divinitates,
1783 2154 1890 2207 sed

230 2260 332 2297 una
386 2245 674 2299 divinitas
709 2261 721 2299 :
756 2260 868 2299 nos
899 2247 1093 2299 autem
1122 2260 1229 2315 per
1260 2248 1559 2315 acceptam
1584 2247 1639 2298 et
1662 2243 1895 2296 inhabi-

230 2336 429 2388 tantem
459 2334 520 2388 in
550 2334 729 2388 nobis
757 2334 1035 2388 virtutem
1055 2334 1170 2405 (10)
1203 2349 1382 2388 unum
1418 2349 1619 2388 ermus
1640 2332 1699 2386 in
1721 2332 1894 2386 Chri-

231 2426 334 2476 sto.

289 2511 374 2566 36.
398 2512 754 2566 Communis
785 2527 930 2585 ergo
959 2512 1168 2581 littera,
1195 2512 1299 2566 sed
1325 2512 1676 2582 discrepans
1700 2510 1898 2564 divina

230 2600 598 2672 humanaque
619 2601 974 2656 substantia.
1008 2602 1135 2657 Nos
1159 2618 1341 2655 unum
1373 2602 1596 2656 erimus
1639 2602 1812 2653 Pater
1843 2602 1900 2654 et

229 2688 400 2744 Filius
432 2707 625 2745 unum
656 2694 795 2745 sunt
828 2707 840 2746 :
891 2707 1003 2746 nos
1035 2691 1364 2746 secundum
1394 2690 1661 2763 gratiam,
1715 2688 1900 2743 Filius

230 2781 557 2835 secundum
587 2780 1001 2835 substantiam.
1024 2780 1153 2835 Alia
1185 2783 1377 2835 autem
1396 2796 1503 2851 per
1533 2778 1901 2851 conjunctio-

229 2884 369 2938 nem,
402 2870 515 2924 alia
572 2885 679 2939 per
716 2872 983 2924 naturam
1029 2870 1246 2924 unitas.
1302 2870 1565 2940 Denique
1594 2868 1730 2922 vide
1761 2867 1901 2939 quid

230 2963 348 3013 ante
380 2958 751 3030 praemiserit
784 2975 795 3012 :
834 2980 860 3008 «
896 2960 969 3012 Ut
1003 2973 1213 3013 omnes
1244 2973 1426 3012 unum
1466 2957 1604 3026 sint,
1640 2957 1795 3011 sicut
1814 2960 1895 3025 tu,

231 3048 406 3117 Pater,
434 3050 495 3102 in
526 3063 651 3115 me,
678 3050 736 3102 et
756 3064 870 3119 ego
892 3048 951 3101 in
970 3051 1024 3102 te
1046 3049 1227 3117 (Joan.
1253 3063 1395 3115 xvu,
1419 3045 1530 3117 9.1).
1570 3068 1590 3095 ››

290 3138 373 3191 3Ἷ.
406 3137 749 3192 Considera
778 3153 924 3209 ergo
955 3138 1091 3208 quia
1143 3153 1257 3191 non
1291 3136 1438 3189 dixit
1469 3152 1482 3190 :
1517 3139 1579 3190 tu
1613 3136 1671 3189 in
1703 3134 1900 3203 nobis,

231 3230 281 3280 et
307 3243 414 3282 nos
460 3228 521 3281 in
566 3231 619 3280 te
653 3242 665 3280 :
701 3227 809 3280 sed
844 3250 865 3273 «ι
900 3229 961 3280 tu
997 3228 1057 3280 in
1089 3241 1202 3292 me,
1235 3229 1292 3280 et
1322 3241 1435 3297 ego
1467 3225 1524 3278 in
1556 3228 1646 3293 te;
1677 3246 1698 3273 η
1744 3226 1806 3278 ut
1836 3239 1903 3277 se

231 3331 258 3368 ιι
293 3317 595 3371 creaturis
629 3319 951 3385 separaret.
970 3315 1041 3369 Et
1060 3315 1283 3370 addidit
1314 3329 1326 3368 :
1366 3336 1387 3365 ci
1426 3314 1496 3368 Et
1516 3313 1615 3368 isti
1637 3314 1695 3367 in
1726 3312 1903 3367 nobis

231 3404 457 3475 (lbid.,»
478 3409 549 3460 ut
574 3405 746 3458 etiam
767 3405 861 3459 hic
880 3420 1048 3459 suam
1066 3404 1383 3475 potentiam
1398 3408 1455 3458 et
1474 3403 1664 3458 Patris
1682 3419 1714 3457 a
1732 3402 1906 3457 nobis

230 3484 368 3549 528
411 3497 790 3563 secerneret,
841 3497 905 3547 ut
950 3493 1108 3565 quod
1157 3508 1269 3547 nos
1327 3492 1386 3546 in
1434 3494 1606 3546 Patre
1665 3494 1722 3546 et
1758 3490 1904 3545 Filio

230 3597 399 3638 unum
429 3598 677 3652 sumus,
719 3598 838 3636 non
880 3585 1104 3637 natura;
1137 3582 1406 3637 videatur
1435 3597 1594 3651 esse,
1628 3581 1734 3635 sed
1767 3595 1907 3652 gra-

228 3671 316 3726 tiae
351 3688 363 3727 :
416 3672 592 3744 quod
636 3675 826 3726 autem
869 3670 1058 3725 Filius
1092 3675 1148 3726 et
1176 3672 1349 3725 Pater
1376 3687 1559 3725 unum
1598 3672 1755 3739 sunt,
1788 3684 1907 3723 non

232 3759 335 3814 hoc
366 3761 569 3816 Filius
598 3761 907 3831 accepisse
929 3776 1035 3831 per
1052 3762 1320 3833 gratiam,
1355 3762 1461 3815 sed
1484 3758 1827 3815 naturaliter
1848 3760 1909 3813 ut

232 3847 409 3906 Filius
439 3850 771 3923 possidere
793 3851 1087 3904 credatur.

884 3956 1138 4012 CAPUT
1178 3956 1271 4011 IV.

236 4063 541 4133 Objectum
594 4063 669 4118 ab
727 4063 1037 4118 haereticis
1068 4063 1253 4118 locum
1286 4063 1493 4117 illum:
1538 4062 1673 4117 Νοιι
1716 4063 1911 4133 potest

301 4121 487 4191 Pilius
523 4138 729 4190 facere
759 4152 791 4187 a
820 4151 886 4189 se
909 4135 1247 4205 quidquam,
1274 4139 1385 4188 etc.
1418 4135 1606 4201 (Joan.
1644 4121 1904 4205 v,‘19),»

292 4210 485 4278 primo
527 4224 563 4261 e
602 4204 1109 4277 subsequentibus
1145 4207 1349 4260 verbis
1387 4205 1657 4278 exponit;
1691 4204 1910 4278 deinde

300 4276 579 4350 Singulas
598 4276 828 4350 integri
841 4284 1042 4331 textus
1063 4293 1234 4350 voces
1248 4276 1911 4350 expendens,easAria-

305 4366 374 4402 na
396 4347 911 4420 interpretatione
930 4349 1082 4401 sumi
1102 4348 1234 4401 sine
1252 4347 1555 4419 impietate
1572 4353 1669 4401 aut
1694 4347 1910 4420 absur-

303 4421 495 4475 ditate
528 4418 974 4491 haudquaquam
983 4435 1178 4491 posse,
1195 4418 1563 4491 potiSsimum
1587 4418 1913 4472 creationis

303 4493 512 4616 minui];
539 4504 602 4546 et
628 4489 1005 4563 quorumdam
1025 4489 1258 4545 CliriSti
1277 4489 1694 4544 miraculorum
1717 4506 1913 4545 exem-

307 4579 340 4616 ι)
366 4566 421 4616 is
497 4568 677 4616 ocet..

300 4564 421 4633 piis
452 4564 653 4618 docet.
672 4604 677 4609 .

2003 2014 2117 2067 lius
2158 2028 2335 2082 Opera
2384 2012 2593 2066 Patris.
2630 2012 2800 2066 Videt
2833 2014 3046 2084 itaque,
3100 2030 3174 2067 an
3205 2016 3367 2097 non?
3395 2014 3458 2068 Si
3489 2014 3668 2083 videt,

2006 2118 2152 2174 ergo
2176 2106 2231 2155 et
2260 2101 2400 2154 facit
2432 2117 2443 2155 ε
2489 2101 2540 2154 si
2575 2100 2733 2170 facit,
2770 2102 3045 2155 desinant
3076 2103 3535 2173 omnipotentem
3568 2118 3671 2157 ne-

2006 2207 2169 2263 gare,
2213 2206 2388 2261 quem
2421 2190 2614 2244 omnia
2656 2206 2839 2260 posse
2872 2191 3090 2263 facere,
3141 2208 3275 2263 quae
3305 2193 3543 2247 Patrem
3582 2191 3672 2246 fa-

2008 2281 2258 2335 cientem
2279 2279 2511 2349 viderit,
2547 2280 2920 2334 conﬁtentur.

2077 2384 2167 2441 41.
2201 2385 2349 2450 Quid
2374 2389 2465 2441 est
2486 2389 2700 2457 autem,
2738 2387 2962 2441 viderit
2986 2386 3014 2440 .9
3042 2385 3529 2458 Corporaliumne
3561 2386 3673 2441 ali-

2009 2477 2145 2548 quis
2178 2491 2326 2530 usus
2357 2475 2663 2530 oculorum
2695 2479 2785 2530 est
2807 2478 2835 2530 ‘?
2856 2476 2971 2530 Sed
2994 2478 3047 2531 si
3077 2477 3191 2532 hoc
3220 2477 3292 2531 de
3315 2476 3464 2531 Filio
3494 2478 3678 2532 velint

2012 2567 2228 2635 dicere,
2264 2565 2591 2635 corporalis
2615 2566 2785 2619 etiam
2819 2565 2877 2619 in
2911 2566 3079 2621 Patre
3112 2582 3286 2620 usum
3316 2566 3427 2635 (12)
3464 2582 3676 2637 opera-

2011 2654 2191 2710 tionis
2246 2654 2597 2724 ostendent;
2645 2657 2706 2708 ut
2750 2654 3063 2710 facientem
3102 2656 3315 2727 videat,
3358 2656 3516 2727 quod
3548 2656 3678 2727 ipse

2014 2745 2279 2800 facturus
2303 2748 2413 2799 est.

2081 2835 2172 2889 41.
2204 2834 2349 2899 Quid
2383 2836 2475 2889 est
2495 2838 2690 2889 autem
2723 2848 2734 2889 :
2773 2858 2793 2881 α
2834 2833 2965 2890 Non
2996 2840 3192 2907 potest
3213 2833 3399 2891 Filius
3433 2835 3626 2891 facere
3647 2852 3681 2891 ει

2016 2941 2082 2979 se
2115 2925 2523 2995 quidquam?»
2562 2925 2688 2979 Hoc
2712 2924 3170 2997 interrogemus,
3206 2926 3319 2981 hoc
3346 2925 3683 2981 considere-

2018 3030 2172 3068 mus.
2210 3013 2311 3066 Est
2344 3029 2489 3085 ergo
2511 3013 2733 3084 aliquid
2764 3015 3135 3085 impossibile
3156 3016 3257 3070 Dei
3283 3015 3486 3070 virtuti
3506 3018 3681 3086 atque

2018 3103 2370 3175 sapientiae?
2405 3103 2530 3156 Hoc
2560 3108 2652 3157 est
2681 3103 2835 3157 enim
2854 3104 2957 3159 Dei
2980 3104 3186 3173 Filius,
3210 3102 3311 3176 qui
3332 3105 3532 3176 utique
3564 3121 3682 3159 non

2019 3194 2271 3248 alienam
2319 3192 2546 3262 accepit
2592 3192 3016 3262 fortitudinem,
3052 3194 3160 3247 sed
3188 3194 3685 3264 quemadmodum

1940 3281 1991 3344 Ο
2022 3285 2134 3337 vita
2170 3286 2282 3350 est,
2300 3298 2415 3336 non
2438 3281 2625 3335 aliena
2649 3283 3043 3336 viviticatione
3062 3282 3377 3351 subnixus,
3404 3282 3509 3336 sed
3533 3282 3684 3337 alios

2021 3372 2330 3426 viviticans
2353 3371 2516 3442 :quia
2541 3372 2668 3441 ipse
2682 3371 2798 3424 vita
2815 3375 2906 3425 est
2933 3386 2944 3426 :
2971 3372 3045 3425 ita
3065 3371 3237 3425 etiam
3261 3372 3548 3441 sapientia
3571 3377 3682 3441 est,

2022 3478 2139 3517 non
2170 3460 2342 3532 quasi
2375 3460 2666 3530 insipiens
2705 3461 3006 3530 accipiens
3039 3461 3409 3531 sapientiam,
3446 3460 3554 3515 sed
3585 3461 3687 3532 qui

2021 3552 2093 3605 de
2118 3567 2228 3605 suo
2250 3551 2399 3605 alios
2427 3550 2602 3603 faciat
2630 3566 2770 3604 esse
2798 3550 3100 3621 sapientes
3134 3566 3146 3604 :
3182 3551 3260 3603 ita
3292 3550 3465 3604 etiam
3497 3550 3686 3604 virtus

2022 3644 2132 3708 est,
2183 3656 2300 3695 non
2340 3639 2510 3710 quasi
2543 3655 2648 3709 per
2676 3639 3069 3695 inﬁrmitatem
3101 3643 3462 3695 consecutus
3496 3640 3687 3694 incre-

2024 3733 2218 3785 menta
2246 3729 2500 3797 virtutis,
2553 3728 2659 3783 sed
2690 3728 2818 3799 ipse
2852 3729 3060 3799 virtus,
3094 3729 3195 3800 qui
3219 3729 3491 3784 virtutem
3515 3727 3686 3783 forti-

1984 3892 1989 3899 .
2024 3822 2140 3876 bus
2170 3818 2471 3891 largiatur.

2096 3920 2184 3975 43.
2208 3918 2514 3984 Quomodo
2547 3933 2692 3989 ergo
2709 3917 2898 3972 virtus
2929 3917 3099 3988 quasi
3133 3933 3264 3971 cum
3290 3914 3691 3989 jurisjurandi

2024 4009 2395 4065 attestatione
2414 4008 2582 4062 dicit:
2612 4030 2632 4053 «
2658 4008 3044 4077 Amen,amen
3064 4007 3195 4061 dico
3219 4007 3392 4061 vobis
3418 4029 3439 4054 υ
3462 4006 3687 4075 (Ibid.),

2025 4099 2185 4171 quod
2234 4102 2325 4152 est
2367 4114 2379 4152 ε
2430 4095 2729 4166 Fideliter,
2773 4096 3022 4151 fideliter
3050 4096 3163 4168 (13)
3192 4096 3369 4151 dico?
3412 4094 3693 4149 Fideliter

2026 4187 2172 4252 529
2224 4201 2368 4258 ergo
2404 4190 2575 4257 dicis,
2618 4186 2861 4241 Domine
2894 4186 3060 4255 Jesu,
3086 4190 3142 4240 et
3174 4202 3307 4240 cum
3338 4184 3693 4239 sacramenti

2027 4285 2278 4358 quadam
2303 4280 2649 4350 repetitione
2673 4275 3169 4346 contirmas’quod
3194 4274 3338 4329 nihil
3362 4274 3556 4328 facere
3588 4288 3691 4342 po-

2026 4374 2262 4442 tes,nisi
2284 4370 2439 4443 quod
2460 4367 2768 4422 facientem
2788 4367 3019 4419 Patrem
3036 4364 3276 4418 videris.
3295 4362 3511 4416 Fecisti
3532 4377 3694 4414 mun-

2028 4466 2186 4533 dum,
2226 4459 2508 4531 numquid
2556 4456 2801 4510 alterum
2843 4454 3122 4508 mundum
3157 4455 3326 4506 Pater
3356 4455 3492 4504 tuus
3531 4449 3687 4518 fecit,

2028 4570 2202 4627 quem
2222 4552 2390 4623 quasi
2407 4548 2477 4602 ad
2493 4545 2795 4614 exemplar
2811 4542 3114 4612 acceperis
3128 4542 3156 4594 ?
3172 4555 3316 4611 ergo
3329 4554 3582 4593 necesse
3600 4540 3693 4592 est

305 4628 392 4707 ea.
419 4651 629 4724 [Alias
675 4667 804 4722 cap.
856 4649 976 4723 ιιι]
1020 4650 1191 4705 Aliud
1225 4667 1436 4706 rursus
1470 4649 1777 4722 objiciunt,
1810 4665 1913 4705 as-
1950 4645 2322 4707 Dfateantur
2348 4636 2512 4707 impii
2542 4637 2639 4689 aut
2671 4633 2821 4686 duos
2852 4631 3097 4702 (“Mm
3128 4633 3285 4683 certe
3316 4628 3533 4682 multos
3553 4643 3691 4682 esse

307 4794 385 4865 (9)
418 4794 649 4849 Omnes
680 4794 818 4848 edit.
852 4810 919 4848 ac
951 4794 1066 4850 duo
1097 4810 1267 4862 mss.,
1299 4816 1320 4844 α
1357 4796 1632 4865 egentem
1666 4793 1913 4865 rsignifi-

244 4880 430 4938 cans:
480 4891 505 4914 η
564 4866 775 4936 reliqui
823 4882 997 4933 mss.,
1061 4890 1082 4916 α
1134 4869 1407 4938 egentem
1457 4864 1857 4938 sanctii‘ieans.
1888 4886 1908 4912 »

246 4935 433 5008 Magis
497 4935 830 4992 commode.
879 4935 1404 5008 Caeterum'obiler
1445 4935 1917 4989 observabimus

242 5006 523 5063 Arianam
560 5008 712 5062 hanc
743 5008 1060 5063 verborum
1091 5006 1336 5063 Joannis
1376 5007 1917 5076 interpretationem

245 5079 565 5133 admodum
592 5095 962 5134 communem
986 5080 1197 5134 fuisse.
1232 5080 1380 5132 Nam
1406 5083 1631 5148 praeter
1661 5078 1916 5131 Ambro-

246 5149 397 5222 sium
428 5154 729 5218 nostrum,
762 5151 1027 5205 eamdem
1060 5166 1294 5222 quoque
1326 5149 1702 5222 referentes
1738 5149 1915 5222 refel-

248 5219 369 5275 lunt
399 5222 771 5276 Athanasius
809 5226 954 5276 orat.
1006 5222 1039 5276 4
1069 5219 1224 5276 cont.
1261 5223 1487 5288 Arian.,
1521 5220 1783 5274 Hilarius
1813 5220 1915 5274 lib.

248 5306 345 5364 _Vlll
376 5292 454 5364 de
485 5292 728 5357 Trinit.,
756 5294 1008 5364 August.
1036 5293 1136 5347 lib.
1156 5311 1216 5346 ιιι
1254 5293 1421 5348 Cont.
1457 5291 1719 5362 Maxim.,
1741 5290 1922 5362 Cyril-

248 5360 339 5417 lus
369 5363 553 5418 Alex.
585 5368 640 5417 et
660 5364 778 5417 alii.

316 5434 430 5497 (10)
458 5434 624 5488 Idem
655 5435 809 5506 cod.,
850 5459 871 5481 «ς
898 5438 1173 5507 percepta
1196 5438 1252 5489 et
1280 5434 1639 5489 inhabitante
1658 5433 1717 5487 in
1746 5432 1920 5488 nobis

250 5505 487 5560 virtute.
514 5530 539 5553 ιι

319 5576 434 5645 (11)
469 5576 620 5630 Mss.
644 5577 886 5649 aliquot,
924 5600 946 5624 ‹‹
982 5581 1038 5633 et
1068 5594 1184 5633 non
1217 5578 1364 5645 alia;
1402 5576 1675 5649 {reliqui
1704 5579 1761 5630 et
1781 5575 1918 5649 edit.

253 5661 485 5716 omnes,
518 5670 542 5693 ιι
579 5652 631 5702 et
662 5646 779 5704 non
820 5646 977 5704 talia.
1008 5673 1029 5699 η
1059 5651 1314 5718 Rectus;
1349 5647 1554 5703 eadem
1586 5646 1802 5718 quippe
1833 5646 1922 5700 fa-

256 5731 410 5791 cere,
448 5720 802 5791 aqualitatis
847 5725 972 5790 est;
1022 5721 1178 5791 talia,
1230 5721 1290 5775 id
1339 5722 1433 5775 est
1472 5720 1708 5791 similia,
1739 5719 1925 5791 imita-

253 5788 455 5851 tionis.
497 5788 904 5864 Objectionem
929 5788 1129 5869 porro,
1155 5788 1332 5870 quam
1359 5806 1437 5851 ex
1465 5789 1759 5869 superiori
1790 5788 1921 5850 loco

546 5904 797 5971 ΡΑτιιοιι.
838 5908 991 5972 XVI.

2030 4786 2321 4857 urgebant
2352 4779 2572 4844 Ariani,
2608 4792 2723 4857 non
2762 4773 2957 4857 solum
2989 4772 3106 4857 ilic,
3153 4775 3208 4826 et
3237 4770 3413 4857 lib.‘u
3450 4768 3695 4857 Dentgpi-

2030 4841 2153 4913 mf"
2185 4861 2407 4920 sancto,
2445 4841 2572 4918 cap.
2608 4845 3290 4920 12,#conl‘utat;‘verum
3323 4843 3495 4895 etiam
3526 4841 3695 4920 ιιιωι

2030 4912 2314 4983 Ilcxaem.
2340 4912 2467 4991 cap.
2501 4912 2551 4983 5,
2581 4912 2759 4991 n.71'l,
2785 4917 2921 4991 etin
2946 4912 3092 4986 psal.
3119 4931 3297 4991 cxviu
3320 4928 3578 4967 sermon.
3601 4912 3690 4980 20,

2031 5016 2190 5054 num.
2224 4996 2311 5058 3‘2,
2348 4986 2522 5064 quem
2554 4987 3026 5044 ultimumlocum
3051 5002 3168 5040 non
3202 4986 3330 5040 sine
3355 5000 3551 5055 operae
3569 4999 3697 5055 pre-

2033 5073 2111 5125 tio
2144 5062 2533 5123 examinabis.

2102 5142 2215 5211 (12)
2236 5134 2518 5211 Nonnulli
2536 5148 2735 5211 mssa}
2761 5130 2977 5211 aliquis
3008 5131 3180 5211 visus
3202 5127 3509 5184 oculorum
3532 5129 3691 5181 est...

2032 5204 2372 5282 corporales
2405 5205 2660 5282 etiamin
2682 5204 3073 5282 Patrevisus,
3095 5205 3206 5282 etc.
3236 5225 3257 5249 η

2102 5269 2215 5353 (13)
2230 5282 2398 5335 Hunc
2413 5276 2811 5353 significatum
2829 5274 3105 5353 dictionis
3126 5274 3316 5353 Amen
3340 5269 3696 5353 traditetiam

2033 5340 2431 5423 Hieronymus
2474 5340 2663 5423 vepist.
2697 5346 2819 5423 1214,
2856 5347 3110 5423 quaeest
3149 5345 3238 5423 Ad
3277 5340 3692 5423 SOpli_ronium,

2032 5410 2088 5482 et
2115 5426 2234 5491 137,
2261 5410 2392 5495 quce
2426 5410 2894 5474 Ad'Marcellam'.
2922 5417 2983 5469 In
3007 5417 3129 5495 illis
3147 5420 3340 5495 autem
3360 5410 3514 5495 alias
3546 5410 3695 5495 d‘nas

2033 5479 2385 5570 quandoque
2400 5508 2510 5570 pro
2525 5503 2791 5570 vereseu
2817 5505 3017 5570 verum
3041 5479 3698 5570 estnponiturﬁasdem

2032 5552 2310 5624 similiter
2360 5552 2608 5619 admittit
2657 5560 3033 5627 Ambrosius,
3086 5552 3339 5628 priorem
3378 5552 3605 5628 scilicet
3637 5552 3698 5602 in

2032 5621 2256 5714 psalmi.
2291 5655 2386 5707 XL,
2427 5651 2586 5714 num.
2628 5631 2992 5714 ‘86,“alteram
3022 5621 3217 5684 autem
3245 5626 3346 5680 lib.
3388 5622 3475 5678 De
3507 5621 3697 5695 Myst.

2035 5703 2834 5785 δερ-θμιιυίιιοβίίνθέωίδὲ·
3194 5763 3527 5785 ,ιε

2105 5763 2436 5861 mihi“!
2474 5763 2588 5838 110,0
2635 5775 2768 5835 loco
2799 5773 2988 5850 tangit
3017 5770 3110 5830 vir
3149 5768 3395 5825 sanctus
3431 5763 3702 5839 philoso-

3326 5883 3419 5955 21.
