3982 6174
219 391 300 456 653
1535 381 1648 447 DE
1690 379 1885 447 FIDE
1929 380 2088 451 LIB.
2131 381 2243 450 ιν.

3461 383 3586 450 854

207 585 439 646 sensibilie
457 600 558 656 per
579 587 865 653 naturam,
920 589 974 639 et
1018 585 1357 652 immobilis,
1408 586 1564 640 sicut
1602 585 1751 656 lapis
1774 588 1801 640 ‘3
1839 569 1869 628 Χ
1915 585 2236 656 cernimus,
2268 585 2423 658 quod
2457 599 2646 658 neque
2679 585 3080 656 insensibilis,
3123 600 3316 659 neque
3349 584 3583 643 infirma

203 677 362 748 Lapsis
393 674 616 746 quidem
643 677 735 729 est
765 674 960 744 impiis
996 675 1052 727 in
1087 675 1334 741 ruinam,
1387 675 1664 729 fidelibus
1699 691 1804 728 an-

195 765 389 838 gularis.
425 763 531 818 Sed
554 777 670 818 non
694 763 1088 830 insensibilis,
1124 779 1303 833 supra
1344 779 1520 834 quem
1543 763 1800 818 sensibi-

191 855 298 909 lium
321 852 644 924 populorum
694 853 902 907 fideles
948 851 1317 906 aedificantur
1346 851 1615 906 affectus.
1670 852 1801 905 Non

189 942 448 998 immobilis
477 947 677 1012 petra:
715 962 736 990 α
788 941 1074 995 Bibebant
1105 941 1260 996 enim
1299 956 1374 995 ex
1415 941 1803 1012 consequenti

189 1036 344 1102 petra;
382 1034 535 1101 petra
584 1032 778 1084 autem
833 1032 958 1084 erat
988 1029 1266 1083 Christus
1296 1030 1348 1100 (Ι
1381 1030 1516 1084 Cor.
1561 1047 1620 1098 x,
1662 1029 1736 1097 4).
1775 1051 1796 1078 ι

185 1119 287 1174 Νοιι
312 1134 435 1191 ergo
481 1123 789 1190 paternum
834 1133 986 1189 opus
1031 1133 1138 1188 per
1186 1123 1412 1173 naturae
1462 1118 1799 1173 distantiam

186 1207 494 1279 impossibile
523 1205 785 1262 Christo.

235 1315 306 1370 53.
333 1313 614 1386 Numquid
638 1314 786 1369 forte
817 1331 924 1386 per
953 1313 1312 1369 debilitatem
1343 1313 1718 1384 impossibile
1740 1313 1799 1368 ei

181 1403 356 1474 aliquid
394 1403 802 1458 existimamus
829 1405 856 1458 ?
899 1402 1019 1458 Sed
1069 1418 1186 1458 non
1226 1402 1324 1457 ille
1367 1402 1604 1473 debilis,
1649 1403 1788 1465 531

181 1492 261 1564 qui
285 1493 498 1547 aliorum
532 1492 866 1547 debilitates
891 1492 1178 1562 imperiali
1219 1506 1494 1546 sermone
1528 1491 1794 1545 sanabat.

181 1584 253 1636 An
276 1581 453 1636 debilis
484 1581 828 1651 videbatur,
865 1597 998 1636 cum
1027 1580 1348 1652 paralytico
1387 1581 1743 1651 praecipiens
1781 1596 1794 1636 :

180 1692 197 1719 ι
233 1670 364 1726 Tolle
397 1671 706 1744 grabatum
738 1675 921 1740 tuum,
947 1674 1004 1725 et
1034 1670 1268 1724 ambula
1296 1670 1509 1740 (Marc.
1535 1686 1594 1739 ιι,
1630 1669 1738 1739 11),
1770 1693 1791 1719 υ

173 1760 393 1814 sanitatis
415 1758 543 1831 jam
583 1760 896 1814 mandabat
936 1759 1236 1829 officium,
1289 1775 1422 1814 cum
1466 1759 1660 1813 adhuc
1700 1760 1795 1814 ille

171 1848 444 1903 remedium
480 1849 804 1904 debilitatis
841 1849 1081 1903 oraret?
1126 1848 1298 1902 Nunc
1328 1847 1543 1902 debilis
1593 1847 1796 1902 Domi-

1913 677 2106 745 potest
2137 690 2274 728 esse
2319 676 2420 729 Dei
2451 676 2660 729 viitus.
2697 675 2994 746 Numquid
3029 677 3263 730 tertium
3302 676 3581 747 profertis

1911 764 1970 817 in
2007 763 2261 818 medium
2287 806 2300 830 ,
2363 765 2518 834 quod
2569 765 2741 835 quasi
2791 766 3097 834 imperitus
3136 765 3265 820 sine
3293 765 3580 837 magistro

1913 851 2107 906 facere
2140 852 2282 906 nihil
2318 853 2532 922 possit,
2563 857 2661 907 aut
2691 868 2906 907 servus
2943 855 3071 908 sine
3103 854 3387 909 domino?
3420 853 3579 925 Ergo

1914 943 2190 996 mentitus
2222 957 2312 1004 es,
2348 942 2591 997 Domine
2623 942 2789 1010 Jesu,
2815 943 2913 1012 qui
2954 945 3009 996 te
3041 946 3096 997 et
3127 945 3496 1014 magistrum,
3523 946 3582 998 et

1867 1019 2212 1085 'dominum
2243 1031 2372 1101 ipse
2403 1030 2601 1084 dixisti
2637 1046 2650 1085 :
2677 1033 2732 1084 et
2760 1029 3019 1085 fefellisti
3060 1031 3387 1102 discipulos
3419 1035 3577 1102 tuos,

1913 1120 2155 1174 dicens:
2188 1143 2208 1169 «ι
2241 1120 2362 1175 Vus
2394 1120 2620 1175 vocatis
2651 1135 2743 1174 me
2786 1119 3136 1191 magistrum
3168 1123 3224 1175 et
3253 1120 3576 1190 dominum,

1911 1213 1966 1262 et
1988 1209 2138 1264 bene
2171 1209 2365 1278 dbitis
2397 1208 2549 1280 (18);
2580 1224 2713 1263 sum
2758 1209 2973 1263 etenim
3008 1208 3196 1278 (Joan.
3238 1225 3362 1279 xui,
3397 1207 3508 1279 13).
3550 1229 3573 1258 ι

1909 1297 2023 1353 Sed
2048 1314 2164 1352 non
2198 1282 2459 1368 falleres,
2483 1299 2723 1366 veritas,
2759 1313 2865 1353 eos
2887 1298 3220 1368 praesertim
3248 1313 3402 1370 quos
3426 1297 3577 1352 ami-

1910 1402 2014 1442 cos
2046 1386 2293 1443 vocasti.

1979 1510 2068 1567 58.
2110 1512 2329 1567 Tamrn
2376 1513 2428 1568 si
2459 1515 2520 1567 ut
2549 1512 2884 1584 imperitum
2913 1515 2970 1568 te
3016 1511 3090 1567 ab
3120 1511 3347 1567 artifice
3379 1527 3578 1568 secer-

1909 1603 2072 1670 nunt,
2104 1601 2359 1655 viderint
2391 1605 2451 1656 ut
2490 1602 2593 1656 tibi
2639 1601 2773 1672 (19),
2807 1601 2921 1656 hoc
2961 1605 3075 1670 est,
3125 1601 3228 1656 Dei
3268 1601 3578 1673 sapientia:

1909 1690 2104 1744 dicant
2134 1691 2400 1760 peritiam
2432 1690 2734 1760 defuisse;
2777 1691 3056 1745 unitatem
3074 1693 3267 1745 tamen
3300 1691 3578 1748 substan-

1906 1779 2002 1834 tiae
2035 1780 2188 1834 inter
2225 1783 2280 1834 te
2311 1783 2367 1834 et
2403 1780 2626 1834 Patrem
2650 1795 2927 1850 separare
2959 1796 3076 1834 non
3105 1783 3377 1851 possunt.
3417 1781 3579 1835 Arti-

1912 1869 2084 1923 ficem
2115 1885 2366 1940 namque
2388 1869 2461 1923 ab
2494 1869 2763 1940 imperito
2794 1869 3206 1940 imprudentia,
3234 1885 3353 1925 non
3371 1873 3580 1925 natura

168 1952 256 2030 “‘15
281 1938 579 2007 νίτίυίυῐην
620 1954 755 1992 cum
787 1937 1172 2030 illufllinafei_
1193 1951 1400 2030 939903
1426 1978 1440 2003 ν
1480 1936 1795 2030 ίηξιίηαῑέξε
1825 1947 1874 2009 Β
1908 1958 2165 2013 secernit
2191 1975 2204 2013 :
2240 1936 2348 2012 sed
2379 1973 2496 2012 non
2526 1936 2594 2012 in
2633 1958 2800 2013 Patre
2831 1936 3163 2027 artificium,
3197 1973 3392 2030 neque
3434 1959 3494 2014 in
3524 1961 3581 2015 te

167 2025 396 2097 erigeret,
436 2030 705 2082 mortuos
756 2026 1074 2082 suscitaret
1119 2024 1359 2096 (Matth.
1404 2043 1484 2091 xi,
1533 2027 1609 2096 5),
1641 2026 1795 2080 votis

161 2117 346 2170 nostris
391 2117 702 2171 medicinae
758 2118 1152 2186 prmcurreret
1201 2113 1485 2185 effectus,
1556 2118 1795 2170 orantes

164 2209 390 2275 curaret,
454 2209 514 2260 et
582 2205 830 2260 fimbrias
888 2204 1195 2259 mundaret
1269 2207 1518 2258 attactus
1579 2203 1792 2274 (Marc.

162 2307 221 2362 γι,
255 2293 391 2363 56)?

209 2397 283 2453 54.
315 2401 439 2456 Nisi
467 2401 624 2457 forte
656 2401 1015 2457 debilitatem
1047 2400 1225 2471 illam,
1260 2400 1442 2472 impii,
1477 2399 1793 2471 putabatis,

152 2490 351 2560 quando
380 2492 631 2546 vulnera
664 2491 978 2546 videbatis.
1011 2489 1194 2544 Erant
1242 2489 1483 2561 quidem
1520 2489 1619 2543 illa
1653 2504 1788 2544 eor-

152 2581 287 2646 poris
321 2580 592 2650 vulnera,
619 2579 734 2634 'sed
756 2596 874 2635 non
896 2583 1020 2634 erat
1051 2579 1319 2634 vulneris
1350 2578 1511 2634 illius
1545 2578 1660 2632 ulla
1692 2579 1795 2633 de-

148 2665 332 2738 bilitas,
374 2685 447 2724 ex
477 2685 604 2741 quo
660 2670 922 2724 omnium
968 2667 1086 2723 vita
1134 2667 1485 2739 profluebat.
1523 2667 1690 2722 Unde
1736 2670 1794 2723 et

149 2757 393 2827 propheta
433 2760 626 2815 dixit:
675 2781 696 2808 ι
751 2759 966 2814 Livore
1016 2757 1151 2830 ejus
1189 2773 1301 2812 nos
1340 2756 1533 2812 sanati
1582 2772 1793 2812 sumus

149 2844 260 2914 (lea.
290 2864 400 2918 ι.ιιι,
433 2850 513 2919 5).
567 2870 590 2899 ι
617 2848 710 2903 An
740 2849 840 2920 qui
871 2848 932 2902 in
963 2846 1207 2902 vulnere
1241 2845 1456 2901 debilis
1486 2846 1605 2900 nOn
1646 2847 1790 2914 erat,

147 2939 246 2990 erat
271 2937 327 2992 in
355 2938 660 3010 imjestate
673 2939 702 2992 ?
729 2936 1055 3006 Quomodo,
1075 2951 1300 3007 quaero.
1319 2934 1465 2990 Cum
1482 2934 1794 2990 daemoniis

148 3023 445 3097 imperaret,
479 3031 545 3083 et
582 3026 704 3082 reis
734 3029 975 3097 peccata
1005 3025 1368 3080 dimitteret?
1398 3039 1475 3079 an
1525 3039 1660 3078 cum
1690 3039 1792 3078 ro-

147 3121 286 3186 garet
321 3117 566 3172 Patrem
593 3117 621 3170 εν

196 3242 272 3296 55.
301 3241 425 3307 Quo
457 3242 599 3298 loco
633 3239 888 3295 fortasse
911 3239 1108 3294 dicant
1141 3255 1153 3294 :
1188 3238 1493 3304 Quomodo
1534 3237 1707 3294 Pater
1737 3240 1794 3293 et

140 3329 297 3387 Filius
352 3348 547 3387 unum
580 3333 758 3400 sunt,
808 3329 863 3383 si
894 3328 1082 3384 Filius
1114 3344 1270 3383 nunc
1310 3329 1594 3398 imperat,
1636 3343 1792 3382 nunc
1818 3316 1868 3378 C

138 3425 428 3489 precatur?
472 3421 550 3476 Et
580 3435 760 3474 unum
794 3421 951 3488 sunt,
997 3420 1053 3472 et
1083 3417 1350 3488 imperat,
1391 3420 1449 3472 et
1476 3420 1788 3487 precatur:

137 3511 221 3564 sed
247 3528 434 3583 neque
468 3526 613 3566 cum
633 3510 899 3580 imperat,
941 3507 1149 3576 solus;
1183 3523 1294 3561 nec
1327 3522 1460 3560 cum
1491 3509 1786 3576 precatur,

137 3598 397 3656 inﬁmus.
449 3599 640 3655 Solus
685 3614 804 3653 non
851 3599 963 3666 est,
1014 3597 1150 3667 quia
1192 3609 1561 3667 quaecunque
1620 3594 1792 3648 Pater

133 3686 265 3759 facit,
303 3691 518 3746 eadem
553 3688 828 3743 similiter
847 3690 904 3741 et
935 3686 1124 3740 Filius
1158 3685 1296 3739 facit
1329 3701 1340 3740 :
1376 3685 1647 3738 infirmus
1671 3699 1790 3738 non

135 3781 223 3846 est,
253 3795 406 3850 quia,
442 3779 568 3835 etsi
598 3778 659 3832 in
691 3791 868 3832 carne
895 3776 1224 3830 infirmatus
1264 3777 1358 3828 est
1378 3775 1617 3843 propter
1646 3788 1789 3842 pec-

130 3870 235 3920 cata
262 3871 489 3933 nostra,
516 3871 718 3922 tamen
750 3865 891 3919 illud
915 3867 1136 3919 nostrae
1160 3866 1284 3918 erat
1305 3862 1417 3933 (16)
1441 3863 1501 3916 in
1532 3876 1602 3916 eo
1622 3861 1789 3930 pacis

131 3956 374 4028 eruditio,
417 3959 589 4013 sicut
619 3957 907 4026 scriptum
942 3957 1069 4022 est,
1127 3967 1246 4008 non
1287 3967 1414 4006 suae
1453 3949 1786 4022 majestatis

127 4041 435 4103 infirmitas.

181 4169 260 4225 56.
293 4172 573 4244 Denique
615 4174 678 4225 ut
727 4169 885 4224 scias
933 4167 1070 4240 quia
1111 4165 1440 4221 secundum
1487 4164 1786 4220 hominem

128 4264 290 4330 rogat,
331 4262 652 4316 divinitate
700 4258 966 4329 imperat,
999 4255 1185 4311 habes
1218 4255 1276 4309 in
1307 4254 1616 4326 evangelio
1648 4255 1785 4326 quia

127 4347 275 4405 Petro
304 4352 457 4406 dixit
493 4367 508 4407 :
552 4372 576 4397 α
616 4349 846 4421 Rogavi
874 4363 980 4418 pro
1003 4351 1077 4414 te,
1124 4348 1185 4400 ut
1215 4360 1332 4398 non
1370 4343 1604 4398 deficiat
1633 4344 1782 4398 fides

121 4440 197 4493 tua
224 4441 385 4510 (Luc.
431 4457 591 4510 χχι,
621 4439 734 4508 32).
773 4460 794 4486 ι
832 4436 1038 4491 Eidem
1067 4437 1262 4489 autem
1305 4449 1487 4503 supra
1518 4433 1734 4486 dicenti
1767 4448 1780 4488 :

127 4546 144 4572 ι
172 4528 249 4584 Tu
277 4547 344 4584 es
376 4530 669 4586 Christus
711 4525 898 4581 Filius
930 4525 1032 4579 Dei
1073 4523 1194 4578 vivi
1236 4522 1589 4592 (Matthxvr
1610 4519 1718 4591 16),
1756 4544 1777 4571 υ

125 4620 408 4689 respondit
454 4637 466 4674 :
511 4641 538 4670 ι
575 4618 662 4672 Tu
691 4632 758 4672 es
791 4615 1020 4683 Petrus,
1063 4616 1120 4668 et
1166 4628 1348 4684 super
1377 4611 1527 4666 hanc
1560 4613 1783 4682 petram

1906 2047 2242 2118 insipientia
2268 2063 2283 2116 ;
2317 2063 2434 2102 non
2466 2050 2558 2101 est
2579 2047 2736 2102 enim
2766 2047 3059 2117 insipiens
3095 2048 3406 2118 sapientia.

1975 2134 2066 2190 59.
2101 2137 2259 2207 Ergo
2290 2136 2342 2190 si
2390 2150 2581 2206 neque
2626 2135 2998 2190 insensibilis
3050 2135 3108 2190 in
3148 2135 3298 2191 Filio
3336 2123 3578 2208 natura,

1908 2225 2055 2289 532
2087 2239 2278 2296 neque
2302 2223 2597 2292 debilitas,
2641 2239 2831 2295 neque
2865 2223 3177 2294 imperitia,
3209 2240 3403 2296 neque
3441 2240 3578 2281 ser-

1907 2314 2064 2368 vitus
2103 2317 2298 2384 potest
2327 2327 2502 2382 esse;
2536 2312 2916 2367 considerent
2957 2312 3117 2384 quod
3164 2313 3215 2368 ei
3265 2329 3372 2384 per
3400 2317 3578 2370 natu-

1906 2419 2032 2457 ram
2063 2406 2120 2458 et
2141 2402 2512 2474 majestatem
2541 2417 2722 2456 unum
2769 2401 2847 2456 sit
2877 2417 3012 2456 cum
3063 2403 3233 2457 Patre
3274 2402 3485 2475 Filius,
3520 2407 3579 2460 et

1905 2507 2012 2564 per
2051 2491 2449 2564 operationem
2472 2506 2590 2546 non
2613 2491 2911 2562 discrepet
2935 2507 2967 2545 a
2983 2491 3155 2546 Patre
3181 2491 3374 2547 virtus
3404 2507 3577 2563 ;cum

1907 2581 2100 2636 omnia
2130 2596 2263 2653 quae
2307 2581 2486 2634 Pater
2506 2580 2732 2650 feeerit,
2758 2580 2964 2634 eadem
2987 2579 3174 2635 Filius
3196 2579 3371 2635 faciat
3412 2581 3578 2636 simi-

1905 2670 2040 2725 liter
2073 2687 2085 2724 :
2127 2684 2319 2742 neque
2352 2670 2507 2724 enim
2538 2669 2812 2724 similiter
2831 2672 3026 2741 potest
3042 2669 3357 2742 quisquam
3378 2668 3576 2726 facere

1905 2759 2061 2814 idem
2093 2775 2264 2831 opus,
2298 2758 2457 2831 quod
2484 2758 2636 2813 alius
2667 2757 2914 2830 fecerit;
2948 2759 3066 2814 nisi
3099 2759 3204 2831 qui
3232 2762 3289 2815 et
3320 2757 3579 2832 inaequa-

1905 2849 2125 2903 litatem
2154 2864 2273 2903 non
2303 2847 2516 2904 habeat
2546 2847 2928 2919 operationis,
2961 2851 3016 2903 et
3045 2851 3271 2904 natura:
3300 2847 3578 2922 ejusdem

1905 2937 2118 2994 habeat
2139 2937 2439 2992 unitatem.

1973 3064 2062 3119 60.
2096 3063 2305 3118 Adhuc
2327 3065 2520 3118 tamen
2549 3063 2810 3135 requiro,
2845 3063 2984 3136 quid
3014 3063 3091 3119 sit
3111 3063 3269 3136 quod
3292 3079 3410 3120 non
3427 3079 3574 3136 pos-

1905 3153 1984 3207 sit
2022 3151 2218 3208 facere
2250 3168 2282 3206 a
2322 3167 2390 3206 se
2434 3151 2650 3221 Filius,
2684 3151 2801 3206 nisi
2847 3152 3060 3206 viderit
3103 3152 3420 3208 facientem
3459 3154 3574 3208 Pa-

1904 3245 2052 3296 trem
2083 3241 2271 3312 (Joan.
2305 3258 2362 3311 v,
2406 3240 2536 3310 19);
2586 3242 2643 3294 et
2671 3239 3021 3311 insipienter
3068 3239 3262 3312 aliqua
3294 3242 3367 3296 de
3396 3242 3573 3297 vilio-

1903 3331 2072 3386 ribus
2113 3330 2381 3402 exempla
2410 3330 2521 3400 (20)
2559 3345 2824 3400 propono
2877 3345 2889 3384 :
2930 3349 2952 3380 ι
3004 3329 3222 3384 Factus
3255 3347 3390 3386 sum
3419 3331 3572 3386 insi-

1901 3419 2093 3491 piens,
2128 3435 2238 3474 vos
2286 3435 2378 3473 me
2421 3417 2822 3490 eoegistis(11
2854 3418 2990 3473 Cor.
3025 3435 3129 3488 xu,
3178 3419 3288 3490 11).
3348 3444 3369 3468 η
3421 3420 3573 3476 Nam

1901 3510 2042 3580 quid
2085 3508 2484 3580 insipientius,
2543 3524 2720 3579 quam
2762 3507 2834 3562 de
2879 3507 3188 3579 majestate
3236 3508 3337 3563 Dei
3389 3525 3572 3582 argu-

1902 3603 2093 3656 menta
2116 3599 2434 3665 discutere,
2456 3618 2477 3644 a
2505 3613 2638 3668 quae
2660 3597 3026 3667 quaestiones
3049 3598 3240 3669 magis
3263 3601 3566 3668 praestant,

1901 3705 2075 3762 quam
2107 3686 2554 3742 aedificationem
2606 3685 2731 3754 Dei,
2781 3702 2914 3756 quae
2961 3689 3053 3740 est
3092 3686 3151 3740 in
3191 3686 3304 3741 fide
3335 3686 3392 3756 (1
3425 3687 3567 3742 Tim.

1899 3797 1939 3848 ι,
1971 3779 2027 3847 4)
2065 3779 2092 3832 ?
2128 3799 2150 3824 υ
2177 3775 2292 3830 Sed
2323 3775 2690 3846 argumentis
2731 3778 3078 3846 argumenta
3122 3776 3521 3846 respondeant
3553 3793 3566 3833 :

1899 3868 2017 3922 illis
2050 3865 2252 3935 verba,
2274 3864 2447 3919 nobis
2479 3863 2758 3933 charitas,
2783 3879 2914 3934 quae
2935 3864 2992 3917 in
3026 3863 3148 3918 Deo
3188 3865 3302 3934 (2'1)
3332 3869 3424 3919 est
3449 3886 3470 3916 ι
3498 3865 3571 3922 de

1901 3956 2077 4012 corde
2114 3971 2261 4026 puro
2293 3957 2349 4008 et
2388 3953 2754 4007 conscientia
2801 3952 2976 4022 bona,
3033 3956 3090 4006 et
3135 3953 3250 4008 fide
3285 3969 3402 4009 non
3435 3954 3571 4010 ficta

1898 4045 2074 4118 (Ibid.
2115 4046 2192 4114 5).
2231 4067 2252 4090 ιι
2283 4042 2440 4114 Ergo
2473 4041 2543 4096 ad
2578 4041 3029 4096 infirmationem
3047 4045 3161 4096 tam
3195 4043 3408 4114 ineptae
3434 4059 3568 4116 pro-

1896 4133 2233 4208 positionis,
2268 4148 2385 4187 non
2418 4131 2577 4203 piget
2608 4131 2780 4185 etiam
2802 4131 3049 4185 ridicula
3082 4131 3374 4187 derivare.

1970 4223 2058 4279 61.
2090 4221 2397 4287 Quomodo
2455 4235 2602 4291 ergo
2643 4219 2803 4274 videt
2833 4218 3023 4274 Filius
3064 4221 3341 4275 Patrem?
3396 4219 3567 4275 Videt

1897 4329 2088 4386 equus
2142 4313 2452 4383 picturam,
2495 4324 2673 4381 quam
2712 4324 2818 4380 per
2871 4312 3139 4363 naturam
3182 4307 3396 4362 imitari
3443 4323 3564 4363 non

1893 4407 2089 4475 potest
2129 4419 2141 4457 :
2178 4416 2296 4455 non
2327 4401 2527 4470 utique
2559 4398 2646 4453 sic
2671 4398 2828 4451 videt
2860 4396 3068 4451 Filius.
3096 4395 3561 4466 Videtparvulus

1893 4493 2004 4546 viri
2037 4507 2214 4562 opera
2245 4489 2526 4561 majoris,
2573 4487 2681 4542 sed
2728 4485 2939 4540 imitari
2991 4500 3111 4540 non
3167 4486 3364 4555 potest
3403 4499 3416 4540 :
3451 4499 3561 4540 nec

1894 4582 2094 4653 utique
2127 4580 2215 4634 sic
2245 4579 2404 4632 videt
2433 4576 2538 4631 Dei
2573 4575 2783 4630 Filius.

124 4680 408 4765 aedificabo
440 4707 785 4764 Ecclesium
817 4680 1040 4773 meam;
1073 4706 1128 4758 et
1148 4680 1262 4757 tibi
1274 4701 1426 4756 dabo
1458 4680 1658 4756 claves
1693 4717 1784 4755 re-
1805 4680 1854 4743 ο
1963 4705 2052 4762 6:2.
2094 4702 2255 4778 Ergo
2293 4703 2348 4758 si
2378 4701 2565 4758 Filius
2594 4717 2700 4772 per
2729 4698 3000 4771 ejusdem
3023 4714 3154 4753 cum
3187 4699 3364 4755 Patre
3387 4713 3558 4755 arca-

122 4796 205 4864 ειιί
235 4799 533 4854 caelorum
562 4795 742 4868 (Ibid.
775 4794 883 4863 18).
933 4818 953 4840 η
993 4793 1150 4865 Ergo
1182 4792 1276 4846 cui
1309 4790 1544 4862 prepria
1575 4793 1782 4845 aucto-

121 4885 264 4942 ritate
294 4903 563 4960 regnum
592 4884 785 4950 dabat,
820 4882 1002 4954 hujus
1026 4883 1201 4937 fidem
1232 4881 1466 4935 firmare
1496 4896 1613 4935 non
1673 4896 1780 4951 po-

121 4974 244 5029 terat
275 4993 287 5031 :
321 4993 509 5049 quem
531 4991 665 5030 cum
693 4977 916 5044 petram
937 4971 1097 5040 dicit,
1121 4969 1548 5025 firmamentum
1571 4968 1780 5024 Eccle-

120 5063 208 5118 siae
241 5067 538 5120 indicavit
574 5064 736 5134 (17)?
781 5061 1026 5128 Quando
1069 5060 1250 5132 igitur
1298 5063 1502 5131 roget,
1542 5060 1778 5131 quando

127 5151 365 5224 imperet,
403 5153 748 5210 considera.
783 5153 975 5223 Rogat
1006 5150 1240 5221 quando
1258 5164 1550 5219 passurus
1581 5153 1780 5204 osteno

123 5239 273 5312 ditur,
306 5246 570 5315 imperat
598 5241 830 5314 quando
865 5241 1051 5293 Filius
1084 5239 1188 5292 Dei
1212 5238 1488 5293 creditur.

179 5331 258 5385 57.
279 5333 443 5388 Duas
466 5331 898 5404 igiturspecies
914 5328 1411 5400 impossibilitatis
1425 5343 1636 5384 vacare
1651 5327 1775 5400 jam

177 5473 279 5542 (16)
313 5477 470 5530 Mss.
517 5475 759 5547 aliquot,
786 5498 808 5521 ει
836 5473 1016 5545 illud;
1051 5498 1072 5520 η
1101 5473 1357 5545 quidam,
1396 5495 1417 5519 ιι
1447 5471 1545 5526 illa
1572 5475 1776 5528 nostra

121 5549 470 5739 Ξῗῖἦὶδῗζέ.
506 5618 793 5688 nonnulli,
831 5639 852 5668 «
890 5616 1321 5673 firmamentum
1355 5612 1644 5672 Ecclesiae
1671 5615 1777 5689 ju-

169 5703 289 5739 cavx
317 5732 332 5739 -
367 5713 395 5739 Ι

169 5694 446 5832 ῗῖἔῖιὺιὶο
478 5778 629 5820 nus.
675 5786 699 5810 ε
735 5766 791 5819 et.
819 5759 1195 5819 benefacitis.
1242 5778 1264 5809 ι

195 5759 280 5832 48)
311 5761 446 5820 Duo
478 5778 629 5820 nus.
675 5786 699 5810 ε
735 5766 791 5819 et.
819 5759 1195 5819 benefacitis.
1242 5778 1264 5809 ι

177 5759 282 5912 119)
311 5834 607 5910 Nonnulli
624 5849 798 5912 mem,
843 5855 866 5888 ι
899 5833 1106 5895 videro
1151 5834 1345 5895 utrum
1374 5831 1503 5920 tibi,
1566 5854 1588 5884 ι
1657 5832 1774 5904 etc,

1893 4811 2032 4850 num
2063 4809 2371 4849 commune
2403 4793 2625 4845 naturae
2657 4787 3034 4843 invisibiliter
3062 4791 3120 4842 et
3147 4787 3349 4843 videre
3389 4791 3443 4844 et
3467 4789 3558 4844 fa-

1893 4901 2028 4939 cere
2061 4886 2288 4954 potest,
2339 4884 2396 4934 et
2442 4895 2547 4951 per
2590 4877 3010 4950 plenitudinem
3044 4876 3368 4933 divinitatis
3398 4876 3556 4950 quod

1891 4973 2143 5029 voluerit
2173 4969 2417 5040 exsequi
2447 4984 2456 5022 :
2491 4967 2631 5039 quid
2663 4969 2958 5037 superest,
2983 4965 3121 5021 nisit
3145 4969 3206 5021 ut
3234 4982 3341 5038 per
3369 4969 3556 5022 unita.

1891 5067 2064 5118 tatem
2097 5057 2549 5130 inseparabilem
2583 5055 2892 5127 potestatis
2923 5055 3070 5110 nihil
3100 5055 3413 5112 credamus
3457 5055 3554 5112 Fi-

1888 5153 2029 5206 lium
2063 5149 2276 5216 facere,
2311 5146 2427 5201 nisi
2458 5146 2614 5217 quod
2651 5145 2862 5200 viderit
2911 5146 3148 5200 Patrem
3199 5144 3552 5219 facientem;

1886 5241 2023 5314 quia
2063 5255 2167 5311 per
2205 5235 2722 5308 incomparabilem
2747 5234 3087 5290 eharitatem
3116 5235 3229 5306 (2'2)
3252 5235 3397 5291 nihil
3429 5252 3461 5290 a
3484 5252 3552 5292 se

1887 5331 2025 5386 facit
2065 5328 2249 5384 Filius
2293 5343 2304 5383 :
2340 5325 2615 5400 quoniam
2646 5323 2793 5380 nihil
2833 5325 2985 5396 vult,
3039 5325 3197 5396 quod
3233 5326 3412 5381 Pater
3441 5340 3550 5380 no-

1955 5473 2067 5542 (20)
2092 5473 2282 5543 Bigot.
2317 5470 2446 5527 cod.
2494 5494 2515 5517 σι
2552 5467 2942 5543 debilioribus
2973 5467 3262 5543 exempla,
3287 5487 3326 5543 Δπρ
3360 5469 3473 5521 etc.

1955 5537 2066 5614 (:21)
2100 5537 2379 5598 Nonnulli
2423 5559 2568 5614 mss.
2621 5557 2754 5595 cum
2795 5537 3339 5614 Apostolico’teggtu
3372 5537 3549 5591 omit-

1881 5607 2009 5673 tunt
2040 5607 2100 5670 in
2121 5616 2258 5683 Deo,
2281 5619 2337 5670 et
2356 5613 2526 5682 infra,
2553 5630 2658 5684 pro
2679 5607 2917 5684 ineptia,
2943 5611 3117 5665 iidem
3141 5607 3379 5664 codices
3403 5621 3551 5677 pra.-

1882 5687 2220 5761 ferunt-twe
2249 5687 2484 5761 ineptae,
2517 5690 2629 5740 ϐίοι
2884 5751 2898 5761 ,
2964 5749 2998 5761 ,.

1953 5761 2065 5830 (22)
2101 5760 2182 5815 lta
2214 5749 2367 5830 ιιιδεῖ
2417 5749 2619 5830 plures
2660 5769 2730 5809 ac
2765 5749 3184 5830 probatiores;
3225 5749 3322 5806 alii
3352 5751 3549 5817 autem

1882 5834 1940 5894 et
1959 5817 2122 5908 edin,
2157 5851 2180 5882 α
2212 5829 2351 5912 quis
2370 5817 2946 5907 perinseparabilem
2965 5817 3267 5886 unitatem.
3304 5840 3336 5911 ιι⁸
