3982 6174
432 413 553 476 655

1875 413 1943 477 S.
1989 409 2438 476 AMBROSII.

3720 426 3821 489 656

429 614 542 669 lit‘?
597 611 764 679 Quod
819 611 1022 683 utique
1083 627 1201 666 non
1268 611 1624 667 infirmitatis
1650 649 1666 683 ,
1714 613 1820 667 sed
1870 597 2182 667 unitatisA
2219 615 2329 682 50),
2372 614 2607 684 quando
2648 613 2704 667 id
2737 613 2892 685 quod
2933 613 3119 668 Filius
3174 615 3461 685 operatur,
3492 622 3734 687 operatur
3777 626 3824 676 et

430 706 543 759 est.

1082 809 1336 866 CAPUT
1368 810 1463 865 VI.

423 935 679 1008 Accedit
702 935 777 990 ad
795 941 1061 1008 quartam
1083 958 1109 993 ο
1131 935 1467 991 rationibus
1499 952 1677 1008 supra
1715 935 2063 1008 memoratis
2082 953 2102 999 ,-

498 1013 558 1063 et
578 1006 972 1080 Filium—nihil
996 1007 1373 1080 facereguod
1394 1024 1505 1080 non
1522 1006 1823 1080 probetur
1840 1022 1871 1060 a
1890 1006 2148 1075 Palre,¢

498 1096 624 1158 cuni
649 1080 729 1132 sit
755 1079 1061 1158 utriusque
1075 1077 1347 1158 perfecta
1368 1077 1685 1133 voluntatis
1707 1084 1880 1158 atque
1896 1083 2101 1158 potes-

498 1153 642 1203 taris
673 1153 885 1215 unitas,
915 1146 1139 1221 Ii'quic'lo
1166 1149 1461 1221 probans,
1498 1146 1810 1204 nonnullas
1841 1146 2095 1204 difﬁcul-

498 1228 654 1277 tates
674 1222 929 1276 subinde
949 1220 1121 1275 tollit.

491 1347 582 1402 63.
607 1346 767 1419 Ergo
801 1362 909 1401 nec
934 1350 1249 1401 contumax
1267 1345 1477 1417 Filius,
1509 1345 1761 1401 utetiam
1802 1346 1873 1400 de
1905 1360 2085 1416 quar-

420 1440 477 1490 ta
518 1435 925 1507 propositione
966 1436 1270 1506 dicamus;
1322 1435 1468 1491 nihil
1503 1435 1661 1490 enim
1708 1434 2088 1489 consiliarius

419 1524 609 1580 Filius
642 1524 802 1595 fecit,
829 1526 984 1596 quod
1011 1542 1143 1580 cum
1165 1525 1355 1580 Patris
1396 1540 1513 1580 non
1535 1525 1846 1580 conveniat
1874 1524 2090 1579 volun-

418 1616 555 1669 tate.
593 1614 858 1686 Denique
888 1615 1034 1669 vidit
1057 1616 1237 1669 Pater
1257 1631 1390 1686 quae
1433 1614 1570 1670 fecit
1610 1614 1817 1683 Filius,
1851 1617 1908 1668 et
1954 1629 2095 1683 pro-

418 1702 580 1757 bavit
613 1704 750 1774 quia
780 1704 935 1758 bona
966 1704 1158 1759 valde.
1212 1704 1309 1758 Sic
1342 1704 1496 1758 enim
1528 1703 1716 1757 habes
1739 1702 1795 1756 in
1825 1702 2045 1758 Genesi
2075 1719 2087 1757 :

422 1814 443 1841 α
472 1792 543 1847 Et
572 1793 720 1847 dixit
749 1794 914 1848 Duus
949 1809 961 1847 :
998 1793 1127 1847 Fiat
1174 1793 1297 1862 lux,
1331 1797 1387 1848 et
1419 1794 1571 1847 facta
1600 1796 1693 1847 est
1723 1792 1860 1861 lux;
1912 1794 1970 1846 et
2007 1791 2094 1845 vi-

417 1882 499 1936 dit
521 1882 679 1936 Deus
700 1883 912 1952 lucem,
948 1883 1087 1954 quia
1109 1882 1262 1937 bona
1295 1886 1388 1936 est
1416 1881 1591 1951 (Gen.
1624 1898 1664 1950 ι,
1698 1880 1752 1950 3,
1775 1881 1853 1949 4).
1895 1905 1915 1927 ν

2219 704 2393 757 Pater
2425 718 2438 757 :
2480 705 2538 757 et
2575 703 2732 774 quod
2777 702 2947 756 Pater
2985 705 3279 773 operatur,
3314 707 3572 774 operatur
3589 709 3641 761 et
3664 706 3821 763 Filius

2213 792 2401 862 (Joan.
2443 808 2564 862 xiv,
2608 793 2696 861 10)
2730 807 2743 847 :
2786 796 2844 846 et
2880 794 3040 864 quod
3079 794 3340 864 loquitur
3371 792 3567 863 Filius,
3604 795 3826 868 loquitur

2214 884 2270 935 et
2308 880 2499 950 Pater,
2541 882 2698 935 sicut
2727 882 3010 952 scriptum
3034 884 3125 935 est
3162 882 3343 949 (Joan.
3385 898 3482 952 xu,
3521 884 3604 950 50)
3641 901 3652 939 :
3686 906 3706 934 ι
3738 886 3827 940 Pa-

2210 973 2301 1024 ter
2337 985 2506 1025 meus
2540 970 2641 1042 qui
2671 971 2730 1025 in
2761 986 2855 1025 me
2885 974 3099 1036 manet,
3142 972 3271 1040 ipsc
3294 970 3562 1042 loquitur,
3594 976 3647 1028 et
3681 989 3831 1044 opera

2210 1075 2345 1131 quae
2378 1075 2491 1131 ego
2520 1058 2672 1113 facio
2698 1101 2711 1128 ,
2759 1060 2892 1130 ipse
2932 1059 3070 1113 facit
3107 1060 3221 1129 (24)
3273 1081 3295 1108 ι
3330 1059 3485 1114 Nihil
3514 1062 3658 1116 enim
3686 1063 3832 1118 Pater

2208 1149 2340 1203 sine
2378 1149 2593 1203 virtute
2625 1151 2799 1219 atque
2821 1148 3108 1219 sapientia
3147 1164 3256 1202 sua
3286 1149 3557 1219 condidit,
3586 1150 3712 1221 quia
3737 1167 3842 1206 om.

2207 1237 2304 1292 nia
2331 1237 2392 1291 in
2424 1237 2711 1308 sapientia
2750 1237 2908 1307 fecit,
2960 1237 3116 1291 sicut
3163 1237 3450 1308 scriptum
3487 1243 3576 1293 est
3615 1255 3627 1294 :
3670 1260 3691 1289 ι
3718 1239 3830 1294 0m-

2206 1328 2301 1382 nia
2332 1327 2391 1381 in
2423 1327 2711 1397 sapientia
2731 1326 2924 1381 fecisti
2957 1326 3144 1397 (Psal.
3179 1343 3300 1397 cm,
3321 1326 3431 1398 24).
3466 1351 3488 1375 »ι
3514 1327 3666 1383 Nihil
3683 1329 3830 1383 etiam

2210 1416 2371 1472 Deus
2403 1415 2665 1471 Verbum
2694 1416 2823 1470 sine
2864 1417 3034 1470 Patre
3066 1415 3224 1471 fecit.

2275 1524 2365 1578 69.
2407 1523 2543 1578 Non
2566 1526 2843 1594 operatur
2872 1523 3002 1578 sine
3041 1523 3233 1593 Patre,
3278 1539 3394 1578 non
3412 1523 3540 1579 sine
3556 1523 3729 1594 patria
3745 1539 3834 1580 vo-

2206 1613 2427 1668 luntate
2457 1616 2857 1668 sacrosanctae
2888 1613 2972 1667 illi
3003 1628 3070 1668 se
3116 1612 3328 1667 obtulit
3375 1612 3647 1667 salutaris
3667 1614 3838 1668 mundi

2206 1705 2386 1757 totius
2420 1703 2612 1757 hostia
2646 1702 2910 1773 passioni
2938 1744 2952 1772 ,
2995 1718 3113 1757 non
3170 1703 3301 1757 sine
3349 1701 3536 1772 patria
3572 1702 3837 1757 voluntate

2202 1795 2468 1847 mortuos
2509 1793 2819 1846 suscitavit
2856 1791 3069 1861 (Hebr.
3111 1808 3170 1860 x,
3213 1791 3323 1859 10).
3379 1791 3640 1863 Denique
3685 1791 3844 1845 Laza-

2210 1897 2340 1936 rum
2373 1882 2776 1935 suscitaturus
2809 1880 3025 1935 levavit
3048 1880 3256 1936 oculos
3286 1895 3551 1949 sursum,
3572 1883 3629 1934 et
3669 1879 3799 1934 dixit
3830 1893 3841 1933 :

484 1972 574 2026 64.
624 1972 924 2043 Numquid
969 1972 1065 2025 hic
1112 1971 1260 2026 dixit
1307 1972 1484 2026 Pater
1531 1985 1544 2026 :
1598 1970 1726 2024 Fiat
1769 1970 1904 2023 talis
1949 1969 2049 2023 lux
2075 2011 2089 2040 ,
2123 1978 2172 2041 Β
2205 1991 2227 2020 «
2266 1970 2455 2039 Pater,
2497 1970 2721 2042 gratias
2751 1986 2864 2042 ago
2898 1970 3024 2039 tibi,
3067 1971 3204 2041 quia
3242 1969 3464 2024 audisti
3494 1985 3589 2024 me
3621 1984 3635 2024 :
3674 1972 3728 2023 et
3752 1983 3846 2040 ego

416 2060 649 2132 qualem
686 2061 815 2131 ipse
849 2060 961 2115 feci
997 2077 1009 2114 :
1042 2063 1143 2115 aut
1185 2060 1284 2114 fiat
1307 2060 1409 2115 lux
1440 2060 1575 2130 (23),
1625 2076 1759 2132 quas
1804 2063 1938 2114 ante
1970 2074 2089 2114 non

415 2150 607 2204 fuerat
648 2167 661 2204 :
696 2154 795 2204 aut
834 2150 1020 2205 Filius
1067 2150 1301 2221 qualem
1351 2148 1599 2219 faceret,
1646 2148 2092 2220 interrogavit?

424 2238 542 2294 Sed
578 2238 737 2309 fecit,
769 2242 833 2293 ut
861 2239 1066 2308 voluit,
1098 2238 1331 2310 qualem
1363 2238 1536 2293 Pater
1565 2253 1754 2310 usque
1784 2253 1854 2293 eo
1880 2236 2088 2308 voluit,

415 2331 477 2383 ut
507 2329 805 2398 probaret.
850 2328 1009 2400 Ergo
1048 2343 1266 2383 novum
1287 2343 1437 2398 opus
1471 2326 1599 2382 Filii
1622 2331 1732 2382 est.

483 2436 572 2490 65.
610 2435 832 2490 Deinde
874 2435 927 2489 si
977 2435 1431 2505 reprehenditur
1458 2434 1516 2489 in
1562 2433 1715 2489 Filio
1764 2434 2094 2489 secundum

414 2524 928 2594 interpretationes
960 2524 1310 2578 Arianorum
1335 2524 1470 2595 quia
1493 2523 1649 2596 quod
1670 2523 1904 2592 viderit,
1930 2523 2089 2593 fecit,

415 2615 514 2685 qui
538 2614 738 2685 utique
762 2614 1088 2668 secundum
1112 2613 1449 2683 Scripturas
1482 2612 1639 2684 quod
1679 2628 1796 2667 non
1828 2612 1993 2683 vidit,
2037 2616 2094 2668 et

416 2702 574 2771 fecit,
610 2706 665 2757 et
695 2701 854 2757 dedit
881 2718 1018 2757 esse
1058 2718 1191 2773 quae
1221 2719 1337 2758 non
1368 2705 1533 2757 erant
1558 2723 1575 2757 :
1608 2702 1749 2774 quid
1781 2701 1987 2757 dicunt
2019 2702 2092 2757 de

419 2792 616 2861 Patre,
654 2792 755 2863 qui
783 2792 939 2863 quod
972 2790 1199 2846 viderat
1230 2790 1376 2855 533
1419 2791 1796 2862 praedicavit,
1828 2792 2001 2863 quasi
2023 2806 2091 2845 ea

419 2898 553 2953 quae
576 2880 843 2935 facienda
877 2880 1086 2951 forent,
1122 2897 1240 2937 non
1263 2882 1517 2952 potuerit
1544 2882 1873 2953 praevidere
1905 2883 1933 2936 ἱ)

486 2970 575 3024 66.
609 2969 891 3025 Similiter
918 2986 1063 3043 ergo
1101 2970 1262 3025 videt
1293 2970 1478 3025 Filius
1514 2970 1711 3025 Patris
1736 2986 1908 3041 opus,
1936 2972 2092 3027 sicut

417 3060 598 3114 Pater
626 3075 776 3130 opus
813 3059 946 3114 Filii
998 3077 1009 3114 :
1058 3076 1168 3115 nec
1217 3059 1390 3132 quasi
1440 3060 1696 3116 alienum
1730 3060 1945 3130 laudat,
1982 3061 2092 3116 sed

414 3150 587 3221 quasi
617 3149 920 3219 proprium
964 3150 1344 3220 recognoscit
1377 3165 1389 3205 :
1429 3174 1450 3196 «
1502 3149 1884 3221 Quaecunque
1928 3150 2086 3205 enim

418 3240 599 3294 Pater
617 3238 844 3309 fecerit,
888 3238 1093 3293 eadem
1124 3236 1310 3293 Filius
1344 3238 1481 3293 facit
1520 3239 1793 3294 similiter
1835 3264 1857 3287 ι»
1893 3238 2085 3309 (Joan.

2201 2059 2467 2114 sciebam
2500 2059 2637 2131 quia
2675 2075 2914 2131 semper
2943 2074 3037 2113 me
3067 2060 3274 2130 audis;
3329 2058 3438 2114 sed
3477 2061 3711 2130 propter
3742 2060 3848 2112 tur-

2197 2148 2332 2203 bam
2354 2165 2487 2220 quae
2527 2149 2911 2214 circumstat,
2958 2147 3102 2218 dixi,
3143 2150 3208 2203 ut
3246 2148 3495 2203 credant
3532 2147 3667 2219 quia
3694 2149 3753 2202 tu
3777 2161 3854 2201 me

2199 2239 2419 2293 misisti
2457 2239 2647 2309 (Joan.
2680 2254 2765 2307 XI,
2802 2237 2891 2308 4t,
2916 2237 3029 2307 42),
3065 2259 3087 2286 ιι
3115 2243 3174 2291 ut
3192 2237 3471 2308 quamvis
3492 2251 3568 2291 ex
3604 2250 3851 2305 persona:

2200 2327 2459 2383 hominis
2488 2328 2777 2382 incarnati
2798 2328 3179 2397 susceptione
3211 2327 3325 2396 (25)
3348 2326 3714 2398 loqueretur,
3741 2324 3851 2380 uni-

2197 2420 2369 2471 tatem
2394 2420 2587 2471 tamen
2626 2420 2885 2487 paternae
2915 2415 3235 2471 voluntatis
3275 2420 3334 2471 et
3374 2416 3735 2486 operationis
3770 2429 3853 2469 ex-

2197 2505 2511 2577 primeret;
2541 2506 2679 2577 quia
2710 2505 2882 2560 Pater
2897 2506 3091 2560 omnia
3112 2506 3294 2575 audit,
3322 2504 3527 2561 omnia
3550 2504 3711 2559 videt
3736 2518 3859 2575 quat

2198 2595 2323 2650 vult
2362 2594 2571 2649 Filius.
2608 2594 2779 2650 Videt
2810 2610 2955 2665 ergo
2978 2599 3035 2650 et
3077 2595 3247 2649 Pater
3287 2594 3612 2650 facientem
3645 2593 3854 2659 Filium,

2198 2685 2359 2739 audit
2387 2684 2703 2739 volentem.
2754 2676 3033 2756 Denique
3066 2700 3183 2740 non
3224 2684 3497 2757 rogavit,
3532 2687 3590 2740 et
3629 2681 3858 2765 exaudi-

2196 2777 2321 2829 tum
2361 2788 2428 2829 se
2460 2788 2599 2828 esse
2627 2774 2795 2828 dixit.

2264 2881 2353 2937 '70.
2390 2881 2514 2937 Nec
2557 2881 2883 2936 existimari
2933 2883 3127 2952 potest
3164 2881 3303 2953 quia
3345 2896 3472 2936 non
3523 2878 3686 2935 audit
3711 2879 3863 2933 Pater

2195 2971 2352 3043 quod
2383 2970 2523 3025 velit
2552 2968 2765 3039 Filius,
2806 2973 2865 3024 et
2903 2973 2964 3025 ut
2995 2970 3155 3024 scias
3184 2970 3323 3041 quia
3368 2985 3620 3041 semper
3654 2967 3865 3023 auditur

2192 3076 2227 3115 a
2276 3061 2479 3131 Patre,
2540 3075 2658 3114 non
2707 3059 2878 3131 quasi
2917 3075 3153 3130 servus,
3194 3074 3306 3115 nec
3348 3060 3533 3132 quasi
3577 3057 3861 3130 propheta,

2194 3151 2302 3205 sed
2341 3149 2513 3222 quasi
2536 3149 2760 3218 Filius;
2805 3171 2828 3197 α
2874 3148 2945 3203 Et
2975 3164 3109 3221 ego,
3170 3149 3391 3221 inquit,
3446 3148 3719 3203 sciebam
3749 3145 3868 3217 quia

2194 3254 2433 3311 semper
2469 3254 2561 3294 me
2610 3240 2822 3308 audis;
2872 3238 2979 3294 sed
3032 3242 3277 3309 propter
3314 3239 3563 3294 turbam
3604 3254 3735 3311 quas
3762 3236 3865 3289 cir-

412 3342 471 3397 v,
505 3326 593 3397 19)
620 3347 637 3393 ;
667 3331 731 3382 ut
760 3328 913 3382 idem
936 3344 1086 3400 opus
1121 3327 1320 3382 Patris
1342 3327 1593 3399 Filiique
1626 3328 1903 3383 sentires.
1928 3328 2089 3383 Nihil
2119 3340 2171 3413 ο
2195 3332 2481 3398 cumstat,
2540 3328 2705 3399 dixi,
2773 3331 2836 3383 ut
2902 3328 3144 3383 credant
3191 3328 3334 3399 quia
3387 3332 3456 3383 tu
3518 3343 3616 3383 me
3685 3324 3869 3381 misis-

414 3434 561 3489 ergo
585 3417 723 3472 facit
744 3416 953 3487 Filius,
987 3418 1103 3473 nisi
1126 3417 1283 3489 quod
1316 3418 1485 3472 Pater
1528 3418 1756 3488 probet,
1780 3418 2092 3473 Paterlau-

420 3507 536 3576 det,
572 3508 752 3562 Pater
778 3507 952 3575 velit;
996 3507 1132 3578 quia
1163 3523 1253 3585 ex.
1283 3507 1460 3561 Patre
1509 3509 1667 3562 totus
1710 3509 1803 3562 est
1835 3522 1846 3563 :
1882 3522 2000 3562 non
2026 3510 2090 3563 ut

423 3600 712 3665 creatura,
753 3612 885 3668 quae
916 3597 1093 3652 multa
1125 3595 1450 3665 committit,
1484 3596 1621 3651 dum
1662 3596 1858 3651 studio
1886 3596 2086 3668 lapsu-

416 3702 532 3757 que
564 3687 815 3756 peccati,
847 3685 1209 3740 voluntatem
1232 3685 1574 3756 frequenter
1602 3684 1845 3741 offendit
1880 3690 2086 3742 aucto-

411 3775 520 3828 ris.
556 3774 716 3828 Nihil
749 3789 893 3846 ergo
928 3772 1111 3828 Filius
1130 3773 1288 3842 facit,
1323 3774 1440 3828 nisi
1461 3775 1616 3846 quod
1642 3774 1868 3845 placeat
1890 3775 2085 3846 Patri;

410 3863 546 3933 quia
579 3878 692 3916 una
723 3862 1022 3932 voluntas,
1058 3878 1174 3918 una
1207 3853 1500 3918 senteiitiu
1541 3867 1652 3933 est,
1679 3879 1796 3919 una
1826 3866 1918 3919 est
1944 3880 2085 3920 vera

410 3951 691 4020 charitas,
718 3950 897 4005 unius
922 3952 1285 4021 operationis
1316 3949 1583 4007 etl‘ectus.

478 4039 567 4093 67.
600 4039 866 4111 Denique
896 4043 958 4094 ut
988 4040 1149 4095 scias
1191 4040 1495 4095 charitatis
1526 4056 1668 4097 esse
1710 4042 1869 4112 quod
1907 4065 1927 4089 α
1965 4060 2086 4099 non

407 4131 603 4201 potest
635 4128 822 4183 Filius
854 4145 886 4183 a
923 4144 989 4183 se
1022 4128 1218 4184 facere
1266 4129 1609 4201 quidquam,
1657 4130 1775 4185 nisi
1804 4132 1961 4202 quod
1992 4134 2085 4189 vi-

406 4218 558 4274 derit
587 4217 901 4274 facientem
916 4219 1154 4273 Patrem
1182 4216 1406 4287 (Ibid.),
1445 4241 1467 4266 »ι
1490 4234 1623 4273 cum
1643 4220 2041 4290 praemisisset
2067 4239 2080 4278 :

410 4330 431 4355 α
454 4306 835 4379 Quaecunque
858 4307 953 4362 ille
972 4306 1199 4378 fecerit,
1215 4306 1420 4361 eadem
1444 4311 1499 4362 et
1521 4307 1706 4363 Filius
1726 4307 1865 4364 facit
1885 4310 2087 4366 simili-

402 4400 544 4469 ter,»
569 4396 856 4469 subjecit:
882 4420 902 4444 «
922 4397 1272 4451 Paterenim
1298 4397 1493 4469 diligit
1518 4396 1727 4452 Filium
1741 4397 2076 4468 (Ιὸίά.20).ι

403 4486 563 4559 Ergo
586 4487 744 4559 quod
775 4486 922 4541 dixit
942 4486 1247 4557 Scriptura
1268 4486 1405 4558 quia
1434 4502 1547 4541 non
1565 4491 1785 4558 potest,
1810 4488 1881 4542 ad
1913 4489 2080 4546 inse-

402 4577 690 4646 parabilis
714 4579 771 4631 et
800 4575 1124 4630 individuus
1149 4576 1456 4630 charitatis
1477 4576 1677 4631 retulit
1706 4577 2007 4632 unitatem.

471 4666 561 4720 68.
588 4664 757 4731 Quod
779 4665 833 4721 si
856 4665 1203 4720 naturaliter
1236 4668 1348 4735 est,
1380 4672 1443 4719 ut
1468 4680 1610 4722 vere
1641 4668 1751 4735 est,
1776 4666 2079 4737 insepara-

2192 3420 2255 3474 ti.
2313 3442 2335 3467 ιι

2279 3525 2428 3591 534
2468 3525 2558 3581 Ἶ1.
2619 3524 2867 3596 Propter
2912 3540 3024 3579 nos
3073 3523 3256 3595 igitur
3309 3525 3555 3597 gratias
3602 3522 3756 3596 agit,
3810 3534 3871 3574 ne

2193 3615 2462 3672 eumdem
2526 3616 2763 3670 Patrem
2811 3614 2962 3685 (26),
3024 3614 3429 3685 eamdemque
3482 3613 3704 3668 Filium
3748 3623 3869 3665 esse

2194 3705 2506 3760 credamus
2532 3746 2546 3773 ,
2589 3703 2898 3758 cumidem
2921 3718 3071 3774 opus
3103 3703 3299 3758 Patris
3342 3703 3639 3759 audimus
3661 3704 3718 3757 et
3736 3698 3871 3754 Filii.

2193 3795 2343 3849 Nam
2373 3796 2433 3848 ut
2463 3808 2865 3865 cognosceres
2915 3808 3034 3848 non
3083 3792 3259 3864 quasi
3316 3793 3638 3847 infirmum
3668 3788 3871 3863 gratias

2193 3883 2419 3955 egisse,
2450 3882 2557 3937 sed
2593 3882 2766 3953 quasi
2798 3881 2904 3936 Dei
2937 3881 3149 3936 Filium
3187 3897 3448 3954 semper
3480 3881 3606 3937 sibi
3637 3879 3875 3935 divinam

2192 3972 2511 4043 potentiam
2541 3971 2885 4042 vindicare,
2945 3970 3217 4025 clamavit
3267 3987 3282 4026 :
3345 3991 3372 4021 ι
3431 3972 3703 4039 Lazare,
3757 3963 3877 4021 veni

2187 4062 2353 4117 foras
2384 4059 2609 4132 (Ibid.).
2649 4084 2671 4109 »
2707 4059 3053 4131 lmperantis
3085 4062 3290 4132 utique
3325 4076 3458 4117 vox
3490 4061 3612 4117 ista
3643 4060 3755 4130 est,
3773 4069 3875 4111 non

2188 4152 2506 4223 precantis.

2829 4254 3083 4313 CAPUT
3106 4254 3227 4313 VII.

2189 4365 2524 4439 Praeposita
2546 4365 2833 4439 doctrina
2869 4365 3010 4419 bino
3039 4364 3466 4439 conﬁrmatur,
3502 4365 3663 4439 quod
3703 4360 3878 4439 Filius

2260 4433 2343 4492 sit
2372 4437 2586 4491 Patris
2627 4436 2901 4506 Verbum,
2944 4452 3057 4491 non
3090 4436 3285 4509 quale,
3314 4433 3625 4509 noerum,
3669 4433 3774 4509 sed
3805 4433 3875 4485 Vi-

2267 4525 2395 4582 vum
2428 4515 2487 4563 et
2526 4508 2962 4582 Operatorium_;
3005 4513 3178 4580 atque
3213 4508 3379 4582 adeo
3402 4508 3527 4565 n‘b’n
3549 4508 3877 4582 possitne-

2258 4580 2397 4651 gari
2439 4573 2702 4653 ejusdem
2741 4595 2866 4633 cum
2900 4573 3095 4633 Patre
3146 4573 3878 4653 voluntatisfpotestalis

2261 4650 2329 4705 ac
2358 4650 2731 4705 substantiw.

399 4715 833 4810 regem;
856 4715 1348 4826 Iaseggrrrr'r;
1378 4715 2077 4827 eriere'egi'ure‘e'grg-
2112 4715 2168 4779 ο
2255 4754 2344 4812 2-1.
2386 4756 2502 4812 Sed
2536 4760 2597 4812 ut
2623 4757 2695 4811 ad
2728 4757 3038 4828 superiora
3076 4757 3439 4829 redeamus,
3491 4761 3554 4813 et
3590 4752 3877 4829 proposita

398 4842 549 4896 ratio
609 4844 954 4898 naturaliter
1004 4861 1016 4897 :
1065 4847 1123 4899 et
1183 4843 1556 4916 impossibile
1617 4847 1679 4898 ut
1738 4860 1888 4916 opus
1944 4845 2078 4901 Filii

409 4945 545 4985 cum
598 4931 796 4986 Patris
837 4948 955 4987 non
1008 4933 1321 4988 conveniat
1368 4932 1666 4988 voluntate
1717 4934 1905 5003 (Joan.
1955 4952 2073 5007 xu,

467 5070 831 5146 (23_)7_(_)mnes
864 5073 1003 5146 edit.
1036 5078 1093 5128 et
1113 5090 1262 5129 mss.
1295 5074 1545 5146 aliquot,
1584 5096 1604 5123 ι
1642 5074 1749 5129 sed
1781 5075 1879 5131 fiat
1898 5077 2069 5133 lux...

395 5146 495 5197 aut
534 5142 758 5213 Filius;
798 5166 819 5193 ι
856 5145 1074 5199 ultimae
1106 5146 1243 5200 edit.
1302 5142 1607 5213 Paris.,‘at
1641 5146 1852 5203 Filius.
1901 5149 2073 5205 Haud

390 5212 806 5286 incommode:
845 5215 1058 5286 reliqui
1088 5221 1281 5271 autem
1314 5233 1461 5272 mss.
1495 5212 1557 5272 ut
1588 5219 1649 5272 in
1672 5222 1855 5274 textu.

466 5285 598 5363 (24_)_
622 5286 793 5363 Rom.
815 5285 1109 5363 ediisola,
1157 5310 1178 5333 α
1214 5286 1356 5363 Quis
1375 5288 1754 5363 egoloquor,
1789 5290 1944 5363 sicut
1975 5291 2068 5345 di-

387 5356 858 5432 xit'mihiPater,
897 5357 986 5432 sic
1016 5357 1261 5429 loquor;
1294 5361 1349 5432 et
1375 5356 1547 5413 Pater
1576 5356 1747 5432 meus
1766 5362 1867 5432 qui
1898 5363 1957 5417 in
1976 5378 2068 5417 me

385 5431 607 5501 nianet,
647 5429 776 5499 ipse
825 5430 975 5501 facit
993 5443 1192 5499 opera.
1227 5450 1251 5479 ι
1292 5429 1434 5492 Quae
1483 5431 1722 5501 quidem
1762 5429 1945 5487 verba
1977 5434 2068 5489 sic

395 5498 689 5555 habentur
748 5499 898 5570 apud
953 5498 1239 5554 Joannem
1288 5498 1699 5555 citatis—locis.
1756 5503 1828 5557 At
1868 5508 2071 5560 contra

386 5586 758 5626 consensum
791 5587 939 5625 mss.
973 5587 1062 5626 ac.
1100 5575 1215 5626 vet.
1248 5571 1385 5626 edit.
1411 5571 1576 5625 mihi!
1612 5588 1942 5631 movemus.

455 5644 571 5711 (26)
596 5641 866 5714 Quinque
890 5658 1062 5712 mss.,
1100 5665 1121 5692 α
1161 5658 1234 5697 ex
1268 5658 1522 5713 persona
1562 5642 1819 5699 hominis
1851 5647 1910 5701 in
1934 5663 2069 5702 car-

379 5713 479 5767 nis
510 5713 941 5784 suspectione;
979 5736 1001 5763 »
1036 5714 1249 5786 reliqui
1282 5718 1337 5768 et
1368 5714 1505 5781 edit.
1540 5719 1602 5769 ut
1632 5717 1689 5770 in
1719 5720 1902 5772 textu.
1936 5719 2069 5775 Jam

380 5786 584 5861 autem
607 5786 949 5861 monuimus
966 5801 1171 5861 vocem
1178 5802 1457 5860 personae
1486 5802 1604 5843 non
1639 5802 1878 5861 semper
1897 5790 2069 5861 stric-

377 5853 433 5911 te
482 5858 545 5915 et
591 5855 957 5919 scholastice
1016 5853 1218 5937 rigor'e
1264 5861 1557 5936 sumptam
1586 5859 1677 5918 ab
1725 5853 2066 5935 Ambrosio,

2188 4845 2633 4915 concludamus,
2675 4846 2816 4900 facit
2858 4846 3031 4918 quasi
3063 4845 3338 4901 Verbum
3374 4847 3582 4903 Filius
3622 4844 3878 4901 volunta-

2185 4937 2304 4989 tem
2330 4935 2546 4990 Patris.
2590 4934 2853 4990 Verbum
2900 4935 3014 4990 hoc
3063 4939 3350 4991 nostrum
3386 4938 3609 5009 utique
3648 4929 3876 5006 prolati-

2186 5077 2257 5151 Εἰ
2290 5093 2434 5133 sane
2450 5077 2579 5151 hoc
2611 5077 2743 5133 loco
2762 5077 2905 5151 nihil
2938 5077 3093 5151 aliud
3117 5082 3318 5149 sonat,
3360 5081 3490 5135 nisi
3528 5081 3589 5135 in
3612 5079 3879 5151 quantum

2185 5149 2383 5205 homo.
2432 5150 2598 5215 Quod
2638 5166 2780 5205 vero
2826 5150 2899 5204 ad
2943 5150 3268 5204 voluntatis
3305 5146 3457 5206 eum
3492 5146 3671 5205 Patre
3700 5146 3877 5202 unita-

2185 5218 2322 5291 tem,
2359 5221 2430 5276 de
2460 5237 2574 5292 qua
2604 5221 2700 5275 hic
2721 5222 3002 5292 loquitur,
3037 5221 3088 5275 si
3121 5236 3226 5291 per
3251 5238 3398 5277 eam
3430 5220 3762 5278 voluntatis
3790 5216 3881 5292 ltu-

2186 5287 2377 5347 manae
2409 5287 2689 5347 unitatem
2744 5287 3386 5364 intelligamus,inihil
3446 5294 3615 5349 aliud
3648 5292 3758 5347 erit
3793 5287 3879 5364 illa

2186 5364 2402 5432 unitas,
2437 5364 2554 5418 nisi
2586 5364 2914 5433 consentio,
2941 5360 3247 5434 subjectio
3284 5364 3789 5434 etconformitas.
3813 5360 3877 5434 At

2177 5436 2496 5506 quominus
2536 5451 2664 5489 eam
2714 5435 2785 5489 de
2824 5451 2964 5489 vera
3014 5432 3235 5489 divina
3280 5436 3633 5493 voluntatis
3673 5432 3877 5489 unitate

2176 5506 2650 5577 interpretemur,
2676 5506 2822 5560 nihil
2854 5509 3027 5561 vetat.

2246 5571 2359 5647 (26)
2388 5576 2607 5652 Omnes
2630 5571 2770 5632 edit.
2811 5593 3081 5652 ac__mss._
3102 5576 3384 5652 quidam,
3417 5601 3441 5629 ιι
3481 5578 3716 5652 gratias
3746 5571 3875 5647 egit.

2174 5648 2262 5703 Ne
2287 5648 2579 5716 eumdem,
2613 5653 2751 5717 etc.,
2789 5671 2810 5696 ι
2838 5649 2936 5702 alii
2976 5647 3378 5720 codﬁmajori
3407 5647 3671 5706 nu'mero
3703 5652 3759 5704 et
3785 5661 3876 5699 au-

2176 5720 2464 5792 ctoritate,
2497 5741 2519 5770 ι
2557 5720 2780 5792 gratias
2802 5721 2943 5792 agit,
2978 5736 3052 5775 ne
3089 5721 3405 5791 eumdem,
3428 5725 3551 5778 etc.
3576 5745 3599 5769 α
3626 5721 3875 5792 Ορῑὶωςν
3906 5772 3907 5781 χ

2173 5786 3076 5869 quamobrem'enjinproternos
3096 5793 3339 5869 gratias
3359 5786 3728 5869 egerit,héc
3741 5786 3876 5848 ratio

2171 5861 2457 5938 redditur,
2478 5877 2551 5922 ne
2568 5861 2843 5922 videlicet
2864 5864 3058 5921 Patris
3076 5861 3144 5919 ac
3168 5861 3312 5923 Filii
3353 5861 3549 5930 uiam
3561 5861 3875 5948 personam
