4050 6182
333 295 452 359 657

1727 287 1837 351 DE
1881 288 2076 352 FIDE
2121 289 2280 352 LIB.
2316 287 2440 352 IV.-

3669 283 3790 354 658

329 512 460 551 vum
483 500 598 568 est,
620 496 868 569 syllabae
888 499 1047 566 sunt,
1079 513 1268 551 sonus
1290 498 1416 564 est;
1451 498 1508 550 et
1539 498 1731 550 tamen
1753 511 1784 547 a
1816 509 2002 548 sensu
2027 476 2086 540 Α
2182 495 2456 576 propriis
2479 476 2684 576 salivis
2715 492 3126 576 qui‘soliolem.
3157 491 3646 576 p'i'ocreaverint,
3681 507 3787 543 mi-

328 589 536 642 nostro
565 589 622 641 et
653 589 844 642 mente
876 601 994 642 non
1026 585 1346 657 discrepat,
1381 589 1437 640 et
1466 602 1599 656 quae
1635 582 1897 638 interiori
1916 586 1997 637 te-

325 691 541 732 nemus
571 674 804 745 aﬂ‘ectu,
851 690 919 730 ea
969 678 1245 746 tanquam
1277 673 1576 746 operantis
1603 673 1781 728 Verbi
1830 671 1999 726 testi-

323 765 598 820 ﬁcatione
629 766 960 838 signemus.
993 764 1112 820 Sed
1162 781 1280 819 non
1313 779 1510 818 sermo
1563 766 1767 818 noster
1797 777 2002 832 opera-

323 857 436 915 tur,
469 853 668 908 solum
700 856 791 908 est
823 853 1080 908 Verbum
1111 853 1237 920 Dei,
1284 853 1442 922 quod
1487 868 1596 906 nec
1647 851 1999 920 prolativum

324 946 418 998 est
450 943 586 1012 ('27),
622 959 731 998 nec
761 943 918 1014 quod
961 936 1237 994 ἐνδιάθετον
1280 941 1520 1010 dicunt;
1551 939 1658 994 sed
1691 939 1848 1011 quod
1871 955 2004 1008 ope-

325 1035 511 1100 ratur,
547 1035 604 1088 et
633 1031 798 1098 vivit,
835 1034 892 1086 et
922 1034 1114 1086 sanat.

395 1121 486 1177 "i3.
522 1121 630 1176 Vis
677 1121 834 1176 scire
880 1120 1050 1192 quale
1101 1120 1410 1174 Verbum?
1461 1119 1613 1173 Audi
1661 1119 1990 1173 dicentem:

329 1235 352 1258 ιι
387 1211 602 1265 Vivum
633 1215 725 1266 est
758 1211 916 1264 enim
961 1209 1220 1264 Verbum
1251 1209 1376 1277 Dei,
1425 1212 1482 1263 ct
1513 1207 1770 1263 validum
1817 1211 1992 1278 atque

325 1300 799 1372 operatoriumet
837 1301 1094 1365 acutum,
1125 1301 1181 1353 et
1214 1298 1637 1368 penetrabilius
1673 1298 1828 1354 omni
1861 1296 1993 1368 gla-

327 1391 424 1445 dio
447 1389 818 1457 acutissimo,
843 1390 1160 1459 penetrans
1193 1381 1382 1457 usque
1401 1387 1472 1440 ad
1503 1387 1856 1440 divisionem
1873 1387 1995 1440 ani-

329 1496 443 1534 mas
473 1482 530 1535 et
559 1478 828 1550 spiritus,
862 1479 1210 1548 artuumque
1257 1481 1315 1530 et
1361 1475 1749 1530 medullarum
1779 1475 1995 1545 (Hebr.

335 1587 415 1639 ιν,
449 1569 558 1639 12).
591 1592 612 1616 »ι

398 1657 484 1712 74.
522 1657 785 1712 Verbum
815 1656 996 1729 igitur
1025 1656 1196 1710 audis
1229 1655 1332 1710 Dei
1370 1655 1598 1722 Filium,
1652 1657 1708 1708 et
1738 1671 1769 1707 a
1814 1653 2000 1724 patria

323 1747 626 1803 voluntate
649 1751 706 1802 et
739 1748 1029 1818 potestate
1063 1745 1332 1801 secernis
1355 1747 1380 1798 ?
1428 1743 1613 1799 Audis
1664 1744 1800 1815 quia
1834 1743 1997 1812 vivit,

323 1837 497 1892 audis
557 1835 696 1907 quia
755 1838 959 1890 sanat:
1023 1833 1144 1888 noli
1195 1849 1338 1905 ergo
1401 1836 1606 1887 nostro
1657 1848 2000 1903 comparare
2035 1859 2086 1926 Β

323 1925 536 1981 verbo.
579 1925 643 1980 Si
679 1923 838 1979 enim
873 1923 1120 1978 verbum
1153 1926 1422 1978 nostrum
1453 1938 1586 1993 quae
1636 1937 1753 1977 non
1795 1922 2001 1976 obtutu

323 2013 562 2084 viderit,
596 2029 715 2070 non
753 2013 954 2068 auditu
999 2012 1270 2081 audierit,
1303 2011 1602 2082 loquitur;
1653 2013 1712 2065 et
1743 2011 2004 2082 loquitur

324 2108 524 2160 tamen
547 2102 780 2176 cognita
799 2118 905 2174 per
925 2102 1194 2174 quaedam
1218 2104 1441 2156 naturae
1467 2101 1740 2155 humanae
1774 2101 2002 2156 interna

327 2192 649 2264 mysteria:
683 2191 978 2264 quomodo
1012 2207 1129 2246 non
1162 2189 1399 2262 impius,
1425 2189 1525 2262 qui
1557 2191 1886 2244 secundum
1917 2189 2004 2244 di-

331 2283 634 2338 vinitatem
653 2281 712 2336 in
743 2281 849 2336 Dei
881 2280 1075 2335 Verbo
1107 2283 1164 2335 ct
1204 2279 1468 2335 obtutum
1521 2279 1830 2349 quemdam
1866 2295 2002 2332 cor-

335 2387 575 2440 poreum
638 2370 838 2442 exigit.
901 2369 1302 2424 uendituri.
1369 2371 1416 2416 σιτ
1455 2372 1606 2437 putat
1669 2368 1821 2434 quod
1887 2384 2000 2419 non

333 2461 516 2529 quat-it
559 2483 584 2512 ξ(
723 2459 1040 2530 qui'iunu
1076 2460 1269 2511 [ἵν-1010
1310 2457 1510 2512 1.·’Ᾰιὲιιδ.
1555 2460 1660 2508 1ιῖπὶ
1699 2458 1848 2512 διηυηὲ

335 2567 478 2606 tI'Cltl
513 2549 830 2604 facientem
859 2546 1106 2616 viderit;
1158 2563 1290 2601 cum
1339 2563 1444 2616 per
1478 2547 1774 2613 unitatem,
1823 2551 1882 2599 ut
1919 2547 2002 2598 di-

331 2640 552 2708 ximus,
590 2637 862 2710 ejusdem
892 2634 1264 2690 suhstantim.
1296 2634 1454 2688 Idem
1487 2634 1636 2688 velle
1655 2635 2002 2705 atqucidem

335 2729 492 2784 nolle
525 2729 582 2782 et
611 2727 766 2782 idem
796 2740 976 2797 posse
1011 2727 1067 2780 et
1095 2725 1153 2778 in
1186 2725 1358 2778 Patre
1391 2724 1468 2778 sit
1499 2727 1553 2778 et.
1585 2724 1641 2778 in
1675 2722 1822 2779 Filio
1857 2726 1913 2780 et
1943 2725 2002 2778 in

333 2817 560 2888 Spiritu
582 2817 788 2872 sancto
808 2818 835 2868 ζ)

400 2907 492 2961 Ἳ5.
530 2905 694 2972 Quod
727 2904 782 2960 si
813 2903 1082 2960 homines
1115 2904 1459 2975 plerumque
1493 2919 1778 2958 sensuum
1810 2903 2002 2974 quali—

337 2999 449 3051 tate
485 2994 752 3063 discreti,
785 2995 978 3048 tamen
1011 2992 1187 3046 unius
1218 2992 1503 3063 propositi
1523 2991 1841 3047 intentione
1864 3007 2004 3048 con-

333 3085 628 3152 cordant;
660 3082 800 3154 quid
831 3081 902 3136 de
935 3083 1104 3136 Patre
1139 3097 1249 3136 nos
1308 3084 1364 3135 et
1397 3081 1500 3136 Dei
1548 3079 1697 3135 Filio
1731 3081 2007 3152 congruit

333 3174 665 3228 aestimare:
705 3187 838 3224 cum
871 3170 927 3226 id
961 3171 1115 3242 quod
1150 3171 1403 3224 humana
1434 3167 1690 3224 imitatur
1722 3169 2002 3239 charitas,

333 3261 668 3318 substantia
703 3259 896 3315 divina
929 3259 1279 3330 possideat?

402 3351 494 3407 76.
523 3352 822 3406 Ponamus
847 3353 1061 3421 tamen,
1094 3349 1249 3404 sicut
1281 3349 1398 3420 ipsi
1427 3348 1651 3417 volunt,
1677 3348 1817 3420 quia
1833 3349 2006 3420 quasi

333 3443 392 3496 in
415 3439 766 3510 exemplari,
786 3439 943 3510 quod
964 3438 1173 3494 viderit
1193 3439 1426 3492 Patrem
1450 3436 1779 3507 facientem,
1819 3437 2006 3493 Filius

334 3530 531 3584 faciat.
567 3528 637 3584 Et
665 3527 778 3583 hoc
812 3527 1010 3599 utique
1041 3525 1314 3598 ejusdem
1335 3526 1683 3582 substantiae
1715 3529 1844 3596 est;
1878 3527 2005 3582 nul-

331 3623 427 3674 tus
457 3618 618 3674 enim
675 3619 870 3688 potest
927 3616 1170 3671 alterius
1204 3615 1584 3670 imitationem
1644 3617 2004 3686 operationis

331 3707 580 3779 implere
613 3707 730 3763 nisi
759 3706 860 3778 qui
891 3704 1164 3777 ejusdem
1195 3708 1420 3761 naturae
1458 3705 1668 3760 habeat
1702 3705 2004 3760 unitatem.

816 3831 962 3895 535
990 3839 1246 3894 CAPUT
1277 3839 1425 3894 VIII.

333 3949 770 4004 ereticorum
801 3947 1212 4019 objectionem,
1248 3963 1355 4018 qua
1389 3946 1605 4019 Filium
1629 3947 1778 4019 quod
1807 3947 2002 4015 alium,

402 4035 712 4100 generare.
739 4034 849 4073 non
876 4020 1084 4100 possit,
1121 4017 1316 4100 Patri.
1341 4017 1598 4100 negabat
1629 4017 1765 4074 esse
1807 4037 2004 4092 aequa-

409 4089 542 4154 lem,
577 4161 588 4163 _
609 4091 804 4163 primo
873 4089 933 4144 in
993 4089 1382 4163 adversarios
1429 4089 1603 4163 ipsos
1663 4089 2002 4163 retorquet:

406 4160 625 4236 deinde
655 4161 950 4216 hominum
983 4161 1244 4216 ostendit
1293 4160 1598 4236 exemplis
1641 4162 1790 4234 quod
1841 4160 2005 4236 quis-

399 4235 560 4305 piam
587 4238 841 4306 generet
873 4237 970 4286 aut
1003 4247 1204 4306 secus_,_
1229 4232 1305 4287 ad
1332 4232 1666 4306 potentiam
1688 4249 1814 4306 gon
1849 4232 2006 4306 'per-

411 4303 649 4367 tinere;
680 4304 935 4359 maximc
967 4321 1092 4358 ('tlm
1123 4303 1340 4375 alioqui
1371 4303 2006 4375 ‘ipsemetPator'mi-

411 4394 519 4430 nus
549 4382 764 4447 potens
793 4375 1083 4430 dicendus
1113 4373 1306 4447 esset.
1356 4373 1503 4447 Inde
1534 4373 1768 4446 colligit
1801 4375 2006 4432 divina

411 4464 488 4503 ex
515 4445 790 4502 liumanis
847 4461 959 4500 non
991 4461 1126 4500 esse
1169 4445 1516 4515 ,iudicanda,
1571 4445 1697 4501 sed
1735 4447 2006 4502 standum

409 4519 744 4643 Scrigturze
771 4517 1146 4571 auctoritate.
1183 4516 1498 4572 Postremo
1527 4518 2006 4589 omnipotentiam

415 4589 512 4644 vel
593 4589 715 4644 atri
744 4587 1213 4644 abiudicandam.
1247 4587 1342 4642 vel
1365 4588 1818 4644 arliudicamlum
1850 4589 2006 4644 Filio

415 4605 484 4645 γε

410 4661 509 4716 ubi
537 4657 878 4716 demonstra
892 4660 992 4727 vit,
1055 4659 1215 4730 ipsos
1243 4659 1301 4712 si
1331 4657 1486 4712 filios
1516 4675 1629 4714 non
1659 4662 2000 4732 genuerint.

1891 2470 2002 2509 i'n-

335 4819 477 4860 esse
507 4802 842 4872 credamus,
879 4817 1010 4856 cum
1045 4817 1216 4856 nemo
1251 4801 1367 4857 sibi
1419 4801 1535 4872 ipsi
1592 4803 1815 4873 gratias
1847 4807 2001 4876 agat.

403 4883 518 4956 (27)
551 4882 812 4939 Verbum
843 4881 1196 4952 prolativum
1227 4897 1334 4937 seu
1357 4879 1654 4955 προφορικὸν
1676 4882 1861 4938 verbo
1913 4884 2006 4938 in~

336 4967 529 5034 terno,
565 4964 693 5020 sive
737 4957 998 5015 ἐνδιαθέτω
1043 4961 1259 5041 apponi
1274 4961 1400 5041 jam
1416 4963 1850 5018 annotavimus.
1872 4963 2012 5018 Ver-

336 5045 477 5101 bum
507 5048 702 5098 autem
737 5043 1004 5096 divinum
1067 5038 1339 5115 προφρέκὸυ
1403 5042 1502 5114 qui
1533 5059 1604 5098 eo
1634 5043 1808 5098 modo
1837 5043 2002 5097 dice-

335 5121 426 5172 ret
456 5119 519 5172 ut
550 5115 822 5186 Syllabas
852 5119 1193 5186 autisonium
1243 5129 1594 5186 corporeum
1623 5130 1763 5186 esse
1813 5115 2005 5186 tinge-

335 5191 446 5257 ret,
479 5185 655 5242 nemo
685 5201 874 5257 usque
907 5185 1054 5239 adeo
1085 5185 1332 5239 insanus
1365 5185 1510 5241 fuit:
1546 5189 1604 5240 at
1647 5185 1788 5241 illud
1813 5185 2006 5256 ipsum

338 5283 480 5322 esse
510 5261 788 5318 eadem;
831 5263 1262 5320 contendebant
1303 5280 1372 5319 ac
1421 5265 1675 5320 similem
1733 5265 2007 5320 humanis

339 5338 666 5404 habitibus,
699 5336 1066 5407 proindeque
1126 5335 1568 5402 accidentalem,
1630 5339 1804 5406 atque
1835 5353 1867 5390 a
1899 5337 2008 5389 Pa-

341 5411 450 5465 tris
482 5413 690 5464 natura
723 5410 1080 5478 separatum,
1113 5412 1176 5462 ut
1204 5423 1278 5461 cx
1299 5407 1500 5461 Basilii
1521 5407 1678 5462 hom.
1712 5407 1777 5461 ‘27
1801 5407 2005 5478 Contr.

339 5482 623 5542 Arinnos,
658 5477 808 5549 etc.,’
827 5478 1234 5550 intelligimus.
1261 5478 1674 5550 Verumtamen
1695 5477 1850 5532 idem
1866 5477 2012 5532 illud

343 5553 604 5608 Verbum
638 5549 887 5621 spiritali
917 5549 1167 5621 quadam
1198 5549 1423 5621 ratione
1462 5549 1815 5619 prolativum
1845 5564 2012 5605 asse-

339 5623 628 5680 verabant
658 5619 880 5685 {\riani,
915 5619 1074 5692 quod
1101 5619 1378 5692 nimirum
1410 5637 1486 5692 ex
1513 5622 1686 5675 Patre
1735 5635 2012 5692 nascere:

342 5701 440 5750 tur
467 5709 589 5748 non
617 5709 724 5765 per
755 5691 1198 5765 generationem
1235 5715 1256 5738 ιι
1294 5691 1474 5765 verbi
1503 5692 1816 5765 manentis,
1853 5715 1874 5741 ιι
1904 5691 2012 5765 sed

344 5765 518 5841 quasi
547 5763 656 5837 per
683 5763 1068 5838 prolationem
1107 5786 1130 5808 ιτ
1164 5764 1398 5822 ﬂuentis
1431 5763 1748 5835 sermonis,
1796 5787 1816 5808 »
1853 5763 2009 5838 quod

2118 563 2230 619 mis
2252 563 2529 636 potentes
2557 563 2689 619 fore
2721 563 2968 634 inducit,
2987 563 3355 636 proin’deque
3379 568 3556 618 totam
3592 577 3789 617 eorum

2117 636 2573 708 disputationem
2605 638 2863 708 ineptem
2895 652 3048 691 esse.

2186 727 2274 780 '77.
2309 724 2503 798 [Alios
2533 741 2662 796 cap.
2695 724 2814 798 IV.]
2862 725 3010 780 Illud
3068 723 3386 780 ridiculum
3417 726 3529 794 est,
3597 723 3792 794 Impe-

2111 818 2276 871 rator
2306 818 2580 889 auguste,
2615 815 2773 887 quod
2804 815 3041 887 quidam
3073 813 3184 886 (28)
3208 813 3322 868 hoc
3349 813 3522 868 etiam
3556 812 3624 867 ad
3649 813 3794 867 inae-

2113 905 2452 976 qualitatem
2483 905 2587 960 Dei
2618 903 2813 958 Patris
2846 906 2906 960 et
2961 903 3094 960 Filii
3157 903 3563 974 objiciendum
3610 917 3793 957 usur-

2113 1009 2253 1064 pare
2286 995 2669 1063 consuerunt,
2703 993 2860 1065 quod
2929 993 3127 1048 dicant
3160 993 3620 1063 omnipotentem
3683 991 3792 1044 Pa-

2113 1086 2262 1138 trem
2295 1099 2453 1152 esse,
2488 1083 2646 1155 quod
2691 1083 2999 1156 generavit
3041 1081 3288 1137 Filium:
3338 1082 3558 1153 negent
3589 1082 3790 1134 autem

2113 1173 2570 1246 omnipotentem
2603 1171 2837 1243 Filium,
2873 1172 3141 1228 dicentes
3174 1170 3310 1243 quia
3344 1183 3636 1242 generare
3669 1183 3785 1223 non

2113 1263 2322 1335 potuit.

2181 1351 2270 1408 '78.
2304 1351 2420 1408 Sed
2451 1351 2585 1408 vide
2617 1352 3110 1424 quemadmodum
3162 1367 3324 1406 saeva
3381 1348 3687 1419 impietas;
3721 1349 3786 1402 ut

2113 1442 2418 1498 dialectica
2476 1441 2970 1513 philosophorum
3003 1457 3068 1496 se
3131 1441 3262 1512 ipsa
3294 1439 3624 1494 convincat.
3661 1437 3786 1491 Hac

2113 1532 2269 1588 enim
2300 1531 2630 1604 quaestione
2661 1534 2760 1586 aut
2791 1533 3152 1586 coaeternum
3195 1529 3354 1583 Patri
3399 1527 3616 1582 Filium
3677 1541 3788 1580 ne-

2114 1637 2288 1677 cesse
2321 1624 2414 1676 est
2441 1637 2550 1675 sua
2609 1635 2754 1675 voce
2816 1619 3126 1688 fateantur,
3187 1620 3286 1672 aut
3319 1617 3371 1671 si
3431 1615 3788 1686 principium

2112 1710 2395 1782 temporis
2425 1709 2576 1764 Filio
2606 1709 2846 1781 aliquod
2903 1709 3232 1776 ascribunt,
3268 1705 3624 1778 principium
3687 1719 3790 1775 po-

2112 1801 2308 1856 tentiae
2338 1815 2588 1854 necesse
2619 1801 2714 1853 est
2769 1798 3030 1852 tribuant
3061 1797 3237 1852 etiam
3294 1795 3474 1850 Patri.
3512 1795 3594 1848 Ita
3657 1810 3790 1848 cum

2113 1891 2570 1960 omnipotentem
2602 1887 2815 1942 Filium
2845 1889 3084 1959 negant,
3105 1885 3412 1956 incipiunt,
3438 1883 3595 1956 quod
3619 1883 3790 1938 nefas

2111 1979 2272 2034 dictu
2303 1981 2413 2046 est,
2449 1992 2726 2033 asserere
2757 1991 2866 2048 per
2897 1975 3111 2030 Filium
3140 1976 3374 2029 Patrem
3423 1974 3792 2044 omnipoten-

2112 2073 2228 2124 tem
2259 2083 2398 2124 esse
2429 2067 2710 2138 coepisse.

2181 2155 2271 2212 '79.
2303 2158 2453 2212 Nam
2485 2157 2539 2211 si
2568 2171 2675 2226 per
2705 2155 3150 2226 generationem
3199 2152 3571 2223 omnipotens
3593 2154 3786 2215 Pater,

2113 2247 2312 2319 utique
2371 2243 2469 2300 aut
2525 2247 2858 2300 coaeternus
2907 2245 3066 2296 Patri
3126 2241 3314 2297 Filius
3376 2245 3506 2309 est;
3542 2241 3678 2312 quia
3737 2241 3788 2292 si

2114 2352 2350 2404 semper
2379 2334 2752 2404 omnipotens
2783 2333 2977 2392 Pater,
3024 2331 3425 2401 sempiternus
3487 2333 3543 2382 et.
3577 2329 3784 2390 Filius,

2117 2435 2203 2479 ulti
2245 2429 2290 2476 si
2352 2425 2452 2479 fuit
2491 2425 2724 2493 quaint»
2785 2439 2896 2472 non
2934 2427 3050 2471 ιιι-ηπ
3121 2419 3301 2473 Filius
3367 2420 3782 2486 mznpitm-uus.

2119 2520 2220 2572 fuit
2254 2531 2396 2586 ergo
2433 2517 2665 2585 quando
2699 2531 2812 2566 non
2848 2516 2966 2564 erat
3003 2509 3373 2579 omnipotens
3407 2511 3598 2563 t'ater.
3643 2508 3784 2561 Nam

2117 2623 2250 2661 cum
2281 2604 2484 2660 volunt
2513 2595 2710 2657 dicere
2771 2599 2985 2655 Filium
3043 2597 3358 2670 aliquando
3416 2596 3694 2666 coepisse,
3727 2597 3786 2649 in

2117 2696 2260 2752 illud
2290 2693 2579 2760 recidunt,
2626 2695 2689 2746 ut
2734 2694 2790 2746 et
2837 2688 3031 2744 Patris
3062 2687 3386 2759 potentiam
3434 2685 3634 2740 dicant
3667 2701 3785 2739 non

2119 2799 2355 2856 semper
2383 2783 2594 2850 fuisse,
2629 2781 2733 2836 sed
2766 2796 2842 2835 ex
2873 2778 3000 2832 Filii
3053 2777 3436 2850 generatione
3501 2773 3780 2844 coepisse.

2118 2877 2196 2930 Ita
2229 2875 2366 2930 dum
2399 2871 2548 2926 Filio
2582 2869 2686 2925 Dei
2717 2869 2959 2940 cupiunt
2990 2868 3302 2939 derogare,
3337 2865 3472 2936 plus
3499 2863 3780 2931 tribuunt,

2115 2968 2180 3021 ut
2208 2965 2410 3020 contra
2441 2961 2531 3016 fas
2563 2975 2735 3016 omne
2765 2960 3066 3036 auctorem
3097 2958 3359 3028 paternae
3381 2951 3656 3025 potentia
3687 2952 3786 3006 de-

2118 3055 2342 3109 clarare
2373 3051 2701 3118 videantur,
2736 3065 2869 3103 cum
2899 3045 3086 3100 Filius
3118 3045 3310 3100 dicat:
3350 3066 3372 3088 α
3406 3042 3610 3098 Omnia
3651 3058 3784 3114 qua:

2117 3145 2292 3200 Pater
2322 3141 2517 3208 habet,
2553 3155 2682 3194 mea
2732 3138 2870 3193 sunt
2925 3137 3114 3205 (Joan.
3147 3151 3266 3201 xw,
3293 3132 3403 3202 15),
3469 3157 3489 3180 ››
3526 3132 3638 3186 hoc
3671 3134 3781 3198 est,

2038 3221 2089 3285 Ο
2119 3251 2238 3289 non
2296 3246 2428 3303 quae
2459 3228 2618 3283 Patri
2676 3227 2806 3299 ipse
2837 3224 3162 3289 tradiderit,
3223 3223 3330 3278 sed
3361 3237 3494 3292 quae
3525 3237 3557 3274 a
3613 3221 3784 3274 Patre

2113 3321 2249 3394 jure
2282 3317 2682 3394 generationis
2713 3316 3027 3386 acceperit.

2189 3411 2277 3466 80.
2314 3408 2384 3462 Et
2442 3409 2575 3462 ideo
2608 3404 2820 3460 Filium
2879 3403 3299 3474 sempiternam
3329 3400 3582 3454 dicimus
3646 3413 3784 3451 esse

2117 3501 2428 3568 virtutem;
2461 3495 2515 3549 si
2545 3510 2690 3567 ergo
2713 3493 3070 3564 sempiterna
3104 3491 3236 3562 ejus
3269 3490 3456 3545 virtus
3489 3491 3662 3558 atque
3694 3487 3784 3540 di-

2117 3589 2354 3654 vinitas,
2389 3586 2588 3657 utique
2621 3586 2678 3639 et
2707 3583 2967 3655 potentia
2997 3581 3132 3652 ejus
3164 3583 3256 3636 est
3287 3579 3666 3650 sempiterna.
3695 3575 3786 3629 Fi-

2118 3680 2196 3735 lio
2255 3677 2436 3748 igitur
2493 3673 2594 3746 qui
2649 3673 2915 3744 derogat,
2967 3670 3127 3726 Patri
3185 3671 3474 3741 derogat,’
3511 3667 3786 3738 pietatem

2119 3767 2378 3836 offendit,
2412 3764 2592 3819 violat
2623 3761 2987 3817 charitatem.
3025 3761 3152 3816 Nos
3186 3759 3650 3814 honoriﬁcemus
3685 3754 3785 3808 Fi-

2119 3859 2282 3928 lium,
2311 3854 2371 3909 in
2401 3869 2518 3926 quo
2539 3853 2715 3906 Pater
2745 3851 3104 3921 eomplacet;
3136 3849 3328 3920 placet
3361 3847 3514 3903 enim
3545 3845 3704 3899 Patri
3727 3847 3787 3899 ut

2116 3946 2386 4002 laudetur
2416 3941 2623 4011 Filius,
2657 3941 2718 3995 in
2748 3956 2865 4012 quo
2895 3939 3024 4010 ipse
3057 3938 3426 4008 complacuit.

2188 4035 2276 4089 8|.
2311 4030 2808 4102 Respondeamus
2837 4031 3034 4084 tamen
3086 4026 3392 4082 intentioni
3449 4041 3674 4091 eorum,
3713 4041 3784 4078 ne

2119 4124 2354 4196 epilogo
2375 4120 2490 4193 (‘29)
2511 4119 2763 4192 quodam
2781 4117 3062 4173 invidiam
3077 4116 3430 4190 quaestionis
3445 4115 3782 4196 declinasse

2119 4195 2441 4268 videamur.
2500 4207 2848 4276 Generavit,
2909 4207 3200 4280 inquiunt,
3261 4207 3454 4274 Pater,
3489 4195 3634 4258 536
3667 4219 3784 4257 non

2118 4300 2429 4377 generavit
2459 4298 2666 4353 Filius.
2699 4296 2864 4363 Quod
2899 4296 2994 4351 hic
3043 4299 3456 4368 argumentum
3500 4296 3593 4348 est
3637 4293 3782 4345 inae-

2117 4390 2467 4464 qualitatis‘?
2520 4387 2834 4443 Generatio
2866 4387 3022 4441 enim
3079 4387 3339 4456 paternae
3396 4381 3778 4454 proprietatis

2116 4482 2227 4550 est,
2259 4495 2378 4534 non
2435 4477 2732 4548 potentiae,
2780 4477 2836 4530 et
2890 4475 3080 4546 pietas
3113 4476 3324 4546 aequat,
3374 4487 3490 4526 non
3525 4472 3778 4540 separat.

593 4589 715 4644 atri
744 4587 1213 4661 abjudicandam,
1247 4560 1818 4661 velailjudicanaim
1850 4589 2003 4646 Filio

2127 4571 2380 4642 Denique
2413 4567 2472 4621 in
2507 4566 2637 4638 ipso
2667 4581 2782 4620 usu
2811 4569 3034 4620 nostra:
3055 4563 3411 4618 infirmitatis
3441 4560 3782 4631 frequenter

2117 4659 2354 4715 evenire
2386 4655 2830 4728 cognoscimus,
2861 4657 2926 4708 ut
2955 4656 3013 4710 et
3040 4652 3256 4708 inﬁrmi
3288 4651 3444 4706 ﬁlios
3507 4649 3777 4718 habeant,

2117 4805 2236 4860 toto
2259 4803 2372 4857 hoc
2403 4815 2580 4870 opere
2613 4797 2917 4870 impugnat
2949 4796 3322 4870 Ambrosius.
3396 4867 3404 4870 _
3735 4791 3773 4870 '}-_.

2186 4874 2302 4942 (28)
2329 4867 2549 4927 Omnes
2580 4867 2716 4924 edit.
2751 4867 2809 4942 et
2837 4868 3258 4942 mss._aliquot,
3293 4867 3518 4942 omisso
3581 4890 3600 4912 »ι
3639 4867 3782 4940 ἰηιιὲ

2114 4939 2438 5016 ridiculum
2459 4945 2569 5016 est,
2609 4964 2629 4987 ιι
2667 4940 2867 5016 statim
2881 4939 3196 5016 incipiunt,
3235 4963 3255 4985 «
3311 4939 3782 5016 Imperatoriau’;

2114 5019 2311 5087 guste,
2343 5013 2600 5087 quidam,
2635 5014 2746 5087 etc.
2787 5035 2808 5059 η
2847 5010 3016 5066 Unde
3052 5027 3170 5087 non
3203 5012 3373 5087 pauci
3429 5027 3576 5087 mss.
3609 5010 3782 5084 etiam

2115 5076 2410 5153 resecan't,
2445 5076 2827 5156 «Imperator
2856 5086 3148 5156 auguste;
3181 5076 3393 5137 melius
3425 5083 3542 5150 alii,
3601 5076 3783 5154 quau}

2119 5173 2295 5230 quam
2318 5153 2660 5230 pauciores,
2691 5157 2755 5209 ut
2785 5155 2844 5208 in
2877 5153 3174 5230 contextu.
3220 5226 3233 5230 _
3290 5227 3296 5230 _
3384 5226 3399 5230 _
3539 5226 3548 5230 Δ
3621 5153 3634 5154 ”
3751 5167 3756 5172 '

2187 5227 2300 5296 ('29)
2317 5225 2632 5298 Epilogum
2656 5241 2761 5298 pro
2783 5226 3170 5298 querimoniis
3185 5226 3256 5280 ab
3272 5226 3592 5280 Ambrosio
3607 5241 3784 5287 usur-

2159 5303 2318 5354 atum
2345 5297 2630 5352 Hexaem.
2664 5297 2767 5351 lib.
2801 5297 2880 5352 vt.
2943 5313 3103 5352 num.
3137 5299 3226 5360 24.
3289 5298 3802 5353 observabamus.-

2177 5385 2326 5442 eque
2349 5383 2490 5423 vero
2511 5368 2774 5442 eamdem
2791 5383 3000 5442 vocem
3036 5370 3148 5442 hoc
3171 5370 3282 5442 loci
3308 5371 3564 5442 usurpat
3599 5382 3784 5420 sensu

2117 5439 2433 5518 admodum
2489 5440 2718 5509 alieno;
2779 5439 3138 5518 nihil_enim
3169 5441 3324 5518 aliud
3382 5439 3782 5518 signatquam

2118 5512 2414 5585 ejusmodi
2445 5508 2802 5579 sermonem,
2835 5511 3068 5585 qualem
3099 5515 3385 5585 oratores,
3431 5508 3490 5562 ut
3515 5508 3785 5585 judicum

2119 5580 2350 5640 mentes
2381 5600 2414 5638 a
2445 5599 2664 5655 causae,
2691 5598 2824 5655 quae
2853 5580 3072 5655 agitur,
3110 5581 3465 5655 cogitatione
3495 5580 3781 5655 avertant,

2120 5656 2190 5710 ad
2222 5654 2549 5712 movendos
2565 5649 2929 5726 cie'ndosqué
2975 5649 3222 5708 allectus
3253 5651 3534 5704 aclhibere
3569 5649 3782 5703 solent.
