4050 6182
380 259 501 331 659

1821 250 1887 324 S.
1922 256 2363 325 AMBROSII.

3688 258 3796 329 660

385 469 443 523 et
478 480 597 521 non
630 463 886 521 habeant
923 424 1227 530 fortiores,
1272 461 1527 519 habeant
1574 463 1756 533 servi,
1790 478 1908 518 non
1950 461 2059 517 ha-
2096 432 2153 500 λ
2244 461 2334 519 8⁸7.
2371 462 2697 519 Didicimus
2748 463 2943 536 itaque
2973 464 3086 534 (32)
3135 462 3436 535 potestatis
3479 478 3629 535 esse,
3657 466 3800 538 quod

386 556 567 612 beant
595 553 848 624 Domini,
897 553 1155 610 habeant
1202 553 1433 627 inopes,
1485 568 1604 609 non
1651 552 1905 608 habeant
1958 553 2093 625 qui.

385 646 662 717 petentes
693 645 834 698 sunt
861 642 995 711 (80).

457 733 550 789 8:2.
582 732 698 789 Sed
732 732 783 787 si
816 732 1019 787 dicunt
1066 735 1122 788 et
1161 732 1276 787 hoc
1323 732 1680 788 inﬁrmitatis
1723 747 1882 800 esse,
1918 731 2055 804 quia

389 822 595 877 volunt
620 821 893 876 homines
925 821 1079 876 tilias
1112 821 1351 889 habere,
1387 837 1497 877 nec
1526 824 1811 894 possunt:
1847 836 2054 893 quam-

386 912 481 967 vis
502 911 757 967 humana
779 926 898 966 non
918 911 1037 966 sint
1057 910 1416 966 conferenda
1438 911 1677 981 divinis,
1720 909 2054 982 intelligant

384 1005 580 1056 tamen
610 1000 763 1055 inter
807 1001 976 1071 ipsos
1009 1015 1245 1072 quoque
1294 999 1567 1055 homines
1612 1015 1730 1055 non
1778 999 2055 1071 potentiae

386 1105 551 1159 esse,
583 1089 691 1144 sed
738 1091 998 1160 paternae
1046 1089 1445 1160 proprietatis,
1492 1089 1712 1145 habere
1752 1089 1929 1159 filios,
1961 1088 2055 1143 vel

390 1195 510 1235 non
541 1177 795 1234 habere:
829 1194 939 1232 nec
967 1178 1028 1233 in
1058 1181 1347 1249 potestate
1365 1182 1588 1234 nostrae
1616 1177 1936 1234 voluntatis
1965 1193 2057 1233 es-

383 1283 451 1324 se
473 1283 783 1341 generare,
808 1268 914 1322 sed
936 1268 996 1322 in
1018 1267 1289 1339 corporis
1310 1269 1625 1340 qualitate;
1659 1284 1792 1322 nam
1824 1267 1874 1322 si
1893 1269 2056 1321 esset

379 1357 682 1430 potentiae,
705 1357 905 1429 utique
927 1357 1222 1428 potentior
1235 1358 1451 1413 multos
1471 1357 1736 1413 haberet.
1759 1356 1917 1429 Ergo
1935 1371 2055 1411 non

384 1450 477 1502 est
504 1446 781 1518 potentiae
813 1445 1035 1501 habere
1068 1446 1222 1501 filios
1252 1446 1345 1502 vel
1374 1462 1492 1502 non
1523 1446 1764 1502 habere.

449 1536 537 1591 83.
564 1535 860 1607 Numquid
881 1539 1106 1591 naturae
1129 1537 1267 1591 est?
1298 1534 1356 1590 Si
1391 1539 1614 1591 naturae
1656 1534 2051 1590 infirmitatem

380 1625 621 1698 putatis,
646 1628 702 1681 et
720 1625 791 1681 ad
815 1624 1068 1680 humana
1086 1641 1195 1680 vos
1219 1625 1505 1681 confertis
1523 1625 1809 1695 exempla,
1847 1623 2051 1680 eadem

383 1715 575 1771 Patris
606 1718 699 1770 est
728 1718 935 1769 natura
983 1730 1116 1785 quae
1146 1714 1274 1769 Filii
1322 1718 1433 1769 est.
1485 1714 1684 1786 Itaque
1716 1717 1815 1768 aut
1846 1729 2052 1769 verum

2176 543 2323 609 537
2355 569 2466 609 nos
2500 553 2656 609 ﬁlios
2692 553 2797 609 Dei
2834 553 3000 609 fecit:
3035 554 3404 625 proprietatis
3430 557 3613 609 autem
3639 570 3799 627 gene-

2170 642 2457 697 rationem
2481 638 2619 698 esse
2643 643 2879 698 oracula
2905 642 3101 697 divina
3133 643 3463 712 declarant;
3504 642 3637 699 dicit
3662 644 3800 700 enim

2169 729 2466 801 Sapientia
2519 731 2662 786 Dei:
2716 754 2738 781 α
2773 731 2861 786 Ex
2905 747 3007 787 ore
3040 731 3327 786 Altissimi
3359 731 3579 802 prodivi
3608 732 3798 801 (Eccli.

2170 835 2331 889 xxiv,
2356 820 2444 889 5);
2483 842 2503 868 υ
2541 820 2654 875 hoc
2685 824 2795 889 est,
2830 837 2945 875 non
2971 824 3192 890 coacta,
3215 821 3318 875 sed
3351 819 3530 875 libera
3556 835 3569 875 :
3600 836 3806 893 nonpoo

2170 909 2366 963 testati
2414 908 2690 976 obnoxia,
2725 910 2834 965 sed
2866 913 2997 964 nata
3030 909 3429 981 generationis
3459 924 3664 964 arcano
3696 909 3805 981 pri-

2169 997 2389 1070 vilegio
2417 998 2838 1054 dominationis
2867 1002 2925 1054 et
2965 997 3103 1070 jure
3136 998 3444 1069 potestatis
3474 997 3603 1068 (83).
3647 997 3808 1054 Deni-

2171 1101 2286 1157 que
2316 1086 2388 1141 dc
2419 1087 2623 1141 eadem
2653 1087 2973 1159 Sapientia,
3008 1087 3121 1143 hoc
3151 1090 3245 1141 est
3290 1086 3360 1141 de
3390 1087 3631 1142 Domino
3658 1087 3806 1156 Jesu,

2169 1175 2310 1230 alibi
2329 1177 2501 1231 Pater
2516 1176 2692 1232 dicit:
2732 1199 2753 1224 α
2792 1175 2879 1231 Ex
2911 1179 3077 1232 utero
3109 1179 3241 1232 ante
3291 1174 3623 1232 Luciferum
3652 1176 3812 1249 genui

2170 1267 2226 1319 te
2256 1264 2439 1335 (Psal.
2472 1282 2590 1334 cxx,
2620 1266 2698 1337 3).
2737 1289 2760 1314 ιο

2240 1354 2327 1408 88.
2352 1353 2515 1420 Quod
2542 1355 2742 1426 utique
2765 1355 2898 1410 ideo
2929 1355 3093 1424 dixit,
3122 1371 3235 1409 non
3274 1357 3332 1408 ut
3357 1354 3710 1426 corporalem
3737 1354 3813 1409 al-

2169 1458 2306 1496 vum
2329 1442 2674 1513 declararet,
2692 1443 2798 1498 sed
2821 1444 3306 1514 utproprielatem
3332 1460 3487 1499 verae
3509 1443 3814 1515 generatio-

2170 1531 2264 1586 nis
2287 1532 2645 1588 ostenderet.
2678 1533 2828 1588 Nam
2859 1533 2913 1588 si
2942 1534 3013 1587 ad
3040 1533 3408 1604 corporalem
3424 1531 3812 1605 referas,ergo

2169 1620 2542 1691 omnipotens
2570 1621 2744 1676 Pater
2775 1638 2908 1677 cum
2942 1621 3145 1678 dolore
3167 1628 3221 1678 et
3255 1621 3636 1693 conceptione
3656 1637 3816 1691 gene-

2169 1711 2341 1764 ravit.
2375 1709 2490 1765 Sed
2524 1710 2700 1781 absit,
2749 1714 2811 1766 ut
2860 1711 3043 1766 Deum
3074 1726 3149 1766 ex
3195 1711 3531 1766 infirmitate
3571 1710 3817 1782 corporis

382 1804 593 1861 Filium
618 1804 838 1871 dicitis,
871 1808 928 1859 et
957 1804 1111 1858 Patri
1144 1803 1203 1858 in
1237 1802 1386 1859 Filio
1431 1802 1733 1876 derogatis
1782 1818 1889 1874 per
1916 1802 2051 1858 uni-
2096 1797 2518 1880 Bmetiamurl
2571 1799 2679 1854 Est
2727 1801 2961 1872 quidam
3003 1802 3208 1856 uterus
3255 1804 3518 1870 paternis
3563 1814 3818 1854 arcanum

378 1897 555 1949 tatem
613 1892 884 1965 ejusdem
944 1896 1167 1947 natura;
1217 1892 1397 1962 (sicut
1441 1891 1597 1948 enim
1630 1892 1802 1946 Pater
1845 1895 2053 1947 natura

2170 1887 2545 1956 substantiae,
2564 1888 2930 1960 interiusque
2953 1892 3268 1958 secretum,
3290 1888 3449 1960 quod
3471 1903 3586 1943 non
3604 1887 3815 1961 Angeli,

382 1982 544 2039 Deus
566 1986 678 2052 est,
700 1982 774 2036 ita
796 1985 853 2037 et
882 1981 1103 2036 Filius:
1136 1981 1282 2036 deos
1311 1984 1503 2036 autem
1540 1981 1620 2035 ait
1654 1981 1978 2052 Apostolus
2001 1981 2060 2051 (Ι
2168 1992 2286 2032 non
2307 1976 2690 2049 Archangeli.
2715 1993 2832 2032 non
2851 1978 3204 2044 Potestates,
3239 1993 3359 2032 non
3379 1977 3817 2047 Dominationes,

383 2070 522 2128 Cor.
554 2088 678 2142 vin,
709 2072 766 2141 ὃ)
814 2086 932 2127 non
972 2073 1177 2126 natura
1221 2070 1368 2126 deos
1399 2085 1558 2138 esse,
1610 2069 1717 2125 sed
1748 2068 1908 2140 dici),
1953 2072 2052 2125 aut

377 2161 432 2217 si
462 2160 695 2234 negatis
725 2160 869 2216 esse‘
897 2175 1101 2216 verum
1130 2159 1363 2229 Filium,
1396 2158 1510 2214 hoc
1536 2160 1629 2213 est
1649 2156 1922 2231 ejusdem
1943 2175 2051 2214 na-

381 2253 550 2321 turae,
571 2265 689 2306 non
709 2252 802 2305 est
817 2265 963 2322 ergo
986 2251 1306 2322 generatus
1331 2263 1344 2304 :
1387 2248 1441 2304 si
1462 2264 1582 2304 non
1601 2250 1694 2304 est
1729 2251 2050 2321 generatus

380 2339 589 2409 Filius,
623 2355 743 2395 non
773 2339 1080 2412 generavit
1108 2338 1301 2395 Pater.

446 2428 535 2485 84.
561 2427 875 2501 Colligitur
894 2429 1090 2499 itaque
1115 2426 1286 2500 juxta
1321 2427 1672 2483 sententiam
1707 2428 1967 2484 vestram
1988 2429 2053 2482 ut

381 2534 501 2575 non
523 2518 601 2574 sit
623 2517 996 2589 omnipotens
1017 2517 1180 2572 Deus
1201 2516 1376 2573 Pater
1399 2531 1415 2585 ;
1445 2516 1581 2589 quia
1612 2531 1902 2589 generare
1931 2531 2051 2572 non

378 2607 586 2679 potuit,
620 2606 675 2663 si
720 2623 840 2664 non
885 2605 1193 2678 generavit
1237 2605 1470 2675 Filium,
1520 2605 1627 2661 sed
1661 2606 1902 2661 creavit.
1934 2604 2051 2660 Sed

384 2696 522 2768 quia
560 2695 935 2767 omnipotens
973 2697 1168 2760 Pater,
1202 2710 1336 2750 cum
1361 2694 1531 2767 juxta
1561 2695 1915 2750 sententiam
1945 2709 2052 2749 ve-

385 2787 569 2841 stram
601 2784 772 2840 solus
816 2786 1135 2857 generator
1177 2783 1550 2855 omnipotens
1598 2783 1696 2853 sit,
1746 2783 2054 2856 generavit

384 2874 587 2945 utique
609 2872 843 2945 Filium,
868 2889 985 2930 non
1008 2873 1250 2929 creavit.
1276 2873 1494 2928 Verum
1524 2872 1641 2944 ipsi
1662 2872 1855 2945 magis
1877 2887 2051 2945 quam

378 2962 555 3019 vobis
578 2962 938 3018 credendum
968 2965 1081 3019 est.
1120 2961 1222 3019 llle
1244 2961 1324 3017 ait
1356 2960 1549 3019 Genui
1581 2960 1770 3032 (Psal.
1806 2976 1923 3031 cxx,
1951 2960 2046 3032 3);

377 3053 436 3109 et
462 3050 805 3125 frequenter
830 3052 929 3123 ait,
962 3051 1368 3125 generationis
1398 3067 1526 3107 suae
1553 3050 1747 3106 testis.

445 3139 538 3200 85.
588 3141 724 3197 Non
770 3143 864 3197 est
908 3155 1053 3215 ergo
1103 3144 1349 3210 natura,
1401 3156 1518 3195 non
1550 3142 1643 3195 est
1686 3138 1962 3211 potentiae
1992 3137 2051 3193 in

377 3229 615 3287 Christo
640 3230 855 3302 aliqua,
880 3230 1018 3302 quia
1039 3245 1158 3285 non
1185 3229 1511 3302 generavit,
1535 3228 1878 3284 infirmitas:
1914 3228 2052 3299 quia

378 3318 706 3395 generatio,
742 3319 902 3375 sicut
930 3334 1094 3390 saepe
1118 3317 1243 3391 jam
1274 3318 1554 3387 diximus,
1596 3333 1713 3373 non
1744 3317 1818 3373 ad
1859 3316 2051 3372 subli-

381 3411 654 3466 matatem
692 3407 991 3480 potentiae,
1041 3407 1147 3463 sed
1204 3407 1279 3462 ad
1324 3408 1743 3479 proprietatem
1798 3405 2055 3461 refertur

381 3500 608 3554 natura:
636 3497 773 3569 (81).
807 3497 956 3553 Nam
1005 3497 1061 3551 si
1088 3496 1221 3553 ideo
1272 3495 1645 3567 omnipotens
1691 3495 1882 3564 Pater,
1916 3495 2053 3568 quia

381 3587 590 3644 Filium
636 3585 853 3643 habet:
902 3585 1360 3658 omnipotentior
1397 3600 1543 3658 ergo
1590 3599 1730 3641 esse
1760 3584 1965 3656 potuit,
1999 3583 2053 3641 si

379 3675 585 3748 plures
613 3675 879 3732 haberet.

450 3765 540 3821 86.
559 3767 653 3821 An
671 3780 817 3822 vero
843 3763 1103 3837 potentia
1119 3761 1254 3836 ejus
1289 3763 1350 3819 in
1385 3778 1501 3820 una
1534 3763 1918 3837 generatione
1947 3762 2038 3818 de-

383 3853 567 3911 fecit?
597 3855 671 3909 At
699 3868 844 3926 ergo
876 3853 1190 3911 ostendum
1223 3856 1279 3908 et
1304 3852 1604 3908 Christum
1633 3850 1853 3908 habere
1873 3853 2050 3920 filios,

382 3959 538 4019 quos
569 3942 832 4015 quotidie
860 3944 1127 4015 generat,
1160 3942 1269 3998 sed
1299 3957 1369 3997 ea
1397 3940 1804 4013 generatione,
1838 3941 1932 3996 vel
1954 3956 2059 4012 po-

382 4033 502 4089 tius
550 4032 1022 4106 regeneratione,
1070 4047 1204 4104 quae
1252 4030 1563 4103 potestatis
1609 4031 1722 4098 est,
1772 4044 1890 4084 non
1948 4045 2057 4083 na-

2168 2082 2285 2121 non
2331 2067 2525 2138 aliqua
2582 2069 2983 2121 creaturarum
3030 2067 3216 2136 potuit
3264 2069 3574 2137 penetrare
3615 2069 3819 2121 natura.

2168 2154 2315 2210 Cum
2348 2155 2519 2214 Patre
2552 2155 2709 2210 enim
2759 2170 3014 2226 semper,
3059 2159 3114 2209 et
3159 2156 3218 2209 in
3263 2155 3437 2211 Patre
3487 2171 3718 2227 semper
3740 2155 3821 2210 est

2168 2244 2398 2300 Filius:
2433 2259 2568 2300 cum
2602 2242 2772 2299 Patre
2802 2258 2910 2315 per
2940 2244 3383 2299 distinctionem
3427 2243 3822 2299 indissociabi-

2167 2333 2284 2389 lem
2313 2333 2615 2389 Trinitatis
2646 2336 2905 2406 aeternae,
2938 2332 2998 2389 in
3048 2333 3217 2389 Patre
3244 2350 3357 2406 per
3402 2333 3619 2390 divinae
3648 2332 3823 2389 unita-

2166 2425 2284 2478 tem
2308 2425 2555 2478 naturae.

2234 2512 2324 2568 89.
2357 2511 2503 2577 Quis
2552 2511 2736 2585 igitur
2782 2511 2879 2566 hic
2926 2512 3147 2567 arbiter
3194 2512 3549 2585 divinitatis,
3581 2512 3681 2585 qui
3708 2511 3822 2567 dis-

2166 2601 2345 2656 cutiat
2394 2602 2624 2656 Patrem
2671 2617 2741 2655 ac
2792 2601 3037 2657 Filium:
3089 2600 3206 2670 ille,
3258 2617 3447 2672 quare
3489 2600 3820 2675 generavit:

2163 2690 2298 2754 iste,
2335 2706 2443 2745 cur
2472 2706 2588 2745 non
2622 2691 2977 2763 generavit?
3022 2690 3339 2745 Servulum
3382 2706 3559 2747 suum
3606 2694 3701 2747 aut
3725 2706 3821 2744 an-

2165 2779 2423 2834 cillulam
2455 2795 2561 2833 cur
2590 2795 2707 2834 non
2739 2780 3063 2851 generavit,
3101 2796 3273 2835 nemo
3316 2781 3702 2836 condemnat:
3732 2777 3820 2832 isti

2165 2869 2577 2939 condemnant,
2606 2884 2716 2924 cur
2744 2884 2861 2923 non
2884 2868 3488 2941 generavitChristus
3514 2886 3529 2940 ;
3563 2867 3820 2925 condem-

2163 2960 2304 3012 nant
2333 2957 2491 3013 enim
2520 2973 2631 3012 suo
2662 2957 2958 3028 Opinione,
2996 2975 3126 3013 cum
3152 2958 3466 3031 derogant.
3497 2959 3623 3014 Nec
3643 2955 3828 3028 conju'

2163 3046 2343 3119 gibus
2377 3046 2531 3102 inter
2559 3060 2625 3102 se
2658 3062 2766 3102 cur
2806 3063 2924 3101 non
2969 3048 3410 3119 generaverint,
3444 3050 3546 3103 aut
3586 3046 3825 3103 charitas

2165 3135 2466 3206 minuitur,
2519 3138 2618 3190 aut
2661 3136 2931 3191 meritum
2976 3136 3336 3208 derogatur:
3396 3137 3498 3192 isti
3544 3137 3679 3210 quia
3722 3150 3828 3191 non

2164 3224 2492 3297 generavit,
2525 3224 2745 3280 Christi
2780 3225 3045 3279 minuunt
3077 3227 3457 3296 potestatem.

2232 3313 2321 3369 90.
2360 3313 2497 3383 Cur,
2546 3312 2838 3385 inquiunt,
2888 3314 3076 3369 Filius
3124 3315 3297 3368 Pater
3342 3330 3471 3371 non
3520 3315 3656 3370 est?
3699 3311 3830 3379 Quia

2162 3405 2220 3458 et
2250 3402 2423 3458 Pater
2474 3402 2662 3458 Filius
2714 3419 2832 3458 non
2882 3406 2993 3461 est.
3026 3404 3146 3458 Cur
3182 3419 3296 3458 non
3341 3403 3464 3459 iste
3494 3401 3830 3478 generavit?

2161 3491 2307 3557 Quia
2330 3507 2440 3548 nec
2472 3492 2576 3569 ille
2606 3494 2926 3565 generatus
2957 3497 3069 3547 est.
3103 3492 3228 3569 Nec
3259 3491 3400 3548 ideo
3432 3493 3628 3548 minus
3671 3491 3831 3548 habet

2164 3580 2373 3650 Filius,
2399 3566 2535 3652 quia
2570 3581 2743 3636 Pater
2772 3596 2890 3636 non
2922 3585 3047 3637 est:
3083 3597 3193 3635 nec
3214 3566 3405 3636 Pater
3433 3582 3630 3637 minus
3672 3579 3832 3635 habet

2163 3670 2299 3742 quia
2332 3669 2518 3724 Filius
2568 3684 2686 3724 non
2732 3672 2844 3724 est.
2879 3669 3036 3723 Dixit
3078 3670 3232 3724 enim
3267 3668 3488 3726 Filium
3517 3686 3530 3726 :
3586 3692 3608 3722 ι
3640 3668 3829 3725 Omnia

2162 3774 2296 3831 qum
2322 3759 2493 3814 Pater
2523 3758 2718 3827 habet,
2754 3774 2882 3813 mea
2912 3763 3051 3814 sunt
3081 3758 3271 3828 (Joau.
3313 3775 3441 3831 xw,
3467 3759 3579 3832 15).
3616 3779 3639 3809 ι
3681 3757 3829 3814 Adeo

2163 3848 2467 3921 generatio
2509 3848 2568 3903 in
2599 3851 2840 3919 paterna
2881 3847 3261 3920 proprietate,
3312 3863 3439 3905 non
3468 3849 3530 3905 in
3568 3847 3704 3921 jure
3747 3848 3829 3902 est

2161 3937 2492 4010 potestatis.

2232 4026 2323 4082 91.
2348 4025 2454 4081 Est
2487 4026 2757 4098 quaedam
2788 4025 3130 4087 indistincta
3173 4025 3477 4083 distinctae
3509 4027 3829 4098 incompre-

304 4116 307 4123 ’
387 4124 599 4193 turae;
666 4120 902 4194 adoptio
965 4119 1122 4178 enim
1186 4119 1498 4192 potestatis
1564 4121 1675 4185 est,
1754 4119 2059 4191 generatio
2164 4115 2556 4171 hensibiliset
2576 4115 2992 4170 inenarrabilis
3016 4115 3827 4172 substantiaTrinitatis.Dis-

383 4210 783 4286 proprietatis.
814 4210 984 4278 Quod
1013 4211 1144 4284 ipsa
1171 4208 1476 4281 Scriptura
1506 4224 1618 4265 nos
1650 4207 1890 4279 docuit;
1940 4207 2059 4262 dici
2161 4205 2503 4260 tinctionem
2561 4205 2776 4259 etenim
2824 4204 3163 4274 accepimus
3210 4204 3429 4275 Patris,
3477 4209 3544 4261 et
3582 4204 3729 4286 Filii,
3777 4204 3828 4257 et

384 4282 543 4358 enim
560 4301 822 4358 Joannes
842 4300 981 4373 quia
1014 4282 1051 4348 αν
1071 4300 1133 4355 in
1162 4299 1277 4355 hoc
1308 4287 1525 4367 mundo
1557 4300 1700 4366 erat,
1726 4300 1783 4352 et
1800 4297 2056 4352 mundus
2161 4293 2419 4365 Spiritus
2450 4293 2659 4363 sancti,
2693 4308 2812 4347 non
2864 4293 3275 4364 confusionem
3301 4309 3315 4349 :
3368 4282 3822 4383 distinctionem,

383 4407 492 4464 per
522 4391 720 4463 ipsum
750 4389 943 4446 factus
981 4391 1094 4458 est,
1136 4391 1194 4444 et
1223 4387 1478 4444 mundus
1508 4402 1644 4443 eum
1673 4401 1792 4442 non
1826 4400 2052 4457 cogno-
2162 4399 2279 4438 non
2300 4381 2732 4453 separationem
2765 4380 2912 4451 (34):
2958 4382 3423 4453 distinctionem,
3476 4380 3594 4439 non
3639 4382 3826 4455 plura-

382 4482 487 4538 vit.
518 4481 581 4537 In
613 4479 852 4553 propria
899 4479 1081 4549 venit,
1130 4480 1188 4533 et
1231 4476 1326 4533 sui
1357 4491 1490 4532 eum
1522 4491 1640 4531 non
1679 4476 2053 4547 receperunt.
2088 4534 2140 4553 κ
2161 4471 2401 4526 litatem.
2435 4470 2646 4526 Divino
2678 4470 2875 4542 itaque
2910 4471 3374 4543 admirandoque
3404 4472 3687 4544 mysterio
3716 4484 3827 4527 ma-

383 4534 903 4643 iautem
948 4534 1304 4639 receperunt
1345 4580 1501 4635 eum,
1550 4563 1710 4619 dedit
1739 4534 1858 4619 illis
1889 4566 2057 4635 pote-
2088 4534 2143 4600 D
2163 4562 2399 4616 nentem
2431 4575 2669 4630 semper
2697 4534 3022 4630 accipimus
3056 4534 3306 4628 Patrem,
3342 4534 3588 4633 semper
3606 4559 3823 4624 Filium,

386 4662 596 4715 atatem
624 4659 780 4715 filios
813 4658 919 4713 Dei
966 4657 1115 4730 fieri,
1145 4656 1242 4713 his
1290 4655 1393 4728 qui
1440 4654 1687 4710 credunt
1716 4653 1777 4708 in
1817 4652 2055 4709 nomine
2162 4665 2401 4719 semper
2429 4648 2708 4719 Spiritum
2754 4652 3061 4703 sanctum:
3111 4665 3227 4703 non
3256 4649 3408 4704 duos
3462 4649 3685 4717 Patres,
3716 4662 3824 4702 non

386 4746 521 4820 ejus
551 4747 741 4818 (clean.
777 4746 981 4818 10,12).
1019 4769 1042 4794 ι

456 4871 568 4941 (30)
598 4872 826 4927 Ita-vet.
858 4871 997 4926 edit.
1029 4873 1088 4927 et
1127 4868 1331 4941 plures
1361 4867 1742 4941 potioresque
1780 4882 1928 4922 mss.
1962 4866 2053 4921 Ad

388 4940 559 4999 Rem.
584 4942 723 4998 edit.
749 4958 881 4997 cum
899 4942 1032 4996 aliis
1056 4940 1377 5005 nonnullis,
1404 4963 1424 4989 ι
1447 4940 1548 5011 qui
1571 4940 1817 5011 ditiores
1837 4962 1859 5011 η
1877 4943 2048 5011 sunt.

458 5014 571 5084 (81)
604 5013 770 5069 Hanc
802 5013 1103 5067 Ambrosii
1151 5009 1504 5084 sententiam
1537 5010 1812 5084 Petavius
1851 5009 1952 5084 lib.
1987 5026 2048 5076 ιι,

2161 4737 2314 4793 duos
2337 4736 2542 4808 Filios,
2576 4736 2882 4792 non'duos
2919 4736 3196 4807 Spiritus,
3224 4757 3247 4787 ι
3289 4737 3459 4793 Linus
3490 4737 3646 4794 enim
3675 4736 3822 4792 Deus

2162 4866 2277 4919 etc.
2303 4862 2520 4918 Iterum
2551 4876 2694 4917 vero
2727 4860 3074 4934 ubiomnes,
3100 4865 3155 4915 et
3187 4878 3332 4917 mss.
3355 4862 3600 4934 aliquot,
3636 4874 3822 4934 «_pro-

2163 4935 2636 5006 prietatisautem
2657 4932 3120 5006 generationem,
3143 4957 3163 4980 οι
3192 4934 3429 4988 Αιιιοιοι).
3445 4932 3623 5006 atque
3637 4932 3819 5006 Elas.,

2161 5000 2618 5074 generationes;
2653 5000 2903 5075 reliquid
2923 5003 3031 5057 cod
3058 5004 3355 5057 invertunt
3392 5000 3740 5059 sententiam
3770 5000 3820 5054 iu

384 5074 475 5141 De
504 5074 717 5140 Trinit.
738 5100 869 5154 cap.
897 5085 950 5151 5,
986 5084 1062 5137 ita
1094 5083 1353 5154 exponit,
1383 5103 1404 5133 α
1433 5082 1546 5137 hoc
1569 5085 1680 5149 est,
1705 5081 1894 5154 inquit
1916 5074 2057 5154 pro-
2164 5077 2321 5154 hunc
2344 5076 2600 5141 modum,
2630 5074 3097 5154 {proprietatem
3117 5079 3307 5129 autem
3350 5075 3765 5149 generationis.
3798 5093 3817 5117 ι·

387 5156 585 5227 prium
615 5152 853 5226 quidam
874 5170 1021 5227 esse
1052 5152 1348 5227 personae,
1380 5154 1510 5209 sive
1532 5152 2052 5227 naturaadivinaa,

382 5221 498 5299 qua
521 5227 581 5282 in
604 5221 772 5299 Patre
794 5221 1091 5282 subsistit.
1110 5246 1133 5276 »
1154 5225 1321 5299 Quod
1340 5228 1466 5279 utat
1479 5225 1671 5299 adhuc
1684 5224 1787 5299 ﬁat
1802 5221 2055 5294 planius,

382 5295 827 5365 advertendum,
852 5314 927 5353 ex
949 5300 1153 5353 natura
1172 5297 1361 5352 Patris
1384 5296 1657 5368 generari
1678 5295 1913 5368 Filium,
1938 5310 2057 5348 non

2165 5148 2360 5202 Minus
2393 5148 2720 5201 commode.

2233 5219 2346 5287 (33)
2363 5217 2819 5288 Mss.quatuor.u
2832 5214 2969 5286 jure
2983 5215 3236 5285 pictatis.
3258 5239 3280 5268 ι
3300 5217 3467 5272 llaud
3484 5217 3817 5288 incongrue.

2233 5289 2466 5358 (34)Sic
2484 5287 2690 5343 omnes
2722 5288 2859 5342 edit.
2885 5290 2958 5360 et
2994 5304 3141 5360 mss.
3176 5305 3289 5342 non
3317 5288 3515 5360 pauci:
3539 5287 3636 5342 alii
3666 5297 3817 5360 vero,

425 5374 675 5427 uatenus
698 5356 903 5425 natura
944 5373 1055 5435 est,
1090 5368 1198 5424 sed
1227 5356 1519 5440 quatevnus
1545 5369 1645 5440 est
1674 5365 1733 5440 i_n
1772 5356 1961 5440 Patre,
1995 5368 2059 5419 ut
2157 5356 2492 5440 jungulatis
2514 5360 2774 5440 .vocihus
2808 5382 2829 5405 «
2866 5356 3331 5440 distinctionequ
3361 5356 3819 5440 nonseparatioo

425 5388 675 5427 uatenus
698 5388 903 5425 natura
944 5388 1055 5435 εει,
1090 5388 1198 5424 εεα
1227 5388 1519 5440 quatenus
1552 5388 1645 5422 εει
1674 5388 1733 5418 ιιι
1773 5388 1961 5430 mure,
1998 5388 2059 5419 ιιι
2157 5388 2492 5432 διιυίςυιωιδ
2529 5388 2774 5414 vuuuun
2808 5388 2828 5405 ιι
2866 5388 3325 5417 umuuvuuucm.
3361 5388 3477 5414 ιιυιι
3507 5388 3819 5429 δσμᾱιιιιιυ-

381 5388 480 5499 ille
526 5442 703 5498 simul
748 5444 806 5497 et
842 5440 1372 5496 consubstantialis
1417 5438 1497 5492 sit
1544 5435 1719 5503 l’atri,
1770 5439 1829 5490 et
1878 5435 1952 5490 ab
1984 5450 2056 5492 eo
2159 5448 2314 5499 nem,
2344 5430 2825 5501 usubjungunt,«
2852 5430 3335 5500 divinitatemque
3353 5428 3693 5503 admirando
3712 5441 3819 5494 my-

380 5530 419 5584 P

423 5513 781 5570 ersonaliter
811 5513 1149 5569 distinctus.

2157 5503 2339 5559 sterio
2363 5500 2693 5556 mancutc’m
2714 5517 2950 5570 semper
2970 5503 3297 5570 ac.-ipimus
3340 5518 3412 5557 ex
3455 5500 3644 5568 Patre,
3669 5511 3816 5553 sem-

453 5586 565 5655 (32)
587 5586 757 5640 Rom.
781 5584 919 5640 edit.
944 5583 1441 5655 etquidcmmss.,
1463 5575 2002 5655 «_Dicimusilaque:
2025 5597 2046 5627 ι
2158 5591 2265 5655 per
2283 5590 2386 5655 per
2404 5572 2637 5655 Filium,
2663 5588 2900 5655 semper
2922 5573 2978 5625 in
3002 5572 3278 5643 Spiritum
3296 5574 3595 5655 sanctum;
3625 5592 3645 5618 ι
3672 5580 3813 5655 unus

381 5648 498 5710 vet.
522 5648 660 5710 edit.
686 5659 743 5711 et
758 5655 858 5710 alii
876 5648 1049 5722 mss.;
1073 5676 1094 5703 α
1132 5651 1459 5723 Didicimus
1494 5649 1758 5723 itaque.»
1799 5648 2048 5723 Aptius:

378 5724 634 5784 refertur
650 5727 807 5785 enim
818 5726 892 5783 ad
914 5714 1241 5800 superiora,
1271 5744 1294 5769 «
1317 5721 1476 5780 dedit
1495 5714 1614 5779 illis
1627 5714 1997 5794 potestatem,
2015 5739 2044 5771 υ
2158 5715 2546 5793 pluralitatem
2580 5714 2851 5776 dicimus.

2159 5641 2504 5727 e‘Colber‘tq
2534 5665 2556 5691 ‹‹
2583 5641 3199 5727 (μεμηειίοηθίξηίιιοιι
3228 5641 3675 5727 separatienem,
3706 5651 3813 5695 non

2894 5734 2914 5761 ιι
2949 5714 3176 5775 Caetera
3208 5718 3271 5773 ut
3298 5714 3357 5774 in
3386 5714 3687 5774 contextu.
