4050 6182
263 307 367 380 661

1642 309 1753 373 DE
1783 310 1978 375 FIDE
2020 311 2180 376 LIB.
2217 313 2329 377 IV.

3575 319 3701 388 662

261 516 438 586 Pater,
465 531 540 571 ex
569 531 682 588 quo
714 515 928 584 omnia,
953 519 1007 572 et
1028 532 1139 572 nos
1163 517 1221 571 in
1245 515 1374 587 ipso
1401 531 1413 570 :
1448 517 1505 570 et
1535 531 1687 570 unus
1712 513 1907 568 Domi-
1939 495 2001 557 Α
2028 515 2198 572 verit.
2233 517 2382 573 Nam
2413 521 2470 574 et
2497 520 2636 577 fons
2665 523 2911 580 tluvium
2941 529 3206 600 generat,
3241 530 3300 584 et
3326 527 3543 584 ﬂuvius
3562 527 3692 584 fon-

252 621 358 660 nus
396 606 600 675 Jesus,
640 622 746 676 per
782 622 956 677 quem
997 607 1212 673 omnia,
1248 610 1303 661 et
1342 623 1453 660 nos
1496 623 1602 676 per
1635 607 1827 676 ipsum
1861 601 1918 664 (Ι
2027 607 2142 660 tem
2175 624 2248 662 ex
2281 624 2348 664 se
2379 611 2510 681 ipse
2530 629 2648 668 non
2678 620 2961 687 generat:
2997 617 3173 672 etlux
3195 617 3574 688 splendorem
3594 634 3692 690 ge-

251 696 382 751 Cor.
417 713 544 763 vm,
575 696 648 766 6).
684 696 852 750 Unus
884 698 1056 749 natus
1089 711 1163 749 ex
1185 696 1353 750 Patre
1387 697 1671 750 Dominus
1705 695 1908 762 Jesus,

2025 701 2211 768 nerat,
2247 715 2365 754 non
2396 701 2682 772 splendor
2702 704 2927 776 lucem;
2951 709 3008 762 et
3021 723 3135 762 una
3151 710 3360 764 natura
3387 711 3481 764 est
3501 709 3695 780 splen-

246 788 300 840 et
329 785 461 839 ideo
492 786 859 857 unigenitus.
898 807 920 834 «
959 785 1124 839 Unus
1158 789 1213 839 et
1245 785 1498 854 Spiritus
1531 788 1774 838 sanctus
1813 805 1833 831 ν
1861 783 1918 851 (1
2023 785 2188 842 doris
2218 791 2274 844 et
2303 789 2477 846 lucis.

248 875 378 929 Cor.
416 891 522 944 xu,
557 875 663 944 Η),
704 897 725 922 ι
761 878 822 928 ut
852 875 1006 928 idem
1049 875 1370 943 Apostolus
1405 874 1586 927 dixit:
1623 873 1720 927 Sic
1751 873 1910 926 acci-

241 964 456 1034 pimus,
482 965 573 1018 sic
591 964 867 1035 legimus,
893 963 982 1017 sic
1012 967 1303 1018 tenemus.
1335 963 1776 1018 Distinctionem
1801 961 1912 1015 sci-

242 1070 392 1123 mus,
446 1057 680 1108 secreta
712 1053 1052 1107 nescimus:
1104 1068 1320 1106 causas
1368 1068 1484 1106 non
1529 1052 1905 1121 discutimus,

243 1146 613 1198 sacramenta
643 1157 955 1198 servamus
985 1141 1122 1211 (35).

303 1249 392 1304 92.
427 1249 688 1304 Facinus
731 1249 1060 1320 indignum,
1106 1252 1168 1303 ut
1214 1249 1314 1320 qui
1347 1247 1752 1320 generationis
1780 1264 1908 1302 suae

237 1338 572 1393 facultatem
621 1355 739 1392 non
781 1338 1018 1406 habent,
1063 1338 1279 1392 divinas
1319 1337 1728 1410 generationis
1760 1353 1905 1391 exa-

238 1445 369 1483 men
398 1429 513 1482 sibi
570 1432 870 1500 arrogent,
908 1427 1162 1481 vidicent
1192 1431 1539 1496 potestatem
1572 1426 1722 1483 (36):
1759 1417 1908 1481 538

240 1518 462 1590 Negant
495 1534 646 1589 ergo
690 1518 978 1589 aequalem
1019 1517 1173 1571 Patri
1206 1517 1438 1583 Filium,
1474 1516 1609 1588 quia
1643 1533 1764 1570 non
1798 1531 1907 1588 ge-

236 1608 455 1662 neravit
487 1607 712 1662 Filius:
755 1611 975 1679 negent
998 1607 1283 1677 aequalem
1319 1607 1472 1660 Patri
1506 1606 1735 1672 Filium,
1769 1606 1906 1676 quia

234 1696 460 1751 Patrem
493 1697 697 1752 habet.
735 1696 861 1750 Hoc
893 1697 944 1750 si
978 1695 1050 1749 de
1081 1695 1420 1748 hominibus
1453 1695 1735 1761 dicerent,
1760 1710 1906 1765 quo-

2663 883 2917 941 CAPUT
2955 885 3054 942 IX.

2035 969 2618 1049 VariasAria_nerum
2640 975 3062 1049 captiunculas,
3079 977 3248 1049 queis
3268 976 3485 1049 Filium
3507 978 3693 1049 cepis-

2091 1060 2158 1098 se
2175 1044 2630 1120 argutabautur,
2643 1044 2883 1117 profert
2899 1054 2956 1101 et
2971 1044 3191 1119 expiod
3198 1049 3262 1102 it.
3278 1048 3451 1120 Nam,
3463 1044 3691 1120 praeter

2094 1132 2260 1187 quam
2297 1117 2448 1186 quod
2474 1133 2577 1171 eos
2617 1123 2715 1171 aut
2753 1124 2958 1173 contra
2999 1117 3085 1184 se,
3122 1126 3220 1173 aut
3250 1119 3408 1173 nihil
3443 1117 3688 1175 efficere

2093 1193 2356 1263 constat:
2388 1204 2518 1263 cuiu
2536 1204 2739 1263 rerum
2764 1190 3017 1263 omnium
3037 1191 3336 1261 principio
3358 1207 3472 1245 non
3494 1192 3688 1263 possit

2093 1273 2228 1312 esse
2254 1259 2632 1334 principium,
2669 1261 2732 1313 in
2763 1259 3250 1334 humanis—etiam
3275 1278 3474 1316 eorum
3494 1259 3685 1334 argu-

2091 1330 2378 1404 mentatio
2415 1331 2627 1385 vitiosa
2652 1337 2764 1386 est.
2798 1331 3045 1402 Tempus
3067 1333 3256 1403 igitur
3285 1349 3398 1387 nou
3425 1330 3687 1404 praeces-

2092 1400 2251 1454 sisse
2272 1406 2585 1476 auctorem
2617 1419 2813 1476 suum:
2857 1400 3037 1476 quisi
3066 1400 3379 1476 aliquando
3407 1400 3519 1458 non
3550 1403 3686 1476 fuit,

2094 1479 2231 1547 tunc
2262 1471 2450 1547 Pater
2472 1473 2584 1526 fuit
2601 1475 2735 1547 siue
2756 1471 2879 1528 sua'
2899 1475 3121 1547 virtute
3144 1471 3210 1530 ac
3233 1476 3550 1547 sapientia.
3577 1471 3687 1530 De;

2092 1544 2268 1624 eique
2285 1543 2386 1597 ubi
2398 1543 2670 1624 humanis
2684 1543 3408 1624 exemplisostensum’est
3432 1546 3683 1618 aliquem

2083 1617 2428 1687 priusquam
2451 1621 2750 1686 nascatur,
2767 1633 2903 1672 esse
2920 1617 3060 1687 dici,
3078 1619 3498 1674 haereticorum
3515 1617 3689 1673 teme-

2088 1686 2332 1740 ritatem
2363 1686 2720 1742 detestatur.

231 1803 352 1840 rum
383 1786 575 1857 aliqui
604 1785 806 1840 volunt
838 1785 994 1838 ﬁlios
1025 1784 1264 1846 habere,
1303 1800 1408 1838 nec
1441 1788 1712 1854 possunt,
1750 1783 1903 1855 inju-
1933 1821 1987 1885 Β
2027 1863 2037 1874 ⁹
2086 1774 2176 1885 96.
2213 1775 2382 1885 Unde
2415 1792 2548 1830 cum
2571 1777 3128 1885 inaequalitatem‘e:
3149 1779 3556 1852 generationis
3577 1779 3688 1834 ob-

228 1876 365 1929 riam
397 1880 750 1946 putaremus
777 1891 789 1930 :
826 1874 916 1928 sic
938 1873 1166 1928 etiamsi
1201 1874 1354 1927 inter
1383 1873 1533 1927 duos
1558 1873 1782 1927 honore
1803 1889 1900 1942 pa-

229 1981 321 2020 res
350 1965 601 2019 habenti
632 1965 786 2018 ﬁlios
818 1963 918 2035 qui
940 1979 1055 2017 non
1075 1962 1269 2029 habet,
1293 1958 1611 2033 negaretur
1627 1963 1898 2032 aequalis.

229 2053 293 2108 Et
324 2053 457 2110 ideo
489 2055 633 2124 hoc,
668 2055 926 2125 inquam,
961 2067 1142 2124 grave
1183 2055 1239 2105 et
1270 2051 1341 2104 de
1377 2051 1525 2120 ipsis
1559 2051 1900 2105 hominibus

226 2144 468 2211 videtur,
504 2146 577 2197 ut
605 2143 744 2213 quis
775 2141 907 2196 ideo
938 2141 1128 2194 minor
1176 2144 1430 2210 putetur,
1465 2141 1624 2211 quod
1669 2140 1899 2194 Patrem

226 2233 412 2288 habet.
448 2233 592 2287 Nisi
640 2231 791 2285 forte
837 2233 1116 2301 tanquam
1158 2229 1539 2283 constitutum
1580 2229 1638 2283 in
1679 2228 1898 2282 familia

225 2325 417 2393 putant
443 2321 756 2376 Christum
787 2319 1010 2387 dolere,
1041 2317 1199 2390 quod
1218 2319 1626 2388 emancipatus
1657 2333 1689 2370 a
1726 2317 1894 2371 Patre

225 2427 333 2466 non
362 2412 460 2481 sit,
495 2413 564 2465 et
593 2407 1042 2463 administrandi
1065 2407 1399 2478 patrimonii
1429 2422 1547 2460 non
1567 2406 1781 2460 habeat
1813 2405 1896 2459 fa-

226 2501 511 2556 cultatem.
555 2498 668 2554 Sed
704 2514 821 2554 non
851 2500 942 2552 est
972 2496 1248 2551 Christus
1279 2495 1339 2550 in
1359 2496 1570 2565 sacris,
1605 2494 1705 2566 qui
1725 2511 1896 2549 sacra

225 2589 496 2645 universa
548 2588 838 2643 destruxit
868 2586 1002 2659 (3'7).

284 2679 370 2734 93.
402 2678 720 2744 Quomodo
749 2677 951 2731 velunt
979 2681 1192 2746 tamen,
1225 2673 1642 2745 respondeant,
1676 2688 1894 2728 verane

226 2770 538 2840 generatio
571 2767 667 2837 sit,
701 2770 758 2821 et
787 2781 966 2821 verus
1007 2765 1192 2819 Filius
1236 2780 1310 2819 ex
1344 2765 1464 2818 Deo
1499 2763 1666 2818 Patre
1698 2766 1890 2831 natus,

222 2856 325 2912 hoc
353 2860 445 2912 est
473 2873 562 2912 ex
592 2855 920 2910 substantia
951 2856 1164 2920 Patris,
1201 2870 1273 2908 an
1306 2863 1381 2908 ex
1411 2853 1522 2907 alia
1545 2856 1720 2907 natus
1741 2852 1892 2907 sub-

220 2948 420 3001 stantia
441 2949 470 3001 ?
500 2945 576 3001 Si
614 2944 768 3000 enim
797 2944 999 2998 dicunt
1027 2959 1103 2997 ex
1130 2944 1324 3011 Patre,
1351 2943 1464 2996 hoc
1496 2945 1587 2996 est
1612 2942 1716 2995 Dei
1750 2941 1892 2995 sub-

222 3036 444 3105 stantia,
496 3034 820 3088 convenit:
873 3032 1010 3104 quia
1065 3048 1139 3087 ex
1183 3031 1513 3086 substantia
1555 3030 1744 3084 Patris
1790 3030 1890 3085 Fi-

2013 1863 2178 1934 jectu
2208 1865 2461 1936 probare
2493 1883 2610 1921 non
2633 1869 2947 1938 potuerint,
2984 1861 3128 1924 539
3160 1869 3490 1940 intelligant
3512 1871 3686 1924 etiam

2018 1953 2176 2007 illam
2201 1954 2561 2027 divulgatam
2583 1973 2711 2011 suae
2731 1957 3082 2012 calumniam
3103 1959 3454 2029 quaestionis
3477 1958 3686 2028 explo-

2017 2059 2165 2098 sam.
2198 2042 2402 2100 Solent
2432 2046 2591 2101 enim
2620 2062 2953 2118 proponere
2978 2047 3089 2114 (39)
3117 2063 3130 2102 :
3162 2047 3470 2111 Quomodo
3493 2064 3686 2119 aequa-

2014 2131 2091 2186 lis
2143 2136 2340 2203 potest
2378 2149 2517 2189 esse
2559 2134 2751 2188 Filius
2804 2135 3008 2190 Patri?
3056 2136 3203 2190 Nam
3245 2136 3298 2190 si
3340 2136 3528 2191 Filius
3569 2140 3680 2205 est,

2013 2225 2324 2294 antequam
2358 2227 2745 2294 generaretur
2793 2240 2910 2279 non
2941 2227 3101 2279 erat:
3151 2227 3249 2278 aut
3292 2225 3342 2278 si
3396 2230 3542 2295 erat,
3576 2242 3684 2281 cur

2013 2313 2187 2366 natus
2219 2313 2358 2366 est?
2406 2310 2476 2366 Et
2505 2312 2758 2367 Arianos
2791 2328 2858 2367 se
2903 2328 3124 2385 negare
3165 2316 3547 2382 consuerunt,
3581 2315 3683 2386 qui

2012 2404 2348 2471 proponunt
2378 2401 2503 2456 Arii
2534 2402 2900 2472 quaestiones
2921 2403 2950 2457 ?

2079 2507 2168 2562 9'7.
2204 2507 2404 2580 Itaque
2435 2508 2683 2581 exigunt
2710 2525 2742 2563 a
2784 2509 2960 2564 nobis
3009 2509 3486 2582 responsionem,
3534 2512 3596 2564 ut
3626 2510 3679 2564 si

2008 2597 2376 2653 dixerimus:
2421 2598 2751 2670 Antequam
2793 2602 3134 2671 generetur,
3168 2603 3313 2662 erat,
3346 2601 3539 2653 astute
3583 2612 3680 2653 re-

2008 2685 2234 2742 ferant:
2289 2686 2449 2758 Ergo
2481 2691 2796 2759 antequam
2844 2691 3252 2760 generaretur,
3323 2691 3556 2742 creatus
3589 2691 3681 2742 est

2009 2779 2064 2829 et
2082 2791 2200 2830 non
2218 2774 2414 2831 differt
2456 2793 2488 2830 a
2541 2778 2776 2832 caeteris
2801 2778 3096 2832 creaturis
3117 2793 3127 2832 :
3148 2776 3286 2849 quia
3312 2777 3479 2846 prius
3501 2776 3679 2846 coepit

2007 2869 2276 2920 creatura
2307 2881 2446 2921 esse
2476 2883 2651 2938 quam
2688 2867 2896 2922 Filius.
2932 2867 3001 2920 Et
3045 2866 3369 2938 adjiciunt:
3412 2865 3532 2921 Cur
3577 2866 3677 2936 qui

2007 2958 2151 3022 erat,
2186 2959 2358 3012 natus
2381 2959 2516 3010 est?
2546 2957 2636 3010 An
2653 2957 2790 3028 quia
2809 2955 3192 3026 imperfectus
3217 2958 3360 3024 erat,
3391 2958 3452 3010 ut
3469 2959 3677 3026 postea

2005 3044 2329 3113 perfectior
2373 3046 2588 3100 ﬁeret?
2634 3045 2696 3100 Si
2754 3048 2952 3100 autem
2996 3045 3484 3115 responderimus
3536 3045 3674 3114 quia

221 3125 350 3179 lium
413 3125 632 3179 dicunt
689 3122 821 3192 (38).
883 3121 1041 3193 Ergo
1097 3122 1233 3192 quia
1287 3121 1463 3174 unius
1513 3119 1882 3184 substantiae,

2021 3149 2124 3190 non
2155 3138 2298 3204 erat,
2335 3134 2624 3205 objiciunt
2656 3135 2886 3190 statim:
2921 3135 2985 3188 Ei
3015 3151 3160 3206 ergo
3199 3133 3502 3206 generatio
3533 3150 3675 3187 con-

220 3213 384 3268 unius
417 3215 632 3284 utique
679 3211 978 3283 potentiae.
1015 3211 1075 3266 Si
1120 3226 1260 3265 vero
1301 3225 1375 3264 ex
1413 3209 1524 3264 alia
1555 3209 1885 3264 substantia

220 3303 392 3358 Filius
424 3307 550 3371 est,
585 3301 879 3372 quomodo
909 3299 1280 3370 omnipotens
1311 3300 1487 3352 Pater
1517 3301 1628 3367 est,
1676 3302 1733 3352 et
1763 3313 1885 3354 om-

218 3393 480 3463 nipotens
526 3391 710 3446 Filius
740 3406 858 3444 non
889 3391 1029 3444 est?
1049 3388 1199 3455 Quid
1230 3387 1385 3443 enim
1414 3388 1798 3459 praestantius
1831 3389 1886 3443 si

217 3482 423 3537 exalia
473 3480 816 3536 substantia
866 3479 1076 3534 Filium
1107 3479 1268 3533 Deus
1300 3477 1458 3546 fecit,
1503 3493 1634 3531 cum
1681 3477 1882 3547 utique

217 3586 284 3625 ex
312 3572 508 3626 Filius
544 3587 620 3625 ex
649 3569 761 3624 alia
803 3584 914 3623 nos
946 3568 1277 3622 substantia
1310 3567 1464 3621 ﬁlios
1501 3565 1605 3620 Dei
1630 3565 1882 3621 fecerit?

218 3659 365 3733 Ergo
403 3664 468 3716 ut
517 3659 694 3714 unius
733 3658 1083 3714 substantia;
1123 3656 1308 3711 Filius
1349 3672 1482 3711 cum
1533 3655 1733 3725 Patre,
1783 3658 1882 3710 aut

218 3752 380 3805 unius
410 3767 488 3821 po
499 3749 720 3806 tentiaa.
953 3739 966 3750 ’

278 3840 362 3896 94.
390 3840 485 3895 Fri
501 3842 604 3911 get
636 3839 818 3910 igitur
836 3853 1042 3893 eorum
1074 3836 1347 3908 quaestio,
1373 3835 1510 3908 quia
1541 3835 1612 3890 de
1642 3833 1880 3891 Christo

212 3927 471 3999 judicare
515 3944 632 3983 non
661 3930 954 3998 possunt;
987 3927 1104 3980 imo
1135 3926 1271 3997 quia
1293 3926 1474 3979 vincit
1502 3925 1620 3994 ille,
1641 3922 1880 3996 cumju-

217 4017 452 4075 dicatur.
513 4017 690 4090 Digni
745 4020 938 4072 tamen
1000 4019 1138 4071 sunt
1181 4015 1280 4070 isti
1327 4014 1554 4086 judicio
1599 4029 1731 4083 suo,
1778 4013 1880 4084 qui

217 4106 357 4163 hanc
387 4107 687 4180 objiciunt
726 4106 1138 4177 quaestionem.
1170 4104 1232 4160 Si
1274 4104 1431 4158 enim
1463 4104 1594 4158 ideo
1627 4103 1878 4175 aequalis
1918 4103 1920 4106 ’

217 4195 362 4252 Patri
396 4197 590 4252 Filius
621 4211 736 4250 non
768 4198 879 4264 est,
915 4194 1051 4266 quia
1069 4210 1187 4249 non
1219 4193 1524 4266 generavit
1555 4192 1786 4260 Filium,
1822 4195 1878 4247 et

219 4284 308 4340 isti
336 4287 541 4358 utique
565 4284 877 4353 fateantur,
898 4284 948 4338 si
969 4300 1087 4338 non
1109 4283 1326 4337 habent
1345 4281 1522 4349 filios,
1547 4282 1648 4352 qui
1671 4283 1878 4336 serunt

218 4372 555 4446 bujusmodi
593 4374 981 4444 quaestiones,
1015 4389 1162 4427 suos
1212 4372 1330 4426 sibi
1378 4372 1553 4426 etiam
1599 4370 1876 4426 servulos

217 4463 639 4532 praeferendos,
661 4478 730 4517 eo
744 4463 899 4533 quod
913 4461 1268 4516 habentibus
1285 4461 1439 4516 ﬁlios
1455 4461 1715 4532 aequales
1738 4475 1876 4515 esse

217 4567 325 4606 non
362 4555 640 4624 possunt.
691 4551 754 4605 Si
801 4553 995 4605 autem
1039 4551 1256 4605 habent
1303 4550 1481 4610 ﬁlios.
1524 4566 1640 4604 non
1672 4552 1876 4620 putent

217 4642 324 4696 sibi
353 4644 650 4710 meritum,
685 4640 791 4695 sed
825 4641 1076 4694 filiorum
1102 4639 1223 4712 juri
1257 4639 1495 4694 deferri.

277 4731 361 4785 95.
396 4733 534 4786 Non
568 4730 841 4785 consistit
872 4729 1196 4801 igiturth
1215 4731 1490 4801 quaestio,
1516 4727 1653 4800 quia
1676 4744 1874 4799 aequa-

215 4817 284 4873 lis
313 4820 498 4875 Filius
533 4820 685 4873 Patri
711 4819 841 4872 ideo
865 4834 1003 4873 esse
1025 4835 1140 4872 non
1170 4817 1381 4888 possit,
1402 4819 1539 4889 quia
1574 4819 1742 4871 Pater
1773 4832 1874 4890 ge-

219 4911 503 4965 neraverit
533 4909 764 4978 Filium,
797 4908 982 4963 Filius
1015 4908 1239 4962 nullum
1270 4923 1343 4962 ex
1367 4923 1433 4962 se
1466 4907 1594 4978 ipse
1619 4923 1872 4979 genera-

281 5053 388 5122 (35)
415 5052 700 5107 Nonnulli
733 5067 904 5122 mss.,
930 5074 950 5099 α
974 5055 1204 5106 secreta
1230 5051 1478 5121 scimus,
1503 5053 1872 5106 sacramenta

220 5136 540 5179 servamus.
568 5146 588 5174 υ

282 5195 389 5264 (36)
421 5197 569 5251 Mss.
602 5194 888 5264 nonnulli,
926 5216 948 5245 ix
984 5193 1389 5249 examinandae
1433 5193 1546 5248 sibi
1592 5195 1872 5266 arrogent

221 5270 572 5332 potestatem.
613 5291 635 5314 ιν

280 5337 387 5405 (Βῖ)
419 5338 541 5392 Vet.
578 5339 742 5405 edit.,
782 5358 804 5387 cr
840 5337 975 5409 quia
1008 5353 1178 5391 sacra
1212 5337 1493 5391 universa
1518 5335 1814 5404 distinxit;
1842 5356 1866 5386 ι

224 5403 378 5484 Rom.
411 5412 466 5463 et
497 5426 689 5484 mss...
720 5403 1130 5484 (destruxit)
1165 5409 1522 5484 Dicebantur
1542 5410 1736 5484 autem
1752 5424 1870 5484 pu-

224 5477 330 5543 pilli
355 5481 408 5532 in
443 5481 629 5535 sacris
662 5497 821 5545 esse,
857 5484 918 5534 ut
948 5481 1107 5548 patet
1132 5495 1207 5535 ex
1236 5480 1378 5535 Cod.
1415 5478 1644 5533 Tlieod.
1665 5478 1736 5532 de
1752 5478 1871 5532 Ma-

227 5550 395 5633 terpis
407 5552 615 5633 fbonis,
641 5553 758 5633 leg.
805 5553 824 5605 1
863 5556 918 5605 et
934 5552 986 5605 9.

288 5620 611 5688 (38)Omnes
634 5620 796 5692 edit.,
821 5645 842 5672 ει
863 5622 1376 5692 convenitquod...
1398 5621 1624 5689 dicant;
1653 5637 1867 5692 vimss.,

232 5709 248 5731 ‹ι
283 5694 559 5766 convenit,
592 5691 796 5767 quia...
823 5694 1042 5749 dicunt.
1070 5713 1093 5742 »
1130 5691 1378 5766 Optime,
1418 5693 1572 5747 idem
1595 5691 1750 5747 enim
1774 5695 1867 5748 est

1905 4435 1961 4499 D

2003 3224 2132 3279 tulit
2161 3228 2224 3280 ut
2253 3229 2436 3293 esset,
2469 3225 2567 3296 qui
2611 3241 2730 3280 non
2779 3227 2903 3279 erat
2945 3227 3256 3295 antequam
3289 3226 3667 3280 nasceretur:

2002 3318 2064 3368 ut
2095 3315 2234 3369 hinc
2258 3315 2570 3386 colligant:
2597 3314 2735 3368 Erat
2753 3329 2898 3386 ergo
2920 3313 3154 3386 quando
3178 3328 3293 3367 non
3317 3315 3438 3366 erat
3457 3311 3664 3366 Filius.

2069 3404 2158 3460 98.
2193 3404 2312 3459 Sed
2343 3404 2441 3475 qui
2467 3403 2581 3458 hoc
2610 3405 2966 3475 proponunt,
2990 3405 3048 3458 et
3069 3402 3430 3458 obscuritate
3463 3402 3670 3456 volunt

1997 3493 2305 3548 involvere
2323 3493 2630 3548 veritatem
2654 3509 2664 3547 :
2694 3493 2890 3547 dicant
2911 3493 3024 3562 ipsi
3049 3495 3242 3546 utrum
3266 3491 3667 3561 temporaliter

1996 3585 2241 3654 generet
2273 3583 2460 3650 Pater,
2493 3599 2568 3636 an
2599 3581 3079 3652 intemporaliter.
3115 3580 3177 3636 Si
3199 3581 3352 3636 enim
3374 3583 3664 3650 tempora-

1994 3671 2128 3726 liter
2157 3672 2433 3740 dixerint,
2459 3672 2616 3743 quod
2647 3671 2796 3727 Filio
2816 3670 3126 3742 objiciunt,
3149 3670 3622 3725 Patriascribent
3646 3685 3660 3738 ;

1995 3762 2057 3814 ut
2085 3761 2354 3816 videatur
2405 3763 2577 3816 Pater
2618 3761 2877 3831 caapisse
2913 3776 3074 3830 esse,
3125 3760 3282 3830 quod
3331 3775 3448 3813 non
3499 3762 3658 3816 erat:

1991 3853 2045 3906 si
2079 3851 2559 3922 intemporaliter,
2581 3851 2720 3922 quid
2753 3853 3049 3921 superest,
3073 3849 3190 3904 nisi
3207 3852 3269 3904 ut
3291 3848 3406 3919 ipsi
3426 3848 3661 3903 solvant

1991 3957 2168 4013 quam
2197 3939 2614 4010 proposuerint
2636 3940 3057 4011 quaestionem;
3090 3941 3150 3993 ut
3169 3954 3302 3992 cum
3325 3939 3660 4010 generatio-

1991 4047 2126 4086 nem
2186 4029 2374 4084 Patris
2433 4029 2694 4084 abnuant
2761 4028 3162 4099 temporalem,
3214 4028 3658 4100 generationem

1990 4135 2226 4192 quoque
2259 4119 2394 4173 Filii
2425 4117 2804 4189 temporalem
2833 4134 2951 4172 non
2985 4133 3122 4172 esse
3153 4117 3487 4172 fateantur?

2059 4208 2149 4264 99.
2183 4208 2242 4264 Si
2275 4223 2420 4280 ergo
2451 4223 2569 4262 non
2608 4211 2701 4262 est
2731 4208 3036 4279 generatio
3087 4207 3222 4278 ejus
3262 4223 3336 4262 ex
3368 4211 3652 4275 tempore,

1989 4298 2270 4354 mstimari
2301 4297 2473 4352 datur
2499 4298 2658 4368 quod
2689 4297 2833 4352 nihil
2863 4297 3243 4367 praecesserit
3264 4299 3396 4350 ante
3420 4295 3651 4362 Filium,

1992 4388 2093 4460 qui
2122 4404 2235 4442 non
2275 4387 2353 4442 sit
2399 4404 2475 4442 ex
2516 4391 2800 4457 tempore.
2834 4387 2895 4442 Si
2942 4387 3096 4440 enim
3140 4384 3361 4456 aliquid
3391 4386 3525 4437 ante
3560 4383 3654 4435 Fi-

1989 4477 2152 4546 lium,
2181 4477 2305 4549 jam
2338 4491 2456 4531 non
2486 4479 2626 4531 sunt
2657 4477 2714 4530 in
2747 4476 2879 4546 ipso
2913 4478 3106 4530 creata
3149 4473 3362 4539 omnia,
3397 4487 3530 4542 quae
3558 4469 3652 4524 vel

1990 4567 2049 4622 in
2080 4567 2230 4622 cmlo
2260 4568 2399 4621 sunt
2428 4565 2521 4619 vel
2553 4565 2611 4620 in
2640 4564 2840 4632 terris,
2875 4567 2933 4618 et
2965 4563 3287 4632 Apostolus
3339 4559 3651 4631 redargui-

1986 4660 2100 4727 tur,
2135 4657 2234 4728 qui
2265 4655 2378 4710 hoc
2409 4672 2468 4708 in
2499 4653 2747 4724 epistola
2775 4668 2884 4707 sua
2915 4651 3164 4721 (Coloss.
3201 4669 3238 4721 ι,
3275 4651 3361 4720 16)
3399 4651 3654 4721 scripse-

1985 4747 2098 4802 rit:
2131 4745 2288 4817 quod
2319 4744 2372 4798 si
2403 4743 2548 4798 nihil
2580 4744 2712 4797 ante
2743 4741 3206 4814 generationem,
3241 4756 3359 4795 non
3408 4740 3651 4794 adverto

1987 4852 2093 4891 cur
2124 4834 2419 4906 posterior
2447 4834 2770 4900 asseratur,
2808 4846 2982 4902 quem
3005 4846 3175 4885 nemo
3209 4829 3541 4900 praecessit.

2057 4923 2181 4980 100.
2215 4921 2632 4978 Connectenda
2660 4924 2753 4975 est
2784 4920 2896 4974 alia
2929 4935 3134 4975 eorum
3170 4919 3343 4990 plena
3390 4919 3652 4991 impieta-

1983 5084 2052 5122 ac
2086 5067 2139 5122 si
2167 5067 2486 5138 legeretur,
2522 5062 2797 5119 convenit
2824 5063 2978 5118 inter
2997 5078 3130 5133 nos,
3160 5063 3289 5118 sive
3319 5079 3377 5117 in
3402 5062 3515 5118 hoc
3533 5079 3652 5118 non

1985 5139 2394 5195 dissentimus,
2430 5139 2542 5191 etc.

2056 5210 2168 5278 (39)
2201 5210 2282 5262 Ita
2313 5224 2460 5262 mss.
2496 5223 2679 5278 prope
2697 5206 2772 5261 ad
2788 5222 3009 5273 unum;
3043 5206 3181 5278 edit.
3216 5221 3380 5273 vero,
3407 5206 3653 5260 «Solent

1985 5281 2141 5336 enim
2173 5277 2546 5350 opponere.)
2577 5278 2869 5333 Caeterum
2899 5294 2966 5331 ea
3000 5277 3256 5350 objectio
3278 5293 3389 5331 una
3414 5292 3652 5350 semper

1985 5353 2094 5407 fuit
2125 5368 2156 5406 e
2205 5347 2527 5422 praecipuis
2577 5351 2966 5422 Arianorum:
3015 5347 3120 5403 sed
3168 5349 3328 5422 illam
3367 5347 3648 5422 peculiari

1987 5419 2237 5494 quadam
2270 5419 2494 5494 ratione
2527 5419 3429 5494 nobis,instructam_rationibus
3461 5419 3649 5494 intor-

1984 5488 2245 5564 quebant
2276 5493 2644 5548 Eunomiani.
2680 5493 2787 5547 His
2833 5491 3272 5564 responderunt
3321 5488 3648 5564 Gregorius

1984 5560 2168 5636 Nyss.
2203 5566 2305 5619 lib.
2339 5582 2443 5618 VIII
2490 5565 2549 5618 in
2590 5564 2836 5618 Eunom.
2887 5560 3301 5636 Basilius,‘lib.
3349 5575 3405 5636 iv
3447 5561 3650 5636 contra

1984 5627 2277 5705 eumdem,
2322 5636 2604 5706 Hilarius,
2648 5636 2728 5690 lib
2769 5651 2849 5689 xu
2883 5634 2969 5687 De
3020 5631 3258 5696 Triuit.,
3310 5632 3482 5698 atque
3527 5627 3646 5682 alii.
