4050 6182
375 292 492 358 663

377 503 454 556 tis
475 500 752 572 objectio,
771 516 902 572 quae
922 499 1194 555 latentem
1213 498 1425 553 habeat
1449 498 1666 567 dolum,
1685 514 1798 569 quo
1825 512 2043 552 sensus
2068 477 2121 540 Α

380 591 637 646 facilium
672 593 1018 661 mentesque
1049 589 1432 660 perstringat.
1470 588 1842 660 lnterrogant
1865 590 2042 656 enim,

378 685 574 736 utrum
604 695 776 736 omne
808 679 963 751 quod
995 680 1170 734 finem
1205 679 1400 749 habet,
1434 679 1748 750 aliquando
1779 679 2042 749 coeperit.

379 771 448 823 Et
479 771 529 824 si
549 769 887 838 acceperint
917 767 1212 840 ejusmodi
1237 769 1710 838 responsionem,
1732 769 1866 840 quia
1891 768 2047 838 quod

350 861 555 925 linem
588 859 781 926 habet,
819 859 993 928 coepit
1022 858 1373 928 aliquando;
1405 857 1690 926 referunt,
1724 861 1918 912 utrum
1951 859 2051 911 Pa-

383 954 472 1004 ter
502 948 747 1003 desierit
776 963 1065 1019 generare
1096 947 1328 1002 Filium.
1362 947 1530 1012 Quod
1571 964 1702 1003 eum
1731 947 2046 1015 tenuerint,

384 1041 590 1093 nostro
620 1038 919 1109 napirante
951 1053 1272 1105 consensu,
1309 1041 1661 1093 contexunt:
1696 1037 1884 1108 Coepit
1906 1055 2050 1110 ergo

383 1129 707 1200 generatio.
741 1127 802 1181 Id
837 1127 889 1181 si
920 1143 1037 1181 non
1059 1128 1308 1195 abnuas,
1331 1129 1618 1199 consequi
1641 1127 1891 1196 videtur,
1917 1129 2054 1182 utsi

387 1218 565 1288 coepit
595 1216 920 1289 generatio,
955 1217 1224 1272 videatur
1263 1217 1321 1270 in
1351 1234 1422 1272 eo
1473 1220 1682 1288 coepta,
1732 1218 1832 1288 qui
1880 1223 2054 1272 natus

387 1311 514 1374 est;
549 1309 610 1361 ut
641 1309 812 1361 natus
845 1321 983 1361 esse
1013 1306 1352 1376 dicaturqui
1375 1309 1506 1361 ante
1531 1323 1648 1361 non
1668 1307 1878 1375 fuerat,
1898 1307 2053 1361 unde

385 1396 698 1451 definiant:
731 1395 1050 1468 aliquando
1083 1411 1228 1468 ergo
1252 1395 1437 1450 Filius
1471 1413 1586 1451 non
1617 1397 1744 1450 fuit.

458 1486 578 1540 101.
633 1485 936 1556 Adjiciunt
994 1485 1142 1539 alias
1195 1486 1444 1556 ineptias
1489 1487 1863 1558 loquacitatis
1905 1503 2054 1556 suae,

385 1577 652 1632 dicentes
677 1591 690 1630 :
723 1576 786 1630 Si
819 1575 1080 1628 Verbum
1111 1577 1304 1630 Patris
1328 1575 1516 1630 Filius
1536 1579 1646 1644 est,
1672 1580 1728 1630 et
1746 1577 1875 1630 ideo
1900 1577 2060 1646 geni-

387 1670 484 1721 tus
524 1666 760 1732 dicitur,
803 1665 940 1735 quia
989 1665 1248 1719 Verbum
1287 1667 1412 1719 est:
1474 1665 1633 1735 quod
1673 1669 1865 1719 autem
1911 1666 2058 1720 Ver-

388 1757 528 1811 bum
561 1758 672 1824 est,
709 1770 860 1825 opus
891 1769 1010 1808 non
1032 1758 1161 1808 est:
1195 1754 1573 1809 multifariam
1591 1755 1823 1809 locutus
1843 1759 1933 1808 est
1957 1755 2061 1808 Pa-

1827 289 1894 354 S.
1951 288 2393 354 AMBROSII.

3675 309 3780 375 664

2229 497 2349 553 106.
2386 499 2650 554 Produnt
2687 502 2865 573 igitur
2896 503 3246 574 impietatem
3283 509 3572 580 sua.n,qui
3602 511 3784 567 volunt

2163 590 2604 658 generationem
2622 593 2879 662 ccepisse
2895 593 3112 648 Christi
3134 611 3147 664 ;
3169 599 3224 649 ut
3242 596 3494 650 videatur
3510 613 3616 653 non
3636 616 3788 672 gene-

2165 679 2312 730 ratio
2348 679 2444 732 illa
2480 679 2656 734 Verbi
2692 684 3002 751 manentis,
3040 686 3141 737 sed
3171 685 3410 754 prolatio
3433 687 3650 741 ﬂuentis
3671 703 3791 744 esse

2167 771 2496 825 sermonis:
2524 771 2734 824 deinde
2759 772 2974 826 multos
3000 773 3329 827 indueendo
3345 775 3724 849 filios,uegent
3741 779 3791 832 in

2167 857 2405 912 Christo
2438 859 2654 914 divinae
2699 863 3113 930 proprietatem
3163 868 3422 933 naturae;
3462 867 3522 919 ut
3549 881 3648 920 nec
3675 867 3792 919 uni-

2169 949 2426 1018 genitus,
2477 965 2584 1003 nec
2634 950 3066 1021 primogenitus
3123 953 3477 1008 :eslimetur:
3523 958 3794 1024 postremo

2168 1041 2228 1090 ut
2259 1037 2313 1090 si
2342 1039 2697 1109 principium
2743 1041 3016 1094 credatur
3061 1043 3388 1112 accepisse,
3435 1043 3601 1098 etiam
3644 1043 3795 1098 finem

2169 1126 2439 1181 videatur
2470 1128 2799 1184 habiturus.

2243 1213 2363 1270 107.
2400 1217 2516 1271 Sed
2549 1233 2738 1288 neque
2769 1218 3122 1290 principium
3152 1221 3478 1292 assumpsit
3514 1221 3798 1294 aliquando

2173 1305 2278 1358 Dei
2329 1304 2535 1373 Filius,
2596 1307 2694 1378 qui
2755 1312 2878 1363 erat
2939 1309 2996 1364 in
3054 1309 3343 1379 principio
3401 1311 3583 1378 (Joan.
3632 1311 3798 1378 1,1):

2171 1410 2362 1464 neque
2395 1395 2568 1450 finem
2614 1397 2870 1466 habebit,
2909 1399 3008 1469 qui
3059 1403 3148 1451 est
3185 1399 3533 1469 principium
3578 1401 3798 1454 univer—

2173 1485 2364 1536 sitatis
2395 1493 2450 1539 et
2500 1485 2634 1539 finis
2669 1486 2872 1557 (Apoc.
2908 1504 2946 1554 ι,
2982 1488 3057 1555 8).
3096 1487 3243 1540 Nam
3297 1503 3427 1542 cuzn
3477 1487 3552 1542 sit
3597 1486 3795 1558 princi-

2170 1574 2351 1642 pium,
2386 1575 2679 1644 quomodo
2715 1576 2871 1646 quod
2923 1576 3195 1644 habebat,
3231 1577 3498 1646 accepit?
3545 1580 3640 1632 aut
3674 1593 3802 1649 quo-

2173 1663 2346 1718 modo
2397 1664 2492 1718 sui
2541 1665 2715 1718 linem
2764 1665 3035 1735 habebit;
3086 1682 3219 1720 eum
3268 1667 3525 1720 omnium
3570 1667 3690 1736 ipse
3736 1667 3803 1720 sit

2173 1753 2328 1821 linis,
2365 1756 2424 1808 ut
2455 1754 2515 1808 in
2548 1753 2646 1808 illo
2680 1755 2794 1808 line
2827 1757 2956 1809 sine
2988 1757 3104 1810 line
3128 1771 3468 1811 maneamus
3490 1757 3518 1809 ?
3550 1755 3654 1810 Dei
3673 1755 3810 1809 enim

389 1849 480 1900 ter
508 1845 720 1913 (Hebr.
742 1861 782 1911 ι,
817 1844 900 1910 1);
932 1843 1148 1898 multos
1173 1859 1320 1915 ergo
1343 1845 1843 1914 generavittilios,
1869 1846 1920 1899 si
1946 1862 2063 1901 non
2089 1861 2142 1923 Β
2175 1843 2477 1912 generatio
2528 1859 2660 1897 eum
2706 1845 3050 1914 temporalis
3101 1859 3218 1898 non
3267 1845 3364 1914 sit,
3415 1860 3524 1898 nec
3573 1846 3698 1899 ante
3734 1859 3809 1912 se,

396 1937 674 2004 eperatus
694 1935 786 1988 est
802 1932 914 2002 (40)
942 1933 1077 2001 ;sed
1101 1933 1336 1987 locutus
1360 1937 1454 1987 est
1479 1933 1760 1988 Verbum.
1782 1936 2064 1988 Amentes

394 2024 668 2080 homines
696 2020 708 2077 Ι
743 2022 916 2093 quasi
948 2037 1067 2076 non
1101 2022 1452 2094 intelligant,
1479 2024 1619 2094 quid
1651 2024 1884 2078 intersit
1915 2024 2069 2078 inter

401 2112 750 2183 prolativum
783 2127 1142 2180 sermonem,
1188 2114 1244 2166 et
1281 2112 1343 2166 in
1396 2115 1682 2167 aeternum
1712 2129 2068 2183 permanens

393 2202 500 2256 Dei
531 2201 789 2256 Verbum
830 2215 905 2255 ex
947 2201 1120 2256 Patre
1160 2204 1396 2258 natum:
1434 2193 1582 2256 540
1613 2207 1811 2258 natum
1843 2204 2066 2276 utique,

404 2307 521 2346 non
551 2291 880 2361 prolatum:
918 2290 978 2344 in
1009 2307 1128 2362 quo
1159 2308 1276 2346 non
1319 2291 1646 2364 composita
1679 2293 1924 2363 syllaba,
1961 2294 2069 2348 sed

394 2380 695 2450 pl'mit'r’a
733 2379 1053 2434 divinitatis
1092 2385 1329 2436 aeterna:
1361 2386 1471 2437 est.
1509 2385 1565 2436 et
1611 2383 1724 2435 vita
1770 2383 1897 2435 sine
1933 2384 2064 2436 line.

487 2476 597 2523 lin".
643 2473 970 2523 βαθὺ-κείω
1024 2474 1191 2522 alni.“
1247 2473 1627 2538 lifli.lt'l:l"“'.).
1675 2485 2066 2542 pgi‘qmnwntq-e

412 2571 600 2612 utrum
641 2562 840 2612 Vulnus
889 2578 962 2613 an
1005 2560 1223 2614 invitus
1271 2565 1646 2631 geheraxe-iit
1677 2567 1875 2630 l’ater;
1932 2579 1989 2616 ut
2021 2564 2072 2615 si

410 2647 738 2702 dixerimus
777 2647 1092 2716 volentem,
1131 2649 1524 2720 antiquiorem
1553 2651 1935 2721 generatione
1965 2667 2074 2705 vo-

408 2737 692 2790 luntatem
722 2736 1030 2791 videamur
1059 2738 1248 2808 fateri,
1283 2741 1340 2793 et
1374 2739 1634 2794 referant
1666 2740 1799 2810 quia
1841 2755 1958 2794 non
2001 2741 2078 2794 sit

411 2824 598 2878 Filius
631 2827 963 2880 coaeternus
1014 2826 1190 2895 Patri,
1238 2843 1412 2898 quem
1451 2829 1672 2899 aliquid
1713 2831 2072 2884 antecessit:

412 2918 509 2968 aut
548 2913 684 2984 quia
724 2917 780 2968 et
819 2915 948 2985 ipse
987 2917 1065 2970 sit
1103 2920 1410 2986 creatura;
1451 2919 1588 2989 quia
1627 2921 1910 2989 scriptum
1945 2923 2072 2974 est:

417 3023 438 3052 α
484 3003 687 3058 Omnia
719 3021 852 3075 quae
881 3005 1084 3074 voluit,
1115 3005 1252 3059 fecit
1293 3006 1480 3071 (I’sal.
1517 3024 1676 3076 cxm,
1705 3009 1832 3076 ll);
1886 3033 1907 3056 ιι
1946 3026 2076 3062 eum

413 3093 526 3147 hoc
560 3109 756 3164 ipsum
786 3109 903 3149 non
933 3094 1004 3148 de
1044 3095 1218 3149 Patre
1259 3099 1316 3150 et
1355 3095 1524 3164 Filio,
1560 3097 1667 3151 sed
1700 3097 1770 3150 de
1802 3097 1896 3152 his
1929 3115 2077 3168 quas
2101 3099 2142 3149 ’.ἴ

2174 1947 2283 1986 nec
2316 1932 2374 1986 in
2407 1949 2473 1987 se
2505 1936 2738 2004 tempus
2771 1934 3012 1988 invenit.

2248 2018 2368 2076 108.
2403 2020 2641 2094 Frigida
2673 2022 2854 2093 igitur
2883 2038 3084 2076 eorum
3105 2026 3161 2078 et
3183 2040 3333 2078 vana
3351 2023 3604 2094 quaestio
3626 2022 3680 2075 in
3704 2037 3815 2076 cre-

2177 2110 2361 2164 aturis
2394 2111 2662 2180 ipsisnon
2687 2111 2860 2166 habet
2893 2111 3116 2166 locum:
3155 2113 3280 2182 ipsa
3317 2113 3530 2167 ctenim
3551 2127 3678 2184 qum
3693 2113 3814 2166 tem-

2178 2199 2399 2270 poralia
2431 2203 2589 2268 sunt,
2637 2200 3055 2255 discretionem
3108 2202 3165 2254 in
3214 2203 3569 2272 quibusdam
3615 2201 3810 2254 habere

2181 2290 2462 2359 temporis
2513 2304 2630 2343 non
2677 2289 2966 2344 videntur.
3026 2291 3153 2344 Lux
3204 2307 3414 2361 nempe
3461 2289 3814 2360 splendorem

2188 2382 2443 2443 genere",
2495 2395 2599 2430 tum
2649 2379 3064 2450 r'I»‘i'.:‘-lw"::0.nli
3119 2385 3300 2446 ειιιῒιοει
3358 2379 3507 2449 ιμιῦι]
3563 2378 3818 2447 εξιῖίδυίῖιη·

2187 2471 2310 2522 ¹¹ι⁹⁵τ
2359 2468 2648 2528 ς’ίυπίδνίω
2691 2471 2781 2522 fit.
2837 2476 2924 2518 τιιιί
2985 2471 3075 2519 ξτες
3135 2469 3450 2522 λκιο-εἶλαι
3503 2470 3810 2536 maneam:

2186 2559 2315 2626 quia
2367 2559 2461 2609 ubi
2509 2563 2700 2612 tamen
2754 2571 2860 2613 ειμι,
2930 2561 3210 2626 τηειιτεξιληιο
3251 2555 3381 2612 ὐιδί
3447 2569 3569 2608 est:
3628 2563 3676 2607 et
3741 2554 3820 2606 uili

2185 2646 2485 2715 Splendor,
2521 2648 2693 2700 etiam
2725 2647 2920 2700 lumen
2955 2651 3065 2700 est.
3103 2648 3300 2717 Itaque
3352 2662 3460 2701 nec
3493 2646 3621 2700 sine
3649 2647 3824 2714 splen-

2186 2735 2326 2788 dore
2359 2735 2574 2802 lumen,
2611 2752 2719 2790 nec
2751 2736 3033 2805 splendor
3053 2739 3246 2805 potest
3279 2751 3420 2789 esse
3444 2734 3823 2800 sinelumine;

2186 2824 2320 2894 quia
2354 2829 2409 2878 et
2440 2825 2496 2878 in
2531 2825 2845 2896 splendore
2881 2825 3096 2890 lumen,
3135 2829 3190 2878 et
3222 2825 3509 2894 splendor
3526 2825 3585 2878 in
3605 2822 3824 2887 lumine,

2187 2916 2296 2967 est.
2333 2914 2500 2968 Unde
2533 2919 2585 2967 et
2611 2914 2929 2984 Apostolus
2953 2914 3330 2983 splendorem
3355 2917 3614 2984 paternae
3636 2911 3822 2984 gloria)

2187 3001 2394 3056 Filium
2429 3003 2574 3056 dixit
2603 3003 2816 3070 (Hebr.
2851 3021 2893 3072 1,
2927 3003 3022 3070 3);
3074 3003 3210 3074 quia
3257 3003 3545 3072 splendor
3591 3004 3828 3072 paternas

2188 3091 2338 3146 lueis
2408 3096 2499 3147 est
2573 3092 2805 3146 Filius:
2885 3097 3256 3156 rozeternus,
3322 3097 3564 3162 propter
3619 3088 3832 3144 virtutis

2930 2561 3210 2628 δἐδτέῖδλίδῖ
3251 2555 3381 2612 δ’δί
3447 2569 3569 2608 μέΞῖ

413 3181 600 3238 Filius
623 3183 781 3252 fecit,
804 3184 1024 3239 dictum
1047 3185 1125 3240 sit
1149 3187 1460 3240 creaturis.
1495 3186 1598 3240 Sin
1619 3166 2075 3242 auteminvi‘tum
2113 3223 2164 3286 Ο
2190 3183 2571 3241 εἱλιθηιὶίειιριιι
2608 3198 2618 3236 :
2681 3181 3116 3251 inseparabilis,
3185 3185 3428 3251 prepter
3490 3166 3868 3234 claritudinis)

412 3272 644 3328 Patrem
682 3289 1008 3346 generasse
1051 3274 1560 3344 responderimus,
1615 3277 1934 3331 invalidum
1964 3279 2080 3332 Ρα-

412 3365 562 3434 trem
591 3363 819 3419 dixisse
853 3365 1176 3419 videamur.

488 3453 758 3523 tO3.,_Sed
792 3455 933 3509 mihi
966 3453 1023 3507 in
1059 3455 1416 3523 sempiterna
1442 3457 1824 3526 generatione
1858 3474 2077 3528 praece-

414 3543 514 3612 dit,
543 3559 650 3598 nec
673 3543 843 3612 velle,
871 3560 980 3598 nec
1005 3543 1159 3598 nolle
1185 3559 1197 3598 :
1235 3560 1380 3617 ergo
1403 3561 1512 3600 nec
1535 3547 1779 3601 invitum
1805 3547 2076 3616 dixerim,

416 3649 528 3688 nec
581 3633 919 3701 volentem;
979 3633 1116 3704 quia
1159 3635 1462 3705 generatio
1493 3651 1608 3692 non
1671 3637 1726 3690 in
1760 3637 2078 3691 voluntatis

413 3722 808 3792 possibilitate
840 3726 950 3790 est,
987 3723 1092 3776 sed
1119 3723 1174 3776 in
1202 3723 1338 3794 jure
1357 3725 1608 3794 quodam
1643 3729 1698 3780 et
1727 3726 2080 3796 proprietate

416 3811 642 3880 paterni
696 3811 932 3866 videtur
987 3828 1126 3866 esse
1188 3814 1423 3867 secreti.
1459 3813 1632 3881 .Nam
1689 3815 1844 3868 sicut
1886 3815 2082 3870 bonus

415 3903 581 3969 pater
611 3916 728 3954 non
761 3905 859 3954 aut
887 3917 963 3955 ex
985 3901 1283 3955 voluntate
1315 3905 1424 3968 est,
1449 3905 1546 3956 aut
1569 3903 1945 3970 necessitate,
1973 3905 2080 3958 sed

418 4004 600 4059 super
628 3991 960 4061 utrumque,
996 3990 1108 4045 hoc
1151 3995 1243 4044 est
1289 3994 1535 4054 natura;
1579 3992 1655 4044 ita
1689 4008 1804 4046 non
1838 3997 2082 4062 generat

370 4102 382 4150 ι
416 4077 530 4149 (At)
564 4093 638 4132 ex
669 4079 967 4134 voluntate
999 4082 1098 4133 aut
1130 4079 1487 4134 necessitate
1522 4081 1713 4134 Pater.

489 4185 612 4242 101.
648 4187 791 4242 Esto
827 4189 1038 4255 tamen,
1075 4187 1151 4240 sit
1175 4186 1479 4258 generatio
1512 4186 1570 4240 in
1593 4186 1890 4241 voluntate
1911 4204 2083 4258 gene-

417 4278 625 4347 rantis,
660 4277 895 4349 quando
927 4277 1079 4331 hanc
1124 4276 1483 4332 voluntatem
1517 4276 1706 4330 fuisse
1747 4277 1992 4331 dicunt?
2021 4279 2084 4331 Si

418 4369 476 4423 in
509 4367 820 4439 principio,
855 4369 914 4422 in
949 4366 1238 4438 principio
1269 4366 1472 4438 utique
1514 4365 1738 4420 Filius:
1775 4367 1827 4418 si
1860 4367 2082 4436 sempi-

417 4463 581 4514 terna
640 4457 937 4526 voluntas,
975 4457 1374 4527 sempiternus
1419 4458 1474 4510 et
1533 4454 1760 4510 Filius:
1825 4455 1876 4510 si
1909 4455 2083 4525 cmpit

417 4549 712 4615 voluntas,
749 4546 1050 4617 displicuit
1079 4545 1260 4617 igitur
1292 4544 1407 4598 sibi
1441 4545 1596 4616 quod
1621 4549 1744 4599 erat
1777 4545 1934 4599 Deus
1967 4545 2082 4598 Pa-

417 4642 526 4706 ter,
561 4641 624 4692 ut
667 4639 917 4691 mutaret
959 4639 1194 4689 statum.
1244 4634 1556 4704 Displieuit
1600 4650 1745 4706 ergo
1787 4634 1904 4688 sibi
1953 4635 2083 4689 sine

421 4725 590 4794 Filio,
623 4726 860 4796 placere
891 4723 1066 4795 coepit
1099 4725 1213 4778 sibi
1249 4723 1308 4778 in
1340 4723 1510 4778 Filio.

499 4834 614 4888 l05.
650 4832 778 4886 Jam
813 4832 909 4886 illa
953 4831 1374 4902 consequentia
1417 4833 1476 4884 ut
1508 4831 1816 4885 dicamus:
1861 4832 1919 4884 Si
1956 4835 2082 4885 stu-

422 4923 583 4977 dium
621 4921 946 4994 generandi
985 4924 1190 4974 nostro
1235 4936 1395 4975 more
1443 4922 1789 4990 assumpsit,
1844 4937 1988 4993 ergo
2031 4924 2086 4975 et

424 5016 636 5067 caetera
667 5029 800 5082 quae
823 5010 1260 5084 generationem
1280 5010 1617 5081 praecedere
1643 5011 1854 5078 solent,
1880 5014 2084 5064 uestro

421 5119 584 5179 more
633 5101 998 5172 assumpsit;
1050 5105 1254 5155 nostro
1300 5103 1493 5154 autem
1536 5116 1650 5154 usu
1683 5100 2084 5172 generationis

421 5195 620 5246 votum
654 5195 765 5261 est,
802 5207 916 5248 non
951 5192 1246 5245 voluntas.

493 5338 604 5406 ΗΟ)
637 5336 784 5390 Mss.
835 5335 972 5403 duo,
1021 5358 1043 5380 α

421 5427 538 5466 non
569 5412 803 5463 creatus
835 5411 945 5462 est.
986 5430 1006 5452 »

492 5481 606 5552 (41)
640 5481 767 5534 Vel.
803 5479 964 5546 edit.,
1003 5501 1024 5523 α
1054 5477 1611 5552 sedper_naturam,
1648 5474 1724 5528 ita
1757 5478 2028 5552 generat;
2058 5501 2078 5522 η

423 5546 539 5608 non
583 5546 755 5622 pauci
807 5566 954 5604 mss.
1009 5565 1074 5602 ac
1119 5546 1616 5622 (“litin-marg,
1675 5571 1695 5590 σι
1753 5546 1856 5622 sed
1903 5562 2086 5622 super

422 5617 755 5693 utrumque,
792 5622 876 5693 ita
900 5625 1160 5692 generat.
1203 5645 1244 5693 »_
1267 5617 1497 5693 lleliqui
1528 5623 1701 5693 atque
1733 5617 2075 5693 edil._lluin.

423 5699 484 5747 ut
516 5695 574 5746 in
607 5685 790 5747 textu.
839 5685 975 5746 Ervat
1005 5707 1182 5762 porro
1233 5685 1434 5761 ipsius
1455 5689 1578 5744 Arii
1609 5685 1757 5762 ξιιῳα
1797 5685 2074 5762 objectio.

423 5769 484 5817 ut
508 5763 890 5833 Epiphanius,
917 5758 1132 5820 literas.
1153 5762 1240 5830 '76,
1256 5758 1415 5816 num.
1431 5762 1483 5832 6,
1503 5759 1742 5832 scriptis
1760 5758 2072 5828 mandavit,

1101 5335 1150 5386 si
1198 5347 1314 5386 non
1365 5332 1623 5399 creavit;
1663 5355 1684 5378 »
1743 5348 1915 5400 unus,
1973 5355 1994 5378 α
2033 5333 2085 5386 si

2192 3273 2487 3327 unitatem.

2267 3381 2382 3435 100.
2419 3380 2575 3450 Ergo
2612 3379 2662 3433 si
2696 3377 3035 3448 temporalia
3076 3382 3128 3430 et
3181 3393 3352 3431 aerea
3410 3377 3538 3433 haec
3587 3387 3835 3445 compre—

2189 3469 2447 3523 hendere
2470 3474 2522 3523 et
2547 3485 2822 3540 separare
2847 3483 2962 3522 non
2987 3483 3310 3537 possumus
3340 3484 3353 3535 ς
3389 3483 3524 3538 quae
3546 3465 3836 3520 videmus:

2191 3559 2373 3612 Deum
2406 3575 2578 3630 quem
2623 3575 2738 3612 non
2771 3558 3063 3625 videmus,
3111 3557 3209 3628 qui
3253 3573 3440 3626 super
3490 3570 3715 3610 omnem
3759 3555 3839 3605 est

2190 3654 2538 3718 creaturam,
2562 3649 2615 3701 in
2643 3648 2772 3716 ipso
2809 3663 2935 3700 sine
2959 3646 3362 3715 generationis
3399 3661 3616 3699 arcano
3645 3657 3839 3713 possuv

2189 3754 2321 3792 mus
2357 3737 2856 3808 comprehendere
2878 3739 2906 3790 ‘3
2937 3736 3272 3788 Possumus
3310 3751 3446 3790 eum
3483 3751 3512 3787 a
3539 3733 3682 3787 Filio
3712 3734 3838 3785 tem-

2189 3844 2352 3898 pore,
2389 3842 2687 3896 separare,
2725 3841 2857 3879 cum
2889 3841 3062 3879 omne
3105 3828 3340 3893 tempus
3377 3839 3530 3894 opus
3580 3821 3705 3876 Filii
3733 3819 3840 3873 sit?

2264 3917 2383 3970 l'l0.
2421 3916 2700 3968 Desinant
2733 3931 2878 3983 ergo
2907 3915 3102 3968 dicere
3129 3929 3139 3968 :
3179 3913 3242 3966 l'll
3269 3917 3587 3983 antequam
3614 3905 3839 3982 genera-

2190 4010 2370 4074 retur,
2407 4022 2523 4060 non
2555 4008 2694 4059 erat.
2734 4007 2882 4059 Ante
2915 4005 3068 4057 enim
3093 4004 3378 4072 temporis
3405 4005 3518 4071 est,
3555 3997 3839 4073 generatio

2190 4100 2322 4150 ante
2351 4098 2650 4166 tempora;
2696 4099 2750 4148 et
2792 4093 2922 4146 ideo
2971 4092 3127 4164 quod
3179 4092 3484 4162 posterius
3537 4093 3646 4156 est,
3691 4087 3840 4158 prius

2193 4201 2306 4240 non
2333 4189 2451 4253 est;
2477 4201 2584 4238 nec
2601 4199 2749 4254 opus
2782 4185 2914 4236 ante
2947 4184 3245 4235 auctorem
3278 4184 3476 4250 potest
3519 4193 3691 4246 esse;
3723 4189 3841 4229 cum

2195 4289 2370 4344 Opera
2412 4275 2538 4344 ipsa
2581 4273 2933 4344 principium
2974 4271 3044 4324 (le
3089 4275 3399 4339 operatore
3447 4285 3559 4324 suo
3605 4267 3838 4322 sumant.

2195 4365 2341 4418 Nam
2372 4363 2666 4434 quomodo
2699 4366 2829 4415 ante
2861 4364 3229 4430 operatorem
3263 4375 3440 4412 suum
3477 4373 3627 4413 usus
3660 4353 3841 4426 operis

2195 4453 2552 4520 aestimetur;
2605 4467 2738 4504 eum
2783 4467 2954 4504 omne
3005 4453 3236 4518 tempus
3284 4465 3437 4518 opus
3471 4449 3567 4516 sit,
3602 4451 3655 4500 et
3687 4456 3840 4500 omne

2195 4559 2344 4612 opus
2378 4542 2448 4596 de
2481 4543 2788 4612 OPOI'MOI‘C
2821 4556 2930 4594 suo
2966 4543 3024 4592 ut
3057 4543 3236 4605 οςωῑ,
3273 4537 3550 4607 arrepit”?

2267 4651 2388 4704 ill.
2428 4648 2694 4719 Experiri
2730 4647 2912 4718 igitur
2942 4645 3131 4698 adhue
3182 4645 3327 4697 Has
3384 4643 3542 4713 volo,
3595 4641 3691 4712 qui
3739 4636 3840 4691 sibi

2194 4739 2471 4793 videntur
2516 4738 2736 4804 astuti;
2788 4741 2846 4790 ut
2895 4736 2964 4789 de
3016 4735 3239 4788 nostris
3291 4731 3699 4804 respondeant
3753 4723 3839 4796 qui

2199 4828 2627 4883 calumniantur
2643 4825 2881 4895 divinis,
2899 4825 3191 4894 longeque
3212 4821 3517 4893 refugiunt
3534 4822 3606 4874 ab
3631 4820 3840 4871 inseru-

2197 4917 2355 4972 tabili
2391 4932 2667 4987 supernae
2719 4913 3118 4986 generationis
3167 4927 3419 4965 arcano:
3470 4909 3839 4982 quaestionem

2204 5024 2371 5062 suam
2406 5007 2676 5060 humana:
2707 5007 2970 5057 astruant
3013 5001 3413 5071 generationis
3450 4997 3734 5066 exemplo.
3771 4993 3839 5045 lle

2204 5097 2351 5150 Filio
2385 5095 2485 5149 Dei
2529 5095 2730 5147 dicunt
2777 5093 2914 5162 quia
2960 5095 3272 5160 antequam
3325 5090 3708 5158 gener-aretur
3736 5095 3838 5134 non

2199 5190 2340 5255 erat,
2375 5185 2487 5239 hoc
2522 5188 2631 5253 est,
2667 5183 2737 5236 de
2775 5181 2874 5234 lﬁei
2919 5179 3225 5249 sapientia,
3261 5178 3330 5230 de
3383 5177 3593 5230 virtute
3629 5172 3746 5238 Dei,
3777 5169 3838 5221 de

2200 5330 2501 5384 Geminam
2537 5326 2590 5381 ei
2619 5324 3073 5394 responsionem
3110 5323 3312 5374 l‘atles
3336 5317 3720 5394 apponebant,
3753 5309 3838 5363 alii

2198 5401 2352 5454 enim
2388 5399 2596 5452 Filium
2631 5389 2928 5452 voluntate
2973 5393 3374 5462 agnoscebant
3429 5389 3837 5462 genitumpvo-

2199 5473 2476 5526 lunlatem
2507 5474 2720 5532 tamen,
2755 5467 2910 5538 quod
2945 5457 3054 5519 huc
3087 5465 3421 5538 etiamlneo
3443 5457 3575 5514 'non
3605 5457 3833 5527 praster-

2196 5543 2350 5596 nii<it
2379 5540 2749 5600 Ambrosius,
2774 5535 3165 5606 generatione
3203 5535 3346 5604 [riui
3366 5547 3454 5587 em
3486 5545 3624 5584 esse
3652 5538 3840 5606 perne-

2197 5616 2408 5683 gabant
2439 5629 2448 5665 :
2493 5611 2591 5664 alii
2624 5627 2762 5662 vero
2788 5599 3180 5683 ‘l‘tl‘ll'l'ﬁulltlllt‘
3203 5599 3401 5674 ipsam
3442 5617 3619 5673 quam
3649 5599 3837 5651 doctor

2196 5679 2288 5740 hic
2323 5687 2525 5740 noster
2559 5681 2912 5734 solutionem
2945 5679 3285 5734 all'erebant.
