  <div class='ocr_page' id='page_1' title='image "/cluster/home/n/w/nwhite01/storage/ocr_20150623/16/hvd.32044096580444/339.png"; bbox 0 0 3982 6174; ppageno 0'>
   <div class='ocr_carea' id='block_1_1' title="bbox 492 312 3868 415">
    <p class='ocr_par' dir='ltr' id='par_1_1' title="bbox 492 312 3868 415">
     <span class='ocr_line' id='line_1_1' title="bbox 492 312 3868 415; baseline 0.009 -32"><span class='ocrx_word' id='word_1_1' title='bbox 492 312 616 384; x_wconf 84' lang='lat'><strong>667</strong></span> <span class='ocrx_word' id='word_1_2' title='bbox 1936 328 1999 399; x_wconf 87' lang='lat' dir='ltr'><strong>S.</strong></span> <span class='ocrx_word' id='word_1_3' title='bbox 2045 331 2487 399; x_wconf 77' lang='lat' dir='ltr'><strong>AMBROSII.</strong></span> <span class='ocrx_word' id='word_1_4' title='bbox 3772 343 3868 415; x_wconf 63' lang='grc' dir='ltr'><strong>θα</strong></span> 
     </span>
    </p>
   </div>
   <div class='ocr_carea' id='block_1_2' title="bbox 495 519 3871 625">
    <p class='ocr_par' dir='ltr' id='par_1_2' title="bbox 495 519 3871 625">
     <span class='ocr_line' id='line_1_2' title="bbox 495 519 3871 625; baseline 0.008 -42"><span class='ocrx_word' id='word_1_5' title='bbox 495 531 779 625; x_wconf 69' lang='lat' dir='ltr'><strong>tempore,</strong></span> <span class='ocrx_word' id='word_1_6' title='bbox 802 533 1230 625; x_wconf 73' lang='lat' dir='ltr'><strong>nequealienaa</strong></span> <span class='ocrx_word' id='word_1_7' title='bbox 1259 533 1437 591; x_wconf 92' lang='lat' dir='ltr'><strong>habet</strong></span> <span class='ocrx_word' id='word_1_8' title='bbox 1466 537 1737 608; x_wconf 80' lang='lat' dir='ltr'><strong>potestati</strong></span> <span class='ocrx_word' id='word_1_9' title='bbox 1759 537 2056 594; x_wconf 79' lang='lat' dir='ltr'><strong>subditam</strong></span> <span class='ocrx_word' id='word_1_10' title='bbox 2080 537 2165 592; x_wconf 89' lang='lat' dir='ltr'><strong>vi-</strong></span> <span class='ocrx_word' id='word_1_11' title='bbox 2191 519 2247 581; x_wconf 82' lang='grc' dir='ltr'><strong>Α</strong></span> <span class='ocrx_word' id='word_1_12' title='bbox 2277 537 2585 594; x_wconf 82' lang='lat' dir='ltr'><strong>descendit</strong></span> <span class='ocrx_word' id='word_1_13' title='bbox 2617 553 2631 595; x_wconf 87' lang='lat'><strong>:</strong></span> <span class='ocrx_word' id='word_1_14' title='bbox 2682 537 2759 594; x_wconf 90' lang='lat' dir='ltr'><strong>ita</strong></span> <span class='ocrx_word' id='word_1_15' title='bbox 2798 541 2971 612; x_wconf 91' lang='lat' dir='ltr'><strong>quasi</strong></span> <span class='ocrx_word' id='word_1_16' title='bbox 3012 540 3201 599; x_wconf 86' lang='lat' dir='ltr'><strong>Filius</strong></span> <span class='ocrx_word' id='word_1_17' title='bbox 3241 541 3497 602; x_wconf 83' lang='lat' dir='ltr'><strong>hominis</strong></span> <span class='ocrx_word' id='word_1_18' title='bbox 3524 547 3655 606; x_wconf 88' lang='lat' dir='ltr'><strong>vivit</strong></span> <span class='ocrx_word' id='word_1_19' title='bbox 3673 556 3871 625; x_wconf 79' lang='lat' dir='ltr'><strong>propter</strong></span> 
     </span>
    </p>
   </div>
   <div class='ocr_carea' id='block_1_3' title="bbox 494 616 2156 693">
    <p class='ocr_par' dir='ltr' id='par_1_3' title="bbox 494 616 2156 693">
     <span class='ocr_line' id='line_1_3' title="bbox 494 616 2156 693; baseline 0.006 -21"><span class='ocrx_word' id='word_1_20' title='bbox 494 616 740 675; x_wconf 87' lang='lat' dir='ltr'><strong>deamus</strong></span> <span class='ocrx_word' id='word_1_21' title='bbox 771 637 885 693; x_wconf 91' lang='lat' dir='ltr'><strong>qua</strong></span> <span class='ocrx_word' id='word_1_22' title='bbox 916 623 1140 679; x_wconf 80' lang='lat' dir='ltr'><strong>ratione</strong></span> <span class='ocrx_word' id='word_1_23' title='bbox 1169 624 1416 681; x_wconf 77' lang='lat' dir='ltr'><strong>dixerit:</strong></span> <span class='ocrx_word' id='word_1_24' title='bbox 1454 649 1476 673; x_wconf 78' lang='grc' dir='ltr'><strong>α</strong></span> <span class='ocrx_word' id='word_1_25' title='bbox 1504 625 1667 681; x_wconf 85' lang='lat' dir='ltr'><strong>Sicut</strong></span> <span class='ocrx_word' id='word_1_26' title='bbox 1687 628 1846 683; x_wconf 85' lang='lat' dir='ltr'><strong>misit</strong></span> <span class='ocrx_word' id='word_1_27' title='bbox 1867 643 1958 682; x_wconf 91' lang='lat' dir='ltr'><strong>me</strong></span> <span class='ocrx_word' id='word_1_28' title='bbox 1978 626 2156 682; x_wconf 89' lang='lat' dir='ltr'><strong>vivus</strong></span> 
     </span>
    </p>
   </div>
   <div class='ocr_carea' id='block_1_4' title="bbox 496 708 2156 788">
    <p class='ocr_par' dir='ltr' id='par_1_4' title="bbox 496 708 2156 788">
     <span class='ocr_line' id='line_1_4' title="bbox 496 708 2156 788; baseline 0.005 -25"><span class='ocrx_word' id='word_1_29' title='bbox 496 708 689 779; x_wconf 89' lang='lat' dir='ltr'><strong>Pater,</strong></span> <span class='ocrx_word' id='word_1_30' title='bbox 736 714 793 765; x_wconf 93' lang='lat' dir='ltr'><strong>et</strong></span> <span class='ocrx_word' id='word_1_31' title='bbox 831 727 944 785; x_wconf 89' lang='lat' dir='ltr'><strong>ego</strong></span> <span class='ocrx_word' id='word_1_32' title='bbox 988 713 1124 769; x_wconf 88' lang='lat' dir='ltr'><strong>vivo</strong></span> <span class='ocrx_word' id='word_1_33' title='bbox 1165 717 1405 786; x_wconf 80' lang='lat' dir='ltr'><strong>propter</strong></span> <span class='ocrx_word' id='word_1_34' title='bbox 1444 716 1677 771; x_wconf 91' lang='lat' dir='ltr'><strong>Patrem</strong></span> <span class='ocrx_word' id='word_1_35' title='bbox 1707 717 1897 788; x_wconf 73' lang='lat' dir='ltr'><strong>(lacn.</strong></span> <span class='ocrx_word' id='word_1_36' title='bbox 1928 733 2008 785; x_wconf 77' lang='lat' dir='ltr'><strong>Vl,</strong></span> <span class='ocrx_word' id='word_1_37' title='bbox 2043 714 2156 784; x_wconf 85' lang='lat'><strong>58).</strong></span> 
     </span>
    </p>
   </div>
   <div class='ocr_carea' id='block_1_5' title="bbox 499 795 2157 877">
    <p class='ocr_par' dir='ltr' id='par_1_5' title="bbox 499 795 2157 877">
     <span class='ocr_line' id='line_1_5' title="bbox 499 795 2157 877; baseline 0.005 -26"><span class='ocrx_word' id='word_1_38' title='bbox 499 795 879 868; x_wconf 83' lang='lat' dir='ltr'><strong>Exponamus</strong></span> <span class='ocrx_word' id='word_1_39' title='bbox 896 805 956 855; x_wconf 91' lang='lat' dir='ltr'><strong>ut</strong></span> <span class='ocrx_word' id='word_1_40' title='bbox 975 817 1297 873; x_wconf 81' lang='lat' dir='ltr'><strong>possumus</strong></span> <span class='ocrx_word' id='word_1_41' title='bbox 1323 820 1334 858; x_wconf 91' lang='lat'>:</span> <span class='ocrx_word' id='word_1_42' title='bbox 1364 804 1477 860; x_wconf 92' lang='lat' dir='ltr'><strong>imo</strong></span> <span class='ocrx_word' id='word_1_43' title='bbox 1506 805 1634 876; x_wconf 91' lang='lat' dir='ltr'><strong>ipse</strong></span> <span class='ocrx_word' id='word_1_44' title='bbox 1656 806 1851 877; x_wconf 86' lang='lat' dir='ltr'><strong>potius</strong></span> <span class='ocrx_word' id='word_1_45' title='bbox 1883 810 2157 877; x_wconf 84' lang='lat' dir='ltr'><strong>exponat.</strong></span> 
     </span>
    </p>
   </div>
   <div class='ocr_carea' id='block_1_6' title="bbox 571 886 2163 967">
    <p class='ocr_par' dir='ltr' id='par_1_6' title="bbox 571 886 2163 967">
     <span class='ocr_line' id='line_1_6' title="bbox 571 886 2163 967; baseline 0.007 -25"><span class='ocrx_word' id='word_1_46' title='bbox 571 886 693 944; x_wconf 75' lang='lat'><strong>1‘23.</strong></span> <span class='ocrx_word' id='word_1_47' title='bbox 726 889 1050 945; x_wconf 83' lang='lat' dir='ltr'><strong>Considera</strong></span> <span class='ocrx_word' id='word_1_48' title='bbox 1091 892 1270 966; x_wconf 77' lang='lat' dir='ltr'><strong>igitur</strong></span> <span class='ocrx_word' id='word_1_49' title='bbox 1305 894 1443 965; x_wconf 93' lang='lat' dir='ltr'><strong>quid</strong></span> <span class='ocrx_word' id='word_1_50' title='bbox 1479 897 1613 950; x_wconf 87' lang='lat' dir='ltr'><strong>ante</strong></span> <span class='ocrx_word' id='word_1_51' title='bbox 1655 896 2051 967; x_wconf 77' lang='lat' dir='ltr'><strong>praemiserit;</strong></span> <span class='ocrx_word' id='word_1_52' title='bbox 2081 898 2163 956; x_wconf 85' lang='lat' dir='ltr'><strong>ait</strong></span> 
     </span>
    </p>
   </div>
   <div class='ocr_carea' id='block_1_7' title="bbox 497 976 2163 1055">
    <p class='ocr_par' dir='ltr' id='par_1_7' title="bbox 497 976 2163 1055">
     <span class='ocr_line' id='line_1_7' title="bbox 497 976 2163 1055; baseline 0.008 -25"><span class='ocrx_word' id='word_1_53' title='bbox 497 976 652 1031; x_wconf 87' lang='lat' dir='ltr'><strong>enim</strong></span> <span class='ocrx_word' id='word_1_54' title='bbox 690 993 703 1033; x_wconf 91' lang='lat'><strong>:</strong></span> <span class='ocrx_word' id='word_1_55' title='bbox 739 1002 760 1025; x_wconf 80' lang='grc' dir='ltr'>α</span> <span class='ocrx_word' id='word_1_56' title='bbox 786 979 990 1047; x_wconf 76' lang='lat' dir='ltr'><strong>Amen,</strong></span> <span class='ocrx_word' id='word_1_57' title='bbox 1024 996 1193 1035; x_wconf 93' lang='lat' dir='ltr'><strong>amen</strong></span> <span class='ocrx_word' id='word_1_58' title='bbox 1224 981 1356 1036; x_wconf 92' lang='lat' dir='ltr'><strong>dico</strong></span> <span class='ocrx_word' id='word_1_59' title='bbox 1385 982 1558 1037; x_wconf 88' lang='lat' dir='ltr'><strong>vobis</strong></span> <span class='ocrx_word' id='word_1_60' title='bbox 1587 983 1765 1055; x_wconf 82' lang='lat' dir='ltr'><strong>(Ibid.</strong></span> <span class='ocrx_word' id='word_1_61' title='bbox 1799 985 1910 1051; x_wconf 85' lang='lat'><strong>54).</strong></span> <span class='ocrx_word' id='word_1_62' title='bbox 1954 1008 1975 1034; x_wconf 77' lang='grc' dir='ltr'>ι</span> <span class='ocrx_word' id='word_1_63' title='bbox 2013 988 2163 1043; x_wconf 83' lang='lat' dir='ltr'><strong>Ante</strong></span> 
     </span>
    </p>
   </div>
   <div class='ocr_carea' id='block_1_8' title="bbox 499 1065 2162 1144">
    <p class='ocr_par' dir='ltr' id='par_1_8' title="bbox 499 1065 2162 1144">
     <span class='ocr_line' id='line_1_8' title="bbox 499 1065 2162 1144; baseline 0.005 -22"><span class='ocrx_word' id='word_1_64' title='bbox 499 1065 739 1122; x_wconf 88' lang='lat' dir='ltr'><strong>instruit</strong></span> <span class='ocrx_word' id='word_1_65' title='bbox 771 1068 1263 1139; x_wconf 83' lang='lat' dir='ltr'><strong>quemadmodum</strong></span> <span class='ocrx_word' id='word_1_66' title='bbox 1290 1071 1492 1126; x_wconf 90' lang='lat' dir='ltr'><strong>audire</strong></span> <span class='ocrx_word' id='word_1_67' title='bbox 1520 1071 1770 1128; x_wconf 85' lang='lat' dir='ltr'><strong>debeas:</strong></span> <span class='ocrx_word' id='word_1_68' title='bbox 1805 1096 1826 1121; x_wconf 76' lang='grc' dir='ltr'><em>υ</em></span> <span class='ocrx_word' id='word_1_69' title='bbox 1862 1073 2034 1144; x_wconf 85' lang='lat' dir='ltr'><strong>Vere,</strong></span> <span class='ocrx_word' id='word_1_70' title='bbox 2069 1075 2162 1131; x_wconf 88' lang='lat' dir='ltr'><strong>in-</strong></span> 
     </span>
    </p>
   </div>
   <div class='ocr_carea' id='block_1_9' title="bbox 494 1156 2159 1228">
    <p class='ocr_par' dir='ltr' id='par_1_9' title="bbox 494 1156 2159 1228">
     <span class='ocr_line' id='line_1_9' title="bbox 494 1156 2159 1228; baseline 0.005 -18"><span class='ocrx_word' id='word_1_71' title='bbox 494 1156 640 1227; x_wconf 85' lang='lat' dir='ltr'><strong>quit,</strong></span> <span class='ocrx_word' id='word_1_72' title='bbox 671 1172 810 1212; x_wconf 87' lang='lat' dir='ltr'><strong>vere</strong></span> <span class='ocrx_word' id='word_1_73' title='bbox 841 1158 974 1212; x_wconf 92' lang='lat' dir='ltr'><strong>dico</strong></span> <span class='ocrx_word' id='word_1_74' title='bbox 1013 1159 1206 1228; x_wconf 84' lang='lat' dir='ltr'><strong>vobis,</strong></span> <span class='ocrx_word' id='word_1_75' title='bbox 1240 1160 1358 1215; x_wconf 86' lang='lat' dir='ltr'><strong>nisi</strong></span> <span class='ocrx_word' id='word_1_76' title='bbox 1389 1161 1884 1217; x_wconf 89' lang='lat' dir='ltr'><strong>manducaveritis</strong></span> <span class='ocrx_word' id='word_1_77' title='bbox 1917 1178 2159 1219; x_wconf 89' lang='lat' dir='ltr'><strong>carnem</strong></span> 
     </span>
    </p>
   </div>
   <div class='ocr_carea' id='block_1_10' title="bbox 495 1245 2159 1323">
    <p class='ocr_par' dir='ltr' id='par_1_10' title="bbox 495 1245 2159 1323">
     <span class='ocr_line' id='line_1_10' title="bbox 495 1245 2159 1323; baseline 0.004 -22"><span class='ocrx_word' id='word_1_78' title='bbox 495 1245 628 1301; x_wconf 81' lang='lat' dir='ltr'><strong>Filii</strong></span> <span class='ocrx_word' id='word_1_79' title='bbox 653 1245 929 1316; x_wconf 83' lang='lat' dir='ltr'><strong>hominis,</strong></span> <span class='ocrx_word' id='word_1_80' title='bbox 963 1251 1021 1303; x_wconf 89' lang='lat' dir='ltr'><strong>et</strong></span> <span class='ocrx_word' id='word_1_81' title='bbox 1050 1248 1324 1303; x_wconf 86' lang='lat' dir='ltr'><strong>biberitis</strong></span> <span class='ocrx_word' id='word_1_82' title='bbox 1351 1250 1702 1322; x_wconf 88' lang='lat' dir='ltr'><strong>sanguinem</strong></span> <span class='ocrx_word' id='word_1_83' title='bbox 1724 1250 1880 1323; x_wconf 82' lang='lat' dir='ltr'><strong>ejus,</strong></span> <span class='ocrx_word' id='word_1_84' title='bbox 1912 1269 2029 1307; x_wconf 92' lang='lat' dir='ltr'><strong>non</strong></span> <span class='ocrx_word' id='word_1_85' title='bbox 2051 1253 2159 1307; x_wconf 89' lang='lat' dir='ltr'><strong>ha-</strong></span> 
     </span>
    </p>
   </div>
   <div class='ocr_carea' id='block_1_11' title="bbox 495 1333 2161 1409">
    <p class='ocr_par' dir='ltr' id='par_1_11' title="bbox 495 1333 2161 1409">
     <span class='ocr_line' id='line_1_11' title="bbox 495 1333 2161 1409; baseline 0.004 -19"><span class='ocrx_word' id='word_1_86' title='bbox 495 1333 714 1390; x_wconf 84' lang='lat' dir='ltr'><strong>bebitis</strong></span> <span class='ocrx_word' id='word_1_87' title='bbox 733 1336 907 1390; x_wconf 89' lang='lat' dir='ltr'><strong>vitam</strong></span> <span class='ocrx_word' id='word_1_88' title='bbox 931 1337 989 1392; x_wconf 92' lang='lat' dir='ltr'><strong>in</strong></span> <span class='ocrx_word' id='word_1_89' title='bbox 1010 1336 1184 1392; x_wconf 85' lang='lat' dir='ltr'><strong>vobis</strong></span> <span class='ocrx_word' id='word_1_90' title='bbox 1201 1338 1424 1409; x_wconf 65' lang='lat' dir='ltr'><strong>(Ibid)</strong></span> <span class='ocrx_word' id='word_1_91' title='bbox 1438 1363 1459 1386; x_wconf 79' lang='grc' dir='ltr'><strong>»ο</strong></span> <span class='ocrx_word' id='word_1_92' title='bbox 1477 1340 1812 1396; x_wconf 87' lang='lat' dir='ltr'><strong>Secundum</strong></span> <span class='ocrx_word' id='word_1_93' title='bbox 1836 1340 2045 1396; x_wconf 85' lang='lat' dir='ltr'><strong>Filium</strong></span> <span class='ocrx_word' id='word_1_94' title='bbox 2061 1342 2161 1397; x_wconf 86' lang='lat' dir='ltr'><strong>ho-</strong></span> 
     </span>
    </p>
   </div>
   <div class='ocr_carea' id='block_1_12' title="bbox 497 1424 2156 1503">
    <p class='ocr_par' dir='ltr' id='par_1_12' title="bbox 497 1424 2156 1503">
     <span class='ocr_line' id='line_1_12' title="bbox 497 1424 2156 1503; baseline 0.004 -23"><span class='ocrx_word' id='word_1_95' title='bbox 497 1424 636 1480; x_wconf 86' lang='lat' dir='ltr'><strong>mini</strong></span> <span class='ocrx_word' id='word_1_96' title='bbox 663 1441 730 1480; x_wconf 84' lang='lat' dir='ltr'><strong>se</strong></span> <span class='ocrx_word' id='word_1_97' title='bbox 759 1425 956 1481; x_wconf 85' lang='lat' dir='ltr'><strong>dicere</strong></span> <span class='ocrx_word' id='word_1_98' title='bbox 979 1429 1112 1481; x_wconf 86' lang='lat' dir='ltr'><strong>ante</strong></span> <span class='ocrx_word' id='word_1_99' title='bbox 1134 1428 1442 1497; x_wconf 68' lang='lat' dir='ltr'><strong>prmmisit,</strong></span> <span class='ocrx_word' id='word_1_100' title='bbox 1474 1432 1531 1485; x_wconf 92' lang='lat' dir='ltr'><strong>et</strong></span> <span class='ocrx_word' id='word_1_101' title='bbox 1565 1432 1625 1484; x_wconf 91' lang='lat' dir='ltr'><strong>tu</strong></span> <span class='ocrx_word' id='word_1_102' title='bbox 1649 1429 1805 1503; x_wconf 92' lang='lat' dir='ltr'><strong>quod</strong></span> <span class='ocrx_word' id='word_1_103' title='bbox 1828 1430 2156 1486; x_wconf 87' lang='lat' dir='ltr'><strong>secundum</strong></span> 
     </span>
    </p>
   </div>
   <div class='ocr_carea' id='block_1_13' title="bbox 496 1511 2150 1591">
    <p class='ocr_par' dir='ltr' id='par_1_13' title="bbox 496 1511 2150 1591">
     <span class='ocr_line' id='line_1_13' title="bbox 496 1511 2150 1591; baseline 0.004 -24"><span class='ocrx_word' id='word_1_104' title='bbox 496 1511 705 1568; x_wconf 85' lang='lat' dir='ltr'><strong>Filium</strong></span> <span class='ocrx_word' id='word_1_105' title='bbox 745 1513 1003 1569; x_wconf 91' lang='lat' dir='ltr'><strong>hominis</strong></span> <span class='ocrx_word' id='word_1_106' title='bbox 1034 1516 1106 1570; x_wconf 91' lang='lat' dir='ltr'><strong>de</strong></span> <span class='ocrx_word' id='word_1_107' title='bbox 1137 1531 1313 1571; x_wconf 91' lang='lat' dir='ltr'><strong>carne</strong></span> <span class='ocrx_word' id='word_1_108' title='bbox 1344 1520 1437 1572; x_wconf 90' lang='lat' dir='ltr'><strong>est</strong></span> <span class='ocrx_word' id='word_1_109' title='bbox 1465 1517 1701 1573; x_wconf 89' lang='lat' dir='ltr'><strong>locutus</strong></span> <span class='ocrx_word' id='word_1_110' title='bbox 1731 1521 1788 1573; x_wconf 93' lang='lat' dir='ltr'><strong>et</strong></span> <span class='ocrx_word' id='word_1_111' title='bbox 1833 1519 2150 1591; x_wconf 79' lang='lat' dir='ltr'><strong>sanguine,</strong></span> 
     </span>
    </p>
   </div>
   <div class='ocr_carea' id='block_1_14' title="bbox 495 1600 1779 1674">
    <p class='ocr_par' dir='ltr' id='par_1_14' title="bbox 495 1600 1779 1674">
     <span class='ocr_line' id='line_1_14' title="bbox 495 1600 1779 1674; baseline 0.005 -19"><span class='ocrx_word' id='word_1_112' title='bbox 495 1601 566 1655; x_wconf 91' lang='lat' dir='ltr'><strong>ad</strong></span> <span class='ocrx_word' id='word_1_113' title='bbox 598 1600 958 1658; x_wconf 87' lang='lat' dir='ltr'><strong>divinitatem</strong></span> <span class='ocrx_word' id='word_1_114' title='bbox 989 1608 1162 1674; x_wconf 90' lang='lat' dir='ltr'><strong>putas</strong></span> <span class='ocrx_word' id='word_1_115' title='bbox 1191 1620 1331 1660; x_wconf 89' lang='lat' dir='ltr'><strong>esse</strong></span> <span class='ocrx_word' id='word_1_116' title='bbox 1353 1604 1726 1661; x_wconf 80' lang='lat' dir='ltr'><strong>referendum</strong></span> <span class='ocrx_word' id='word_1_117' title='bbox 1750 1608 1779 1662; x_wconf 83' lang='lat'><strong>?</strong></span> 
     </span>
    </p>
   </div>
   <div class='ocr_carea' id='block_1_15' title="bbox 560 1690 2151 1765">
    <p class='ocr_par' dir='ltr' id='par_1_15' title="bbox 560 1690 2151 1765">
     <span class='ocr_line' id='line_1_15' title="bbox 560 1690 2151 1765; baseline 0.004 -20"><span class='ocrx_word' id='word_1_118' title='bbox 560 1690 681 1746; x_wconf 76' lang='lat'><strong>124.</strong></span> <span class='ocrx_word' id='word_1_119' title='bbox 718 1692 982 1765; x_wconf 87' lang='lat' dir='ltr'><strong>Denique</strong></span> <span class='ocrx_word' id='word_1_120' title='bbox 1012 1693 1233 1749; x_wconf 89' lang='lat' dir='ltr'><strong>addidit</strong></span> <span class='ocrx_word' id='word_1_121' title='bbox 1265 1710 1277 1749; x_wconf 92' lang='lat'>:</span> <span class='ocrx_word' id='word_1_122' title='bbox 1316 1717 1337 1744; x_wconf 77' lang='grc' dir='ltr'><strong>σι</strong></span> <span class='ocrx_word' id='word_1_123' title='bbox 1374 1694 1522 1750; x_wconf 90' lang='lat' dir='ltr'><strong>Caro</strong></span> <span class='ocrx_word' id='word_1_124' title='bbox 1551 1697 1708 1751; x_wconf 92' lang='lat' dir='ltr'><strong>enim</strong></span> <span class='ocrx_word' id='word_1_125' title='bbox 1739 1711 1867 1751; x_wconf 88' lang='lat' dir='ltr'><strong>mea</strong></span> <span class='ocrx_word' id='word_1_126' title='bbox 1895 1710 2035 1752; x_wconf 83' lang='lat' dir='ltr'><strong>vere</strong></span> <span class='ocrx_word' id='word_1_127' title='bbox 2058 1698 2151 1752; x_wconf 90' lang='lat' dir='ltr'><strong>est</strong></span> 
     </span>
    </p>
   </div>
   <div class='ocr_carea' id='block_1_16' title="bbox 488 1782 2147 1855">
    <p class='ocr_par' dir='ltr' id='par_1_16' title="bbox 488 1782 2147 1855">
     <span class='ocr_line' id='line_1_16' title="bbox 488 1782 2147 1855; baseline 0.005 -22"><span class='ocrx_word' id='word_1_128' title='bbox 488 1793 648 1851; x_wconf 88' lang='lat' dir='ltr'><strong>esca,</strong></span> <span class='ocrx_word' id='word_1_129' title='bbox 692 1784 748 1836; x_wconf 90' lang='lat' dir='ltr'><strong>et</strong></span> <span class='ocrx_word' id='word_1_130' title='bbox 764 1782 1014 1853; x_wconf 88' lang='lat' dir='ltr'><strong>sanguis</strong></span> <span class='ocrx_word' id='word_1_131' title='bbox 1042 1798 1211 1838; x_wconf 89' lang='lat' dir='ltr'><strong>meus</strong></span> <span class='ocrx_word' id='word_1_132' title='bbox 1241 1786 1332 1838; x_wconf 88' lang='lat' dir='ltr'><strong>est</strong></span> <span class='ocrx_word' id='word_1_133' title='bbox 1362 1787 1534 1853; x_wconf 91' lang='lat' dir='ltr'><strong>potus</strong></span> <span class='ocrx_word' id='word_1_134' title='bbox 1578 1784 1755 1853; x_wconf 85' lang='lat' dir='ltr'><strong>(Ibid.</strong></span> <span class='ocrx_word' id='word_1_135' title='bbox 1787 1784 1898 1855; x_wconf 87' lang='lat'><strong>56).</strong></span> <span class='ocrx_word' id='word_1_136' title='bbox 1936 1806 1958 1836; x_wconf 77' lang='grc' dir='ltr'><strong>ι</strong></span> <span class='ocrx_word' id='word_1_137' title='bbox 2001 1785 2147 1841; x_wconf 86' lang='lat' dir='ltr'><strong>Car-</strong></span> 
     </span>
    </p>
   </div>
   <div class='ocr_carea' id='block_1_17' title="bbox 2276 627 3871 706">
    <p class='ocr_par' dir='ltr' id='par_1_17' title="bbox 2276 627 3871 706">
     <span class='ocr_line' id='line_1_17' title="bbox 2276 627 3871 706; baseline 0.011 -25"><span class='ocrx_word' id='word_1_138' title='bbox 2276 627 2527 698; x_wconf 89' lang='lat' dir='ltr'><strong>Patrem,</strong></span> <span class='ocrx_word' id='word_1_139' title='bbox 2562 628 2827 701; x_wconf 90' lang='lat' dir='ltr'><strong>Denique</strong></span> <span class='ocrx_word' id='word_1_140' title='bbox 2848 632 2907 685; x_wconf 87' lang='lat' dir='ltr'><strong>et</strong></span> <span class='ocrx_word' id='word_1_141' title='bbox 2926 631 3028 703; x_wconf 89' lang='lat' dir='ltr'><strong>qui</strong></span> <span class='ocrx_word' id='word_1_142' title='bbox 3057 632 3373 688; x_wconf 82' lang='lat' dir='ltr'><strong>manducet</strong></span> <span class='ocrx_word' id='word_1_143' title='bbox 3400 636 3563 706; x_wconf 88' lang='lat' dir='ltr'><strong>quasi</strong></span> <span class='ocrx_word' id='word_1_144' title='bbox 3590 636 3773 696; x_wconf 83' lang='lat' dir='ltr'><strong>Filium</strong></span> <span class='ocrx_word' id='word_1_145' title='bbox 3793 642 3871 698; x_wconf 86' lang='lat' dir='ltr'><strong>ho-</strong></span> 
     </span>
    </p>
   </div>
   <div class='ocr_carea' id='block_1_18' title="bbox 2272 716 3875 791">
    <p class='ocr_par' dir='ltr' id='par_1_18' title="bbox 2272 716 3875 791">
     <span class='ocr_line' id='line_1_18' title="bbox 2272 716 3875 791; baseline 0.011 -21"><span class='ocrx_word' id='word_1_146' title='bbox 2272 716 2470 786; x_wconf 89' lang='lat' dir='ltr'><strong>minis,</strong></span> <span class='ocrx_word' id='word_1_147' title='bbox 2502 721 2558 772; x_wconf 90' lang='lat' dir='ltr'><strong>et</strong></span> <span class='ocrx_word' id='word_1_148' title='bbox 2589 716 2717 788; x_wconf 90' lang='lat' dir='ltr'><strong>ipse</strong></span> <span class='ocrx_word' id='word_1_149' title='bbox 2747 718 2891 773; x_wconf 87' lang='lat' dir='ltr'><strong>vivit</strong></span> <span class='ocrx_word' id='word_1_150' title='bbox 2912 723 3154 791; x_wconf 85' lang='lat' dir='ltr'><strong>propter</strong></span> <span class='ocrx_word' id='word_1_151' title='bbox 3182 721 3391 777; x_wconf 81' lang='lat' dir='ltr'><strong>Filium</strong></span> <span class='ocrx_word' id='word_1_152' title='bbox 3413 723 3673 782; x_wconf 86' lang='lat' dir='ltr'><strong>hominis.</strong></span> <span class='ocrx_word' id='word_1_153' title='bbox 3704 731 3875 787; x_wconf 76' lang='lat' dir='ltr'><strong>Actum</strong></span> 
     </span>
    </p>
   </div>
   <div class='ocr_carea' id='block_1_19' title="bbox 2272 806 3726 885">
    <p class='ocr_par' dir='ltr' id='par_1_19' title="bbox 2272 806 3726 885">
     <span class='ocr_line' id='line_1_19' title="bbox 2272 806 3726 885; baseline 0.008 -26"><span class='ocrx_word' id='word_1_154' title='bbox 2272 820 2417 877; x_wconf 85' lang='lat' dir='ltr'><strong>ergo</strong></span> <span class='ocrx_word' id='word_1_155' title='bbox 2448 806 2871 862; x_wconf 85' lang='lat' dir='ltr'><strong>incarnationis</strong></span> <span class='ocrx_word' id='word_1_156' title='bbox 2902 823 3032 864; x_wconf 64' lang='lat' dir='ltr'><strong>suae</strong></span> <span class='ocrx_word' id='word_1_157' title='bbox 3060 809 3339 866; x_wconf 86' lang='lat' dir='ltr'><strong>adventui</strong></span> <span class='ocrx_word' id='word_1_158' title='bbox 3371 816 3726 885; x_wconf 81' lang='lat' dir='ltr'><strong>comparavit.</strong></span> 
     </span>
    </p>
   </div>
   <div class='ocr_carea' id='block_1_20' title="bbox 2343 894 3875 979">
    <p class='ocr_par' dir='ltr' id='par_1_20' title="bbox 2343 894 3875 979">
     <span class='ocr_line' id='line_1_20' title="bbox 2343 894 3875 979; baseline 0.009 -31"><span class='ocrx_word' id='word_1_159' title='bbox 2343 895 2464 950; x_wconf 75' lang='lat'><strong>427.</strong></span> <span class='ocrx_word' id='word_1_160' title='bbox 2487 894 2655 960; x_wconf 87' lang='lat' dir='ltr'><strong>Quod</strong></span> <span class='ocrx_word' id='word_1_161' title='bbox 2686 896 2737 950; x_wconf 90' lang='lat' dir='ltr'><strong>si</strong></span> <span class='ocrx_word' id='word_1_162' title='bbox 2763 897 3026 952; x_wconf 90' lang='lat' dir='ltr'><strong>secunda</strong></span> <span class='ocrx_word' id='word_1_163' title='bbox 3048 899 3423 971; x_wconf 88' lang='lat' dir='ltr'><strong>complacuit,</strong></span> <span class='ocrx_word' id='word_1_164' title='bbox 3440 918 3623 959; x_wconf 89' lang='lat' dir='ltr'><strong>nonne</strong></span> <span class='ocrx_word' id='word_1_165' title='bbox 3641 908 3692 959; x_wconf 89' lang='lat' dir='ltr'><strong>et</strong></span> <span class='ocrx_word' id='word_1_166' title='bbox 3717 918 3875 979; x_wconf 65' lang='lat' dir='ltr'><strong>mqua-</strong></span> 
     </span>
    </p>
   </div>
   <div class='ocr_carea' id='block_1_21' title="bbox 2267 980 3879 1065">
    <p class='ocr_par' dir='ltr' id='par_1_21' title="bbox 2267 980 3879 1065">
     <span class='ocr_line' id='line_1_21' title="bbox 2267 980 3879 1065; baseline 0.01 -30"><span class='ocrx_word' id='word_1_167' title='bbox 2267 980 2486 1037; x_wconf 87' lang='lat' dir='ltr'><strong>iitatem</strong></span> <span class='ocrx_word' id='word_1_168' title='bbox 2518 983 2648 1042; x_wconf 73' lang='lat' dir='ltr'><strong>Filii</strong></span> <span class='ocrx_word' id='word_1_169' title='bbox 2682 1000 2815 1041; x_wconf 90' lang='lat' dir='ltr'><strong>cum</strong></span> <span class='ocrx_word' id='word_1_170' title='bbox 2836 986 3031 1057; x_wconf 88' lang='lat' dir='ltr'><strong>Patre,</strong></span> <span class='ocrx_word' id='word_1_171' title='bbox 3064 989 3123 1042; x_wconf 90' lang='lat' dir='ltr'><strong>et</strong></span> <span class='ocrx_word' id='word_1_172' title='bbox 3163 988 3603 1046; x_wconf 87' lang='lat' dir='ltr'><strong>similitudinem</strong></span> <span class='ocrx_word' id='word_1_173' title='bbox 3628 992 3750 1065; x_wconf 83' lang='lat' dir='ltr'><strong>ejus</strong></span> <span class='ocrx_word' id='word_1_174' title='bbox 3776 1011 3879 1052; x_wconf 87' lang='lat' dir='ltr'><strong>cum</strong></span> 
     </span>
    </p>
   </div>
   <div class='ocr_carea' id='block_1_22' title="bbox 2267 1069 3879 1152">
    <p class='ocr_par' dir='ltr' id='par_1_22' title="bbox 2267 1069 3879 1152">
     <span class='ocr_line' id='line_1_22' title="bbox 2267 1069 3879 1152; baseline 0.008 -25"><span class='ocrx_word' id='word_1_175' title='bbox 2267 1069 2504 1127; x_wconf 80' lang='lat' dir='ltr'><strong>homine</strong></span> <span class='ocrx_word' id='word_1_176' title='bbox 2561 1072 2873 1129; x_wconf 84' lang='lat' dir='ltr'><strong>manifesta</strong></span> <span class='ocrx_word' id='word_1_177' title='bbox 2925 1074 3310 1131; x_wconf 89' lang='lat' dir='ltr'><strong>distinctione</strong></span> <span class='ocrx_word' id='word_1_178' title='bbox 3364 1077 3732 1152; x_wconf 77' lang='lat' dir='ltr'><strong>colligimus?</strong></span> <span class='ocrx_word' id='word_1_179' title='bbox 3763 1083 3879 1140; x_wconf 81' lang='lat' dir='ltr'><strong>Nam</strong></span> 
     </span>
    </p>
   </div>
   <div class='ocr_carea' id='block_1_23' title="bbox 2265 1160 3886 1238">
    <p class='ocr_par' dir='ltr' id='par_1_23' title="bbox 2265 1160 3886 1238">
     <span class='ocr_line' id='line_1_23' title="bbox 2265 1160 3886 1238; baseline 0.01 -25"><span class='ocrx_word' id='word_1_180' title='bbox 2265 1160 2407 1231; x_wconf 90' lang='lat' dir='ltr'><strong>quid</strong></span> <span class='ocrx_word' id='word_1_181' title='bbox 2457 1163 2549 1216; x_wconf 86' lang='lat' dir='ltr'><strong>est</strong></span> <span class='ocrx_word' id='word_1_182' title='bbox 2588 1176 2601 1217; x_wconf 92' lang='lat'><strong>:</strong></span> <span class='ocrx_word' id='word_1_183' title='bbox 2642 1161 2818 1218; x_wconf 86' lang='lat' dir='ltr'><strong>Sicut</strong></span> <span class='ocrx_word' id='word_1_184' title='bbox 2850 1164 2978 1234; x_wconf 89' lang='lat' dir='ltr'><strong>ipse</strong></span> <span class='ocrx_word' id='word_1_185' title='bbox 3009 1165 3156 1219; x_wconf 83' lang='lat' dir='ltr'><strong>vivit</strong></span> <span class='ocrx_word' id='word_1_186' title='bbox 3184 1169 3428 1238; x_wconf 88' lang='lat' dir='ltr'><strong>propter</strong></span> <span class='ocrx_word' id='word_1_187' title='bbox 3454 1168 3696 1237; x_wconf 87' lang='lat' dir='ltr'><strong>Patrem,</strong></span> <span class='ocrx_word' id='word_1_188' title='bbox 3726 1174 3778 1227; x_wconf 89' lang='lat' dir='ltr'><strong>et</strong></span> <span class='ocrx_word' id='word_1_189' title='bbox 3799 1189 3886 1229; x_wconf 88' lang='lat' dir='ltr'><strong>nos</strong></span> 
     </span>
    </p>
   </div>
   <div class='ocr_carea' id='block_1_24' title="bbox 2264 1249 3885 1329">
    <p class='ocr_par' dir='ltr' id='par_1_24' title="bbox 2264 1249 3885 1329">
     <span class='ocr_line' id='line_1_24' title="bbox 2264 1249 3885 1329; baseline 0.009 -28"><span class='ocrx_word' id='word_1_190' title='bbox 2264 1249 2522 1304; x_wconf 89' lang='lat' dir='ltr'><strong>vivimus</strong></span> <span class='ocrx_word' id='word_1_191' title='bbox 2552 1254 2794 1322; x_wconf 90' lang='lat' dir='ltr'><strong>pr0pter</strong></span> <span class='ocrx_word' id='word_1_192' title='bbox 2824 1251 3059 1323; x_wconf 90' lang='lat' dir='ltr'><strong>ipsum;</strong></span> <span class='ocrx_word' id='word_1_193' title='bbox 3110 1255 3230 1310; x_wconf 90' lang='lat' dir='ltr'><strong>nisi</strong></span> <span class='ocrx_word' id='word_1_194' title='bbox 3264 1256 3404 1329; x_wconf 87' lang='lat' dir='ltr'><strong>quia</strong></span> <span class='ocrx_word' id='word_1_195' title='bbox 3433 1256 3523 1312; x_wconf 91' lang='lat' dir='ltr'><strong>sic</strong></span> <span class='ocrx_word' id='word_1_196' title='bbox 3550 1258 3784 1315; x_wconf 71' lang='lat' dir='ltr'><strong>vivificat</strong></span> <span class='ocrx_word' id='word_1_197' title='bbox 3808 1260 3885 1315; x_wconf 67' lang='grc' dir='ltr'><strong>Εἰς</strong></span> 
     </span>
    </p>
   </div>
   <div class='ocr_carea' id='block_1_25' title="bbox 2262 1336 3891 1409">
    <p class='ocr_par' dir='ltr' id='par_1_25' title="bbox 2262 1336 3891 1409">
     <span class='ocr_line' id='line_1_25' title="bbox 2262 1336 3891 1409; baseline 0.007 -17"><span class='ocrx_word' id='word_1_198' title='bbox 2262 1336 2379 1392; x_wconf 90' lang='lat' dir='ltr'><strong>lius</strong></span> <span class='ocrx_word' id='word_1_199' title='bbox 2412 1338 2728 1409; x_wconf 86' lang='lat' dir='ltr'><strong>hominem,</strong></span> <span class='ocrx_word' id='word_1_200' title='bbox 2753 1340 2910 1395; x_wconf 90' lang='lat' dir='ltr'><strong>sicut</strong></span> <span class='ocrx_word' id='word_1_201' title='bbox 2939 1343 3115 1397; x_wconf 89' lang='lat' dir='ltr'><strong>Pater</strong></span> <span class='ocrx_word' id='word_1_202' title='bbox 3133 1344 3197 1397; x_wconf 92' lang='lat' dir='ltr'><strong>in</strong></span> <span class='ocrx_word' id='word_1_203' title='bbox 3228 1344 3380 1399; x_wconf 80' lang='lat' dir='ltr'><strong>Filio</strong></span> <span class='ocrx_word' id='word_1_204' title='bbox 3404 1361 3641 1401; x_wconf 89' lang='lat' dir='ltr'><strong>carnem</strong></span> <span class='ocrx_word' id='word_1_205' title='bbox 3664 1347 3891 1404; x_wconf 73' lang='lat' dir='ltr'><strong>viviﬁca-</strong></span> 
     </span>
    </p>
   </div>
   <div class='ocr_carea' id='block_1_26' title="bbox 2260 1426 3887 1509">
    <p class='ocr_par' dir='ltr' id='par_1_26' title="bbox 2260 1426 3887 1509">
     <span class='ocr_line' id='line_1_26' title="bbox 2260 1426 3887 1509; baseline 0.009 -30"><span class='ocrx_word' id='word_1_206' title='bbox 2260 1427 2345 1480; x_wconf 91' lang='lat' dir='ltr'><strong>vit</strong></span> <span class='ocrx_word' id='word_1_207' title='bbox 2372 1426 2688 1483; x_wconf 85' lang='lat' dir='ltr'><strong>humanam</strong></span> <span class='ocrx_word' id='word_1_208' title='bbox 2707 1429 2735 1483; x_wconf 85' lang='lat'><strong>?</strong></span> <span class='ocrx_word' id='word_1_209' title='bbox 2762 1451 2785 1475; x_wconf 77' lang='grc' dir='ltr'><strong>«ι</strong></span> <span class='ocrx_word' id='word_1_210' title='bbox 2808 1428 2974 1484; x_wconf 88' lang='lat' dir='ltr'><strong>Sicut</strong></span> <span class='ocrx_word' id='word_1_211' title='bbox 2989 1430 3148 1485; x_wconf 89' lang='lat' dir='ltr'><strong>enim</strong></span> <span class='ocrx_word' id='word_1_212' title='bbox 3167 1431 3344 1487; x_wconf 89' lang='lat' dir='ltr'><strong>Pater</strong></span> <span class='ocrx_word' id='word_1_213' title='bbox 3364 1435 3617 1488; x_wconf 86' lang='lat' dir='ltr'><strong>suscitat</strong></span> <span class='ocrx_word' id='word_1_214' title='bbox 3646 1439 3887 1509; x_wconf 90' lang='lat' dir='ltr'><strong>mortuos,</strong></span> 
     </span>
    </p>
   </div>
   <div class='ocr_carea' id='block_1_27' title="bbox 2260 1514 3890 1599">
    <p class='ocr_par' dir='ltr' id='par_1_27' title="bbox 2260 1514 3890 1599">
     <span class='ocr_line' id='line_1_27' title="bbox 2260 1514 3890 1599; baseline 0.006 -31"><span class='ocrx_word' id='word_1_215' title='bbox 2260 1517 2317 1569; x_wconf 91' lang='lat' dir='ltr'><strong>et</strong></span> <span class='ocrx_word' id='word_1_216' title='bbox 2349 1515 2635 1586; x_wconf 78' lang='lat' dir='ltr'><strong>viviﬁcat;</strong></span> <span class='ocrx_word' id='word_1_217' title='bbox 2678 1516 2810 1573; x_wconf 91' lang='lat' dir='ltr'><strong>sine</strong></span> <span class='ocrx_word' id='word_1_218' title='bbox 2871 1521 2930 1573; x_wconf 89' lang='lat' dir='ltr'><strong>et</strong></span> <span class='ocrx_word' id='word_1_219' title='bbox 2986 1517 3195 1589; x_wconf 86' lang='lat' dir='ltr'><strong>Filius,</strong></span> <span class='ocrx_word' id='word_1_220' title='bbox 3228 1536 3386 1593; x_wconf 88' lang='lat' dir='ltr'><strong>quos</strong></span> <span class='ocrx_word' id='word_1_221' title='bbox 3419 1522 3566 1590; x_wconf 87' lang='lat' dir='ltr'><strong>vult,</strong></span> <span class='ocrx_word' id='word_1_222' title='bbox 3595 1514 3846 1599; x_wconf 70' lang='lat' dir='ltr'><strong>viviﬁcat,</strong></span> <span class='ocrx_word' id='word_1_223' title='bbox 3871 1547 3890 1578; x_wconf 80' lang='grc' dir='ltr'><strong>ι</strong></span> 
     </span>
    </p>
   </div>
   <div class='ocr_carea' id='block_1_28' title="bbox 2262 1604 3637 1683">
    <p class='ocr_par' dir='ltr' id='par_1_28' title="bbox 2262 1604 3637 1683">
     <span class='ocr_line' id='line_1_28' title="bbox 2262 1604 3637 1683; baseline 0.008 -26"><span class='ocrx_word' id='word_1_224' title='bbox 2262 1607 2322 1658; x_wconf 91' lang='lat' dir='ltr'><strong>ut</strong></span> <span class='ocrx_word' id='word_1_225' title='bbox 2353 1604 2481 1676; x_wconf 90' lang='lat' dir='ltr'><strong>ipse</strong></span> <span class='ocrx_word' id='word_1_226' title='bbox 2514 1605 2800 1661; x_wconf 90' lang='lat' dir='ltr'><strong>Dominus</strong></span> <span class='ocrx_word' id='word_1_227' title='bbox 2832 1621 3015 1678; x_wconf 89' lang='lat' dir='ltr'><strong>supra</strong></span> <span class='ocrx_word' id='word_1_228' title='bbox 3045 1607 3195 1663; x_wconf 81' lang='lat' dir='ltr'><strong>dixit</strong></span> <span class='ocrx_word' id='word_1_229' title='bbox 3224 1610 3417 1676; x_wconf 81' lang='lat' dir='ltr'><strong>(Joan.</strong></span> <span class='ocrx_word' id='word_1_230' title='bbox 3445 1628 3504 1681; x_wconf 92' lang='lat' dir='ltr'><strong>v,</strong></span> <span class='ocrx_word' id='word_1_231' title='bbox 3526 1612 3637 1683; x_wconf 76' lang='lat' dir='ltr'><strong>2t).</strong></span> 
     </span>
    </p>
   </div>
   <div class='ocr_carea' id='block_1_29' title="bbox 2334 1693 3899 1772">
    <p class='ocr_par' dir='ltr' id='par_1_29' title="bbox 2334 1693 3899 1772">
     <span class='ocr_line' id='line_1_29' title="bbox 2334 1693 3899 1772; baseline 0.007 -25"><span class='ocrx_word' id='word_1_232' title='bbox 2334 1693 2455 1748; x_wconf 71' lang='lat'><strong>1-28.</strong></span> <span class='ocrx_word' id='word_1_233' title='bbox 2478 1694 2813 1766; x_wconf 62' lang='lat' dir='ltr'><strong>quualitas</strong></span> <span class='ocrx_word' id='word_1_234' title='bbox 2844 1711 2991 1769; x_wconf 89' lang='lat' dir='ltr'><strong>ergo</strong></span> <span class='ocrx_word' id='word_1_235' title='bbox 3023 1696 3125 1751; x_wconf 74' lang='lat' dir='ltr'><strong>filii</strong></span> <span class='ocrx_word' id='word_1_236' title='bbox 3156 1697 3231 1753; x_wconf 89' lang='lat' dir='ltr'><strong>ad</strong></span> <span class='ocrx_word' id='word_1_237' title='bbox 3263 1699 3500 1756; x_wconf 86' lang='lat' dir='ltr'><strong>Patrem</strong></span> <span class='ocrx_word' id='word_1_238' title='bbox 3532 1716 3638 1772; x_wconf 90' lang='lat' dir='ltr'><strong>per</strong></span> <span class='ocrx_word' id='word_1_239' title='bbox 3658 1703 3899 1758; x_wconf 82' lang='lat' dir='ltr'><strong>unitatem</strong></span> 
     </span>
    </p>
   </div>
   <div class='ocr_carea' id='block_1_30' title="bbox 2260 1784 3902 1860">
    <p class='ocr_par' dir='ltr' id='par_1_30' title="bbox 2260 1784 3902 1860">
     <span class='ocr_line' id='line_1_30' title="bbox 2260 1784 3902 1860; baseline 0.007 -25"><span class='ocrx_word' id='word_1_240' title='bbox 2260 1797 2496 1853; x_wconf 90' lang='lat' dir='ltr'><strong>quoque</strong></span> <span class='ocrx_word' id='word_1_241' title='bbox 2530 1784 3281 1857; x_wconf 83' lang='lat' dir='ltr'><strong>viviticationisastruitur;</strong></span> <span class='ocrx_word' id='word_1_242' title='bbox 3314 1789 3556 1860; x_wconf 89' lang='lat' dir='ltr'><strong>quando</strong></span> <span class='ocrx_word' id='word_1_243' title='bbox 3575 1794 3664 1845; x_wconf 85' lang='lat' dir='ltr'><strong>sic</strong></span> <span class='ocrx_word' id='word_1_244' title='bbox 3681 1791 3902 1847; x_wconf 79' lang='lat' dir='ltr'><strong>vivificat</strong></span> 
     </span>
    </p>
   </div>
   <div class='ocr_carea' id='block_1_31' title="bbox 485 1832 3901 1951">
    <p class='ocr_par' dir='ltr' id='par_1_31' title="bbox 485 1832 3901 1951">
     <span class='ocr_line' id='line_1_31' title="bbox 495 1832 3901 1857; baseline 0.001 -14"><span class='ocrx_word' id='word_1_245' title='bbox 495 1832 511 1834; x_wconf 84' lang='grc'><strong><em>-</em></strong></span> <span class='ocrx_word' id='word_1_246' title='bbox 540 1832 547 1833; x_wconf 37' lang='grc' dir='ltr'><em>γ</em></span> <span class='ocrx_word' id='word_1_247' title='bbox 699 1832 1010 1853; x_wconf 50' lang='grc' dir='ltr'><strong>---η-ον-</strong></span> <span class='ocrx_word' id='word_1_248' title='bbox 1044 1832 1209 1838; x_wconf 59' lang='grc' dir='ltr'><strong>--ηπ</strong></span> <span class='ocrx_word' id='word_1_249' title='bbox 1245 1832 1330 1838; x_wconf 61' lang='grc' dir='ltr'>νη</span> <span class='ocrx_word' id='word_1_250' title='bbox 1362 1832 1533 1853; x_wconf 59' lang='grc' dir='ltr'><strong>τμη</strong></span> <span class='ocrx_word' id='word_1_251' title='bbox 1580 1832 1755 1853; x_wconf 58' lang='grc' dir='ltr'><strong>μη--.</strong></span> <span class='ocrx_word' id='word_1_252' title='bbox 1788 1832 1898 1855; x_wconf 60' lang='grc' dir='ltr'><strong>--μ</strong></span> <span class='ocrx_word' id='word_1_253' title='bbox 1936 1832 1954 1836; x_wconf 73' lang='lat'><strong>-</strong></span> <span class='ocrx_word' id='word_1_254' title='bbox 2006 1832 2103 1841; x_wconf 61' lang='grc' dir='ltr'><strong>ν-.</strong></span> <span class='ocrx_word' id='word_1_255' title='bbox 2268 1832 2493 1853; x_wconf 58' lang='grc' dir='ltr'><strong>τ-η---</strong></span> <span class='ocrx_word' id='word_1_256' title='bbox 2543 1832 3231 1842; x_wconf 63' lang='grc' dir='ltr'><strong>------η---..-ν---....-...</strong></span> <span class='ocrx_word' id='word_1_257' title='bbox 3266 1832 3281 1857; x_wconf 83' lang='grc'>,</span> <span class='ocrx_word' id='word_1_258' title='bbox 3360 1832 3556 1844; x_wconf 65' lang='grc' dir='ltr'><strong>...ς-...ν</strong></span> <span class='ocrx_word' id='word_1_259' title='bbox 3575 1832 3664 1845; x_wconf 74' lang='grc' dir='ltr'><strong>...ν</strong></span> 
     </span>
     <span class='ocr_line' id='line_1_32' title="bbox 485 1832 3901 1951; baseline 0.004 -28"><span class='ocrx_word' id='word_1_260' title='bbox 485 1884 620 1923; x_wconf 90' lang='lat' dir='ltr'><strong>nem</strong></span> <span class='ocrx_word' id='word_1_261' title='bbox 650 1870 843 1941; x_wconf 88' lang='lat' dir='ltr'><strong>audis,</strong></span> <span class='ocrx_word' id='word_1_262' title='bbox 876 1872 1227 1943; x_wconf 90' lang='lat' dir='ltr'><strong>sanguinem</strong></span> <span class='ocrx_word' id='word_1_263' title='bbox 1259 1872 1451 1941; x_wconf 88' lang='lat' dir='ltr'><strong>audis,</strong></span> <span class='ocrx_word' id='word_1_264' title='bbox 1476 1874 1682 1929; x_wconf 91' lang='lat' dir='ltr'><strong>mortis</strong></span> <span class='ocrx_word' id='word_1_265' title='bbox 1706 1873 2029 1930; x_wconf 84' lang='lat' dir='ltr'><strong>Dominicae</strong></span> <span class='ocrx_word' id='word_1_266' title='bbox 2051 1890 2146 1930; x_wconf 89' lang='lat' dir='ltr'><strong>sa-</strong></span> <span class='ocrx_word' id='word_1_267' title='bbox 2178 1832 2230 1895; x_wconf 78' lang='grc' dir='ltr'>Β</span> <span class='ocrx_word' id='word_1_268' title='bbox 2261 1870 2468 1926; x_wconf 75' lang='grc' dir='ltr'><strong>1⁴Ἦὶίιιε</strong></span> <span class='ocrx_word' id='word_1_269' title='bbox 2498 1874 2559 1925; x_wconf 75' lang='lat' dir='ltr'><strong>ut</strong></span> <span class='ocrx_word' id='word_1_270' title='bbox 2586 1873 2783 1927; x_wconf 82' lang='lat' dir='ltr'><strong>Paler.</strong></span> <span class='ocrx_word' id='word_1_271' title='bbox 2823 1874 3105 1946; x_wconf 78' lang='lat' dir='ltr'><strong>Agnosco</strong></span> <span class='ocrx_word' id='word_1_272' title='bbox 3137 1890 3287 1948; x_wconf 84' lang='lat' dir='ltr'><strong>ergo</strong></span> <span class='ocrx_word' id='word_1_273' title='bbox 3316 1832 3484 1948; x_wconf 40' lang='lat' dir='ltr'><strong>jejus</strong></span> <span class='ocrx_word' id='word_1_274' title='bbox 3529 1878 3704 1935; x_wconf 87' lang='lat' dir='ltr'><strong>vitam</strong></span> <span class='ocrx_word' id='word_1_275' title='bbox 3730 1884 3783 1935; x_wconf 89' lang='lat' dir='ltr'><strong>et</strong></span> <span class='ocrx_word' id='word_1_276' title='bbox 3828 1895 3901 1951; x_wconf 86' lang='lat' dir='ltr'><strong>po-</strong></span> 
     </span>
    </p>
   </div>
   <div class='ocr_carea' id='block_1_32' title="bbox 489 1961 3906 2033">
    <p class='ocr_par' dir='ltr' id='par_1_32' title="bbox 489 1961 3906 2033">
     <span class='ocr_line' id='line_1_33' title="bbox 489 1961 3906 2033; baseline 0.003 -21"><span class='ocrx_word' id='word_1_277' title='bbox 489 1962 787 2014; x_wconf 90' lang='lat' dir='ltr'><strong>cramenta</strong></span> <span class='ocrx_word' id='word_1_278' title='bbox 852 1962 1209 2033; x_wconf 80' lang='lat' dir='ltr'><strong>cognoscis;</strong></span> <span class='ocrx_word' id='word_1_279' title='bbox 1259 1964 1317 2016; x_wconf 91' lang='lat' dir='ltr'><strong>et</strong></span> <span class='ocrx_word' id='word_1_280' title='bbox 1371 1961 1660 2016; x_wconf 90' lang='lat' dir='ltr'><strong>divinitati</strong></span> <span class='ocrx_word' id='word_1_281' title='bbox 1710 1962 2089 2018; x_wconf 78' lang='lat' dir='ltr'><strong>calumniaris</strong></span> <span class='ocrx_word' id='word_1_282' title='bbox 2118 1966 2147 2019; x_wconf 87' lang='lat'><strong>?</strong></span> <span class='ocrx_word' id='word_1_283' title='bbox 2256 1961 2496 2015; x_wconf 88' lang='lat' dir='ltr'><strong>tentiam</strong></span> <span class='ocrx_word' id='word_1_284' title='bbox 2519 1962 3311 2033; x_wconf 84' lang='lat' dir='ltr'><strong>sempiternam.Similitudo</strong></span> <span class='ocrx_word' id='word_1_285' title='bbox 3330 1967 3511 2021; x_wconf 89' lang='lat' dir='ltr'><strong>etiam</strong></span> <span class='ocrx_word' id='word_1_286' title='bbox 3535 1973 3736 2023; x_wconf 90' lang='lat' dir='ltr'><strong>nostra</strong></span> <span class='ocrx_word' id='word_1_287' title='bbox 3755 1969 3818 2023; x_wconf 91' lang='lat' dir='ltr'><strong>ad</strong></span> <span class='ocrx_word' id='word_1_288' title='bbox 3836 1969 3906 2022; x_wconf 87' lang='lat' dir='ltr'><strong>Fi-</strong></span> 
     </span>
    </p>
   </div>
   <div class='ocr_carea' id='block_1_33' title="bbox 356 4886 2142 4956">
    <p class='ocr_par' dir='ltr' id='par_1_33' title="bbox 356 4886 2142 4956">
     <span class='ocr_line' id='line_1_34' title="bbox 356 4886 2142 4956; baseline 0.001 -17"><span class='ocrx_word' id='word_1_289' title='bbox 356 4910 363 4917; x_wconf 66' lang='grc' dir='ltr'><em>ι</em></span> <span class='ocrx_word' id='word_1_290' title='bbox 478 4886 1087 4943; x_wconf 82' lang='lat' dir='ltr'><strong>interdumidemesse</strong></span> <span class='ocrx_word' id='word_1_291' title='bbox 1111 4904 1177 4942; x_wconf 83' lang='lat' dir='ltr'><strong>ar</strong></span> <span class='ocrx_word' id='word_1_292' title='bbox 1211 4888 1477 4956; x_wconf 77' lang='lat' dir='ltr'><strong>efﬁcere,</strong></span> <span class='ocrx_word' id='word_1_293' title='bbox 1495 4893 1556 4942; x_wconf 90' lang='lat' dir='ltr'><strong>ut</strong></span> <span class='ocrx_word' id='word_1_294' title='bbox 1587 4903 1721 4941; x_wconf 91' lang='lat' dir='ltr'><strong>cum</strong></span> <span class='ocrx_word' id='word_1_295' title='bbox 1755 4886 1979 4941; x_wconf 88' lang='lat' dir='ltr'><strong>Plinius</strong></span> <span class='ocrx_word' id='word_1_296' title='bbox 2001 4886 2142 4940; x_wconf 89' lang='lat' dir='ltr'><strong>dicit</strong></span> 
     </span>
    </p>
   </div>
   <div class='ocr_carea' id='block_1_34' title="bbox 485 2047 3904 2121">
    <p class='ocr_par' dir='ltr' id='par_1_34' title="bbox 485 2047 3904 2121">
     <span class='ocr_line' id='line_1_35' title="bbox 485 2047 3904 2121; baseline 0.005 -25"><span class='ocrx_word' id='word_1_297' title='bbox 485 2048 640 2103; x_wconf 79' lang='lat' dir='ltr'><strong>Audi</strong></span> <span class='ocrx_word' id='word_1_298' title='bbox 668 2049 960 2104; x_wconf 77' lang='lat' dir='ltr'><strong>dicentem</strong></span> <span class='ocrx_word' id='word_1_299' title='bbox 1008 2050 1200 2119; x_wconf 82' lang='lat' dir='ltr'><strong>ipsum</strong></span> <span class='ocrx_word' id='word_1_300' title='bbox 1234 2064 1247 2104; x_wconf 86' lang='lat'><strong>:</strong></span> <span class='ocrx_word' id='word_1_301' title='bbox 1294 2073 1316 2098; x_wconf 73' lang='grc' dir='ltr'><strong><em>α</em></strong></span> <span class='ocrx_word' id='word_1_302' title='bbox 1353 2049 1497 2115; x_wconf 89' lang='lat' dir='ltr'><strong>Quia</strong></span> <span class='ocrx_word' id='word_1_303' title='bbox 1529 2051 1774 2121; x_wconf 87' lang='lat' dir='ltr'><strong>spiritus</strong></span> <span class='ocrx_word' id='word_1_304' title='bbox 1807 2068 2044 2106; x_wconf 83' lang='lat' dir='ltr'><strong>carnem</strong></span> <span class='ocrx_word' id='word_1_305' title='bbox 2091 2054 2151 2107; x_wconf 89' lang='lat' dir='ltr'><strong>et</strong></span> <span class='ocrx_word' id='word_1_306' title='bbox 2255 2047 2421 2118; x_wconf 89' lang='lat' dir='ltr'><strong>lium,</strong></span> <span class='ocrx_word' id='word_1_307' title='bbox 2446 2050 2791 2121; x_wconf 83' lang='lat' dir='ltr'><strong>etquacdam</strong></span> <span class='ocrx_word' id='word_1_308' title='bbox 2815 2051 3146 2108; x_wconf 89' lang='lat' dir='ltr'><strong>secundum</strong></span> <span class='ocrx_word' id='word_1_309' title='bbox 3165 2069 3407 2109; x_wconf 90' lang='lat' dir='ltr'><strong>carnem</strong></span> <span class='ocrx_word' id='word_1_310' title='bbox 3441 2056 3644 2111; x_wconf 87' lang='lat' dir='ltr'><strong>unitas</strong></span> <span class='ocrx_word' id='word_1_311' title='bbox 3674 2057 3904 2111; x_wconf 85' lang='lat' dir='ltr'><strong>declara-</strong></span> 
     </span>
    </p>
   </div>
   <div class='ocr_carea' id='block_1_35' title="bbox 488 2138 3912 2215">
    <p class='ocr_par' dir='ltr' id='par_1_35' title="bbox 488 2138 3912 2215">
     <span class='ocr_line' id='line_1_36' title="bbox 488 2138 3912 2215; baseline 0.002 -24"><span class='ocrx_word' id='word_1_312' title='bbox 488 2152 629 2192; x_wconf 89' lang='lat' dir='ltr'><strong>ossa</strong></span> <span class='ocrx_word' id='word_1_313' title='bbox 649 2153 766 2193; x_wconf 92' lang='lat' dir='ltr'><strong>non</strong></span> <span class='ocrx_word' id='word_1_314' title='bbox 788 2138 963 2194; x_wconf 88' lang='lat' dir='ltr'><strong>habet</strong></span> <span class='ocrx_word' id='word_1_315' title='bbox 979 2139 1142 2209; x_wconf 87' lang='lat' dir='ltr'><strong>(Luc.</strong></span> <span class='ocrx_word' id='word_1_316' title='bbox 1166 2156 1328 2208; x_wconf 77' lang='lat' dir='ltr'><strong>xxiv,</strong></span> <span class='ocrx_word' id='word_1_317' title='bbox 1343 2139 1453 2209; x_wconf 83' lang='lat'><strong>39).</strong></span> <span class='ocrx_word' id='word_1_318' title='bbox 1476 2160 1497 2189; x_wconf 74' lang='grc' dir='ltr'><strong>ι</strong></span> <span class='ocrx_word' id='word_1_319' title='bbox 1526 2140 1651 2195; x_wconf 87' lang='lat' dir='ltr'><strong>Nos</strong></span> <span class='ocrx_word' id='word_1_320' title='bbox 1672 2144 1864 2196; x_wconf 89' lang='lat' dir='ltr'><strong>autem</strong></span> <span class='ocrx_word' id='word_1_321' title='bbox 1885 2141 2149 2213; x_wconf 89' lang='lat' dir='ltr'><strong>quoties-</strong></span> <span class='ocrx_word' id='word_1_322' title='bbox 2254 2140 2379 2207; x_wconf 89' lang='lat' dir='ltr'><strong>tur;</strong></span> <span class='ocrx_word' id='word_1_323' title='bbox 2411 2139 2687 2210; x_wconf 84' lang='lat' dir='ltr'><strong>quoniam</strong></span> <span class='ocrx_word' id='word_1_324' title='bbox 2720 2142 3214 2212; x_wconf 87' lang='lat' dir='ltr'><strong>quemadmodum</strong></span> <span class='ocrx_word' id='word_1_325' title='bbox 3241 2144 3345 2198; x_wconf 89' lang='lat' dir='ltr'><strong>Dei</strong></span> <span class='ocrx_word' id='word_1_326' title='bbox 3370 2143 3567 2201; x_wconf 84' lang='lat' dir='ltr'><strong>Filius</strong></span> <span class='ocrx_word' id='word_1_327' title='bbox 3586 2163 3618 2199; x_wconf 90' lang='lat' dir='ltr'><strong>a</strong></span> <span class='ocrx_word' id='word_1_328' title='bbox 3640 2147 3823 2215; x_wconf 89' lang='lat' dir='ltr'><strong>Patre,</strong></span> <span class='ocrx_word' id='word_1_329' title='bbox 3841 2149 3912 2200; x_wconf 85' lang='lat' dir='ltr'><strong>sic</strong></span> 
     </span>
    </p>
   </div>
   <div class='ocr_carea' id='block_1_36' title="bbox 484 2226 3912 2305">
    <p class='ocr_par' dir='ltr' id='par_1_36' title="bbox 484 2226 3912 2305">
     <span class='ocr_line' id='line_1_37' title="bbox 484 2226 3912 2305; baseline 0.001 -23"><span class='ocrx_word' id='word_1_330' title='bbox 484 2242 719 2298; x_wconf 89' lang='lat' dir='ltr'><strong>cunque</strong></span> <span class='ocrx_word' id='word_1_331' title='bbox 750 2231 1117 2283; x_wconf 90' lang='lat' dir='ltr'><strong>sacramenta</strong></span> <span class='ocrx_word' id='word_1_332' title='bbox 1148 2228 1460 2297; x_wconf 90' lang='lat' dir='ltr'><strong>sumimus,</strong></span> <span class='ocrx_word' id='word_1_333' title='bbox 1492 2245 1627 2300; x_wconf 66' lang='lat' dir='ltr'><strong>quae</strong></span> <span class='ocrx_word' id='word_1_334' title='bbox 1667 2244 1775 2300; x_wconf 88' lang='lat' dir='ltr'><strong>per</strong></span> <span class='ocrx_word' id='word_1_335' title='bbox 1795 2245 1986 2286; x_wconf 68' lang='lat' dir='ltr'><strong>sacrm</strong></span> <span class='ocrx_word' id='word_1_336' title='bbox 2009 2246 2148 2288; x_wconf 56' lang='lat' dir='ltr'><strong>ora»</strong></span> <span class='ocrx_word' id='word_1_337' title='bbox 2254 2226 2431 2282; x_wconf 89' lang='lat' dir='ltr'><strong>homo</strong></span> <span class='ocrx_word' id='word_1_338' title='bbox 2450 2227 2886 2285; x_wconf 83' lang='lat' dir='ltr'><strong>estviviticatus</strong></span> <span class='ocrx_word' id='word_1_339' title='bbox 2909 2230 2969 2284; x_wconf 93' lang='lat' dir='ltr'><strong>in</strong></span> <span class='ocrx_word' id='word_1_340' title='bbox 3002 2246 3203 2287; x_wconf 90' lang='lat' dir='ltr'><strong>carne.</strong></span> <span class='ocrx_word' id='word_1_341' title='bbox 3226 2232 3327 2287; x_wconf 86' lang='lat' dir='ltr'><strong>Sic</strong></span> <span class='ocrx_word' id='word_1_342' title='bbox 3355 2233 3522 2288; x_wconf 89' lang='lat' dir='ltr'><strong>enim</strong></span> <span class='ocrx_word' id='word_1_343' title='bbox 3547 2235 3822 2305; x_wconf 89' lang='lat' dir='ltr'><strong>scriptum</strong></span> <span class='ocrx_word' id='word_1_344' title='bbox 3838 2237 3912 2288; x_wconf 86' lang='lat' dir='ltr'><strong>est</strong></span> 
     </span>
    </p>
   </div>
   <div class='ocr_carea' id='block_1_37' title="bbox 482 2315 3914 2390">
    <p class='ocr_par' dir='ltr' id='par_1_37' title="bbox 482 2315 3914 2390">
     <span class='ocr_line' id='line_1_38' title="bbox 482 2315 3914 2390; baseline 0.001 -19"><span class='ocrx_word' id='word_1_345' title='bbox 482 2315 662 2371; x_wconf 90' lang='lat' dir='ltr'><strong>tionis</strong></span> <span class='ocrx_word' id='word_1_346' title='bbox 695 2317 1039 2388; x_wconf 82' lang='lat' dir='ltr'><strong>mysterium</strong></span> <span class='ocrx_word' id='word_1_347' title='bbox 1070 2317 1129 2372; x_wconf 92' lang='lat' dir='ltr'><strong>in</strong></span> <span class='ocrx_word' id='word_1_348' title='bbox 1162 2333 1398 2372; x_wconf 89' lang='lat' dir='ltr'><strong>carnem</strong></span> <span class='ocrx_word' id='word_1_349' title='bbox 1427 2318 1926 2390; x_wconf 80' lang='lat' dir='ltr'><strong>transﬁgurantur</strong></span> <span class='ocrx_word' id='word_1_350' title='bbox 1943 2323 2001 2374; x_wconf 91' lang='lat' dir='ltr'><strong>et</strong></span> <span class='ocrx_word' id='word_1_351' title='bbox 2016 2335 2150 2375; x_wconf 90' lang='lat' dir='ltr'><strong>san-</strong></span> <span class='ocrx_word' id='word_1_352' title='bbox 2251 2315 2441 2387; x_wconf 76' lang='lat' dir='ltr'><strong>(Item.</strong></span> <span class='ocrx_word' id='word_1_353' title='bbox 2477 2333 2555 2371; x_wconf 75' lang='lat' dir='ltr'><strong>vr.</strong></span> <span class='ocrx_word' id='word_1_354' title='bbox 2587 2315 2704 2387; x_wconf 74' lang='grc'><strong>21),</strong></span> <span class='ocrx_word' id='word_1_355' title='bbox 2737 2318 2875 2389; x_wconf 91' lang='lat' dir='ltr'><strong>quia</strong></span> <span class='ocrx_word' id='word_1_356' title='bbox 2923 2319 3081 2374; x_wconf 87' lang='lat' dir='ltr'><strong>sicut</strong></span> <span class='ocrx_word' id='word_1_357' title='bbox 3118 2321 3281 2376; x_wconf 90' lang='lat' dir='ltr'><strong>Deus</strong></span> <span class='ocrx_word' id='word_1_358' title='bbox 3328 2321 3550 2378; x_wconf 78' lang='lat' dir='ltr'><strong>Jesum</strong></span> <span class='ocrx_word' id='word_1_359' title='bbox 3579 2323 3864 2378; x_wconf 85' lang='lat' dir='ltr'><strong>Christum</strong></span> <span class='ocrx_word' id='word_1_360' title='bbox 3887 2338 3914 2376; x_wconf 89' lang='lat' dir='ltr'><strong>a</strong></span> 
     </span>
    </p>
   </div>
   <div class='ocr_carea' id='block_1_38' title="bbox 485 2406 3910 2485">
    <p class='ocr_par' dir='ltr' id='par_1_38' title="bbox 485 2406 3910 2485">
     <span class='ocr_line' id='line_1_39' title="bbox 485 2406 3910 2485; baseline 0.001 -25"><span class='ocrx_word' id='word_1_361' title='bbox 485 2406 725 2478; x_wconf 90' lang='lat' dir='ltr'><strong>guinem</strong></span> <span class='ocrx_word' id='word_1_362' title='bbox 765 2406 900 2477; x_wconf 91' lang='lat'><strong>(48),</strong></span> <span class='ocrx_word' id='word_1_363' title='bbox 933 2408 1179 2462; x_wconf 88' lang='lat' dir='ltr'><strong>mortem</strong></span> <span class='ocrx_word' id='word_1_364' title='bbox 1211 2406 1440 2462; x_wconf 91' lang='lat' dir='ltr'><strong>Domini</strong></span> <span class='ocrx_word' id='word_1_365' title='bbox 1472 2407 1889 2463; x_wconf 89' lang='lat' dir='ltr'><strong>annuntiamus</strong></span> <span class='ocrx_word' id='word_1_366' title='bbox 1922 2407 1978 2479; x_wconf 86' lang='grc' dir='ltr'>(Ι</span> <span class='ocrx_word' id='word_1_367' title='bbox 2009 2408 2147 2465; x_wconf 86' lang='lat' dir='ltr'><strong>Cor.</strong></span> <span class='ocrx_word' id='word_1_368' title='bbox 2251 2406 2505 2461; x_wconf 87' lang='lat' dir='ltr'><strong>mortuis</strong></span> <span class='ocrx_word' id='word_1_369' title='bbox 2564 2406 2899 2478; x_wconf 87' lang='lat' dir='ltr'><strong>suscitavit,</strong></span> <span class='ocrx_word' id='word_1_370' title='bbox 2950 2408 3028 2463; x_wconf 94' lang='lat' dir='ltr'><strong>ita</strong></span> <span class='ocrx_word' id='word_1_371' title='bbox 3074 2409 3250 2465; x_wconf 90' lang='lat' dir='ltr'><strong>etiam</strong></span> <span class='ocrx_word' id='word_1_372' title='bbox 3294 2425 3410 2467; x_wconf 89' lang='lat' dir='ltr'><strong>nos</strong></span> <span class='ocrx_word' id='word_1_373' title='bbox 3445 2412 3632 2485; x_wconf 88' lang='lat' dir='ltr'><strong>quasi</strong></span> <span class='ocrx_word' id='word_1_374' title='bbox 3670 2412 3910 2468; x_wconf 84' lang='lat' dir='ltr'><strong>homines</strong></span> 
     </span>
    </p>
   </div>
   <div class='ocr_carea' id='block_1_39' title="bbox 472 2493 2157 2575">
    <p class='ocr_par' dir='ltr' id='par_1_39' title="bbox 472 2494 711 2575">
     <span class='ocr_line' id='line_1_40' title="bbox 472 2494 711 2575; baseline 0.008 -27"><span class='ocrx_word' id='word_1_375' title='bbox 472 2509 568 2575; x_wconf 71' lang='grc' dir='ltr'><strong>ιχι,</strong></span> <span class='ocrx_word' id='word_1_376' title='bbox 600 2494 711 2565; x_wconf 73' lang='grc'>26).</span> 
     </span>
    </p>
   </div>
   <div class='ocr_carea' id='block_1_40' title="bbox 2280 2493 3031 2575">
    <p class='ocr_par' dir='ltr' id='par_1_40' title="bbox 2280 2493 3031 2554">
     <span class='ocr_line' id='line_1_41' title="bbox 2280 2493 3031 2554; baseline 0.007 -7"><span class='ocrx_word' id='word_1_377' title='bbox 2280 2493 2623 2549; x_wconf 70' lang='lat' dir='ltr'><strong>&#39;iviticamur</strong></span> <span class='ocrx_word' id='word_1_378' title='bbox 2649 2512 2680 2549; x_wconf 90' lang='lat' dir='ltr'><strong>a</strong></span> <span class='ocrx_word' id='word_1_379' title='bbox 2719 2496 2822 2551; x_wconf 90' lang='lat' dir='ltr'><strong>Dei</strong></span> <span class='ocrx_word' id='word_1_380' title='bbox 2859 2495 3031 2554; x_wconf 88' lang='lat' dir='ltr'><strong>Filio.</strong></span> 
     </span>
    </p>
   </div>
   <div class='ocr_carea' id='block_1_41' title="bbox 558 2580 3919 2660">
    <p class='ocr_par' dir='ltr' id='par_1_41' title="bbox 558 2580 3919 2660">
     <span class='ocr_line' id='line_1_42' title="bbox 558 2580 3919 2660; baseline 0.002 -22"><span class='ocrx_word' id='word_1_381' title='bbox 558 2582 680 2638; x_wconf 71' lang='grc'><strong>125.</strong></span> <span class='ocrx_word' id='word_1_382' title='bbox 716 2584 876 2657; x_wconf 89' lang='lat' dir='ltr'><strong>Ergo</strong></span> <span class='ocrx_word' id='word_1_383' title='bbox 924 2587 1309 2658; x_wconf 89' lang='lat' dir='ltr'><strong>posteaquam</strong></span> <span class='ocrx_word' id='word_1_384' title='bbox 1347 2601 1414 2641; x_wconf 88' lang='lat' dir='ltr'><strong>se</strong></span> <span class='ocrx_word' id='word_1_385' title='bbox 1446 2585 1605 2658; x_wconf 91' lang='lat' dir='ltr'><strong>loqui</strong></span> <span class='ocrx_word' id='word_1_386' title='bbox 1640 2586 1927 2642; x_wconf 90' lang='lat' dir='ltr'><strong>secndum</strong></span> <span class='ocrx_word' id='word_1_387' title='bbox 1950 2586 2151 2643; x_wconf 84' lang='lat' dir='ltr'><strong>homi-</strong></span> <span class='ocrx_word' id='word_1_388' title='bbox 2325 2580 2445 2640; x_wconf 76' lang='grc' dir='ltr'><strong>1Ξ9.</strong></span> <span class='ocrx_word' id='word_1_389' title='bbox 2480 2583 2816 2639; x_wconf 87' lang='lat' dir='ltr'><strong>Secundum</strong></span> <span class='ocrx_word' id='word_1_390' title='bbox 2853 2585 3007 2641; x_wconf 90' lang='lat' dir='ltr'><strong>hanc</strong></span> <span class='ocrx_word' id='word_1_391' title='bbox 3028 2602 3175 2660; x_wconf 92' lang='lat' dir='ltr'><strong>ergo</strong></span> <span class='ocrx_word' id='word_1_392' title='bbox 3204 2589 3659 2660; x_wconf 79' lang='lat' dir='ltr'><strong>expositionem</strong></span> <span class='ocrx_word' id='word_1_393' title='bbox 3707 2605 3817 2645; x_wconf 88' lang='lat' dir='ltr'><strong>non</strong></span> <span class='ocrx_word' id='word_1_394' title='bbox 3837 2604 3919 2643; x_wconf 86' lang='lat' dir='ltr'><strong>so-</strong></span> 
     </span>
    </p>
   </div>
   <div class='ocr_carea' id='block_1_42' title="bbox 484 2672 3920 2752">
    <p class='ocr_par' dir='ltr' id='par_1_42' title="bbox 484 2672 3920 2752">
     <span class='ocr_line' id='line_1_43' title="bbox 484 2672 3920 2752; baseline 0.001 -25"><span class='ocrx_word' id='word_1_395' title='bbox 484 2672 579 2727; x_wconf 90' lang='lat' dir='ltr'><strong>nis</strong></span> <span class='ocrx_word' id='word_1_396' title='bbox 602 2672 813 2728; x_wconf 86' lang='lat' dir='ltr'><strong>Filium</strong></span> <span class='ocrx_word' id='word_1_397' title='bbox 841 2674 1180 2745; x_wconf 89' lang='lat' dir='ltr'><strong>declaravit,</strong></span> <span class='ocrx_word' id='word_1_398' title='bbox 1214 2677 1270 2730; x_wconf 90' lang='lat' dir='ltr'><strong>et</strong></span> <span class='ocrx_word' id='word_1_399' title='bbox 1298 2690 1534 2729; x_wconf 85' lang='lat' dir='ltr'><strong>carnem</strong></span> <span class='ocrx_word' id='word_1_400' title='bbox 1576 2690 1737 2747; x_wconf 80' lang='lat' dir='ltr'><strong>saepe</strong></span> <span class='ocrx_word' id='word_1_401' title='bbox 1788 2677 2060 2747; x_wconf 90' lang='lat' dir='ltr'><strong>repetivit</strong></span> <span class='ocrx_word' id='word_1_402' title='bbox 2089 2679 2151 2732; x_wconf 91' lang='lat' dir='ltr'><strong>et</strong></span> <span class='ocrx_word' id='word_1_403' title='bbox 2249 2672 2369 2727; x_wconf 87' lang='lat' dir='ltr'><strong>lum</strong></span> <span class='ocrx_word' id='word_1_404' title='bbox 2400 2673 2473 2727; x_wconf 91' lang='lat' dir='ltr'><strong>ad</strong></span> <span class='ocrx_word' id='word_1_405' title='bbox 2506 2674 2905 2730; x_wconf 89' lang='lat' dir='ltr'><strong>conditionem</strong></span> <span class='ocrx_word' id='word_1_406' title='bbox 2934 2675 3248 2732; x_wconf 88' lang='lat' dir='ltr'><strong>humanam</strong></span> <span class='ocrx_word' id='word_1_407' title='bbox 3280 2677 3604 2733; x_wconf 89' lang='lat' dir='ltr'><strong>derivatur</strong></span> <span class='ocrx_word' id='word_1_408' title='bbox 3628 2678 3920 2752; x_wconf 81' lang='lat' dir='ltr'><strong>gratialar-</strong></span> 
     </span>
    </p>
   </div>
   <div class='ocr_carea' id='block_1_43' title="bbox 484 2761 3923 2840">
    <p class='ocr_par' dir='ltr' id='par_1_43' title="bbox 484 2761 3923 2840">
     <span class='ocr_line' id='line_1_44' title="bbox 484 2761 3923 2840; baseline 0.001 -25"><span class='ocrx_word' id='word_1_409' title='bbox 484 2762 859 2834; x_wconf 87' lang='lat' dir='ltr'><strong>sanguinem,</strong></span> <span class='ocrx_word' id='word_1_410' title='bbox 884 2763 1146 2818; x_wconf 89' lang='lat' dir='ltr'><strong>subdidit</strong></span> <span class='ocrx_word' id='word_1_411' title='bbox 1168 2766 1372 2835; x_wconf 91' lang='lat' dir='ltr'><strong>postea</strong></span> <span class='ocrx_word' id='word_1_412' title='bbox 1408 2780 1420 2820; x_wconf 92' lang='lat'>:</span> <span class='ocrx_word' id='word_1_413' title='bbox 1449 2788 1470 2811; x_wconf 73' lang='grc' dir='ltr'><strong><em>α</em></strong></span> <span class='ocrx_word' id='word_1_414' title='bbox 1497 2762 1660 2818; x_wconf 88' lang='lat' dir='ltr'><strong>Sicut</strong></span> <span class='ocrx_word' id='word_1_415' title='bbox 1688 2763 1850 2819; x_wconf 92' lang='lat' dir='ltr'><strong>misit</strong></span> <span class='ocrx_word' id='word_1_416' title='bbox 1867 2780 1959 2822; x_wconf 86' lang='lat' dir='ltr'><strong>me</strong></span> <span class='ocrx_word' id='word_1_417' title='bbox 1975 2764 2151 2820; x_wconf 88' lang='lat' dir='ltr'><strong>vivus</strong></span> <span class='ocrx_word' id='word_1_418' title='bbox 2250 2761 2433 2834; x_wconf 90' lang='lat' dir='ltr'><strong>gitus,</strong></span> <span class='ocrx_word' id='word_1_419' title='bbox 2485 2762 2595 2817; x_wconf 88' lang='lat' dir='ltr'><strong>sed</strong></span> <span class='ocrx_word' id='word_1_420' title='bbox 2637 2763 2813 2817; x_wconf 69' lang='lat' dir='ltr'><strong>etiam</strong></span> <span class='ocrx_word' id='word_1_421' title='bbox 2842 2764 3168 2820; x_wconf 90' lang='lat' dir='ltr'><strong>divinitatis</strong></span> <span class='ocrx_word' id='word_1_422' title='bbox 3202 2768 3523 2823; x_wconf 83' lang='lat' dir='ltr'><strong>aeternitas</strong></span> <span class='ocrx_word' id='word_1_423' title='bbox 3555 2769 3923 2840; x_wconf 64' lang='lat' dir='ltr'><strong>praedicatur:</strong></span> 
     </span>
    </p>
   </div>
   <div class='ocr_carea' id='block_1_44' title="bbox 477 2851 3927 2925">
    <p class='ocr_par' dir='ltr' id='par_1_44' title="bbox 477 2851 3927 2925">
     <span class='ocr_line' id='line_1_45' title="bbox 477 2851 3927 2925; baseline 0.002 -21"><span class='ocrx_word' id='word_1_424' title='bbox 477 2851 673 2921; x_wconf 91' lang='lat' dir='ltr'><strong>Pater,</strong></span> <span class='ocrx_word' id='word_1_425' title='bbox 694 2854 750 2906; x_wconf 91' lang='lat' dir='ltr'><strong>et</strong></span> <span class='ocrx_word' id='word_1_426' title='bbox 772 2867 885 2923; x_wconf 89' lang='lat' dir='ltr'><strong>ego</strong></span> <span class='ocrx_word' id='word_1_427' title='bbox 908 2852 1045 2907; x_wconf 91' lang='lat' dir='ltr'><strong>vivo</strong></span> <span class='ocrx_word' id='word_1_428' title='bbox 1066 2855 1307 2923; x_wconf 89' lang='lat' dir='ltr'><strong>propter</strong></span> <span class='ocrx_word' id='word_1_429' title='bbox 1321 2853 1590 2920; x_wconf 86' lang='lat' dir='ltr'><strong>Patrem;</strong></span> <span class='ocrx_word' id='word_1_430' title='bbox 1625 2856 1681 2908; x_wconf 90' lang='lat' dir='ltr'><strong>et</strong></span> <span class='ocrx_word' id='word_1_431' title='bbox 1707 2853 1804 2925; x_wconf 90' lang='lat' dir='ltr'><strong>qui</strong></span> <span class='ocrx_word' id='word_1_432' title='bbox 1841 2853 2152 2909; x_wconf 84' lang='lat' dir='ltr'><strong>manducat</strong></span> <span class='ocrx_word' id='word_1_433' title='bbox 2250 2851 2597 2921; x_wconf 89' lang='lat' dir='ltr'><strong>divinitatis,</strong></span> <span class='ocrx_word' id='word_1_434' title='bbox 2632 2853 2770 2924; x_wconf 89' lang='lat' dir='ltr'><strong>quia</strong></span> <span class='ocrx_word' id='word_1_435' title='bbox 2799 2854 2929 2925; x_wconf 91' lang='lat' dir='ltr'><strong>ipsa</strong></span> <span class='ocrx_word' id='word_1_436' title='bbox 2961 2853 3223 2909; x_wconf 79' lang='lat' dir='ltr'><strong>vivificat</strong></span> <span class='ocrx_word' id='word_1_437' title='bbox 3247 2871 3259 2910; x_wconf 90' lang='lat'>:</span> <span class='ocrx_word' id='word_1_438' title='bbox 3281 2855 3578 2913; x_wconf 66' lang='lat' dir='ltr'><strong>humanm</strong></span> <span class='ocrx_word' id='word_1_439' title='bbox 3599 2860 3795 2912; x_wconf 87' lang='lat' dir='ltr'><strong>autem</strong></span> <span class='ocrx_word' id='word_1_440' title='bbox 3811 2871 3927 2911; x_wconf 87' lang='lat' dir='ltr'><strong>con-</strong></span> 
     </span>
    </p>
   </div>
   <div class='ocr_carea' id='block_1_45' title="bbox 479 2939 3562 3014">
    <p class='ocr_par' dir='ltr' id='par_1_45' title="bbox 479 2939 3562 3014">
     <span class='ocr_line' id='line_1_46' title="bbox 479 2939 3562 3014; baseline 0.002 -20"><span class='ocrx_word' id='word_1_441' title='bbox 479 2955 593 3010; x_wconf 90' lang='lat' dir='ltr'><strong>me,</strong></span> <span class='ocrx_word' id='word_1_442' title='bbox 614 2944 670 2995; x_wconf 90' lang='lat' dir='ltr'><strong>et</strong></span> <span class='ocrx_word' id='word_1_443' title='bbox 701 2940 829 3011; x_wconf 90' lang='lat' dir='ltr'><strong>ipse</strong></span> <span class='ocrx_word' id='word_1_444' title='bbox 852 2941 995 3003; x_wconf 78' lang='lat' dir='ltr'><strong>vivit</strong></span> <span class='ocrx_word' id='word_1_445' title='bbox 1016 2945 1255 3014; x_wconf 86' lang='lat' dir='ltr'><strong>prOpter</strong></span> <span class='ocrx_word' id='word_1_446' title='bbox 1268 2958 1357 2998; x_wconf 91' lang='lat' dir='ltr'><strong>me</strong></span> <span class='ocrx_word' id='word_1_447' title='bbox 1372 2943 1646 3013; x_wconf 69' lang='lat' dir='ltr'><strong>(Joanm,</strong></span> <span class='ocrx_word' id='word_1_448' title='bbox 1677 2942 1824 3009; x_wconf 70' lang='lat'><strong>58).»</strong></span> <span class='ocrx_word' id='word_1_449' title='bbox 1844 2942 2149 3007; x_wconf 88' lang='lat' dir='ltr'><strong>Quomodo</strong></span> <span class='ocrx_word' id='word_1_450' title='bbox 2250 2939 2516 3010; x_wconf 89' lang='lat' dir='ltr'><strong>ditionis,</strong></span> <span class='ocrx_word' id='word_1_451' title='bbox 2547 2942 2684 3012; x_wconf 88' lang='lat' dir='ltr'><strong>quia</strong></span> <span class='ocrx_word' id='word_1_452' title='bbox 2707 2941 2942 2997; x_wconf 81' lang='lat' dir='ltr'><strong>viviﬁca</strong></span> <span class='ocrx_word' id='word_1_453' title='bbox 2971 2946 3066 2998; x_wconf 89' lang='lat' dir='ltr'><strong>est</strong></span> <span class='ocrx_word' id='word_1_454' title='bbox 3095 2946 3154 2998; x_wconf 89' lang='lat' dir='ltr'><strong>et</strong></span> <span class='ocrx_word' id='word_1_455' title='bbox 3184 2943 3246 2998; x_wconf 90' lang='lat' dir='ltr'><strong>in</strong></span> <span class='ocrx_word' id='word_1_456' title='bbox 3277 2942 3562 3001; x_wconf 86' lang='lat' dir='ltr'><strong>Christo.</strong></span> 
     </span>
    </p>
   </div>
   <div class='ocr_carea' id='block_1_46' title="bbox 477 3028 3928 3105">
    <p class='ocr_par' dir='ltr' id='par_1_46' title="bbox 477 3028 3928 3105">
     <span class='ocr_line' id='line_1_47' title="bbox 477 3028 3928 3105; baseline 0.001 -21"><span class='ocrx_word' id='word_1_457' title='bbox 477 3029 660 3103; x_wconf 88' lang='lat' dir='ltr'><strong>igitur</strong></span> <span class='ocrx_word' id='word_1_458' title='bbox 689 3030 803 3086; x_wconf 90' lang='lat' dir='ltr'><strong>hoc</strong></span> <span class='ocrx_word' id='word_1_459' title='bbox 833 3031 1239 3103; x_wconf 89' lang='lat' dir='ltr'><strong>accipiendum</strong></span> <span class='ocrx_word' id='word_1_460' title='bbox 1261 3035 1503 3105; x_wconf 84' lang='lat' dir='ltr'><strong>putant?</strong></span> <span class='ocrx_word' id='word_1_461' title='bbox 1523 3034 1726 3088; x_wconf 89' lang='lat' dir='ltr'><strong>Potest</strong></span> <span class='ocrx_word' id='word_1_462' title='bbox 1755 3032 1909 3087; x_wconf 90' lang='lat' dir='ltr'><strong>enim</strong></span> <span class='ocrx_word' id='word_1_463' title='bbox 1928 3031 2149 3104; x_wconf 79' lang='lat' dir='ltr'><strong>duplex</strong></span> <span class='ocrx_word' id='word_1_464' title='bbox 2323 3028 2446 3085; x_wconf 80' lang='grc'><strong>130.</strong></span> <span class='ocrx_word' id='word_1_465' title='bbox 2489 3028 2656 3096; x_wconf 91' lang='lat' dir='ltr'><strong>Quod</strong></span> <span class='ocrx_word' id='word_1_466' title='bbox 2714 3030 2769 3087; x_wconf 90' lang='lat' dir='ltr'><strong>si</strong></span> <span class='ocrx_word' id='word_1_467' title='bbox 2819 3032 2955 3104; x_wconf 90' lang='lat' dir='ltr'><strong>quis</strong></span> <span class='ocrx_word' id='word_1_468' title='bbox 3002 3036 3319 3105; x_wconf 89' lang='lat' dir='ltr'><strong>utrumque</strong></span> <span class='ocrx_word' id='word_1_469' title='bbox 3370 3034 3456 3088; x_wconf 88' lang='lat' dir='ltr'><strong>ad</strong></span> <span class='ocrx_word' id='word_1_470' title='bbox 3509 3033 3743 3090; x_wconf 87' lang='lat' dir='ltr'><strong>Christi</strong></span> <span class='ocrx_word' id='word_1_471' title='bbox 3774 3032 3928 3089; x_wconf 71' lang='lat' dir='ltr'><strong>refert</strong></span> 
     </span>
    </p>
   </div>
   <div class='ocr_carea' id='block_1_47' title="bbox 476 3117 3934 3209">
    <p class='ocr_par' dir='ltr' id='par_1_47' title="bbox 476 3117 3934 3209">
     <span class='ocr_line' id='line_1_48' title="bbox 476 3117 3934 3209; baseline 0.001 -36"><span class='ocrx_word' id='word_1_472' title='bbox 476 3118 667 3174; x_wconf 89' lang='lat' dir='ltr'><strong>videri</strong></span> <span class='ocrx_word' id='word_1_473' title='bbox 723 3123 1102 3193; x_wconf 87' lang='lat' dir='ltr'><strong>comparatio.</strong></span> <span class='ocrx_word' id='word_1_474' title='bbox 1176 3122 1371 3177; x_wconf 89' lang='lat' dir='ltr'><strong>Prima</strong></span> <span class='ocrx_word' id='word_1_475' title='bbox 1422 3122 1498 3176; x_wconf 92' lang='lat' dir='ltr'><strong>ita</strong></span> <span class='ocrx_word' id='word_1_476' title='bbox 1546 3137 1559 3178; x_wconf 90' lang='lat'>:</span> <span class='ocrx_word' id='word_1_477' title='bbox 1606 3143 1628 3172; x_wconf 75' lang='grc' dir='ltr'><strong>ε</strong></span> <span class='ocrx_word' id='word_1_478' title='bbox 1666 3122 1830 3177; x_wconf 89' lang='lat' dir='ltr'><strong>Sicut</strong></span> <span class='ocrx_word' id='word_1_479' title='bbox 1860 3121 2031 3209; x_wconf 62' lang='lat' dir='ltr'><strong>misit</strong></span> <span class='ocrx_word' id='word_1_480' title='bbox 2051 3137 2143 3209; x_wconf 73' lang='lat' dir='ltr'><strong>me</strong></span> <span class='ocrx_word' id='word_1_481' title='bbox 2171 3147 2221 3209; x_wconf 68' lang='grc' dir='ltr'>Ο</span> <span class='ocrx_word' id='word_1_482' title='bbox 2251 3117 2615 3175; x_wconf 90' lang='lat' dir='ltr'><strong>divinitatem</strong></span> <span class='ocrx_word' id='word_1_483' title='bbox 2647 3136 2659 3175; x_wconf 93' lang='lat'><strong>:</strong></span> <span class='ocrx_word' id='word_1_484' title='bbox 2711 3135 2859 3193; x_wconf 90' lang='lat' dir='ltr'><strong>ergo</strong></span> <span class='ocrx_word' id='word_1_485' title='bbox 2890 3120 3076 3176; x_wconf 91' lang='lat' dir='ltr'><strong>Filius</strong></span> <span class='ocrx_word' id='word_1_486' title='bbox 3113 3121 3216 3176; x_wconf 90' lang='lat' dir='ltr'><strong>Dei</strong></span> <span class='ocrx_word' id='word_1_487' title='bbox 3241 3122 3616 3179; x_wconf 89' lang='lat' dir='ltr'><strong>hominibus</strong></span> <span class='ocrx_word' id='word_1_488' title='bbox 3643 3139 3934 3195; x_wconf 86' lang='lat' dir='ltr'><strong>compara-</strong></span> 
     </span>
    </p>
   </div>
   <div class='ocr_carea' id='block_1_48' title="bbox 478 3202 3932 3284">
    <p class='ocr_par' dir='ltr' id='par_1_48' title="bbox 478 3202 3932 3284">
     <span class='ocr_line' id='line_1_49' title="bbox 478 3202 3932 3284; baseline -0 -19"><span class='ocrx_word' id='word_1_489' title='bbox 478 3209 657 3265; x_wconf 88' lang='lat' dir='ltr'><strong>vivus</strong></span> <span class='ocrx_word' id='word_1_490' title='bbox 704 3210 899 3281; x_wconf 91' lang='lat' dir='ltr'><strong>Pater,</strong></span> <span class='ocrx_word' id='word_1_491' title='bbox 931 3214 989 3266; x_wconf 93' lang='lat' dir='ltr'><strong>et</strong></span> <span class='ocrx_word' id='word_1_492' title='bbox 1029 3226 1142 3284; x_wconf 89' lang='lat' dir='ltr'><strong>ego</strong></span> <span class='ocrx_word' id='word_1_493' title='bbox 1172 3212 1311 3266; x_wconf 89' lang='lat' dir='ltr'><strong>vivo</strong></span> <span class='ocrx_word' id='word_1_494' title='bbox 1340 3214 1581 3282; x_wconf 89' lang='lat' dir='ltr'><strong>propter</strong></span> <span class='ocrx_word' id='word_1_495' title='bbox 1606 3212 1860 3266; x_wconf 88' lang='lat' dir='ltr'><strong>Patrem.</strong></span> <span class='ocrx_word' id='word_1_496' title='bbox 1898 3232 1920 3260; x_wconf 75' lang='grc' dir='ltr'><strong><em>ι</em></strong></span> <span class='ocrx_word' id='word_1_497' title='bbox 1992 3202 2143 3268; x_wconf 84' lang='grc'><strong>544</strong></span> <span class='ocrx_word' id='word_1_498' title='bbox 2181 3202 2216 3209; x_wconf 59' lang='grc'>⁷</span> <span class='ocrx_word' id='word_1_499' title='bbox 2251 3210 2348 3263; x_wconf 91' lang='lat' dir='ltr'><strong>tur</strong></span> <span class='ocrx_word' id='word_1_500' title='bbox 2378 3224 2391 3264; x_wconf 87' lang='lat'><strong>:</strong></span> <span class='ocrx_word' id='word_1_501' title='bbox 2424 3211 2488 3264; x_wconf 90' lang='lat' dir='ltr'><strong>ut</strong></span> <span class='ocrx_word' id='word_1_502' title='bbox 2530 3209 2607 3264; x_wconf 88' lang='lat' dir='ltr'><strong>ita</strong></span> <span class='ocrx_word' id='word_1_503' title='bbox 2646 3209 2834 3265; x_wconf 87' lang='lat' dir='ltr'><strong>Filius</strong></span> <span class='ocrx_word' id='word_1_504' title='bbox 2874 3214 3118 3281; x_wconf 85' lang='lat' dir='ltr'><strong>propter</strong></span> <span class='ocrx_word' id='word_1_505' title='bbox 3144 3212 3388 3266; x_wconf 90' lang='lat' dir='ltr'><strong>Patrem</strong></span> <span class='ocrx_word' id='word_1_506' title='bbox 3423 3214 3623 3284; x_wconf 90' lang='lat' dir='ltr'><strong>vivat,</strong></span> <span class='ocrx_word' id='word_1_507' title='bbox 3658 3214 3813 3268; x_wconf 89' lang='lat' dir='ltr'><strong>sicut</strong></span> <span class='ocrx_word' id='word_1_508' title='bbox 3841 3227 3932 3266; x_wconf 83' lang='lat' dir='ltr'><strong>nos</strong></span> 
     </span>
    </p>
   </div>
   <div class='ocr_carea' id='block_1_49' title="bbox 476 3297 3936 3373">
    <p class='ocr_par' dir='ltr' id='par_1_49' title="bbox 476 3297 3936 3373">
     <span class='ocr_line' id='line_1_50' title="bbox 476 3297 3936 3373; baseline -0.001 -18"><span class='ocrx_word' id='word_1_509' title='bbox 476 3299 748 3357; x_wconf 88' lang='lat' dir='ltr'><strong>Secunda</strong></span> <span class='ocrx_word' id='word_1_510' title='bbox 781 3300 856 3355; x_wconf 91' lang='lat' dir='ltr'><strong>ita</strong></span> <span class='ocrx_word' id='word_1_511' title='bbox 889 3315 901 3356; x_wconf 92' lang='lat'>:</span> <span class='ocrx_word' id='word_1_512' title='bbox 942 3322 963 3349; x_wconf 75' lang='grc' dir='ltr'>ι</span> <span class='ocrx_word' id='word_1_513' title='bbox 990 3300 1154 3356; x_wconf 87' lang='lat' dir='ltr'><strong>Sicut</strong></span> <span class='ocrx_word' id='word_1_514' title='bbox 1186 3300 1347 3355; x_wconf 88' lang='lat' dir='ltr'><strong>misit</strong></span> <span class='ocrx_word' id='word_1_515' title='bbox 1382 3316 1475 3355; x_wconf 89' lang='lat' dir='ltr'><strong>me</strong></span> <span class='ocrx_word' id='word_1_516' title='bbox 1507 3300 1680 3355; x_wconf 90' lang='lat' dir='ltr'><strong>vivus</strong></span> <span class='ocrx_word' id='word_1_517' title='bbox 1710 3301 1903 3370; x_wconf 88' lang='lat' dir='ltr'><strong>Pater,</strong></span> <span class='ocrx_word' id='word_1_518' title='bbox 1939 3303 1996 3355; x_wconf 91' lang='lat' dir='ltr'><strong>et</strong></span> <span class='ocrx_word' id='word_1_519' title='bbox 2026 3316 2141 3373; x_wconf 90' lang='lat' dir='ltr'><strong>ego</strong></span> <span class='ocrx_word' id='word_1_520' title='bbox 2249 3300 2491 3368; x_wconf 91' lang='lat' dir='ltr'><strong>propter</strong></span> <span class='ocrx_word' id='word_1_521' title='bbox 2522 3297 2733 3354; x_wconf 90' lang='lat' dir='ltr'><strong>Filium</strong></span> <span class='ocrx_word' id='word_1_522' title='bbox 2765 3297 2871 3353; x_wconf 91' lang='lat' dir='ltr'><strong>Dei</strong></span> <span class='ocrx_word' id='word_1_523' title='bbox 2903 3299 3185 3355; x_wconf 89' lang='lat' dir='ltr'><strong>vivimus.</strong></span> <span class='ocrx_word' id='word_1_524' title='bbox 3219 3298 3338 3355; x_wconf 88' lang='lat' dir='ltr'><strong>Sed</strong></span> <span class='ocrx_word' id='word_1_525' title='bbox 3372 3299 3587 3357; x_wconf 85' lang='lat' dir='ltr'><strong>Filius</strong></span> <span class='ocrx_word' id='word_1_526' title='bbox 3622 3302 3735 3358; x_wconf 88' lang='lat' dir='ltr'><strong>Dei</strong></span> <span class='ocrx_word' id='word_1_527' title='bbox 3782 3303 3936 3356; x_wconf 85' lang='lat' dir='ltr'><strong>vitam</strong></span> 
     </span>
    </p>
   </div>
   <div class='ocr_carea' id='block_1_50' title="bbox 476 3387 3936 3463">
    <p class='ocr_par' dir='ltr' id='par_1_50' title="bbox 476 3387 3936 3463">
     <span class='ocr_line' id='line_1_51' title="bbox 476 3387 3936 3463; baseline 0.001 -22"><span class='ocrx_word' id='word_1_528' title='bbox 476 3389 613 3444; x_wconf 90' lang='lat' dir='ltr'><strong>vivo</strong></span> <span class='ocrx_word' id='word_1_529' title='bbox 644 3393 885 3461; x_wconf 85' lang='lat' dir='ltr'><strong>prepter</strong></span> <span class='ocrx_word' id='word_1_530' title='bbox 914 3391 1146 3445; x_wconf 90' lang='lat' dir='ltr'><strong>Patrem</strong></span> <span class='ocrx_word' id='word_1_531' title='bbox 1169 3405 1183 3459; x_wconf 93' lang='lat'><strong>;</strong></span> <span class='ocrx_word' id='word_1_532' title='bbox 1207 3389 1283 3444; x_wconf 89' lang='lat' dir='ltr'><strong>ita</strong></span> <span class='ocrx_word' id='word_1_533' title='bbox 1302 3392 1371 3444; x_wconf 84' lang='lat' dir='ltr'><strong>’et</strong></span> <span class='ocrx_word' id='word_1_534' title='bbox 1408 3388 1511 3463; x_wconf 88' lang='lat' dir='ltr'><strong>qui</strong></span> <span class='ocrx_word' id='word_1_535' title='bbox 1534 3389 1844 3444; x_wconf 82' lang='lat' dir='ltr'><strong>manducet</strong></span> <span class='ocrx_word' id='word_1_536' title='bbox 1872 3404 1986 3460; x_wconf 90' lang='lat' dir='ltr'><strong>me,</strong></span> <span class='ocrx_word' id='word_1_537' title='bbox 2011 3388 2142 3461; x_wconf 89' lang='lat' dir='ltr'><strong>ipse</strong></span> <span class='ocrx_word' id='word_1_538' title='bbox 2247 3387 2499 3461; x_wconf 90' lang='lat' dir='ltr'><strong>largitur</strong></span> <span class='ocrx_word' id='word_1_539' title='bbox 2518 3390 2819 3459; x_wconf 84' lang='lat' dir='ltr'><strong>aeternam,</strong></span> <span class='ocrx_word' id='word_1_540' title='bbox 2852 3404 2963 3444; x_wconf 92' lang='lat' dir='ltr'><strong>nos</strong></span> <span class='ocrx_word' id='word_1_541' title='bbox 2984 3390 3178 3444; x_wconf 90' lang='lat' dir='ltr'><strong>autem</strong></span> <span class='ocrx_word' id='word_1_542' title='bbox 3210 3389 3433 3463; x_wconf 86' lang='lat' dir='ltr'><strong>largiri</strong></span> <span class='ocrx_word' id='word_1_543' title='bbox 3467 3392 3834 3463; x_wconf 85' lang='lat' dir='ltr'><strong>nequimus;</strong></span> <span class='ocrx_word' id='word_1_544' title='bbox 3856 3405 3936 3444; x_wconf 88' lang='lat' dir='ltr'><strong>er-</strong></span> 
     </span>
    </p>
   </div>
   <div class='ocr_carea' id='block_1_51' title="bbox 477 3477 3942 3553">
    <p class='ocr_par' dir='ltr' id='par_1_51' title="bbox 477 3477 3942 3553">
     <span class='ocr_line' id='line_1_52' title="bbox 477 3477 3942 3553; baseline 0 -22"><span class='ocrx_word' id='word_1_545' title='bbox 477 3478 623 3533; x_wconf 91' lang='lat' dir='ltr'><strong>vivit</strong></span> <span class='ocrx_word' id='word_1_546' title='bbox 652 3482 892 3550; x_wconf 89' lang='lat' dir='ltr'><strong>propter</strong></span> <span class='ocrx_word' id='word_1_547' title='bbox 922 3495 1034 3534; x_wconf 91' lang='lat' dir='ltr'><strong>me.</strong></span> <span class='ocrx_word' id='word_1_548' title='bbox 1072 3503 1093 3527; x_wconf 73' lang='grc' dir='ltr'><strong>ιι</strong></span> <span class='ocrx_word' id='word_1_549' title='bbox 2246 3492 2326 3549; x_wconf 92' lang='lat' dir='ltr'><strong>go</strong></span> <span class='ocrx_word' id='word_1_550' title='bbox 2356 3478 2545 3533; x_wconf 89' lang='lat' dir='ltr'><strong>nostri</strong></span> <span class='ocrx_word' id='word_1_551' title='bbox 2576 3477 3016 3549; x_wconf 90' lang='lat' dir='ltr'><strong>comporatione</strong></span> <span class='ocrx_word' id='word_1_552' title='bbox 3061 3493 3173 3533; x_wconf 90' lang='lat' dir='ltr'><strong>nec</strong></span> <span class='ocrx_word' id='word_1_553' title='bbox 3226 3477 3327 3534; x_wconf 89' lang='lat' dir='ltr'><strong>ille</strong></span> <span class='ocrx_word' id='word_1_554' title='bbox 3360 3478 3670 3553; x_wconf 84' lang='lat' dir='ltr'><strong>largitur.</strong></span> <span class='ocrx_word' id='word_1_555' title='bbox 3694 3479 3942 3535; x_wconf 77' lang='lat' dir='ltr'><strong>Habeant</strong></span> 
     </span>
    </p>
   </div>
   <div class='ocr_carea' id='block_1_52' title="bbox 543 3565 3939 3641">
    <p class='ocr_par' dir='ltr' id='par_1_52' title="bbox 543 3565 3939 3641">
     <span class='ocr_line' id='line_1_53' title="bbox 543 3565 3939 3641; baseline -0 -19"><span class='ocrx_word' id='word_1_556' title='bbox 543 3567 664 3624; x_wconf 74' lang='lat'><strong>426.</strong></span> <span class='ocrx_word' id='word_1_557' title='bbox 696 3568 759 3624; x_wconf 90' lang='lat' dir='ltr'><strong>Si</strong></span> <span class='ocrx_word' id='word_1_558' title='bbox 787 3568 1033 3640; x_wconf 89' lang='lat' dir='ltr'><strong>primam</strong></span> <span class='ocrx_word' id='word_1_559' title='bbox 1065 3567 1118 3624; x_wconf 90' lang='lat' dir='ltr'><strong>el</strong></span> <span class='ocrx_word' id='word_1_560' title='bbox 1142 3567 1328 3641; x_wconf 89' lang='lat' dir='ltr'><strong>igunt,</strong></span> <span class='ocrx_word' id='word_1_561' title='bbox 1362 3567 1475 3623; x_wconf 91' lang='lat' dir='ltr'><strong>hoc</strong></span> <span class='ocrx_word' id='word_1_562' title='bbox 1508 3568 1804 3641; x_wconf 81' lang='lat' dir='ltr'><strong>signiﬁcat</strong></span> <span class='ocrx_word' id='word_1_563' title='bbox 1825 3567 1961 3641; x_wconf 90' lang='lat' dir='ltr'><strong>quia</strong></span> <span class='ocrx_word' id='word_1_564' title='bbox 1992 3567 2148 3624; x_wconf 81' lang='lat' dir='ltr'><strong>sicut</strong></span> <span class='ocrx_word' id='word_1_565' title='bbox 2247 3565 2429 3639; x_wconf 88' lang='lat' dir='ltr'><strong>igitur</strong></span> <span class='ocrx_word' id='word_1_566' title='bbox 2481 3566 2685 3621; x_wconf 81' lang='lat' dir='ltr'><strong>Ariani</strong></span> <span class='ocrx_word' id='word_1_567' title='bbox 2735 3566 2873 3621; x_wconf 76' lang='lat' dir='ltr'><strong>fidei</strong></span> <span class='ocrx_word' id='word_1_568' title='bbox 2903 3582 3033 3622; x_wconf 83' lang='lat' dir='ltr'><strong>suae</strong></span> <span class='ocrx_word' id='word_1_569' title='bbox 3063 3566 3403 3639; x_wconf 64' lang='lat' dir='ltr'><strong>praemium,</strong></span> <span class='ocrx_word' id='word_1_570' title='bbox 3443 3584 3529 3624; x_wconf 86' lang='lat' dir='ltr'><strong>ne</strong></span> <span class='ocrx_word' id='word_1_571' title='bbox 3564 3570 3756 3624; x_wconf 84' lang='lat' dir='ltr'><strong>vitam</strong></span> <span class='ocrx_word' id='word_1_572' title='bbox 3787 3571 3939 3624; x_wconf 60' lang='lat' dir='ltr'><strong>aeter-</strong></span> 
     </span>
    </p>
   </div>
   <div class='ocr_carea' id='block_1_53' title="bbox 475 3655 3078 3728">
    <p class='ocr_par' dir='ltr' id='par_1_53' title="bbox 475 3655 3078 3728">
     <span class='ocr_line' id='line_1_54' title="bbox 475 3655 3078 3728; baseline -0.001 -16"><span class='ocrx_word' id='word_1_573' title='bbox 475 3658 701 3713; x_wconf 91' lang='lat' dir='ltr'><strong>missus</strong></span> <span class='ocrx_word' id='word_1_574' title='bbox 733 3674 864 3713; x_wconf 90' lang='lat' dir='ltr'><strong>sum</strong></span> <span class='ocrx_word' id='word_1_575' title='bbox 895 3674 928 3712; x_wconf 91' lang='lat' dir='ltr'><strong>a</strong></span> <span class='ocrx_word' id='word_1_576' title='bbox 971 3659 1164 3728; x_wconf 88' lang='lat' dir='ltr'><strong>Patre,</strong></span> <span class='ocrx_word' id='word_1_577' title='bbox 1200 3662 1257 3714; x_wconf 91' lang='lat' dir='ltr'><strong>et</strong></span> <span class='ocrx_word' id='word_1_578' title='bbox 1288 3658 1576 3715; x_wconf 91' lang='lat' dir='ltr'><strong>descendi</strong></span> <span class='ocrx_word' id='word_1_579' title='bbox 1605 3675 1636 3713; x_wconf 90' lang='lat' dir='ltr'><strong>a</strong></span> <span class='ocrx_word' id='word_1_580' title='bbox 1667 3658 1863 3728; x_wconf 88' lang='lat' dir='ltr'><strong>Patre,</strong></span> <span class='ocrx_word' id='word_1_581' title='bbox 1896 3659 1973 3713; x_wconf 91' lang='lat' dir='ltr'><strong>ita</strong></span> <span class='ocrx_word' id='word_1_582' title='bbox 2005 3657 2143 3713; x_wconf 89' lang='lat' dir='ltr'><strong>vivo</strong></span> <span class='ocrx_word' id='word_1_583' title='bbox 2245 3671 2380 3710; x_wconf 91' lang='lat' dir='ltr'><strong>nam</strong></span> <span class='ocrx_word' id='word_1_584' title='bbox 2409 3655 2814 3726; x_wconf 88' lang='lat' dir='ltr'><strong>adipiscantur</strong></span> <span class='ocrx_word' id='word_1_585' title='bbox 2841 3672 2875 3710; x_wconf 91' lang='lat' dir='ltr'><strong>a</strong></span> <span class='ocrx_word' id='word_1_586' title='bbox 2908 3655 3078 3711; x_wconf 84' lang='lat' dir='ltr'><strong>Filio.</strong></span> 
     </span>
    </p>
   </div>
   <div class='ocr_carea' id='block_1_54' title="bbox 474 3732 3943 3819">
    <p class='ocr_par' dir='ltr' id='par_1_54' title="bbox 474 3732 3943 3819">
     <span class='ocr_line' id='line_1_55' title="bbox 474 3732 3943 3819; baseline -0.001 -18"><span class='ocrx_word' id='word_1_587' title='bbox 474 3750 716 3818; x_wconf 90' lang='lat' dir='ltr'><strong>propter</strong></span> <span class='ocrx_word' id='word_1_588' title='bbox 743 3732 997 3802; x_wconf 88' lang='lat' dir='ltr'><strong>Patrem.</strong></span> <span class='ocrx_word' id='word_1_589' title='bbox 1030 3747 1212 3814; x_wconf 91' lang='lat' dir='ltr'><strong>Quasi</strong></span> <span class='ocrx_word' id='word_1_590' title='bbox 1240 3748 1377 3819; x_wconf 90' lang='lat' dir='ltr'><strong>quis</strong></span> <span class='ocrx_word' id='word_1_591' title='bbox 1411 3751 1603 3803; x_wconf 90' lang='lat' dir='ltr'><strong>autem</strong></span> <span class='ocrx_word' id='word_1_592' title='bbox 1627 3748 1853 3803; x_wconf 90' lang='lat' dir='ltr'><strong>missus</strong></span> <span class='ocrx_word' id='word_1_593' title='bbox 1884 3750 1975 3802; x_wconf 90' lang='lat' dir='ltr'><strong>est</strong></span> <span class='ocrx_word' id='word_1_594' title='bbox 2005 3746 2140 3819; x_wconf 68' lang='lat'><strong>(49),</strong></span> <span class='ocrx_word' id='word_1_595' title='bbox 2318 3743 2441 3799; x_wconf 84' lang='grc'><strong>131.</strong></span> <span class='ocrx_word' id='word_1_596' title='bbox 2485 3743 2657 3799; x_wconf 83' lang='lat' dir='ltr'><strong>Libet</strong></span> <span class='ocrx_word' id='word_1_597' title='bbox 2693 3743 2819 3816; x_wconf 82' lang='lat' dir='ltr'><strong>jam</strong></span> <span class='ocrx_word' id='word_1_598' title='bbox 2864 3744 3115 3800; x_wconf 90' lang='lat' dir='ltr'><strong>ulterius</strong></span> <span class='ocrx_word' id='word_1_599' title='bbox 3147 3747 3488 3819; x_wconf 83' lang='lat' dir='ltr'><strong>progredi;</strong></span> <span class='ocrx_word' id='word_1_600' title='bbox 3557 3764 3704 3804; x_wconf 88' lang='lat' dir='ltr'><strong>nam</strong></span> <span class='ocrx_word' id='word_1_601' title='bbox 3753 3748 3804 3803; x_wconf 89' lang='lat' dir='ltr'><strong>si</strong></span> <span class='ocrx_word' id='word_1_602' title='bbox 3844 3746 3943 3800; x_wconf 85' lang='lat' dir='ltr'><strong>illis</strong></span> 
     </span>
    </p>
   </div>
   <div class='ocr_carea' id='block_1_55' title="bbox 475 3832 3943 3909">
    <p class='ocr_par' dir='ltr' id='par_1_55' title="bbox 475 3832 3943 3909">
     <span class='ocr_line' id='line_1_56' title="bbox 475 3832 3943 3909; baseline 0 -21"><span class='ocrx_word' id='word_1_603' title='bbox 475 3838 650 3905; x_wconf 89' lang='lat' dir='ltr'><strong>atque</strong></span> <span class='ocrx_word' id='word_1_604' title='bbox 690 3835 1035 3906; x_wconf 89' lang='lat' dir='ltr'><strong>descendit;</strong></span> <span class='ocrx_word' id='word_1_605' title='bbox 1094 3837 1212 3893; x_wconf 91' lang='lat' dir='ltr'><strong>nisi</strong></span> <span class='ocrx_word' id='word_1_606' title='bbox 1257 3837 1430 3909; x_wconf 87' lang='lat' dir='ltr'><strong>quasi</strong></span> <span class='ocrx_word' id='word_1_607' title='bbox 1479 3835 1665 3892; x_wconf 90' lang='lat' dir='ltr'><strong>Filius</strong></span> <span class='ocrx_word' id='word_1_608' title='bbox 1698 3836 1955 3892; x_wconf 87' lang='lat' dir='ltr'><strong>hominis</strong></span> <span class='ocrx_word' id='word_1_609' title='bbox 1986 3836 2144 3892; x_wconf 88' lang='lat' dir='ltr'><strong>sicut</strong></span> <span class='ocrx_word' id='word_1_610' title='bbox 2244 3832 2437 3904; x_wconf 90' lang='lat' dir='ltr'><strong>placet</strong></span> <span class='ocrx_word' id='word_1_611' title='bbox 2463 3832 2622 3888; x_wconf 92' lang='lat' dir='ltr'><strong>hunc</strong></span> <span class='ocrx_word' id='word_1_612' title='bbox 2649 3833 2845 3888; x_wconf 92' lang='lat' dir='ltr'><strong>locum</strong></span> <span class='ocrx_word' id='word_1_613' title='bbox 2877 3833 2949 3887; x_wconf 85' lang='lat' dir='ltr'><strong>ad</strong></span> <span class='ocrx_word' id='word_1_614' title='bbox 2981 3833 3197 3889; x_wconf 84' lang='lat' dir='ltr'><strong>divinae</strong></span> <span class='ocrx_word' id='word_1_615' title='bbox 3226 3837 3722 3907; x_wconf 87' lang='lat' dir='ltr'><strong>perpetuitatem</strong></span> <span class='ocrx_word' id='word_1_616' title='bbox 3740 3835 3943 3892; x_wconf 78' lang='lat' dir='ltr'><strong>referre</strong></span> 
     </span>
    </p>
   </div>
   <div class='ocr_carea' id='block_1_56' title="bbox 478 3922 3945 3998">
    <p class='ocr_par' dir='ltr' id='par_1_56' title="bbox 478 3922 3945 3998">
     <span class='ocr_line' id='line_1_57' title="bbox 478 3922 3945 3998; baseline -0.001 -20"><span class='ocrx_word' id='word_1_617' title='bbox 478 3923 607 3994; x_wconf 91' lang='lat' dir='ltr'><strong>ipse</strong></span> <span class='ocrx_word' id='word_1_618' title='bbox 622 3939 799 3995; x_wconf 87' lang='lat' dir='ltr'><strong>supra</strong></span> <span class='ocrx_word' id='word_1_619' title='bbox 815 3924 993 3980; x_wconf 87' lang='lat' dir='ltr'><strong>dixit:</strong></span> <span class='ocrx_word' id='word_1_620' title='bbox 1024 3947 1044 3975; x_wconf 71' lang='grc' dir='ltr'>α</span> <span class='ocrx_word' id='word_1_621' title='bbox 1067 3925 1256 3981; x_wconf 87' lang='lat' dir='ltr'><strong>Nemo</strong></span> <span class='ocrx_word' id='word_1_622' title='bbox 1277 3926 1544 3981; x_wconf 90' lang='lat' dir='ltr'><strong>ascendit</strong></span> <span class='ocrx_word' id='word_1_623' title='bbox 1573 3926 1629 3980; x_wconf 92' lang='lat' dir='ltr'><strong>in</strong></span> <span class='ocrx_word' id='word_1_624' title='bbox 1654 3925 2019 3994; x_wconf 71' lang='lat' dir='ltr'><strong>co:lum,nisi</strong></span> <span class='ocrx_word' id='word_1_625' title='bbox 2040 3926 2141 3998; x_wconf 89' lang='lat' dir='ltr'><strong>qui</strong></span> <span class='ocrx_word' id='word_1_626' title='bbox 2244 3922 2594 3978; x_wconf 65' lang='lat' dir='ltr'><strong>substantiae</strong></span> <span class='ocrx_word' id='word_1_627' title='bbox 2625 3922 2759 3993; x_wconf 80' lang='grc'>(50),</span> <span class='ocrx_word' id='word_1_628' title='bbox 2780 3922 3073 3993; x_wconf 88' lang='lat' dir='ltr'><strong>accipiant</strong></span> <span class='ocrx_word' id='word_1_629' title='bbox 3113 3924 3290 3978; x_wconf 89' lang='lat' dir='ltr'><strong>etiam</strong></span> <span class='ocrx_word' id='word_1_630' title='bbox 3332 3927 3601 3981; x_wconf 86' lang='lat' dir='ltr'><strong>tertiam</strong></span> <span class='ocrx_word' id='word_1_631' title='bbox 3636 3925 3945 3998; x_wconf 84' lang='lat' dir='ltr'><strong>expositio-</strong></span> 
     </span>
    </p>
   </div>
   <div class='ocr_carea' id='block_1_57' title="bbox 477 4001 3948 4086">
    <p class='ocr_par' dir='ltr' id='par_1_57' title="bbox 477 4001 3948 4086">
     <span class='ocr_line' id='line_1_58' title="bbox 477 4001 3948 4086; baseline -0.001 -18"><span class='ocrx_word' id='word_1_632' title='bbox 477 4012 550 4068; x_wconf 89' lang='lat' dir='ltr'><strong>de</strong></span> <span class='ocrx_word' id='word_1_633' title='bbox 590 4012 741 4068; x_wconf 89' lang='lat' dir='ltr'><strong>coelo</strong></span> <span class='ocrx_word' id='word_1_634' title='bbox 771 4012 1081 4068; x_wconf 88' lang='lat' dir='ltr'><strong>descendit</strong></span> <span class='ocrx_word' id='word_1_635' title='bbox 1102 4014 1289 4069; x_wconf 87' lang='lat' dir='ltr'><strong>Filius</strong></span> <span class='ocrx_word' id='word_1_636' title='bbox 1319 4014 1579 4069; x_wconf 75' lang='lat' dir='ltr'><strong>hominis</strong></span> <span class='ocrx_word' id='word_1_637' title='bbox 1608 4015 1801 4085; x_wconf 81' lang='lat' dir='ltr'><strong>(Joan.</strong></span> <span class='ocrx_word' id='word_1_638' title='bbox 1832 4032 1915 4085; x_wconf 81' lang='grc' dir='ltr'><strong>ιιι,</strong></span> <span class='ocrx_word' id='word_1_639' title='bbox 1950 4013 2080 4086; x_wconf 78' lang='lat'><strong>43)?</strong></span> <span class='ocrx_word' id='word_1_640' title='bbox 2113 4039 2137 4065; x_wconf 74' lang='grc' dir='ltr'><strong>»ο</strong></span> <span class='ocrx_word' id='word_1_641' title='bbox 2245 4026 2400 4067; x_wconf 88' lang='lat' dir='ltr'><strong>nem.</strong></span> <span class='ocrx_word' id='word_1_642' title='bbox 2443 4001 2591 4066; x_wconf 83' lang='grc'><strong>545</strong></span> <span class='ocrx_word' id='word_1_643' title='bbox 2630 4010 2840 4066; x_wconf 90' lang='lat' dir='ltr'><strong>Nonne</strong></span> <span class='ocrx_word' id='word_1_644' title='bbox 2872 4010 3180 4067; x_wconf 88' lang='lat' dir='ltr'><strong>evidenter</strong></span> <span class='ocrx_word' id='word_1_645' title='bbox 3226 4010 3486 4068; x_wconf 86' lang='lat' dir='ltr'><strong>videtur</strong></span> <span class='ocrx_word' id='word_1_646' title='bbox 3539 4014 3758 4071; x_wconf 86' lang='lat' dir='ltr'><strong>dicere</strong></span> <span class='ocrx_word' id='word_1_647' title='bbox 3808 4008 3948 4084; x_wconf 88' lang='lat' dir='ltr'><strong>quod</strong></span> 
     </span>
    </p>
   </div>
   <div class='ocr_carea' id='block_1_58' title="bbox 474 4098 3950 4176">
    <p class='ocr_par' dir='ltr' id='par_1_58' title="bbox 474 4098 3950 4176">
     <span class='ocr_line' id='line_1_59' title="bbox 474 4098 3950 4176; baseline -0.001 -20"><span class='ocrx_word' id='word_1_648' title='bbox 474 4100 635 4175; x_wconf 81' lang='lat' dir='ltr'><strong>Ergo</strong></span> <span class='ocrx_word' id='word_1_649' title='bbox 667 4102 823 4157; x_wconf 89' lang='lat' dir='ltr'><strong>sicut</strong></span> <span class='ocrx_word' id='word_1_650' title='bbox 854 4102 1025 4174; x_wconf 90' lang='lat' dir='ltr'><strong>quasi</strong></span> <span class='ocrx_word' id='word_1_651' title='bbox 1056 4102 1241 4158; x_wconf 84' lang='lat' dir='ltr'><strong>Filius</strong></span> <span class='ocrx_word' id='word_1_652' title='bbox 1276 4103 1531 4158; x_wconf 88' lang='lat' dir='ltr'><strong>hominis</strong></span> <span class='ocrx_word' id='word_1_653' title='bbox 1563 4105 1790 4159; x_wconf 91' lang='lat' dir='ltr'><strong>missus</strong></span> <span class='ocrx_word' id='word_1_654' title='bbox 1823 4109 1934 4174; x_wconf 87' lang='lat' dir='ltr'><strong>est,</strong></span> <span class='ocrx_word' id='word_1_655' title='bbox 1966 4106 2140 4176; x_wconf 84' lang='lat' dir='ltr'><strong>atque</strong></span> <span class='ocrx_word' id='word_1_656' title='bbox 2245 4100 2401 4156; x_wconf 89' lang='lat' dir='ltr'><strong>sicut</strong></span> <span class='ocrx_word' id='word_1_657' title='bbox 2447 4100 2617 4156; x_wconf 91' lang='lat' dir='ltr'><strong>vicus</strong></span> <span class='ocrx_word' id='word_1_658' title='bbox 2663 4100 2839 4155; x_wconf 88' lang='lat' dir='ltr'><strong>Pater</strong></span> <span class='ocrx_word' id='word_1_659' title='bbox 2884 4103 2996 4170; x_wconf 91' lang='lat' dir='ltr'><strong>est,</strong></span> <span class='ocrx_word' id='word_1_660' title='bbox 3030 4099 3109 4154; x_wconf 88' lang='lat' dir='ltr'><strong>ita</strong></span> <span class='ocrx_word' id='word_1_661' title='bbox 3162 4098 3309 4155; x_wconf 89' lang='lat' dir='ltr'><strong>vivit</strong></span> <span class='ocrx_word' id='word_1_662' title='bbox 3372 4106 3444 4156; x_wconf 86' lang='lat' dir='ltr'><strong>et</strong></span> <span class='ocrx_word' id='word_1_663' title='bbox 3502 4103 3757 4159; x_wconf 81' lang='lat' dir='ltr'><strong>Filius?</strong></span> <span class='ocrx_word' id='word_1_664' title='bbox 3803 4098 3950 4167; x_wconf 89' lang='lat' dir='ltr'><strong>Quod</strong></span> 
     </span>
    </p>
   </div>
   <div class='ocr_carea' id='block_1_59' title="bbox 547 4241 3948 4318">
    <p class='ocr_par' dir='ltr' id='par_1_59' title="bbox 547 4241 3948 4318">
     <span class='ocr_line' id='line_1_60' title="bbox 547 4241 3948 4318; baseline -0.001 -17"><span class='ocrx_word' id='word_1_665' title='bbox 547 4245 659 4315; x_wconf 87' lang='lat'><strong>(48)</strong></span> <span class='ocrx_word' id='word_1_666' title='bbox 682 4244 1088 4301; x_wconf 87' lang='lat' dir='ltr'><strong>Elocutionem</strong></span> <span class='ocrx_word' id='word_1_667' title='bbox 1120 4246 1291 4318; x_wconf 80' lang='lat' dir='ltr'><strong>plane</strong></span> <span class='ocrx_word' id='word_1_668' title='bbox 1315 4245 1565 4318; x_wconf 84' lang='lat' dir='ltr'><strong>similem</strong></span> <span class='ocrx_word' id='word_1_669' title='bbox 1597 4262 1628 4318; x_wconf 85' lang='lat' dir='ltr'><strong>e</strong></span> <span class='ocrx_word' id='word_1_670' title='bbox 1660 4245 2138 4318; x_wconf 14' lang='lat' dir='ltr'><strong>lib.7De,Incarn.</strong></span> <span class='ocrx_word' id='word_1_671' title='bbox 2245 4243 2488 4318; x_wconf 78' lang='lat' dir='ltr'><strong>ﬁgurari</strong></span> <span class='ocrx_word' id='word_1_672' title='bbox 2523 4244 2582 4298; x_wconf 92' lang='lat' dir='ltr'><strong>in</strong></span> <span class='ocrx_word' id='word_1_673' title='bbox 2614 4258 2852 4318; x_wconf 65' lang='lat' dir='ltr'><strong>corpus,</strong></span> <span class='ocrx_word' id='word_1_674' title='bbox 2885 4241 2999 4297; x_wconf 89' lang='lat' dir='ltr'><strong>hoc</strong></span> <span class='ocrx_word' id='word_1_675' title='bbox 3032 4245 3143 4318; x_wconf 79' lang='lat' dir='ltr'><strong>est,</strong></span> <span class='ocrx_word' id='word_1_676' title='bbox 3178 4257 3271 4318; x_wconf 81' lang='lat' dir='ltr'><strong>ex_</strong></span> <span class='ocrx_word' id='word_1_677' title='bbox 3280 4242 3511 4318; x_wconf 78' lang='lat' dir='ltr'><strong>ipsius</strong></span> <span class='ocrx_word' id='word_1_678' title='bbox 3539 4245 3799 4318; x_wconf 88' lang='lat' dir='ltr'><strong>quidem</strong></span> <span class='ocrx_word' id='word_1_679' title='bbox 3821 4258 3948 4299; x_wconf 87' lang='lat' dir='ltr'><strong>scn-</strong></span> 
     </span>
    </p>
   </div>
   <div class='ocr_carea' id='block_1_60' title="bbox 476 4313 3951 4397">
    <p class='ocr_par' dir='ltr' id='par_1_60' title="bbox 476 4313 3951 4397">
     <span class='ocr_line' id='line_1_61' title="bbox 476 4313 3951 4397; baseline -0.002 -25"><span class='ocrx_word' id='word_1_680' title='bbox 476 4313 662 4397; x_wconf 49' lang='grc' dir='ltr'><strong>ειη)κᾶ</strong></span> <span class='ocrx_word' id='word_1_681' title='bbox 703 4313 1173 4397; x_wconf 49' lang='grc' dir='ltr'><strong>ᾳίίθγθναεςειυό.</strong></span> <span class='ocrx_word' id='word_1_682' title='bbox 1196 4317 1677 4397; x_wconf 38' lang='lat' dir='ltr'><strong>PerizoniusJib-L</strong></span> <span class='ocrx_word' id='word_1_683' title='bbox 1691 4334 1729 4371; x_wconf 84' lang='grc' dir='ltr'><strong>ιι</strong></span> <span class='ocrx_word' id='word_1_684' title='bbox 1754 4316 2137 4397; x_wconf 66' lang='lat' dir='ltr'><strong>Qe_Sacram.</strong></span> <span class='ocrx_word' id='word_1_685' title='bbox 2245 4313 2444 4397; x_wconf 74' lang='lat' dir='ltr'><strong>tentia,</strong></span> <span class='ocrx_word' id='word_1_686' title='bbox 2478 4315 2748 4397; x_wconf 76' lang='lat' dir='ltr'><strong>corporis</strong></span> <span class='ocrx_word' id='word_1_687' title='bbox 2780 4313 3034 4397; x_wconf 78' lang='lat' dir='ltr'><strong>ﬁguram</strong></span> <span class='ocrx_word' id='word_1_688' title='bbox 3056 4314 3498 4397; x_wconf 49' lang='lat' dir='ltr'><strong>fieri._Verum</strong></span> <span class='ocrx_word' id='word_1_689' title='bbox 3522 4313 3679 4397; x_wconf 50' lang='lat' dir='ltr'><strong>q—uis</strong></span> <span class='ocrx_word' id='word_1_690' title='bbox 3714 4329 3951 4397; x_wconf 77' lang='lat' dir='ltr'><strong>usquam</strong></span> 
     </span>
    </p>
   </div>
   <div class='ocr_carea' id='block_1_61' title="bbox 476 4385 3954 4460">
    <p class='ocr_par' dir='ltr' id='par_1_61' title="bbox 476 4385 3954 4460">
     <span class='ocr_line' id='line_1_62' title="bbox 476 4385 3954 4460; baseline -0.002 -16"><span class='ocrx_word' id='word_1_691' title='bbox 476 4385 663 4444; x_wconf 81' lang='lat' dir='ltr'><strong>Euch.</strong></span> <span class='ocrx_word' id='word_1_692' title='bbox 698 4390 940 4443; x_wconf 83' lang='lat' dir='ltr'><strong>Auctor.</strong></span> <span class='ocrx_word' id='word_1_693' title='bbox 971 4389 1263 4460; x_wconf 75' lang='lat' dir='ltr'><strong>34,eaque</strong></span> <span class='ocrx_word' id='word_1_694' title='bbox 1295 4388 1447 4442; x_wconf 91' lang='lat' dir='ltr'><strong>idem</strong></span> <span class='ocrx_word' id='word_1_695' title='bbox 1480 4389 1805 4460; x_wconf 78' lang='lat' dir='ltr'><strong>signiﬁcari</strong></span> <span class='ocrx_word' id='word_1_696' title='bbox 1836 4390 2136 4455; x_wconf 79' lang='lat' dir='ltr'><strong>docuerat,</strong></span> <span class='ocrx_word' id='word_1_697' title='bbox 2248 4385 2552 4460; x_wconf 76' lang='lat' dir='ltr'><strong>hominum</strong></span> <span class='ocrx_word' id='word_1_698' title='bbox 2583 4385 2661 4439; x_wconf 85' lang='lat' dir='ltr'><strong>ita</strong></span> <span class='ocrx_word' id='word_1_699' title='bbox 2689 4385 2923 4460; x_wconf 79' lang='lat' dir='ltr'><strong>locutus</strong></span> <span class='ocrx_word' id='word_1_700' title='bbox 2945 4387 3084 4460; x_wconf 74' lang='lat' dir='ltr'><strong>est?</strong></span> <span class='ocrx_word' id='word_1_701' title='bbox 3112 4385 3283 4440; x_wconf 90' lang='lat' dir='ltr'><strong>Certe</strong></span> <span class='ocrx_word' id='word_1_702' title='bbox 3302 4385 3618 4458; x_wconf 73' lang='lat' dir='ltr'><strong>exempla</strong></span> <span class='ocrx_word' id='word_1_703' title='bbox 3642 4385 3954 4443; x_wconf 84' lang='lat' dir='ltr'><strong>verborum</strong></span> 
     </span>
    </p>
   </div>
   <div class='ocr_carea' id='block_1_62' title="bbox 471 4456 3957 4534">
    <p class='ocr_par' dir='ltr' id='par_1_62' title="bbox 471 4456 3957 4534">
     <span class='ocr_line' id='line_1_63' title="bbox 471 4456 3957 4534; baseline -0.001 -18"><span class='ocrx_word' id='word_1_704' title='bbox 471 4462 631 4532; x_wconf 92' lang='lat' dir='ltr'><strong>quod</strong></span> <span class='ocrx_word' id='word_1_705' title='bbox 664 4464 894 4534; x_wconf 85' lang='lat' dir='ltr'><strong>vertere</strong></span> <span class='ocrx_word' id='word_1_706' title='bbox 913 4456 1286 4534; x_wconf 72' lang='lat' dir='ltr'><strong>signiﬁcatin</strong></span> <span class='ocrx_word' id='word_1_707' title='bbox 1310 4456 1636 4531; x_wconf 51' lang='lat' dir='ltr'><strong>Virgilia‘no</strong></span> <span class='ocrx_word' id='word_1_708' title='bbox 1660 4458 1759 4534; x_wconf 85' lang='lat' dir='ltr'><strong>illo</strong></span> <span class='ocrx_word' id='word_1_709' title='bbox 1791 4475 1804 4515; x_wconf 90' lang='lat'><strong>:</strong></span> <span class='ocrx_word' id='word_1_710' title='bbox 1842 4483 1862 4509; x_wconf 74' lang='grc' dir='ltr'>ι</span> <span class='ocrx_word' id='word_1_711' title='bbox 1891 4460 2137 4534; x_wconf 81' lang='lat' dir='ltr'><strong>Formas</strong></span> <span class='ocrx_word' id='word_1_712' title='bbox 2166 4472 2219 4534; x_wconf 86' lang='lat' dir='ltr'><strong>D</strong></span> <span class='ocrx_word' id='word_1_713' title='bbox 2252 4458 2498 4534; x_wconf 72' lang='lat' dir='ltr'><strong>tradere</strong></span> <span class='ocrx_word' id='word_1_714' title='bbox 2527 4461 2701 4528; x_wconf 91' lang='lat' dir='ltr'><strong>atque</strong></span> <span class='ocrx_word' id='word_1_715' title='bbox 2719 4456 2991 4534; x_wconf 73' lang='lat' dir='ltr'><strong>aliorum,</strong></span> <span class='ocrx_word' id='word_1_716' title='bbox 3025 4458 3082 4511; x_wconf 90' lang='lat' dir='ltr'><strong>et</strong></span> <span class='ocrx_word' id='word_1_717' title='bbox 3106 4472 3278 4534; x_wconf 86' lang='lat' dir='ltr'><strong>suam</strong></span> <span class='ocrx_word' id='word_1_718' title='bbox 3311 4456 3957 4534; x_wconf 35' lang='lat' dir='ltr'><strong>compositorum-ra-</strong></span> 
     </span>
    </p>
   </div>
   <div class='ocr_carea' id='block_1_63' title="bbox 474 4527 3954 4602">
    <p class='ocr_par' dir='ltr' id='par_1_63' title="bbox 474 4527 3954 4602">
     <span class='ocr_line' id='line_1_64' title="bbox 474 4527 3954 4602; baseline -0.001 -15"><span class='ocrx_word' id='word_1_719' title='bbox 474 4527 543 4588; x_wconf 76' lang='lat' dir='ltr'><strong>se</strong></span> <span class='ocrx_word' id='word_1_720' title='bbox 560 4533 802 4588; x_wconf 90' lang='lat' dir='ltr'><strong>vertitin</strong></span> <span class='ocrx_word' id='word_1_721' title='bbox 826 4527 1088 4602; x_wconf 70' lang='lat' dir='ltr'><strong>omnés,»</strong></span> <span class='ocrx_word' id='word_1_722' title='bbox 1107 4532 1381 4586; x_wconf 90' lang='lat' dir='ltr'><strong>nimirum</strong></span> <span class='ocrx_word' id='word_1_723' title='bbox 1401 4527 1851 4586; x_wconf 71' lang='lat' dir='ltr'><strong>conversionem</strong></span> <span class='ocrx_word' id='word_1_724' title='bbox 1867 4531 2136 4602; x_wconf 90' lang='lat' dir='ltr'><strong>corporis</strong></span> <span class='ocrx_word' id='word_1_725' title='bbox 2167 4527 2207 4534; x_wconf 57' lang='grc'>⁷</span> <span class='ocrx_word' id='word_1_726' title='bbox 2250 4529 2468 4583; x_wconf 90' lang='lat' dir='ltr'><strong>tionem</strong></span> <span class='ocrx_word' id='word_1_727' title='bbox 2500 4527 2793 4602; x_wconf 72' lang='lat' dir='ltr'><strong>nusquam</strong></span> <span class='ocrx_word' id='word_1_728' title='bbox 2822 4527 3156 4602; x_wconf 75' lang='lat' dir='ltr'><strong>deponunt;</strong></span> <span class='ocrx_word' id='word_1_729' title='bbox 3189 4543 3321 4602; x_wconf 76' lang='lat' dir='ltr'><strong>nec,</strong></span> <span class='ocrx_word' id='word_1_730' title='bbox 3349 4533 3424 4583; x_wconf 90' lang='lat' dir='ltr'><strong>ut</strong></span> <span class='ocrx_word' id='word_1_731' title='bbox 3477 4527 3767 4586; x_wconf 70' lang='lat' dir='ltr'><strong>maxime</strong></span> <span class='ocrx_word' id='word_1_732' title='bbox 3814 4528 3954 4602; x_wconf 59' lang='lat' dir='ltr'><strong>illam</strong></span> 
     </span>
    </p>
   </div>
   <div class='ocr_carea' id='block_1_64' title="bbox 474 4597 3953 4676">
    <p class='ocr_par' dir='ltr' id='par_1_64' title="bbox 474 4597 3953 4676">
     <span class='ocr_line' id='line_1_65' title="bbox 474 4597 3953 4676; baseline -0.002 -18"><span class='ocrx_word' id='word_1_733' title='bbox 474 4602 534 4658; x_wconf 91' lang='lat' dir='ltr'><strong>in</strong></span> <span class='ocrx_word' id='word_1_734' title='bbox 563 4603 741 4676; x_wconf 72' lang='lat' dir='ltr'><strong>aliam</strong></span> <span class='ocrx_word' id='word_1_735' title='bbox 774 4597 1115 4676; x_wconf 53' lang='lat' dir='ltr'><strong>formum&#39;et</strong></span> <span class='ocrx_word' id='word_1_736' title='bbox 1145 4604 1416 4676; x_wconf 79' lang='lat' dir='ltr'><strong>figuram.</strong></span> <span class='ocrx_word' id='word_1_737' title='bbox 1441 4602 1614 4676; x_wconf 34' lang='lat' dir='ltr'><strong>‘Huic</strong></span> <span class='ocrx_word' id='word_1_738' title='bbox 1657 4597 2132 4676; x_wconf 25' lang='lat' dir='ltr'><strong>Albertinus‘lib.</strong></span> <span class='ocrx_word' id='word_1_739' title='bbox 2250 4599 2600 4676; x_wconf 82' lang='lat' dir='ltr'><strong>ex_nant_,hic</strong></span> <span class='ocrx_word' id='word_1_740' title='bbox 2626 4597 2954 4676; x_wconf 39' lang='lat' dir='ltr'><strong>ulloAmodo</strong></span> <span class='ocrx_word' id='word_1_741' title='bbox 2985 4598 3300 4676; x_wconf 61' lang='lat' dir='ltr'><strong>faciuntad</strong></span> <span class='ocrx_word' id='word_1_742' title='bbox 3334 4603 3785 4676; x_wconf 71' lang='lat' dir='ltr'><strong>propositum.</strong></span> <span class='ocrx_word' id='word_1_743' title='bbox 3808 4597 3953 4676; x_wconf 71' lang='lat' dir='ltr'><strong>Nihil</strong></span> 
     </span>
    </p>
   </div>
   <div class='ocr_carea' id='block_1_65' title="bbox 472 4668 3956 4745">
    <p class='ocr_par' dir='ltr' id='par_1_65' title="bbox 472 4668 3956 4745">
     <span class='ocr_line' id='line_1_66' title="bbox 472 4668 3956 4745; baseline -0.002 -16"><span class='ocrx_word' id='word_1_744' title='bbox 472 4687 515 4730; x_wconf 84' lang='grc' dir='ltr'><strong>ιι</strong></span> <span class='ocrx_word' id='word_1_745' title='bbox 547 4675 634 4729; x_wconf 84' lang='lat' dir='ltr'><strong>De</strong></span> <span class='ocrx_word' id='word_1_746' title='bbox 654 4691 886 4729; x_wconf 79' lang='lat' dir='ltr'><strong>sacram</strong></span> <span class='ocrx_word' id='word_1_747' title='bbox 918 4668 1564 4744; x_wconf 47' lang='lat' dir='ltr'><strong>Eucharjespondere</strong></span> <span class='ocrx_word' id='word_1_748' title='bbox 1596 4675 1959 4745; x_wconf 88' lang='lat' dir='ltr'><strong>conatus,ait</strong></span> <span class='ocrx_word' id='word_1_749' title='bbox 1987 4673 2137 4727; x_wconf 90' lang='lat' dir='ltr'><strong>duas</strong></span> <span class='ocrx_word' id='word_1_750' title='bbox 2247 4670 2555 4745; x_wconf 69' lang='lat' dir='ltr'><strong>igiturhic</strong></span> <span class='ocrx_word' id='word_1_751' title='bbox 2587 4668 2961 4745; x_wconf 64' lang='lat' dir='ltr'><strong>significatur</strong></span> <span class='ocrx_word' id='word_1_752' title='bbox 2988 4669 3063 4724; x_wconf 89' lang='lat' dir='ltr'><strong>ab</strong></span> <span class='ocrx_word' id='word_1_753' title='bbox 3098 4668 3645 4745; x_wconf 47' lang='lat' dir='ltr'><strong>Ambrosiofnisi</strong></span> <span class='ocrx_word' id='word_1_754' title='bbox 3669 4671 3956 4745; x_wconf 81' lang='lat' dir='ltr'><strong>quodha-</strong></span> 
     </span>
    </p>
   </div>
   <div class='ocr_carea' id='block_1_66' title="bbox 475 4740 3956 4828">
    <p class='ocr_par' dir='ltr' id='par_1_66' title="bbox 475 4740 3956 4828">
     <span class='ocr_line' id='line_1_67' title="bbox 475 4740 3956 4828; baseline -0.001 -29"><span class='ocrx_word' id='word_1_755' title='bbox 475 4745 624 4828; x_wconf 73' lang='lat' dir='ltr'><strong>alias</strong></span> <span class='ocrx_word' id='word_1_756' title='bbox 672 4746 875 4828; x_wconf 43' lang='lat' dir='ltr'><strong>hujus.</strong></span> <span class='ocrx_word' id='word_1_757' title='bbox 911 4746 1080 4828; x_wconf 74' lang='lat' dir='ltr'><strong>verbi</strong></span> <span class='ocrx_word' id='word_1_758' title='bbox 1112 4740 1595 4828; x_wconf 45' lang='lat' dir='ltr'><strong>significationes.</strong></span> <span class='ocrx_word' id='word_1_759' title='bbox 1614 4744 1801 4827; x_wconf 72' lang='lat' dir='ltr'><strong>adjici</strong></span> <span class='ocrx_word' id='word_1_760' title='bbox 1837 4740 2039 4828; x_wconf 67' lang='lat' dir='ltr'><strong>posse.</strong></span> <span class='ocrx_word' id='word_1_761' title='bbox 2066 4745 2140 4828; x_wconf 79' lang='lat' dir='ltr'><strong>At</strong></span> <span class='ocrx_word' id='word_1_762' title='bbox 2247 4740 2541 4828; x_wconf 44' lang='lat' dir='ltr'><strong>bsturlib.</strong></span> <span class='ocrx_word' id='word_1_763' title='bbox 2575 4740 2671 4796; x_wconf 73' lang='lat' dir='ltr'><strong>De</strong></span> <span class='ocrx_word' id='word_1_764' title='bbox 2690 4740 2960 4828; x_wconf 53' lang='grc' dir='ltr'><strong>Μμιωλἒ</strong></span> <span class='ocrx_word' id='word_1_765' title='bbox 2987 4756 3116 4828; x_wconf 75' lang='lat' dir='ltr'><strong>cap.</strong></span> <span class='ocrx_word' id='word_1_766' title='bbox 3137 4740 3380 4828; x_wconf 34' lang='grc' dir='ltr'><strong>θέτο.βῦ</strong></span> <span class='ocrx_word' id='word_1_767' title='bbox 3409 4759 3424 4799; x_wconf 93' lang='lat'>:</span> <span class='ocrx_word' id='word_1_768' title='bbox 3450 4740 3484 4793; x_wconf 29' lang='lat' dir='ltr'><strong>‘c</strong></span> <span class='ocrx_word' id='word_1_769' title='bbox 3530 4740 3956 4828; x_wconf 72' lang='lat' dir='ltr'><strong>Benedictione</strong></span> 
     </span>
    </p>
   </div>
   <div class='ocr_carea' id='block_1_67' title="bbox 478 4811 3956 4888">
    <p class='ocr_par' dir='ltr' id='par_1_67' title="bbox 478 4811 3956 4888">
     <span class='ocr_line' id='line_1_68' title="bbox 478 4811 3956 4888; baseline -0.001 -17"><span class='ocrx_word' id='word_1_770' title='bbox 478 4815 572 4888; x_wconf 75' lang='lat' dir='ltr'><strong>lue</strong></span> <span class='ocrx_word' id='word_1_771' title='bbox 602 4811 841 4872; x_wconf 74' lang='lat' dir='ltr'><strong>causam</strong></span> <span class='ocrx_word' id='word_1_772' title='bbox 860 4817 1052 4888; x_wconf 91' lang='lat' dir='ltr'><strong>ipsius</strong></span> <span class='ocrx_word' id='word_1_773' title='bbox 1073 4811 1903 4888; x_wconf 61' lang='lat' dir='ltr'><strong>nihiladjuvant.Nam&#39;primo</strong></span> <span class='ocrx_word' id='word_1_774' title='bbox 1923 4815 2141 4888; x_wconf 84' lang='lat' dir='ltr'><strong>indicat</strong></span> <span class='ocrx_word' id='word_1_775' title='bbox 2246 4813 2420 4869; x_wconf 87' lang='lat' dir='ltr'><strong>etiam</strong></span> <span class='ocrx_word' id='word_1_776' title='bbox 2460 4813 2588 4888; x_wconf 81' lang='lat' dir='ltr'><strong>ipsa</strong></span> <span class='ocrx_word' id='word_1_777' title='bbox 2610 4811 2815 4888; x_wconf 81' lang='lat' dir='ltr'><strong>natura</strong></span> <span class='ocrx_word' id='word_1_778' title='bbox 2844 4815 3119 4888; x_wconf 73' lang='lat' dir='ltr'><strong>mutatur.</strong></span> <span class='ocrx_word' id='word_1_779' title='bbox 3160 4811 3310 4888; x_wconf 71' lang='lat' dir='ltr'><strong>Nam</strong></span> <span class='ocrx_word' id='word_1_780' title='bbox 3352 4836 3393 4888; x_wconf 60' lang='grc' dir='ltr'><strong>ει⁸</strong></span> <span class='ocrx_word' id='word_1_781' title='bbox 3415 4831 3643 4871; x_wconf 67' lang='lat' dir='ltr'><strong>sacrae</strong></span> <span class='ocrx_word' id='word_1_782' title='bbox 3677 4812 3956 4888; x_wconf 82' lang='lat' dir='ltr'><strong>orationis</strong></span> 
     </span>
    </p>
   </div>
   <div class='ocr_carea' id='block_1_68' title="bbox 2245 4882 3956 4958">
    <p class='ocr_par' dir='ltr' id='par_1_68' title="bbox 2245 4882 3956 4958">
     <span class='ocr_line' id='line_1_69' title="bbox 2245 4882 3956 4958; baseline -0.001 -21"><span class='ocrx_word' id='word_1_783' title='bbox 2245 4882 2591 4958; x_wconf 75' lang='lat' dir='ltr'><strong>mysterium</strong></span> <span class='ocrx_word' id='word_1_784' title='bbox 2628 4883 2963 4958; x_wconf 75' lang='lat' dir='ltr'><strong>-_idem_est</strong></span> <span class='ocrx_word' id='word_1_785' title='bbox 2982 4899 3053 4937; x_wconf 92' lang='lat' dir='ltr'><strong>ac</strong></span> <span class='ocrx_word' id='word_1_786' title='bbox 3083 4882 3475 4958; x_wconf 77' lang='lat' dir='ltr'><strong>benedictio,</strong></span> <span class='ocrx_word' id='word_1_787' title='bbox 3496 4889 3718 4958; x_wconf 83' lang='lat' dir='ltr'><strong>etipsa</strong></span> <span class='ocrx_word' id='word_1_788' title='bbox 3744 4882 3956 4942; x_wconf 85' lang='lat' dir='ltr'><strong>Domini</strong></span> 
     </span>
    </p>
   </div>
   <div class='ocr_carea' id='block_1_69' title="bbox 2242 4954 3371 5026">
    <p class='ocr_par' dir='ltr' id='par_1_69' title="bbox 2242 4954 3371 5026">
     <span class='ocr_line' id='line_1_70' title="bbox 2242 4954 3371 5026; baseline -0.001 -17"><span class='ocrx_word' id='word_1_789' title='bbox 2242 4954 2426 5010; x_wconf 84' lang='lat' dir='ltr'><strong>verba</strong></span> <span class='ocrx_word' id='word_1_790' title='bbox 2452 4971 2465 5011; x_wconf 88' lang='lat'><strong>:</strong></span> <span class='ocrx_word' id='word_1_791' title='bbox 2501 4971 2615 5026; x_wconf 86' lang='lat' dir='ltr'><strong>qua</strong></span> <span class='ocrx_word' id='word_1_792' title='bbox 2634 4955 2719 5026; x_wconf 13' lang='lat' dir='ltr'><strong>ide</strong></span> <span class='ocrx_word' id='word_1_793' title='bbox 2750 4970 2814 5011; x_wconf 88' lang='lat' dir='ltr'><strong>re</strong></span> <span class='ocrx_word' id='word_1_794' title='bbox 2846 4954 3065 5009; x_wconf 90' lang='lat' dir='ltr'><strong>ibidem</strong></span> <span class='ocrx_word' id='word_1_795' title='bbox 3087 4969 3248 5026; x_wconf 79' lang='lat' dir='ltr'><strong>num.</strong></span> <span class='ocrx_word' id='word_1_796' title='bbox 3269 4954 3371 5009; x_wconf 77' lang='grc'><strong>52.</strong></span> 
     </span>
    </p>
   </div>
   <div class='ocr_carea' id='block_1_70' title="bbox 2313 5023 3953 5096">
    <p class='ocr_par' dir='ltr' id='par_1_70' title="bbox 2313 5023 3953 5096">
     <span class='ocr_line' id='line_1_71' title="bbox 2313 5023 3953 5096; baseline 0.001 -15"><span class='ocrx_word' id='word_1_797' title='bbox 2313 5026 2428 5096; x_wconf 87' lang='lat'><strong>(49)</strong></span> <span class='ocrx_word' id='word_1_798' title='bbox 2451 5023 2690 5081; x_wconf 82' lang='lat' dir='ltr'><strong>Amerb.</strong></span> <span class='ocrx_word' id='word_1_799' title='bbox 2722 5029 2779 5081; x_wconf 93' lang='lat' dir='ltr'><strong>et</strong></span> <span class='ocrx_word' id='word_1_800' title='bbox 2814 5026 2981 5081; x_wconf 81' lang='lat' dir='ltr'><strong>Eras.</strong></span> <span class='ocrx_word' id='word_1_801' title='bbox 3020 5047 3042 5075; x_wconf 78' lang='grc' dir='ltr'>ι</span> <span class='ocrx_word' id='word_1_802' title='bbox 3075 5023 3221 5096; x_wconf 86' lang='lat' dir='ltr'><strong>Quis</strong></span> <span class='ocrx_word' id='word_1_803' title='bbox 3252 5029 3477 5082; x_wconf 86' lang='lat' dir='ltr'><strong>autem</strong></span> <span class='ocrx_word' id='word_1_804' title='bbox 3505 5030 3762 5086; x_wconf 88' lang='lat' dir='ltr'><strong>missus</strong></span> <span class='ocrx_word' id='word_1_805' title='bbox 3784 5031 3908 5093; x_wconf 85' lang='lat' dir='ltr'><strong>est;</strong></span> <span class='ocrx_word' id='word_1_806' title='bbox 3942 5050 3953 5071; x_wconf 82' lang='grc' dir='ltr'>ι</span> 
     </span>
    </p>
   </div>
   <div class='ocr_carea' id='block_1_71' title="bbox 2240 5095 3954 5169">
    <p class='ocr_par' dir='ltr' id='par_1_71' title="bbox 2240 5095 3954 5169">
     <span class='ocr_line' id='line_1_72' title="bbox 2240 5095 3954 5169; baseline -0.001 -17"><span class='ocrx_word' id='word_1_807' title='bbox 2240 5095 2373 5152; x_wconf 80' lang='lat' dir='ltr'><strong>aliae</strong></span> <span class='ocrx_word' id='word_1_808' title='bbox 2395 5097 2532 5153; x_wconf 91' lang='lat' dir='ltr'><strong>edit.</strong></span> <span class='ocrx_word' id='word_1_809' title='bbox 2563 5114 2633 5169; x_wconf 57' lang='grc' dir='ltr'><strong>δε</strong></span> <span class='ocrx_word' id='word_1_810' title='bbox 2664 5112 2873 5151; x_wconf 90' lang='lat' dir='ltr'><strong>omnes</strong></span> <span class='ocrx_word' id='word_1_811' title='bbox 2903 5112 3142 5169; x_wconf 7' lang='lat' dir='ltr'><strong>mss.,_«g</strong></span> <span class='ocrx_word' id='word_1_812' title='bbox 3171 5095 3361 5161; x_wconf 89' lang='lat' dir='ltr'><strong>Quasi</strong></span> <span class='ocrx_word' id='word_1_813' title='bbox 3402 5101 3567 5169; x_wconf 88' lang='lat' dir='ltr'><strong>quis</strong></span> <span class='ocrx_word' id='word_1_814' title='bbox 3590 5106 3799 5156; x_wconf 80' lang='lat' dir='ltr'><strong>autem</strong></span> <span class='ocrx_word' id='word_1_815' title='bbox 3833 5099 3954 5153; x_wconf 63' lang='lat' dir='ltr'><strong>mis</strong></span> 
     </span>
    </p>
   </div>
   <div class='ocr_carea' id='block_1_72' title="bbox 2240 5167 3954 5241">
    <p class='ocr_par' dir='ltr' id='par_1_72' title="bbox 2240 5167 3954 5241">
     <span class='ocr_line' id='line_1_73' title="bbox 2240 5167 3954 5241; baseline 0.001 -17"><span class='ocrx_word' id='word_1_816' title='bbox 2240 5185 2350 5224; x_wconf 92' lang='lat' dir='ltr'><strong>sus</strong></span> <span class='ocrx_word' id='word_1_817' title='bbox 2380 5172 2492 5241; x_wconf 87' lang='lat' dir='ltr'><strong>est.</strong></span> <span class='ocrx_word' id='word_1_818' title='bbox 2522 5191 2551 5241; x_wconf 76' lang='lat' dir='ltr'><strong>u_</strong></span> <span class='ocrx_word' id='word_1_819' title='bbox 2579 5167 2800 5240; x_wconf 87' lang='lat' dir='ltr'><strong>Excipe</strong></span> <span class='ocrx_word' id='word_1_820' title='bbox 2819 5167 3279 5241; x_wconf 13' lang='lat' dir='ltr'><strong>tamengultimas</strong></span> <span class='ocrx_word' id='word_1_821' title='bbox 3301 5167 3471 5224; x_wconf 78' lang='lat' dir='ltr'><strong>edit.</strong></span> <span class='ocrx_word' id='word_1_822' title='bbox 3512 5172 3708 5228; x_wconf 85' lang='lat' dir='ltr'><strong>Paris</strong></span> <span class='ocrx_word' id='word_1_823' title='bbox 3731 5171 3835 5226; x_wconf 87' lang='lat' dir='ltr'><strong>ubi</strong></span> <span class='ocrx_word' id='word_1_824' title='bbox 3866 5182 3954 5241; x_wconf 77' lang='lat' dir='ltr'><strong>pro</strong></span> 
     </span>
    </p>
   </div>
   <div class='ocr_carea' id='block_1_73' title="bbox 2242 5238 3954 5317">
    <p class='ocr_par' dir='ltr' id='par_1_73' title="bbox 2242 5238 3954 5317">
     <span class='ocr_line' id='line_1_74' title="bbox 2242 5238 3954 5317; baseline -0.001 -23"><span class='ocrx_word' id='word_1_825' title='bbox 2242 5241 2410 5317; x_wconf 66' lang='lat' dir='ltr'><strong>quasi</strong></span> <span class='ocrx_word' id='word_1_826' title='bbox 2437 5239 2655 5317; x_wconf 78' lang='lat' dir='ltr'><strong>legitur</strong></span> <span class='ocrx_word' id='word_1_827' title='bbox 2685 5238 2982 5317; x_wconf 72' lang='lat' dir='ltr'><strong>quomodo.</strong></span> <span class='ocrx_word' id='word_1_828' title='bbox 3017 5238 3169 5317; x_wconf 64' lang='lat' dir='ltr'><strong>Male</strong></span> <span class='ocrx_word' id='word_1_829' title='bbox 3200 5253 3213 5294; x_wconf 89' lang='lat'><strong>:</strong></span> <span class='ocrx_word' id='word_1_830' title='bbox 3256 5243 3359 5293; x_wconf 89' lang='lat' dir='ltr'><strong>est</strong></span> <span class='ocrx_word' id='word_1_831' title='bbox 3404 5244 3591 5317; x_wconf 79' lang='lat' dir='ltr'><strong>enim</strong></span> <span class='ocrx_word' id='word_1_832' title='bbox 3632 5246 3815 5317; x_wconf 73' lang='lat' dir='ltr'><strong>quasi</strong></span> <span class='ocrx_word' id='word_1_833' title='bbox 3844 5238 3954 5311; x_wconf 62' lang='lat' dir='ltr'><strong>qui:</strong></span> 
     </span>
    </p>
   </div>
   <div class='ocr_carea' id='block_1_74' title="bbox 474 5309 3952 5394">
    <p class='ocr_par' dir='ltr' id='par_1_74' title="bbox 474 5309 3952 5394">
     <span class='ocr_line' id='line_1_75' title="bbox 474 5309 3952 5394; baseline -0.001 -25"><span class='ocrx_word' id='word_1_834' title='bbox 474 5309 619 5369; x_wconf 82' lang='lat' dir='ltr'><strong>illud</strong></span> <span class='ocrx_word' id='word_1_835' title='bbox 673 5315 992 5394; x_wconf 46' lang='lat' dir='ltr'><strong>ultimum“:</strong></span> <span class='ocrx_word' id='word_1_836' title='bbox 1045 5330 1199 5394; x_wconf 82' lang='lat' dir='ltr'><strong>nam,</strong></span> <span class='ocrx_word' id='word_1_837' title='bbox 1242 5319 1633 5394; x_wconf 51' lang='lat' dir='ltr'><strong>praeterquam</strong></span> <span class='ocrx_word' id='word_1_838' title='bbox 1657 5314 1831 5394; x_wconf 80' lang='lat' dir='ltr'><strong>quod</strong></span> <span class='ocrx_word' id='word_1_839' title='bbox 1864 5317 1987 5394; x_wconf 81' lang='lat' dir='ltr'><strong>erat</strong></span> <span class='ocrx_word' id='word_1_840' title='bbox 2014 5312 2139 5383; x_wconf 86' lang='lat' dir='ltr'><strong>jam</strong></span> <span class='ocrx_word' id='word_1_841' title='bbox 2240 5309 2394 5367; x_wconf 87' lang='lat' dir='ltr'><strong>idem</strong></span> <span class='ocrx_word' id='word_1_842' title='bbox 2424 5309 2890 5394; x_wconf 41' lang='lat' dir='ltr'><strong>atquein—cujus</strong></span> <span class='ocrx_word' id='word_1_843' title='bbox 2913 5309 3247 5394; x_wconf 71' lang='lat' dir='ltr'><strong>conditian</strong></span> <span class='ocrx_word' id='word_1_844' title='bbox 3276 5325 3356 5365; x_wconf 88' lang='lat' dir='ltr'><strong>ac</strong></span> <span class='ocrx_word' id='word_1_845' title='bbox 3395 5309 3701 5394; x_wconf 68' lang='lat' dir='ltr'><strong>nomine.</strong></span> <span class='ocrx_word' id='word_1_846' title='bbox 3750 5309 3952 5394; x_wconf 71' lang='lat' dir='ltr'><strong>lterum</strong></span> 
     </span>
    </p>
   </div>
   <div class='ocr_carea' id='block_1_75' title="bbox 470 5380 3952 5523">
    <p class='ocr_par' dir='ltr' id='par_1_75' title="bbox 470 5380 3952 5523">
     <span class='ocr_line' id='line_1_76' title="bbox 474 5380 3952 5458; baseline -0 -20"><span class='ocrx_word' id='word_1_847' title='bbox 474 5402 505 5438; x_wconf 73' lang='grc' dir='ltr'>(ι</span> <span class='ocrx_word' id='word_1_848' title='bbox 552 5402 695 5455; x_wconf 84' lang='lat' dir='ltr'><strong>rpus</strong></span> <span class='ocrx_word' id='word_1_849' title='bbox 726 5385 1117 5458; x_wconf 72' lang='lat' dir='ltr'><strong>symbolicum</strong></span> <span class='ocrx_word' id='word_1_850' title='bbox 1151 5380 1209 5440; x_wconf 87' lang='lat' dir='ltr'><strong>in</strong></span> <span class='ocrx_word' id='word_1_851' title='bbox 1227 5380 1526 5457; x_wconf 77' lang='lat' dir='ltr'><strong>antitypis,</strong></span> <span class='ocrx_word' id='word_1_852' title='bbox 1549 5380 1770 5441; x_wconf 80' lang='lat' dir='ltr'><strong>certum</strong></span> <span class='ocrx_word' id='word_1_853' title='bbox 1795 5389 1885 5440; x_wconf 90' lang='lat' dir='ltr'><strong>est</strong></span> <span class='ocrx_word' id='word_1_854' title='bbox 1902 5380 2140 5454; x_wconf 74' lang='lat' dir='ltr'><strong>semper</strong></span> <span class='ocrx_word' id='word_1_855' title='bbox 2240 5398 2382 5437; x_wconf 88' lang='lat' dir='ltr'><strong>vero</strong></span> <span class='ocrx_word' id='word_1_856' title='bbox 2412 5380 2513 5437; x_wconf 90' lang='lat' dir='ltr'><strong>ubi</strong></span> <span class='ocrx_word' id='word_1_857' title='bbox 2546 5382 2707 5450; x_wconf 90' lang='lat' dir='ltr'><strong>edit.,</strong></span> <span class='ocrx_word' id='word_1_858' title='bbox 2742 5398 2873 5437; x_wconf 82' lang='lat' dir='ltr'><strong>cum</strong></span> <span class='ocrx_word' id='word_1_859' title='bbox 2906 5397 3022 5436; x_wconf 88' lang='lat' dir='ltr'><strong>uno</strong></span> <span class='ocrx_word' id='word_1_860' title='bbox 3052 5380 3144 5435; x_wconf 90' lang='lat' dir='ltr'><strong>vel</strong></span> <span class='ocrx_word' id='word_1_861' title='bbox 3176 5380 3371 5436; x_wconf 88' lang='lat' dir='ltr'><strong>altero</strong></span> <span class='ocrx_word' id='word_1_862' title='bbox 3399 5399 3606 5453; x_wconf 72' lang='grc' dir='ltr'><strong>ωδε..</strong></span> <span class='ocrx_word' id='word_1_863' title='bbox 3631 5386 3795 5443; x_wconf 80' lang='lat' dir='ltr'><strong>sicut</strong></span> <span class='ocrx_word' id='word_1_864' title='bbox 3822 5385 3952 5457; x_wconf 66' lang='lat' dir='ltr'><strong>ipse,</strong></span> 
     </span>
     <span class='ocr_line' id='line_1_77' title="bbox 470 5402 3952 5523; baseline -0.001 -11"><span class='ocrx_word' id='word_1_865' title='bbox 470 5402 672 5512; x_wconf 53' lang='lat' dir='ltr'><strong>{grani</strong></span> <span class='ocrx_word' id='word_1_866' title='bbox 694 5458 947 5523; x_wconf 90' lang='lat' dir='ltr'><strong>aliquam</strong></span> <span class='ocrx_word' id='word_1_867' title='bbox 971 5456 1842 5523; x_wconf 86' lang='lat' dir='ltr'><strong>conversionemindicari,sive</strong></span> <span class='ocrx_word' id='word_1_868' title='bbox 1862 5456 2139 5511; x_wconf 76' lang='lat' dir='ltr'><strong>substan-</strong></span> <span class='ocrx_word' id='word_1_869' title='bbox 2244 5455 2415 5509; x_wconf 77' lang='lat' dir='ltr'><strong>Rom.</strong></span> <span class='ocrx_word' id='word_1_870' title='bbox 2441 5453 2603 5520; x_wconf 90' lang='lat' dir='ltr'><strong>edit.,</strong></span> <span class='ocrx_word' id='word_1_871' title='bbox 2640 5474 2663 5502; x_wconf 74' lang='grc' dir='ltr'><strong>α</strong></span> <span class='ocrx_word' id='word_1_872' title='bbox 2701 5454 2850 5523; x_wconf 88' lang='lat' dir='ltr'><strong>ipsa,</strong></span> <span class='ocrx_word' id='word_1_873' title='bbox 2875 5468 3053 5523; x_wconf 85' lang='lat' dir='ltr'><strong>supra</strong></span> <span class='ocrx_word' id='word_1_874' title='bbox 3085 5452 3374 5523; x_wconf 81' lang='lat' dir='ltr'><strong>patientia</strong></span> <span class='ocrx_word' id='word_1_875' title='bbox 3401 5469 3420 5523; x_wconf 87' lang='lat'><strong>;</strong></span> <span class='ocrx_word' id='word_1_876' title='bbox 3455 5478 3481 5503; x_wconf 67' lang='grc' dir='ltr'><strong><em>ι</em></strong></span> <span class='ocrx_word' id='word_1_877' title='bbox 3508 5458 3740 5523; x_wconf 76' lang='lat' dir='ltr'><strong>plures</strong></span> <span class='ocrx_word' id='word_1_878' title='bbox 3759 5457 3952 5523; x_wconf 71' lang='lat' dir='ltr'><strong>proba</strong></span> 
     </span>
    </p>
   </div>
   <div class='ocr_carea' id='block_1_76' title="bbox 471 5471 3796 5605">
    <p class='ocr_par' dir='ltr' id='par_1_76' title="bbox 471 5471 3796 5605">
     <span class='ocr_line' id='line_1_78' title="bbox 471 5471 3796 5530; baseline -0.003 -18"><span class='ocrx_word' id='word_1_879' title='bbox 471 5471 672 5512; x_wconf 90' lang='lat' dir='ltr'><strong>veram</strong></span> <span class='ocrx_word' id='word_1_880' title='bbox 694 5471 947 5529; x_wconf 76' lang='lat' dir='ltr'><strong>aliquam</strong></span> <span class='ocrx_word' id='word_1_881' title='bbox 971 5471 1842 5523; x_wconf 67' lang='lat' dir='ltr'><strong>conversronemmarcan,swe</strong></span> <span class='ocrx_word' id='word_1_882' title='bbox 1862 5471 2139 5511; x_wconf 70' lang='lat' dir='ltr'><strong>sunsran-</strong></span> <span class='ocrx_word' id='word_1_883' title='bbox 2244 5471 2415 5509; x_wconf 76' lang='lat' dir='ltr'><strong>nom.</strong></span> <span class='ocrx_word' id='word_1_884' title='bbox 2441 5471 2603 5520; x_wconf 74' lang='lat' dir='ltr'><strong>edit.,</strong></span> <span class='ocrx_word' id='word_1_885' title='bbox 2640 5474 2663 5502; x_wconf 74' lang='grc' dir='ltr'><strong>α</strong></span> <span class='ocrx_word' id='word_1_886' title='bbox 2701 5471 2850 5523; x_wconf 79' lang='lat' dir='ltr'><strong>ipsa,</strong></span> <span class='ocrx_word' id='word_1_887' title='bbox 2875 5471 3053 5523; x_wconf 87' lang='lat' dir='ltr'><strong>supra</strong></span> <span class='ocrx_word' id='word_1_888' title='bbox 3085 5471 3374 5522; x_wconf 71' lang='lat' dir='ltr'><strong>pauentia</strong></span> <span class='ocrx_word' id='word_1_889' title='bbox 3401 5471 3420 5523; x_wconf 86' lang='lat'><strong>;</strong></span> <span class='ocrx_word' id='word_1_890' title='bbox 3455 5478 3481 5503; x_wconf 68' lang='grc' dir='ltr'><strong>ι</strong></span> <span class='ocrx_word' id='word_1_891' title='bbox 3508 5471 3740 5526; x_wconf 67' lang='lat' dir='ltr'><strong>pun-es</strong></span> <span class='ocrx_word' id='word_1_892' title='bbox 3758 5475 3796 5530; x_wconf 76' lang='grc' dir='ltr'>ρ</span> 
     </span>
     <span class='ocr_line' id='line_1_79' title="bbox 471 5522 3781 5605; baseline -0.002 -21"><span class='ocrx_word' id='word_1_893' title='bbox 471 5529 591 5605; x_wconf 58' lang='lat' dir='ltr'><strong>tiae,</strong></span> <span class='ocrx_word' id='word_1_894' title='bbox 611 5530 677 5605; x_wconf 88' lang='lat' dir='ltr'><strong>_si</strong></span> <span class='ocrx_word' id='word_1_895' title='bbox 707 5529 778 5584; x_wconf 91' lang='lat' dir='ltr'><strong>de</strong></span> <span class='ocrx_word' id='word_1_896' title='bbox 809 5529 1138 5605; x_wconf 77' lang='lat' dir='ltr'><strong>substantia</strong></span> <span class='ocrx_word' id='word_1_897' title='bbox 1152 5532 1415 5605; x_wconf 77' lang='lat' dir='ltr'><strong>_agatur:</strong></span> <span class='ocrx_word' id='word_1_898' title='bbox 1452 5527 1958 5605; x_wconf 67' lang='lat' dir='ltr'><strong>siveaccidentis,</strong></span> <span class='ocrx_word' id='word_1_899' title='bbox 1985 5531 2048 5581; x_wconf 92' lang='lat' dir='ltr'><strong>ut</strong></span> <span class='ocrx_word' id='word_1_900' title='bbox 2077 5526 2135 5581; x_wconf 91' lang='lat' dir='ltr'><strong>in</strong></span> <span class='ocrx_word' id='word_1_901' title='bbox 2237 5526 2539 5605; x_wconf 55' lang='lat' dir='ltr'><strong>tionesque</strong></span> <span class='ocrx_word' id='word_1_902' title='bbox 2571 5540 2716 5605; x_wconf 58' lang='lat' dir='ltr'><strong>mss.</strong></span> <span class='ocrx_word' id='word_1_903' title='bbox 2742 5525 3013 5605; x_wconf 76' lang='lat' dir='ltr'><strong>omittunt</strong></span> <span class='ocrx_word' id='word_1_904' title='bbox 3042 5522 3367 5605; x_wconf 61' lang='lat' dir='ltr'><strong>sapientia.</strong></span> <span class='ocrx_word' id='word_1_905' title='bbox 3470 5597 3498 5605; x_wconf 79' lang='lat'><strong>_</strong></span> <span class='ocrx_word' id='word_1_906' title='bbox 3763 5597 3781 5605; x_wconf 80' lang='lat'><strong><em>_</em></strong></span> 
     </span>
    </p>
   </div>
   <div class='ocr_carea' id='block_1_77' title="bbox 472 5595 3950 5671">
    <p class='ocr_par' dir='ltr' id='par_1_77' title="bbox 472 5595 3950 5671">
     <span class='ocr_line' id='line_1_80' title="bbox 472 5595 3950 5671; baseline -0.001 -16"><span class='ocrx_word' id='word_1_907' title='bbox 472 5599 741 5671; x_wconf 88' lang='lat' dir='ltr'><strong>Pliniano</strong></span> <span class='ocrx_word' id='word_1_908' title='bbox 800 5601 1091 5671; x_wconf 88' lang='lat' dir='ltr'><strong>exemplo.</strong></span> <span class='ocrx_word' id='word_1_909' title='bbox 1147 5595 1480 5671; x_wconf 58' lang='lat' dir='ltr'><strong>Se&#39;cundam</strong></span> <span class='ocrx_word' id='word_1_910' title='bbox 1508 5602 1702 5653; x_wconf 88' lang='lat' dir='ltr'><strong>autem</strong></span> <span class='ocrx_word' id='word_1_911' title='bbox 1732 5598 2137 5671; x_wconf 83' lang='lat' dir='ltr'><strong>acceptionem</strong></span> <span class='ocrx_word' id='word_1_912' title='bbox 2263 5667 2273 5671; x_wconf 84' lang='lat'><em>_</em></span> <span class='ocrx_word' id='word_1_913' title='bbox 2308 5597 2421 5667; x_wconf 88' lang='grc'>(50)</span> <span class='ocrx_word' id='word_1_914' title='bbox 2444 5595 2601 5651; x_wconf 78' lang='lat' dir='ltr'><strong>Mss.</strong></span> <span class='ocrx_word' id='word_1_915' title='bbox 2637 5595 2879 5667; x_wconf 89' lang='lat' dir='ltr'><strong>aliquot,</strong></span> <span class='ocrx_word' id='word_1_916' title='bbox 2914 5595 3339 5666; x_wconf 86' lang='lat' dir='ltr'><strong>pr0prietatem</strong></span> <span class='ocrx_word' id='word_1_917' title='bbox 3378 5597 3649 5656; x_wconf 76' lang='lat' dir='ltr'><strong>referre</strong></span> <span class='ocrx_word' id='word_1_918' title='bbox 3682 5597 3950 5656; x_wconf 29' lang='lat' dir='ltr'><strong>substan‘</strong></span> 
     </span>
    </p>
   </div>
   <div class='ocr_carea' id='block_1_78' title="bbox 472 5667 2413 5744">
    <p class='ocr_par' dir='ltr' id='par_1_78' title="bbox 472 5667 2413 5744">
     <span class='ocr_line' id='line_1_81' title="bbox 472 5667 2413 5744; baseline -0.002 -19"><span class='ocrx_word' id='word_1_919' title='bbox 472 5670 792 5744; x_wconf 77' lang='lat' dir='ltr'><strong>hanccsse</strong></span> <span class='ocrx_word' id='word_1_920' title='bbox 839 5667 999 5744; x_wconf 64' lang='lat' dir='ltr'><strong>dicit,</strong></span> <span class='ocrx_word' id='word_1_921' title='bbox 1032 5687 1148 5744; x_wconf 82' lang='lat' dir='ltr'><strong>qua</strong></span> <span class='ocrx_word' id='word_1_922' title='bbox 1189 5669 1859 5744; x_wconf 72' lang='lat' dir='ltr'><strong>compositumponitur</strong></span> <span class='ocrx_word' id='word_1_923' title='bbox 1888 5667 1998 5744; x_wconf 82' lang='lat' dir='ltr'><strong>pro</strong></span> <span class='ocrx_word' id='word_1_924' title='bbox 2023 5684 2135 5725; x_wconf 90' lang='lat' dir='ltr'><strong>suo</strong></span> <span class='ocrx_word' id='word_1_925' title='bbox 2234 5667 2352 5723; x_wconf 82' lang='lat' dir='ltr'><strong>tiae.</strong></span> <span class='ocrx_word' id='word_1_926' title='bbox 2392 5691 2413 5714; x_wconf 75' lang='grc' dir='ltr'><strong>»ο</strong></span> 
     </span>
    </p>
   </div>
   <div class='ocr_carea' id='block_1_79' title="bbox 471 5738 2132 5815">
    <p class='ocr_par' dir='ltr' id='par_1_79' title="bbox 471 5738 2132 5815">
     <span class='ocr_line' id='line_1_82' title="bbox 471 5738 2132 5815; baseline -0.001 -17"><span class='ocrx_word' id='word_1_927' title='bbox 471 5741 747 5813; x_wconf 82' lang='lat' dir='ltr'><strong>simplici,</strong></span> <span class='ocrx_word' id='word_1_928' title='bbox 779 5745 845 5798; x_wconf 89' lang='lat' dir='ltr'><strong>ut</strong></span> <span class='ocrx_word' id='word_1_929' title='bbox 898 5738 1070 5798; x_wconf 71' lang='lat' dir='ltr'><strong>idem&#39;</strong></span> <span class='ocrx_word' id='word_1_930' title='bbox 1090 5742 1169 5798; x_wconf 86' lang='lat' dir='ltr'><strong>sit</strong></span> <span class='ocrx_word' id='word_1_931' title='bbox 1223 5741 1283 5797; x_wconf 91' lang='lat' dir='ltr'><strong>in</strong></span> <span class='ocrx_word' id='word_1_932' title='bbox 1326 5738 1548 5815; x_wconf 78' lang='lat' dir='ltr'><strong>corpus</strong></span> <span class='ocrx_word' id='word_1_933' title='bbox 1587 5738 2021 5815; x_wconf 76' lang='lat' dir='ltr'><strong>transﬁgurari,</strong></span> <span class='ocrx_word' id='word_1_934' title='bbox 2064 5755 2132 5796; x_wconf 89' lang='lat' dir='ltr'><strong>ac</strong></span> 
     </span>
    </p>
   </div>
   <div class='ocr_carea' id='block_1_80' title="bbox 477 4958 2140 5030">
    <p class='ocr_par' dir='ltr' id='par_1_80' title="bbox 477 4958 2140 5030">
     <span class='ocr_line' id='line_1_83' title="bbox 477 4958 2140 5030; baseline -0.001 -19"><span class='ocrx_word' id='word_1_935' title='bbox 477 4958 549 5011; x_wconf 93' lang='lat' dir='ltr'><strong>de</strong></span> <span class='ocrx_word' id='word_1_936' title='bbox 566 4958 915 5029; x_wconf 68' lang='lat' dir='ltr'><strong>amygdalis,</strong></span> <span class='ocrx_word' id='word_1_937' title='bbox 938 4980 960 5009; x_wconf 74' lang='grc' dir='ltr'><strong>α</strong></span> <span class='ocrx_word' id='word_1_938' title='bbox 983 4975 1058 5014; x_wconf 85' lang='lat' dir='ltr'><strong>ex</strong></span> <span class='ocrx_word' id='word_1_939' title='bbox 1080 4959 1355 5030; x_wconf 81' lang='lat' dir='ltr'><strong>dulcibus</strong></span> <span class='ocrx_word' id='word_1_940' title='bbox 1376 4958 1876 5030; x_wconf 81' lang='lat' dir='ltr'><strong>transﬁgurantur</strong></span> <span class='ocrx_word' id='word_1_941' title='bbox 1894 4958 1953 5011; x_wconf 90' lang='lat' dir='ltr'><strong>in</strong></span> <span class='ocrx_word' id='word_1_942' title='bbox 1984 4972 2140 5030; x_wconf 37' lang='lat' dir='ltr'><strong>ama:</strong></span> 
     </span>
    </p>
   </div>
   <div class='ocr_carea' id='block_1_81' title="bbox 476 5027 2140 5099">
    <p class='ocr_par' dir='ltr' id='par_1_81' title="bbox 476 5027 2140 5099">
     <span class='ocr_line' id='line_1_84' title="bbox 476 5027 2140 5099; baseline -0.001 -16"><span class='ocrx_word' id='word_1_943' title='bbox 476 5042 576 5083; x_wconf 88' lang='lat' dir='ltr'><strong>ras</strong></span> <span class='ocrx_word' id='word_1_944' title='bbox 597 5044 610 5085; x_wconf 88' lang='lat'><strong>:</strong></span> <span class='ocrx_word' id='word_1_945' title='bbox 634 5053 654 5075; x_wconf 76' lang='grc' dir='ltr'><strong><em>η</em></strong></span> <span class='ocrx_word' id='word_1_946' title='bbox 673 5027 791 5083; x_wconf 76' lang='lat' dir='ltr'><strong>nec</strong></span> <span class='ocrx_word' id='word_1_947' title='bbox 809 5029 1092 5084; x_wconf 80' lang='lat' dir='ltr'><strong>difﬁtetur</strong></span> <span class='ocrx_word' id='word_1_948' title='bbox 1112 5029 1223 5085; x_wconf 90' lang='lat' dir='ltr'><strong>hoc</strong></span> <span class='ocrx_word' id='word_1_949' title='bbox 1245 5045 1430 5085; x_wconf 91' lang='lat' dir='ltr'><strong>sensu</strong></span> <span class='ocrx_word' id='word_1_950' title='bbox 1450 5027 1673 5084; x_wconf 81' lang='lat' dir='ltr'><strong>Christi</strong></span> <span class='ocrx_word' id='word_1_951' title='bbox 1703 5044 1923 5099; x_wconf 85' lang='lat' dir='ltr'><strong>corpus</strong></span> <span class='ocrx_word' id='word_1_952' title='bbox 1941 5027 2140 5083; x_wconf 76' lang='lat' dir='ltr'><strong>oll‘erri</strong></span> 
     </span>
    </p>
   </div>
   <div class='ocr_carea' id='block_1_82' title="bbox 476 5100 2139 5183">
    <p class='ocr_par' dir='ltr' id='par_1_82' title="bbox 476 5100 2139 5183">
     <span class='ocr_line' id='line_1_85' title="bbox 476 5100 2139 5183; baseline -0.001 -29"><span class='ocrx_word' id='word_1_953' title='bbox 476 5100 763 5183; x_wconf 70' lang='lat' dir='ltr'><strong>altaribus</strong></span> <span class='ocrx_word' id='word_1_954' title='bbox 791 5102 1355 5183; x_wconf 64' lang='lat' dir='ltr'><strong>transilgurandum.</strong></span> <span class='ocrx_word' id='word_1_955' title='bbox 1374 5101 1580 5183; x_wconf 66' lang='lat' dir='ltr'><strong>Quain</strong></span> <span class='ocrx_word' id='word_1_956' title='bbox 1609 5116 1672 5155; x_wconf 87' lang='lat' dir='ltr'><strong>re</strong></span> <span class='ocrx_word' id='word_1_957' title='bbox 1703 5100 1777 5154; x_wconf 88' lang='lat' dir='ltr'><strong>ab</strong></span> <span class='ocrx_word' id='word_1_958' title='bbox 1800 5116 1869 5155; x_wconf 93' lang='lat' dir='ltr'><strong>eo</strong></span> <span class='ocrx_word' id='word_1_959' title='bbox 1902 5100 2139 5183; x_wconf 62' lang='lat' dir='ltr'><strong>minime</strong></span> 
     </span>
    </p>
   </div>
   <div class='ocr_carea' id='block_1_83' title="bbox 476 5170 2139 5254">
    <p class='ocr_par' dir='ltr' id='par_1_83' title="bbox 476 5170 2139 5254">
     <span class='ocr_line' id='line_1_86' title="bbox 476 5170 2139 5254; baseline -0.001 -29"><span class='ocrx_word' id='word_1_960' title='bbox 476 5171 887 5239; x_wconf 85' lang='lat' dir='ltr'><strong>dissentimus,</strong></span> <span class='ocrx_word' id='word_1_961' title='bbox 920 5170 1035 5254; x_wconf 69' lang='lat' dir='ltr'><strong>nisi</strong></span> <span class='ocrx_word' id='word_1_962' title='bbox 1065 5172 1222 5254; x_wconf 80' lang='lat' dir='ltr'><strong>quod</strong></span> <span class='ocrx_word' id='word_1_963' title='bbox 1256 5172 1648 5254; x_wconf 64' lang='lat' dir='ltr'><strong>symbolicnm</strong></span> <span class='ocrx_word' id='word_1_964' title='bbox 1680 5170 2139 5254; x_wconf 50' lang='lat' dir='ltr'><strong>corpusintelli:</strong></span> 
     </span>
    </p>
   </div>
   <div class='ocr_carea' id='block_1_84' title="bbox 475 5242 2141 5313">
    <p class='ocr_par' dir='ltr' id='par_1_84' title="bbox 475 5242 2141 5313">
     <span class='ocr_line' id='line_1_87' title="bbox 475 5242 2141 5313; baseline 0 -17"><span class='ocrx_word' id='word_1_965' title='bbox 475 5256 619 5313; x_wconf 81' lang='lat' dir='ltr'><strong>gere</strong></span> <span class='ocrx_word' id='word_1_966' title='bbox 668 5259 735 5297; x_wconf 91' lang='lat' dir='ltr'><strong>se</strong></span> <span class='ocrx_word' id='word_1_967' title='bbox 795 5258 911 5297; x_wconf 90' lang='lat' dir='ltr'><strong>non</strong></span> <span class='ocrx_word' id='word_1_968' title='bbox 951 5242 1305 5298; x_wconf 88' lang='lat' dir='ltr'><strong>dissimulat.</strong></span> <span class='ocrx_word' id='word_1_969' title='bbox 1342 5242 1658 5299; x_wconf 89' lang='lat' dir='ltr'><strong>Enimvero</strong></span> <span class='ocrx_word' id='word_1_970' title='bbox 1691 5242 2141 5313; x_wconf 84' lang='lat' dir='ltr'><strong>absurdumest</strong></span> 
     </span>
    </p>
   </div>
  </div>
