3982 6174
153 376 254 437 673
1435 367 1544 430 DE
1589 366 1785 429 FIDE
1826 364 1987 429 LIB.
2037 367 2145 429 IV.

3392 371 3512 433 674

150 576 339 645 prapter
366 570 577 623 Patrem
611 567 895 624 inferiore
936 567 1069 623 loco
1101 567 1291 639 accipi
1321 583 1439 623 non
1474 570 1741 639 oportet;
1774 549 1828 611 Α
1850 568 1989 621 tiam
2020 567 2237 621 dictum
2269 567 2572 638 accipitis;
2615 572 2670 623 et
2719 569 2873 625 sicut
2912 570 3063 625 inter
3111 570 3430 643 agricolam
3461 575 3517 628 et

146 678 205 718 ne
226 661 355 715 Patri
380 661 563 729 potius
595 659 657 713 in
689 655 840 713 Filio
872 658 945 712 ab
987 658 1290 713 hareticis
1324 658 1661 729 derogetur.

1848 658 2027 711 vitem
2058 656 2190 726 (58),
2227 658 2303 711 ita
2333 658 2508 711 etiam
2538 657 2690 712 inter
2722 660 2952 714 Patrem
2984 662 3041 714 et
3070 659 3280 715 Filium
3313 661 3517 715 divini-

196 750 295 805 151.
324 748 436 803 Nec
464 746 756 802 mediocre
790 746 953 817 illud,
989 747 1147 818 quod
1190 746 1331 800 alibi
1370 746 1545 800 etiam
1587 745 1742 799 idem
1847 746 1986 801 tatis
2021 746 2263 801 creditis
2309 762 2448 802 csse
2490 747 2846 818 distantiam,
2881 751 3175 820 geminam
3208 750 3374 821 Filio,
3409 768 3517 823 ge-

140 841 337 894 sanctus
374 836 624 891 Joannes
666 836 736 890 ad
782 836 1139 891 refellendas
1191 835 1428 889 Ariana
1477 834 1740 905 perfidia
1850 852 2065 889 minam
2098 836 2253 889 Patri
2288 835 2817 907 facitisinjuriam;
2854 837 3024 906 Filio,
3051 840 3184 909 quia
3226 840 3277 893 si
3299 855 3518 895 serun-

137 927 464 1000 quastiones,
504 926 616 979 ait:
673 949 695 974 α
730 925 792 981 Si
837 925 1006 979 scitis
1056 925 1337 996 quoniam
1379 923 1587 995 justus
1626 926 1739 994 est,

137 1018 304 1072 scitote
330 1015 592 1086 quoniam
622 1015 725 1086 qui
756 1014 895 1069 facit
918 1014 1234 1086 justitiam,
1288 1029 1363 1068 ex
1404 1014 1537 1083 ipso
1570 1016 1742 1067 natus

134 1109 204 1161 est
227 1103 325 1174 (5'7)
350 1103 402 1172 (Ι
422 1104 582 1158 Joan.
618 1120 678 1173 ιι,
722 1104 835 1170 ‘29).
876 1124 898 1153 ι
951 1103 1162 1158 Justus
1205 1105 1399 1157 autem
1446 1102 1583 1173 quis
1628 1101 1743 1155 nisi

134 1195 389 1262 Dominus,
436 1193 534 1263 qui
577 1190 843 1263 justitias
897 1192 1102 1246 dilexit
1144 1190 1332 1260 (Psal.
1386 1208 1445 1261 x,
1477 1190 1582 1259 8)?
1630 1192 1746 1244 Aut

137 1299 298 1356 quem.
341 1280 484 1335 sicut
541 1282 852 1352 superiora
907 1280 1187 1349 indicant,
1248 1279 1741 1350 repromissorem

131 1372 240 1425 vita
266 1370 532 1426 habemus
566 1373 827 1440 aterna,
855 1370 909 1424 si
941 1368 1154 1424 Filium
1172 1384 1289 1424 non
1312 1369 1602 1423 habemus
1622 1369 1650 1422 ?
1678 1367 1741 1422 Si

130 1460 282 1532 igitur
305 1458 470 1514 Filius
501 1459 611 1514 Dei
644 1459 823 1514 vitam
852 1458 1028 1514 nobis
1057 1458 1329 1529 promisit
1359 1461 1659 1526 aternam,
1685 1460 1742 1511 et

126 1550 236 1620 ipse
258 1548 433 1620 justus
462 1552 579 1615 est,
613 1564 687 1604 ex
716 1548 848 1619 ipso
876 1549 1080 1620 utique
1122 1548 1241 1603 nati
1280 1563 1509 1602 sumus.
1544 1548 1659 1600 Aut
1685 1546 1739 1600 si

126 1654 184 1692 ex
211 1637 340 1693 Filio
367 1653 469 1693 nos
499 1653 614 1709 per
643 1638 894 1710 gratiam
916 1641 1087 1691 natos
1119 1640 1357 1710 negant,
1380 1652 1490 1691 nec
1516 1635 1745 1709 justum

126 1726 299 1781 Filium
327 1727 695 1783 confitentur.

178 1834 278 1888 155.
309 1833 523 1889 Credas
560 1834 743 1907 igitur
770 1849 1023 1890 necesse
1055 1836 1145 1889 est
1168 1833 1340 1889 etiam
1362 1848 1436 1888 ex
1469 1832 1573 1887 Dei
1597 1831 1745 1886 Filio

1851 924 1989 979 dum
2015 924 2377 979 divinitatem
2397 924 2644 980 inferior
2664 930 2755 981 est
2773 942 2945 998 quam
2969 929 3252 1000 agricola,
3276 930 3522 985 inferior

1853 1014 2026 1068 etiam
2062 1014 2245 1069 Paulo
2274 1015 2543 1085 apostolo
2566 1020 2766 1070 vestra
2794 1018 3126 1072 assertione
3150 1035 3400 1073 necesse
3432 1023 3524 1074 est

1858 1104 2215 1171 aestimetur;
2251 1104 2386 1175 quia
2420 1107 2476 1158 et
2506 1105 2724 1159 Paulus
2754 1106 3076 1177 agricolam
3100 1123 3165 1161 sc
3197 1123 3335 1163 esse
3358 1109 3523 1181 dixit,

1861 1193 2015 1246 sicut
2045 1192 2272 1248 habes:
2324 1217 2345 1239 «
2385 1193 2513 1265 Ego
2545 1194 2822 1264 plantavi,
2858 1196 3067 1265 Apollo
3113 1198 3365 1268 rigavit;
3418 1200 3527 1254 sed

1858 1282 2017 1336 Deus
2050 1282 2477 1337 incrementum
2507 1284 2665 1337 dedit
2697 1284 2752 1352 (Ι
2782 1284 2916 1339 Cor.
2953 1303 3030 1354 ιιι,
3067 1286 3141 1356 6).
3180 1308 3199 1334 υ
3238 1287 3389 1341 Num
3424 1304 3523 1342 er-

1857 1385 1934 1442 go
1965 1370 2145 1425 vultis
2177 1375 2240 1425 ut
2272 1371 2491 1426 Paulus
2521 1373 2732 1427 melior
2759 1375 2835 1428 sit
2870 1374 2973 1429 Dei
3007 1373 3153 1429 Filio
3175 1377 3203 1430 εν

1928 1477 2051 1532 160.
2106 1477 2351 1532 Habetis
2398 1495 2575 1533 unam
2626 1479 2922 1551 injuriam.
2977 1482 3255 1554 Alteram,
3302 1484 3437 1555 quia
3470 1485 3524 1540 si

1862 1567 2189 1621 secundum
2223 1568 2615 1623 substantiam
2643 1571 3044 1641 generationis
3091 1576 3349 1643 aeterna,
3385 1574 3522 1629 vitis

1857 1659 1949 1711 est
1981 1655 2186 1725 Filius,
2220 1672 2353 1710 cum
2384 1658 2598 1711 dixerit
2626 1674 2637 1713 :
2679 1682 2699 1705 «
2736 1658 2862 1730 Ego
2895 1676 3029 1713 sum
3061 1661 3219 1730 vitis,
3254 1677 3363 1716 vos
3395 1663 3524 1734 pal-

1857 1746 2030 1799 mites
2063 1746 2210 1799 estis
2242 1746 2431 1813 (Joan.
2464 1763 2562 1800 xv.
2598 1748 2693 1816 5);
2738 1769 2759 1797 »
2798 1750 2975 1802 unius
3006 1750 3315 1805 nobiscum
3349 1754 3523 1808 etiam

1858 1835 1955 1889 illa
1980 1834 2176 1888 divina
2200 1835 2502 1906 generatio
2527 1836 2822 1891 videbitur
2843 1854 2981 1892 esse
3011 1840 3380 1895 substantia.
3407 1842 3523 1897 Sed

124 1924 305 1992 omnia;
336 1925 466 1995 quia
496 1923 762 1978 omnium
786 1924 941 1978 sicut
961 1923 1122 1978 Deus
1149 1922 1343 1992 Pater,
1384 1922 1459 1976 ita
1482 1924 1538 1977 et
1560 1920 1745 1975 Filius
1784 1929 1829 1990 Β
1864 1947 1885 1973 α
1920 1926 2054 1995 quis
2086 1924 2301 1978 similis
2330 1924 2436 1977 tibi
2456 1924 2514 1978 in
2546 1924 2681 1993 diis,
2710 1926 2976 1998 Domine,
3007 1949 3028 1976 ι
3063 1928 3216 1983 sicut
3238 1930 3525 2000 scriptum

122 2016 165 2066 et
185 2015 364 2067 auctor
392 2016 481 2067 est
512 2016 575 2068 et
603 2015 853 2068 creator.
874 2013 1161 2068 Videmus
1181 2026 1327 2083 ergo
1352 2012 1583 2065 inanem
1606 2025 1745 2065 esse

121 2101 241 2156 hanc
265 2103 674 2174 quastionem,
710 2118 844 2156 cum
875 2104 932 2157 et
963 2101 1034 2155 de
1058 2099 1206 2155 Filio
1226 2100 1389 2155 credi
1412 2099 1743 2170 conveniat,

120 2192 351 2261 quoniam
384 2216 403 2238 -
440 2207 518 2247 ex
560 2191 713 2262 ipso,
749 2193 806 2246 et
849 2205 957 2262 per
1000 2190 1217 2261 ipsum,
1251 2192 1308 2243 et
1354 2190 1413 2243 in
1444 2188 1574 2259 ipso
1606 2191 1744 2243 sunt

118 2294 291 2335 omnia.
327 2301 348 2329 ι

170 2385 272 2442 156.
304 2388 577 2443 Diximus
608 2387 904 2459 quomodo
947 2403 1022 2442 ex
1054 2386 1211 2457 ipso,
1246 2385 1541 2457 quomodo
1571 2366 1746 2439 etiam

114 2491 198 2547 per
219 2477 417 2548 ipsum.
449 2477 517 2532 In
552 2477 686 2547 ipso
717 2480 912 2531 autem
944 2475 1138 2532 omnia
1170 2490 1310 2530 esse
1333 2473 1469 2546 quis
1499 2473 1743 2543 dubitet,

116 2581 220 2620 cum
242 2566 371 2620 alibi
400 2567 696 2637 scriptum
729 2565 843 2621 sit:
885 2590 906 2612 ιι
941 2564 1227 2629 Quoniam
1258 2563 1317 2618 in
1347 2563 1479 2634 ipso
1513 2563 1747 2618 condita

115 2658 223 2708 sunt
248 2656 431 2710 omnia
462 2655 525 2709 in
562 2655 753 2724 calis,
787 2657 843 2709 et
874 2656 933 2708 in
964 2654 1094 2724 ipso
1127 2655 1320 2707 creata
1345 2656 1482 2707 sunt
1506 2668 1519 2708 :
1541 2654 1597 2707 et
1617 2650 1745 2722 ipse

114 2748 184 2798 est
205 2749 324 2799 ante
355 2760 596 2811 omnes,
633 2750 690 2799 et
720 2744 915 2799 omnia
946 2744 1005 2797 in
1029 2745 1160 2813 ipso
1192 2744 1465 2797 constant
1493 2741 1743 2811 (Co/oss.

113 2849 141 2897 ι,
167 2834 239 2903 t6)
254 2836 279 2887 ‘2
300 2860 320 2881 η
356 2834 567 2889 [labes
597 2849 743 2905 ergo
763 2850 838 2888 ex
866 2834 999 2903 ipso
1021 2832 1291 2905 gratiam,
1318 2832 1511 2902 ipsum
1532 2845 1710 2902 opera
1726 2860 1745 2872 -

114 2927 280 2993 torem,
309 2923 367 2979 in
398 2924 540 2995 ipso
573 2923 836 2978 omnium
866 2922 1315 2977 firmamentum.

607 3057 752 3122 549
786 3064 1038 3121 CAPUT
1080 3065 1204 3121 XII.

116 3188 244 3253 Quod
270 3191 676 3265 objiciebatur
707 3208 784 3246 ex
812 3192 1037 3265 Joanne
1051 3190 1233 3245 lilium
1253 3189 1381 3265 Aviti
1410 3195 1469 3265 et
1498 3187 1745 3265 Patrem

161 3260 810 3341 agricélapomparan,
848 3263 923 3341 de
961 3262 1373 3341 incarnatione
1406 3260 1747 3341 intelligen-

195 3331 305 3408 fum;
335 3337 433 3408 qui
469 3331 619 3408 vero
651 3334 970 3408 secundum
1001 3334 1449 3408 generationem
1482 3331 1746 3386 divinam

162 3405 288 3483 illud
316 3403 642 3483 accipiant,
666 3405 825 3459 Pilio
839 3404 986 3460 (luas
1006 3403 1287 3483 injurias
1302 3403 1561 3483 inferre,
1581 3418 1745 3483 quem

160 3482 208 3529 et
234 3477 414 3550 Paulo
428 3474 813 3550 postponam,
850 3483 908 3550 et
938 3474 1173 3548 aequent
1206 3474 1345 3529 aliis
1377 3474 1741 3550 l_mmini_b_us:

160 3549 380 3603 totidem
428 3545 619 3603 etiam
679 3547 874 3611 Patri,
912 3545 1079 3619 quém
1124 3562 1250 3619 non
1309 3545 1492 3600 solum
1552 3545 1745 3619 eidem

159 3620 417 3692 Apostolo
443 3635 684 3692 parem,
718 3619 827 3692 sed
857 3615 1034 3673 etiam
1068 3618 1242 3692 nihili
1259 3633 1394 3692 esse
1427 3615 1747 3692 testiﬁcan-

162 3687 260 3745 tur.
301 3687 461 3746 Tum_
481 3690 645 3746 falsa
704 3691 867 3745 inter
909 3690 1203 3744 relatione
1265 3688 1456 3743 denuo
1494 3687 1743 3759 rejecta,

165 3776 397 3815 veraque
430 3761 806 3815 conﬁrmata.
843 3706 1035 3815 [gilius
1064 3775 1284 3815 auoaue
1314 3758 1633 3814 secundum
1665 3759 1743 3813 di.

165 3776 397 3835 veraque
430 3761 806 3835 conﬁrmata,
843 3758 1035 3815 Filius
1064 3775 1284 3833 quoque
1314 3758 1633 3835 secundum
1653 3759 1749 3835 _di-

167 3830 454 3889 vinilatem
487 3832 759 3905 agricola
791 3848 947 3898 esse,
984 3848 1051 3905 ac
1073 3830 1203 3885 ἰινὰ
1263 3830 1583 3905 secundum
1617 3830 1747 3905 λιιι-

157 3905 506 3973 manitatem,
528 3899 885 3967 'astruitur;
920 3903 1071 3957 unde
1102 3903 1380 3973 superior
1401 3899 1749 3973 praecellen-

162 3975 243 4029 tia
266 3983 547 4047 paternae
579 3974 900 4047 explicatio
931 3973 1259 4029 stabilitur.

160 4078 262 4136 157.
291 4080 492 4156 [Alias
510 4098 645 4153 cap.
676 4079 819 4154 Vll.]
843 4079 990 4136 Illud
1008 4095 1243 4153 quoque
1261 4080 1333 4135 ad
1356 4078 1747 4151 separandam

109 4165 263 4225 Patris
291 4175 345 4227 et
374 4171 514 4227 Filii
564 4170 927 4226 divinitatem
969 4169 1231 4241 objicero
1283 4172 1744 4237 consueverunt,

105 4258 211 4327 quia
239 4260 530 4317 Dominus
563 4260 711 4316 dixit
741 4260 801 4315 in
832 4258 1156 4332 Evangelio
1182 4274 1195 4314 :
1225 4281 1247 4309 ι
1287 4258 1414 4331 Ego
1446 4274 1580 4313 sum
1607 4257 1748 4313 vitis

106 4360 235 4419 vera,
264 4354 318 4405 et
346 4351 535 4407 Pater
579 4366 749 4405 meus
797 4348 1059 4421 agricola
1101 4351 1193 4405 est
1240 4348 1429 4419 (Joan.
1463 4365 1561 4417 xv,
1598 4347 1683 4419 1);
1722 4370 1744 4395 ι»

105 4437 388 4508 agricolam
420 4443 483 4495 et
523 4440 704 4495 vitem
733 4438 991 4494 diversa
1022 4439 1292 4493 dicentes
1324 4451 1463 4493 esse
1494 4439 1739 4503 natura,

108 4529 150 4577 et
170 4528 331 4584 vitem
362 4530 423 4584 in
456 4528 746 4602 agricola
778 4543 917 4583 esse
938 4530 1246 4598 potestate.

162 4634 267 4692 158.
295 4635 393 4692 Sic
416 4653 570 4710 ergo
593 4633 773 4690 vultis
793 4651 931 4691 esse
950 4632 1162 4690 Filium
1182 4634 1509 4689 secundum
1532 4631 1748 4687 divini-

108 4722 270 4793 tatem,
300 4727 459 4782 sicut
493 4726 636 4780 vitis
664 4727 794 4794 est;
844 4727 906 4779 ut
937 4724 1068 4779 sine
1100 4723 1326 4779 cultore
1354 4722 1500 4777 nihil
1534 4721 1745 4792 valeat,

108 4813 149 4863 et
173 4815 349 4883 possit
377 4815 583 4871 deseri
615 4814 709 4868 vel
740 4813 925 4869 recidi
953 4829 968 4884 ;
1002 4817 1058 4869 et
1087 4829 1162 4869 ex
1181 4812 1375 4868 littera
1397 4811 1748 4866 calumniam

111 4907 451 4975 comparatis,
488 4905 628 4977 quia
661 4904 947 4959 Dominus
979 4903 1158 4958 vitem
1189 4918 1257 4957 se
1289 4917 1428 4957 esse
1462 4901 1628 4972 dixit,
1653 4901 1747 4955 in-

113 4995 438 5050 carnationis
474 5010 605 5049 sua
638 4993 991 5064 significans
1015 4994 1450 5048 sacramentum
1471 4991 1500 5046 ?
1529 4990 1749 5045 Tamen

113 5078 149 5130 si
175 5080 349 5150 placet
370 5087 434 5139 ut
468 5099 547 5139 ex
576 5081 770 5137 littera
791 5085 1297 5156 argumentemur,
1319 5080 1509 5135 fateor
1525 5081 1583 5134 et
1611 5094 1745 5151 ego,

114 5162 204 5223 imo
230 5172 517 5243 proﬁteor
547 5172 685 5244 quia
724 5172 903 5227 vitem
936 5187 1004 5227 se
1052 5170 1239 5225 Filius
1270 5168 1610 5225 nominavit.
1645 5168 1749 5223 Va

114 5257 239 5314 enim
265 5261 428 5331 mihi,
447 5260 507 5316 si
530 5264 964 5317 sacramentum
987 5259 1197 5315 salutis
1219 5258 1472 5331 publica
1494 5258 1751 5331 denega-

117 5356 230 5401 vero
243 5345 257 5403 l

170 5434 274 5493 159.
302 5438 611 5505 Quomodo
633 5455 780 5513 ergo
802 5439 983 5494 vultis
1007 5438 1282 5510 accipere
1304 5435 1461 5511 quod
1484 5452 1551 5493 se
1572 5437 1748 5495 vitem

119 5517 385 5584 DeiI-‘ilius
404 5528 760 5585 nominavit?
771 5527 835 5584 Si
848 5527 1185 5583 secundum
1198 5526 1457 5583 divinam
1478 5527 1750 5582 substan-

171 5668 269 5740 (57)
297 5669 719 5744 Μεεηειιίῳιοί,
756 5694 779 5744 9
818 5671 917 5744 qui
943 5669 1238 5742 justiticat
1261 5669 1621 5744 justitiam...
1655 5672 1753 5744 aut

186 5755 212 5818 ις
234 5741 728 5818 quamsigut'sup.
753 5741 1037 5818 indicant,
1064 5741 1595 5818 repromissionem
1616 5741 1751 5799 vita

314 5814 436 5872 ns?
466 5813 565 5873 Sic
592 5813 793 5892 igitur,
830 5839 854 5867 ιθ
898 5816 1010 5875 etc.

1859 2018 1951 2068 est
1980 2013 2196 2084 (Exod.
2232 2029 2330 2081 xv,
2370 2011 2505 2082 11)?
2549 2013 2620 2067 Et
2667 2031 2880 2070 rursus
2914 2016 2971 2069 in
3003 2018 3264 2087 psalmo:
3304 2045 3323 2067 «
3363 2020 3524 2085 Quo-

1860 2104 2013 2158 niam
2049 2102 2185 2174 quis
2217 2102 2276 2155 in
2309 2102 2569 2156 nubibus
2594 2104 2925 2174 aequabitur
2942 2106 3230 2162 Domino?
3259 2112 3356 2163 aut
3388 2111 3523 2181 quis

1860 2192 2073 2247 similis
2097 2192 2207 2245 erit
2233 2191 2352 2245 Deo
2372 2192 2524 2245 inter
2546 2192 2700 2246 filios
2728 2193 2827 2246 Dei
2853 2194 3039 2261 (Psal.
3066 2213 3350 2267 Lxxxvm,
3371 2199 3427 2268 7)
3447 2201 3476 2253 ‘?
3499 2224 3520 2248 η

1933 2280 2053 2335 161.
2089 2281 2213 2335 Nec
2246 2285 2438 2334 tamen
2469 2281 2584 2335 soli
2636 2280 2783 2337 Filio
2835 2283 3159 2356 derogans,
3208 2287 3315 2341 sed
3348 2288 3521 2343 etiam

1860 2371 2036 2425 Patri.
2071 2370 2221 2424 Nam
2253 2369 2307 2423 si
2336 2370 2396 2423 in
2430 2369 2711 2441 agricola
2757 2372 2992 2426 nomine
3042 2376 3235 2428 omnis
3263 2379 3523 2446 paterna

1857 2459 2255 2531 prarogativa
2286 2463 2377 2514 est
2408 2461 2742 2530 potestatis,
2768 2477 2902 2515 cum
2930 2462 3104 2518 etiam
3140 2465 3356 2521 Paulus
3373 2468 3527 2538 agri-

1859 2548 1987 2605 cola
2020 2549 2116 2619 sit,
2152 2548 2309 2603 Patri
2339 2549 2558 2620 utique,
2594 2550 2688 2604 cui
2718 2549 2928 2606 Filium
2948 2555 3201 2625 negatis,
3237 2558 3525 2627 aqualem

1859 2636 2207 2710 Apostolum
2240 2638 2614 2709 comparatis.

1928 2763 2051 2819 162.
2089 2764 2314 2820 Deinde
2346 2779 2480 2819 cum
2512 2765 2799 2836 scriptum
2828 2766 2942 2823 sit:
2996 2791 3019 2816 α
3053 2769 3169 2825 Sed
3201 2787 3392 2844 neque
3423 2772 3524 2844 qui

1857 2855 2097 2926 plantat,
2133 2857 2225 2908 est
2271 2854 2613 2926 quidquam,
2658 2872 2849 2927 neque
2895 2858 2995 2928 qui
3045 2859 3234 2931 rigat:
3286 2862 3393 2917 sed
3424 2862 3525 2934 qui

1860 2945 1958 2999 dat
1986 2944 2415 2999 incrementum
2446 2943 2605 2998 Deus
2639 2943 2696 3013 (Ι
2721 2943 2856 3000 Cor.
2891 2963 2972 3016 ιιι,
3007 2947 3092 3018 ’7);
3130 2974 3151 2996 »
3207 2949 3266 3004 in
3296 2967 3364 3006 eo
3415 2968 3526 3008 no-

1859 3035 2016 3088 mine
2048 3049 2156 3088 vos
2189 3048 2479 3088 summam
2510 3037 2771 3103 paterna
2802 3035 3131 3107 majestatis
3162 3038 3276 3109 (59)
3299 3040 3526 3095 locabi‘

1860 3124 1957 3191 tis,
1991 3122 2150 3195 quod
2184 3122 2397 3177 videtis
2430 3123 2748 3178 infirmum.
2784 3124 2843 3179 Si
2876 3127 3031 3180 enim
3065 3128 3165 3198 qui
3194 3129 3432 3200 plantat,
3469 3134 3527 3186 et

1858 3213 1960 3285 qui
1978 3212 2152 3283 rigat,
2180 3211 2327 3265 nihil
2348 3215 2460 3282 est,
2495 3212 2600 3267 sed
2626 3213 2727 3284 qui
2749 3212 2847 3268 dat
2876 3215 3306 3271 incrementum
3329 3219 3520 3290 Deus;

1777 3296 1829 3361 Ο
1857 3302 2051 3357 videte
2090 3293 2233 3356 550
2277 3302 2418 3374 quid
2453 3304 2651 3356 vestra
2677 3318 2955 3358 asserere
2990 3304 3265 3360 moliatur
3312 3307 3523 3377 impie-

1857 3396 1969 3462 tas,
2001 3395 2065 3447 ut
2094 3394 2149 3446 et
2181 3392 2355 3447 Pater
2383 3392 2619 3446 nomine
2651 3392 2729 3446 sit
2769 3394 3234 3449 contemnendus
3284 3396 3523 3468 agrico-

1858 3482 1972 3551 la;
2020 3483 2078 3535 et
2117 3481 2277 3536 Deus
2327 3480 2542 3552 aliquis
2592 3482 3020 3537 incrementum
3068 3487 3310 3554 paterno
3362 3486 3527 3556 operi

1858 3570 1959 3643 qui
1991 3570 2228 3639 tribuat,
2262 3571 2679 3641 requirendus.
2714 3570 2894 3642 lmpie
2939 3572 3123 3644 igitur
3167 3590 3239 3629 ex
3289 3572 3525 3632 nomine

1858 3660 2139 3732 agricola
2168 3659 2603 3730 praferendam
2655 3660 2761 3715 Dei
2810 3662 3002 3716 Patris
3046 3663 3388 3719 existimant
3416 3682 3529 3736 po-

1856 3752 2150 3818 testatem,
2182 3748 2241 3802 in
2274 3765 2390 3819 quo
2424 3748 2502 3802 sit
2532 3749 2688 3804 Patri
2718 3749 2840 3805 Deo
2870 3766 3005 3805 cum
3053 3751 3289 3809 homine
3321 3756 3525 3826 appel-

1858 3837 2095 3893 lationis
2127 3853 2437 3893 commune
2468 3839 2853 3895 consortium.

1930 3962 2053 4019 163.
2085 3962 2236 4028 Quid
2268 3968 2462 4019 autem
2493 3965 2823 4038 egregium,
2845 3965 2896 4021 si
2928 3966 2980 4021 ei
3001 3971 3087 4038 (ut
3117 3967 3317 4041 vultis,
3342 3969 3526 4027 hare.

1857 4053 1980 4123 tici)
2014 4052 2162 4108 Filio
2208 4054 2576 4124 praferatur,
2611 4054 2788 4127 cujus
2842 4056 3043 4111 divina
3091 4058 3423 4115 substantia
3454 4062 3527 4118 ab

1860 4144 2114 4200 humana
2146 4143 2480 4199 conditione
2521 4160 2641 4199 non
2676 4145 3023 4216 discrepet?
3054 4146 3204 4203 Nam
3254 4150 3308 4204 si
3350 4151 3529 4207 vitem

1860 4234 2073 4290 Filium
2102 4234 2433 4289 secundum
2462 4234 2721 4289 divinam
2752 4235 3145 4291 substantiam
3175 4239 3530 4309 appellatum

1858 4324 2100 4396 putatis,
2135 4339 2254 4379 non
2283 4323 2478 4379 solum
2496 4324 2869 4395 corruptela,
2890 4323 3252 4398 incertisque
3274 4328 3530 4383 elemen-

1859 4418 2053 4469 torum
2082 4413 2406 4469 obnoxium
2430 4413 2736 4484 judicatis,
2772 4414 2881 4469 sed
2911 4415 3084 4469 etiam
3107 4412 3380 4471 humana
3410 4421 3533 4471 tan-

1859 4504 2161 4559 tummodo
2193 4506 2533 4557 consortem
2581 4506 2845 4573 natura;
2893 4505 3031 4575 quia
3078 4504 3255 4558 unius
3303 4509 3529 4562 natura

1860 4595 2003 4649 sunt
2031 4592 2169 4647 vitis
2199 4596 2255 4648 et
2284 4591 2556 4663 palmites
2585 4607 2600 4661 ;
2633 4594 2697 4646 ut
2726 4607 2843 4646 non
2860 4607 2968 4662 per
2988 4592 3417 4649 incarnationis
3440 4611 3534 4650 sa-

1774 4663 1827 4727 D
1861 4685 2226 4738 crumentum
2256 4696 2492 4736 carnem
2517 4679 2623 4734 Dei
2662 4678 2849 4734 Filius
2872 4682 3289 4750 assumpsisse
3322 4684 3529 4740 videa-

1858 4775 1973 4844 tur,
2007 4772 2114 4827 sed
2146 4771 2500 4843 principium
2532 4770 2869 4840 sumpsisse
2898 4770 2970 4824 de
3002 4785 3200 4827 carne.

1934 4897 2057 4953 164.
2091 4896 2218 4969 Ego
2251 4899 2443 4951 autem
2476 4895 2668 4950 dicam
2710 4894 2883 4965 plane
2933 4912 3170 4952 carnem
3203 4897 3359 4972 ejus,
3392 4899 3531 4958 licet

1864 5003 2020 5043 novo
2049 4984 2452 5060 generationis
2501 4986 2809 5057 mysterio,
2847 4984 3026 5041 unius
3077 4989 3271 5044 tamen
3302 4996 3528 5049 natura

1861 5077 2053 5132 fuisse
2082 5074 2417 5146 nobiscum,
2453 5077 2510 5130 et
2538 5074 2653 5129 hoc
2684 5073 2895 5131 salutis
2934 5079 3155 5132 nostra
3192 5095 3531 5139 sacramen-

1859 5170 1982 5221 tum
2013 5180 2172 5235 esse,
2205 5180 2323 5220 non
2352 5164 2567 5219 divina
2617 5167 3020 5239 generationis
3052 5170 3385 5226 exordium.
3420 5173 3526 5227 Vi-

1861 5257 1939 5311 tis
1970 5255 2127 5310 enim
2155 5257 2267 5324 est,
2300 5256 2435 5326 quia
2467 5269 2632 5309 meas
2665 5256 2920 5312 sustinet
2951 5259 3268 5329 passiones
3295 5277 3309 5332 ;
3344 5278 3526 5333 quan-

1861 5344 2178 5417 doquidem
2208 5345 2268 5398 in
2299 5344 2398 5399 illo
2428 5343 2566 5399 nixa
2598 5344 2829 5417 fragilis
2851 5347 3017 5418 prius
3046 5348 3298 5405 humana
3331 5352 3528 5405 condi-

1857 5435 1939 5491 tio
1971 5432 2244 5512 fecundis
2272 5434 2555 5489 rediviva
2587 5433 2880 5491 fructibus
2911 5436 3146 5508 pietatis
3178 5440 3450 5494 adolevit.

1933 5523 2055 5580 165.
2091 5521 2507 5580 Verumtamen
2537 5524 2590 5580 si
2614 5528 2668 5580 te
2690 5540 2903 5597 pompa
2932 5526 3183 5582 delectat
3202 5526 3525 5599 agricola;

1935 5668 2048 5741 (58)
2070 5669 2219 5741 Mss.
2235 5684 2354 5724 non
2371 5669 2565 5741 pauci,
2598 5690 2619 5741 ai
2648 5672 2704 5724 et
2727 5669 2881 5725 sicut
2898 5668 2956 5723 in
2978 5669 3239 5741 agricola
3262 5670 3317 5723 et
3338 5668 3473 5723 vite.
3498 5688 3524 5721 ι

1934 5739 2047 5823 (59)
2080 5739 2215 5796 Νοιι
2242 5740 2445 5823 pauci,
2469 5756 2580 5796 nec
2609 5740 2826 5798 intima
2844 5743 2998 5796 nota
3024 5739 3204 5813 inss.,
3241 5762 3261 5787 α
3297 5753 3531 5805 summa

1859 5818 2121 5893 paterna
2152 5815 2506 5889 majestatis.
2549 5832 2572 5863 ι
