3982 6174
451 303 573 371 675
1902 302 1970 368 S.
2019 302 2462 383 AMBROSII,
3737 319 3831 386 676

449 507 635 577 dicas,
666 508 847 564 velim
876 507 1009 580 (60),
1042 509 1178 582 quis
1226 509 1324 565 ille
1367 510 1464 580 sit,
1511 506 1610 582 qui
1659 510 1894 566 locutus
1929 511 2021 565 est
2052 509 2113 564 in
2142 489 2202 553 Α
2232 508 2367 564 nis?
2390 508 2464 564 Et
2492 512 2630 580 puto
2657 507 3007 580 bolryonem
3035 508 3168 565 ideo
3191 507 3566 582 dictum,quia
3591 528 3657 569 ex
3678 517 3821 574 vinea

450 596 758 668 propheta,
798 619 820 644 α
869 598 1136 669 Domine,
1170 603 1372 654 notum
1429 598 1573 653 mihi
1630 599 1742 663 fac,
1795 602 1858 654 ut
1887 599 2112 655 sciam:
2232 597 2328 652 illa
2356 599 2638 654 translata
2669 614 2745 652 ex
2776 597 3039 670 Egypto
3091 596 3289 666 (Psal.
3323 616 3511 671 Lxxix,
3539 599 3607 671 9),
3633 603 3732 660 hoc
3767 612 3836 663 est

450 687 590 739 tunc
621 686 744 740 vidi
773 688 1164 759 cogitationes
1186 703 1412 743 eorum.
1435 686 1563 759 Ego
1588 690 1650 742 ut
1679 703 1873 760 agnus
1902 688 2117 742 ductus
2231 702 2306 741 ex
2334 686 2554 742 familia
2616 687 2979 757 Judaeorum,
3024 687 3188 742 utilis
3250 689 3462 743 mundo
3517 689 3722 748 fructus
3747 695 3835 764 (62)

452 788 585 829 sum
617 774 905 831 innocens
935 777 1009 831 ad
1044 776 1482 843 immolandum,
1519 780 1576 831 et
1610 777 1977 832 nesciebam:
2011 775 2118 831 ad-
2233 776 2489 832 emicuit.
2516 776 2704 831 Nemo
2722 779 2881 831 certe
2904 776 3254 847 botryonem
3274 779 3463 846 potest
3482 778 3837 851 adgeneratio-

451 879 695 918 versum
725 880 815 920 me
847 866 1255 938 cogitaverunt
1285 865 1623 935 consilium,
1659 866 1963 921 dicentes:
2000 865 2119 920 Ve-
2233 881 2366 919 nem
2404 864 2629 920 referre
2672 864 2972 920 divinam:
3022 867 3122 920 aut
3167 865 3270 936 qui
3306 864 3502 936 refert,
3540 868 3684 923 aliud
3723 871 3841 926 nihil

457 952 597 1023 nite,
651 952 990 1025 injiciamus
1037 956 1266 1027 lignum
1295 956 1355 1010 in
1386 970 1597 1025 panem
1626 953 1762 1025 ejus
1799 978 1821 1002 ιο
1874 954 2118 1023 (Jerem.
2233 954 2531 1025 relinquit,
2563 954 2681 1008 nisi
2710 957 2772 1009 ut
2826 954 3179 1025 botryonem
3212 954 3377 1008 illum
3431 958 3618 1010 natum
3663 972 3728 1011 ex
3752 960 3843 1014 vite

456 1058 536 1112 xi,
573 1042 681 1112 19).
714 1041 777 1098 Si
805 1043 961 1098 enim
992 1043 1180 1099 Filius
1196 1044 1619 1100 incarnationis
1639 1042 2122 1113 futuraaloquitur
2236 1044 2575 1098 credamus.
2616 1043 2815 1114 Itaque
2846 1043 3093 1098 ascribit
3124 1043 3415 1114 insipiens
3435 1043 3604 1115 Patri,
3625 1046 3760 1117 quod
3775 1064 3844 1102 re-

460 1135 913 1202 sacramentum,
937 1133 1074 1207 quia
1096 1134 1338 1204 impium
1368 1136 1460 1188 est
1490 1136 1550 1187 ut
1579 1132 1651 1187 de
1680 1132 1851 1187 Patre
1884 1131 2118 1200 credas,
2235 1132 2548 1203 prehendit
2570 1132 2630 1186 in
2660 1131 2830 1187 Filio.

459 1219 644 1276 Filius
675 1223 766 1275 est
793 1222 993 1294 utique
1023 1222 1127 1294 qui
1156 1239 1337 1293 supra
1359 1222 1499 1277 dicit
1524 1236 1536 1276 :
1571 1244 1592 1268 α
1633 1220 1761 1293 Ego
1791 1219 2050 1291 plantavi
2068 1222 2121 1274 te
2307 1219 2430 1276 168.
2466 1221 2684 1276 Verum
2717 1221 2769 1275 si
2796 1220 2921 1293 jam
2952 1221 3209 1277 dubitari
3240 1237 3359 1278 non
3391 1224 3579 1292 potest
3618 1223 3756 1294 quod
3783 1225 3851 1279 vi-

457 1309 636 1364 vitem
667 1309 1051 1379 fructiferam,
1084 1312 1380 1382 quomodo
1429 1326 1721 1366 conversa
1770 1324 1838 1365 es
1871 1309 1932 1363 in
1959 1324 2121 1363 ama-
2234 1310 2312 1365 tis
2341 1310 2670 1365 secundum
2699 1310 3166 1366 incarnationem
3198 1310 3302 1365 Dei
3337 1308 3524 1365 Filius
3562 1312 3853 1368 nominatus

457 1398 772 1454 ritudinem
802 1400 941 1455 vitis
975 1400 1185 1455 alienae
1225 1400 1471 1471 (Jcrem.
1507 1416 1567 1470 ιι,
1601 1399 1735 1468 21)?
2237 1399 2333 1467 sit,
2367 1398 2583 1453 videtis
2613 1398 2941 1454 secundum
2974 1399 3135 1471 quod
3166 1402 3599 1455 sacramentum
3616 1400 3856 1456 Dominus

532 1486 653 1543 166.
688 1488 885 1559 Itaque
917 1492 973 1544 et
1002 1488 1213 1544 Filium
1232 1489 1399 1545 vides
1418 1504 1557 1544 esse
1579 1487 1922 1561 agricolam,
1946 1486 2124 1542 unius
2237 1488 2316 1543 sit
2343 1487 2579 1543 locutus
2604 1504 2617 1543 :
2657 1510 2678 1537 α
2714 1487 3003 1552 Quoniam
3045 1490 3214 1559 pater
3244 1487 3439 1560 major
3466 1503 3560 1543 me
3589 1492 3678 1544 est
3706 1489 3860 1557 (Joan.

460 1576 716 1631 nominis
749 1593 882 1632 cum
917 1578 1105 1648 Patre,
1139 1577 1315 1633 unius
1358 1578 1580 1650 operis,
1610 1576 1787 1631 unius
1818 1575 2121 1648 dignitatis
2237 1594 2362 1647 xiv,
2394 1577 2507 1648 28).
2546 1597 2569 1627 ι
2601 1576 2752 1631 Nam
2782 1593 2917 1633 cum
2946 1577 3060 1632 hoc
3108 1578 3169 1632 in
3218 1577 3632 1649 superioribus
3664 1578 3859 1647 dixerit,

458 1668 632 1735 atque
686 1665 1060 1721 substantiae.
1105 1666 1263 1739 Ergo
1320 1668 1372 1721 si
1430 1665 1691 1747 agricola
1743 1669 1801 1721 et
1857 1665 1998 1720 vitis
2028 1667 2125 1720 est
2239 1665 2516 1723 continuo
2549 1665 2843 1737 subjecit:
2881 1689 2903 1713 σε
2943 1666 3069 1738 Ego
3102 1682 3237 1721 sum
3270 1667 3413 1721 vitis
3456 1681 3617 1736 vera,
3647 1671 3702 1721 et
3726 1666 3866 1721 Pater

460 1752 646 1809 Filius
677 1752 810 1825 (61),
859 1756 1035 1810 vitem
1069 1757 1271 1827 utique
1320 1755 1649 1812 secundum
1700 1753 2123 1810 incarnationis
2156 1754 2208 1817 Β
2240 1770 2408 1810 meus
2439 1755 2702 1828 agricola
2749 1758 2841 1811 est
2870 1755 3060 1827 (Joan.
3092 1773 3192 1826 xv,
3226 1755 3303 1826 1,)
3337 1780 3360 1804 η
3412 1758 3478 1810 ut
3508 1771 3868 1829 cognosceres

459 1842 784 1913 accipimus
816 1848 1270 1900 sacramentum.
2240 1844 2569 1900 secundum
2598 1845 2658 1899 id
2690 1844 2921 1899 Patrem
2953 1860 3093 1900 esse
3125 1843 3454 1917 majorem:
3490 1845 3626 1917 quia
3653 1844 3793 1899 sicut
3815 1860 3867 1898 a-

532 1932 655 1987 167.
688 1931 803 1987 Sed
827 1949 943 1988 non
966 1932 1159 1988 solum
1181 1928 1247 1989 se
1271 1949 1409 1989 esse
1433 1933 1610 2003 vitem
1633 1933 1798 2004 dixit,
1819 1932 1924 1988 sed
1949 1933 2123 1988 etiam
2240 1934 2465 2008 gricola
2496 1933 2725 2003 vitium,
2759 1934 2834 1988 ita
2870 1934 3041 1989 Pater
3072 1933 3398 1989 Dominicis
3432 1934 3629 1988 carnis
3660 1935 3746 1988 est
3772 1931 3874 1987 cul-

459 2020 806 2093 botryonem
820 2038 965 2077 voce
982 2022 1322 2094 prophetica
1339 2023 1872 2094 nuncupavit,tunc
1888 2023 2122 2096 quando
2239 2028 2370 2094 tor;
2402 2040 2535 2095 quae
2566 2027 2622 2078 et
2650 2024 2857 2096 augeri
2887 2024 3077 2094 potuit
3105 2038 3212 2095 per
3241 2026 3499 2093 aetatem,
3531 2026 3591 2078 et
3631 2037 3733 2093 per
3766 2037 3876 2092 pas-

460 2109 533 2165 ad
564 2110 772 2165 vallem
794 2111 1101 2182 botryonis
1124 2112 1531 2184 exploratores
1552 2111 1984 2183 Moysesjussu
2004 2112 2123 2167 Do-
2241 2115 2471 2169 sionem
2494 2113 2715 2183 recidi;
2745 2117 2808 2167 ut
2836 2128 3009 2167 omne
3038 2112 3363 2167 humanum
3392 2127 3591 2184 genus
3621 2111 3693 2165 ab
3725 2114 3879 2164 aestus

465 2198 607 2254 mini
639 2199 854 2255 direxit
892 2200 1091 2269 (Nam.
1139 2218 1263 2269 xm,
1311 2201 1420 2270 18).
1472 2199 1615 2265 Quae
1657 2204 1749 2255 est
1790 2201 1887 2254 illa
1925 2201 2121 2272 vallis,
2241 2202 2618 2257 saecularium
2649 2201 2828 2256 noxio
2859 2202 3246 2272 voluptatum,
3280 2199 3522 2256 diffusae
3554 2198 3879 2255 salutaribus

462 2288 579 2344 nisi
610 2288 910 2344 humilitas
954 2289 1402 2360 incarnationis,
1434 2293 1490 2344 et
1520 2289 1853 2344 fecunditas
1883 2291 2124 2361 passio-
2238 2291 2502 2346 brachiis
2525 2290 2722 2345 crucis
2755 2290 2964 2345 umbra
2996 2290 3241 2345 velaret.

531 2430 646 2503 (60)
678 2431 826 2506 Mss.
847 2432 1133 2506 nonnulli,
1171 2454 1193 2483 ι
1233 2432 1399 2506 dicas
1414 2432 1523 2506 ‘ch
1553 2432 1794 2506 invitus.
1834 2455 1859 2506 »ξ
1893 2431 1963 2487 Et
1990 2437 2128 2506 post
2245 2456 2266 2482 α
2303 2436 2361 2488 et
2389 2433 2443 2488 si
2473 2431 2734 2505 agricola
2763 2432 2902 2487 vitis
2935 2434 3027 2487 est
3058 2431 3287 2501 Filius;
3326 2455 3350 2480 ιι
3385 2446 3571 2502 unus,
3609 2452 3632 2479 α
3669 2430 3723 2485 si
3748 2429 3885 2501 agri-

462 2519 669 2576 pauca,
700 2504 924 2571 verbis,
957 2527 979 2551 «
1006 2508 1206 2559 notum
1230 2504 1372 2558 mihi
1403 2503 1516 2576 fac,
1541 2527 1563 2551 ι»
1589 2504 1810 2576 addunt
1828 2503 1944 2576 duo
1967 2503 2122 2576 c'od.,
2242 2505 2412 2576 colae,
2448 2529 2469 2552 ιι
2506 2503 2619 2559 etc.

468 2570 489 2621 ῖς
526 2575 701 2629 finem
733 2590 960 2631 meum:
993 2576 1151 2646 quod
1173 2591 1281 2629 nec
1303 2576 1363 2629 in
1392 2570 1548 2645 aliis,
1573 2590 1764 2647 neque
1787 2575 1848 2629 in
1869 2570 2126 2632 Jeremia
2312 2570 2427 2646 (62)
2458 2574 2739 2630 Nonnulli
2761 2590 2932 2645 mss.,
2973 2598 2995 2622 α
3029 2574 3191 2630 utilis
3223 2574 3404 2631 modo
3425 2574 3686 2644 fructus,
3715 2595 3735 2619 ν
3761 2570 3887 2625 haud

448 2646 669 2716 legere
697 2649 809 2700 est.
1670 2646 1685 2647 ί
2242 2647 2394 2703 malo
2415 2662 2621 2703 sensu.

530 2715 644 2787 (61)
676 2716 758 2771 Ita
812 2716 950 2772 edit.
982 2732 1210 2787 omnes,
1243 2732 1312 2772 ac
1369 2718 1541 2789 pauci
1598 2735 1772 2790 mss.;
1804 2719 1902 2774 alii
1953 2735 2118 2791 vero,

1681 3037 2033 3119 LIBER
2099 3036 2661 3132 QUINTUS.

977 3312 1116 3377 551
1166 3319 1589 3377 PROLOGUS.
2153 3301 2205 3367 Ο
2302 3321 2356 3376 3.
2390 3322 2608 3377 Beatus
2638 3323 2695 3377 et
2726 3320 2822 3376 ille
2853 3336 3090 3392 servus,
3110 3320 3210 3393 qui
3225 3323 3429 3392 potest
3462 3320 3714 3405 dicere:
3751 3338 3773 3368 ι
3802 3316 3907 3371 Hac

466 3406 735 3484 Quissam
766 3406 965 3484 ﬁdelis
996 3417 1053 3466 et
1078 3411 1347 3484 prudens
1363 3409 1773 3484 servus._Ejus
1802 3427 2038 3484 merces
2063 3413 2126 3466 in
2232 3426 2342 3466 vos
2373 3412 2595 3482 potavi,
2629 3427 2748 3467 non
2797 3426 3029 3481 escam;
3088 3410 3351 3466 nondum
3404 3411 3579 3464 enim
3638 3405 3913 3480 poteratis

537 3482 725 3563 Ρπιιζο
752 3481 1091 3563 ίζλάίσαιιιῖί
1118 3483 1260 3537 item
1294 3483 1471 3564 οεΪθιη
1503 3481 1648 3564 1.11.1)
1652 3481 1800 3552 άυίον
1836 3482 2001 3565 ιέιιῐᾳε
2028 3499 2128 3538 διι-
2231 3499 2289 3569 (I
2318 3481 2453 3555 Cor.
2480 3517 2562 3569 ιιι,
2582 3500 2673 3568 2);
2706 3501 2877 3554 novit
2898 3500 3054 3554 enim
3075 3515 3228 3571 quos
3250 3498 3777 3570 quemadmodum
3799 3511 3915 3566 pas-

532 3558 797 3607 ctontati
828 3569 1044 3608 parere
1073 3553 1431 3608 Ambrosms
1450 3568 1694 3608 cumens
1723 3554 1875 3608 hunc
1905 3555 2125 3608 librum
2238 3591 2319 3608 μ.
2375 3586 2517 3608 n_,._
2547 3605 2574 3608 _
2596 3592 2807 3608 UL“-
2837 3589 2867 3608 ι
2887 3604 2906 3608 _
2926 3605 2943 3608 _
2970 3588 3016 3608 ι.-
3037 3603 3158 3608 η---
3184 3591 3378 3608 _-._-.
3406 3589 3438 3608 ι.
3471 3587 3628 3608 nus-
3663 3588 3909 3608 _-_._....

532 3570 797 3607 czoruau
867 3570 1044 3608 arere
1073 3570 1431 3608 Αιιιοιυειιιε
1450 3570 1520 3607 Cll
1561 3570 1694 3607 iens
1723 3570 1875 3608 nunc
1905 3570 2029 3608 IIDI'
2070 3570 2125 3608 m
2470 3589 2481 3600 ο
3096 3570 3109 3571 ί
3577 3588 3589 3599 ο

530 3622 669 3697 suis
696 3570 987 3695 εωυέὲιυηπ
1026 3624 1231 3697 vom.
1262 3626 1361 3697 qui
1407 3570 1827 3696 ηοηρροιηειηίι
1860 3626 1921 3679 in
2227 3586 3913 3697 fit:9‘???33°???F‘°‘i£"ﬁ‘i‘1°8f’1°§fZl‘i‘i‘ii‘iﬁ‘l‘?

528 3675 1351 3768 ;;-5;e1;.;;,5.igis.;a;.jan;
1366 3675 2122 3768 essesanguisuga,
2227 3681 2423 3768 potest
2444 3693 2583 3732 vere
2608 3677 2805 3768 dicere
2831 3692 2904 3768 εέα
2932 3676 3147 3768 mea?
3170 3693 3303 3731 sum
3328 3677 3614 3768 ίιιςῖτιηίε
3637 3675 3916 3741 inﬁrmus.

533 3781 718 3837 quove
746 3765 1039 3820 consilio?
1063 3766 1293 3821 Deberi
1321 3767 1444 3821 sibi
1482 3765 1730 3836 veniam,
1757 3784 1885 3821 cum
1918 3767 1993 3822 ab
2008 3783 2128 3822 om-
2228 3769 2291 3821 ut
2318 3766 2588 3822 inﬁrmos
2623 3766 2973 3821 lucriflciam
3004 3765 3060 3834 (Ι
3093 3766 3229 3822 Cor.
3264 3782 3351 3833 1x,
3389 3766 3493 3833 22)
3517 3767 3549 3820 ?
3585 3786 3610 3816 ι

533 3836 708 3909 nibus
736 3837 1037 3909 ministris
1069 3836 1384 3909 quaerenda
1415 3837 1494 3891 sit
1529 3839 1779 3892 credita}
1805 3839 1929 3894 sibi
1953 3855 2127 3909 pecu-
2308 3889 2325 3909 ,
2386 3890 2452 3909 m
2485 3893 2591 3909 LL
2713 3890 2803 3909 ,"_
3086 3906 3105 3909 A
3133 3890 3149 3909 ,
3288 3907 3327 3909 Δ
3348 3906 3399 3909 μ
3456 3908 3467 3909 7
3540 3907 3556 3909 _
3582 3907 3595 3909 Α
3620 3892 3633 3902 ,

530 3889 644 3962 his
674 3889 870 3961 usura.
893 3889 993 3961 'Ha
1002 3889 1223 3963 sese;
1240 3889 1490 3962 sum.
1523 3889 1936 3964 magna
1953 3889 2102 3965 Γιᾶἐᾶ.

2344 3933 2351 3946 .
2386 3890 2458 3945 Et
2485 3893 2677 3946 tamen
2710 3890 2809 3945 ille
2839 3893 3037 3945 tantus
3081 3890 3154 3944 ad
3194 3906 3406 3945 curam
3442 3892 3673 3964 gregis
3706 3890 3916 3944 electus

534 3985 651 4059 iam
695 3984 937 4059 autem‘
971 3978 1139 4050 fore,
1198 3980 1254 4034 si
1297 3980 1633 4059 mercedem
1691 3996 1942 4059 sperare
2006 3980 2129 4036 sibi
2226 3995 2259 4034 a
2287 3978 2543 4045 Christo,
2580 3979 2680 4052 qui
2710 3983 2948 4034 sanaret
2995 3979 3267 4035 infirmos
3316 3984 3580 4035 curaret
3613 3977 3922 4043 invalidos,

529 4049 745 4141 liceat;
803 4064 871 4102 se
917 4049 1129 4103 tamen
1169 4056 1506 4131 sanctorum
1549 4049 1798 4132 praemia
1861 4068 1972 4141 non
2008 4058 2101 4107 tan

2357 4084 2568 4124 eseum
2598 4085 2631 4123 a
2665 4069 2987 4124 commisso
3009 4069 3126 4123 sibi
3162 4068 3304 4124 ovili
3337 4070 3562 4124 statim
3596 4072 3740 4141 post
3768 4080 3927 4122 unam

528 4125 1816 4247 ᾏέξςξᾌξέπθξξηἔξηὲἔβιξωπω⁸¹τ¹¹ί⁸ίθιην
1851 4122 1926 4209 “.d
1957 4139 2124 4195 quam
2228 4157 2917 4259 correct-ionemrepellit
2945 4155 3088 4259 (’1-‘it.
3110 4174 3206 4259 ἰιι,
3241 4157 3374 4259 16),
3428 4174 3512 4213 ne
3549 4158 3739 4213 unius
3774 4168 3925 4211 erra-

2226 4246 2360 4302 tica;
2376 4246 2505 4301 ovis
2520 4246 2760 4301 scabies
2783 4246 3046 4317 serpenti
3070 4246 3269 4301 ulcere
3291 4250 3498 4303 totum
3513 4263 3779 4320 gregem
3797 4260 3931 4299 con-

2226 4336 2489 4390 taminet.
2523 4335 2699 4391 Jubet
2728 4338 3016 4404 praeterea
3050 4335 3262 4390 stultas
3294 4338 3702 4408 quaestiones
3726 4338 3785 4391 et
3807 4347 3926 4388 con-

2228 4424 2522 4480 tentiones
2552 4439 2693 4479 esse
2721 4424 2993 4479 vitandas
3025 4423 3202 4495 (Ibid.
3235 4422 3319 4494 9).

521 4281 574 4336 1.
611 4303 633 4330 α
668 4278 952 4345 Quisnam
982 4283 1074 4334 est
1104 4280 1297 4335 ﬁdelis
1314 4295 1529 4335 servus
1553 4284 1610 4335 et
1631 4281 1915 4353 prudens,
1939 4297 2118 4355 quem

454 4370 760 4427 constituit
789 4370 1077 4425 Dominus
1108 4385 1291 4441 super
1320 4370 1598 4425 familiam
1628 4387 1818 4442 suam,
1839 4376 1902 4427 ut
1931 4373 2120 4429 dctil-

450 4461 527 4516 lis
559 4461 620 4515 in
648 4464 911 4531 tempore
941 4459 1177 4515 cibum?
1208 4460 1423 4515 Beatus
1443 4459 1540 4515 ille
1562 4476 1799 4531 servus,
1826 4478 2000 4534 quem
2018 4479 2120 4519 ve-

452 4550 624 4606 niens
657 4549 932 4604 dominus
963 4547 1098 4620 ejus
1121 4549 1411 4605 invenerit
1433 4550 1521 4604 sic
1543 4550 1854 4619 facientem
1872 4552 2114 4620 (Matth.
2146 4548 2199 4610 D
2300 4550 2354 4604 5.
2385 4547 2535 4614 Quid
2566 4548 2747 4621 igitur
2768 4563 2882 4603 nos
2913 4564 3187 4621 agemus,
3211 4548 3367 4605 inter
3384 4548 3933 4621 messisantiquae,

451 4654 614 4709 xxiv,
647 4638 735 4706 45,
768 4638 880 4707 46).
914 4638 1045 4693 Non
1067 4638 1204 4692 vilis
1235 4654 1326 4692 me
1359 4654 1574 4693 servus
1604 4643 1715 4709 est,
1741 4656 1995 4713 magnus
2021 4641 2122 4697 ali-
2229 4653 2380 4692 nova
2398 4637 2617 4692 zizania
2638 4636 3041 4708 imprudentes
3069 4637 3290 4693 accolas
3336 4641 3731 4695 constituti?
3761 4638 3823 4693 Si
3852 4640 3933 4691 ta-

451 4727 587 4798 quis
617 4742 755 4781 esse
786 4726 993 4782 debet:
1028 4728 1164 4798 quis
1196 4728 1275 4781 sit
1305 4727 1417 4782 iste
1464 4728 1937 4784 consideremus.
2229 4742 2491 4797 ceamus,
2525 4726 2737 4781 cedere
2777 4725 3147 4781 videbimur:
3202 4726 3255 4781 si
3306 4728 3801 4797 contendamus,
3834 4740 3930 4778 ve-

523 4816 576 4869 2.
612 4814 717 4869 Est
747 4815 957 4871 Petrus
989 4816 1182 4887 ipsius
1217 4816 1445 4871 Domini
1477 4817 1551 4871 ad
1582 4817 1947 4888 pascendum
1976 4836 2118 4891 gre-
2226 4815 2474 4870 rendum
2504 4818 2598 4870 est
2627 4831 2699 4870 ne
2732 4831 2844 4870 nos
2872 4830 3107 4888 quoque
3137 4831 3378 4887 quoque
3400 4815 3780 4888 judicemur
3808 4828 3938 4871 esse

453 4918 590 4977 gem
618 4904 844 4960 electus
871 4904 1120 4976 judicio,
1168 4905 1271 4976 qui
1325 4906 1497 4961 tertio
1559 4909 1818 4962 meretur
1873 4908 2077 4964 audire
2103 4924 2116 4964 :
2226 4903 2517 4959 carnales.
2538 4903 2831 4975 Scriptum
2862 4908 2954 4958 est
2972 4903 3128 4959 enim
3149 4904 3220 4959 de
3243 4903 3627 4976 hujusmodi
3649 4904 3935 4978 quaestio-

449 5015 472 5041 α
511 4995 693 5049 Pasce
725 4993 1035 5066 agniculos
1067 5010 1251 5063 meos,
1286 5008 1465 5064 pasce
1495 5011 1686 5067 agnos
1707 5012 1893 5066 meos,
1924 5012 2106 5067 pasce
2224 4992 2422 5063 nibus,
2455 5009 2588 5065 quas
2620 4996 2907 5065 generant
2936 4992 3103 5049 lites:
3147 5015 3168 5041 ι
3227 4992 3503 5049 Servum
3571 5002 3783 5051 autem
3827 4993 3937 5047 Do-

446 5083 710 5138 oviculas
745 5098 905 5136 meas
936 5082 1126 5152 (.Ioan.
1162 5100 1286 5151 xxi,
1321 5081 1530 5155 15-17).
1563 5085 1762 5156 Itaque
1807 5087 2107 5155 pascendo
2223 5082 2364 5136 mini
2394 5098 2513 5136 non
2546 5085 2775 5153 oportet
2804 5081 3058 5153 litigare,
3093 5082 3201 5136 sed
3243 5086 3661 5138 mansuetum
3694 5098 3839 5139 esse
3867 5078 3937 5133 ad

448 5170 601 5227 bene
634 5171 766 5225 cibo
783 5171 914 5225 ﬁdei
940 5187 1185 5242 gregem
1207 5171 1447 5241 Christi,
1475 5174 1707 5243 culpam
1731 5174 1935 5245 lapsus
1955 5176 2113 5246 prio-
2224 5187 2451 5241 omnes,
2486 5171 2821 5238 docibilem,
2853 5172 3192 5242 patientem,
3241 5186 3380 5225 cum
3453 5174 3778 5229 modestia
3837 5170 3936 5225 do-

344 5296 351 5303 ~
448 5259 533 5315 ris
563 5260 840 5315 abolevit.
878 5259 945 5313 Et
994 5260 1125 5313 ideo
1162 5262 1332 5316 tertio
1380 5262 1735 5317 admonetur
1780 5266 1842 5318 ut
1889 5268 2114 5335 pascat,
2223 5264 2451 5317 centem
2481 5259 2593 5329 (63)
2625 5276 2730 5315 eos
2764 5260 2866 5331 qui
2897 5260 3181 5315 resistunt
3208 5258 3297 5329 (ΙΙ
3327 5258 3493 5315 Tim.
3526 5280 3593 5332 ιι,
3617 5262 3715 5332 24,
3752 5262 3874 5328 25):
3915 5281 3933 5303 -

448 5347 619 5404 tertio
679 5350 871 5402 utrum
932 5348 1240 5403 Dominum
1266 5340 1516 5422 'diligat,
1578 5351 2015 5426 interrogatur;
2051 5356 2116 5408 ut
2221 5353 2278 5405 et
2305 5350 2481 5405 alibi:
2521 5372 2541 5396 α
2581 5348 2643 5403 Si
2674 5349 2809 5420 quis
2841 5350 3254 5404 contentiosus
3279 5351 3399 5419 est,
3429 5366 3561 5406 nos
3593 5351 3786 5407 talem
3807 5363 3938 5405 con-

448 5453 625 5511 quem
654 5437 824 5492 tertio
853 5440 987 5493 ante
1034 5453 1271 5492 crucem
1314 5445 1637 5513 negaverat
1672 5439 1910 5512 (Matth.
1945 5458 2111 5513 xxvi,
2220 5438 2594 5496 suetudinem
2623 5453 2741 5494 non
2770 5437 3081 5508 habemus,
3114 5453 3307 5511 neque
3370 5437 3683 5497 Ecclesia
3750 5439 3859 5495 Dei
3890 5432 3944 5506 (Ι

449 5524 668 5599 10-74),
703 5526 870 5582 tertio
891 5525 1189 5583 fateretur.
2224 5528 2358 5588 Cor.
2390 5545 2471 5603 xi,
2518 5526 2633 5598 16).
2691 5550 2713 5577 ιν
2764 5526 2967 5606 quue
3006 5526 3274 5586 scribere
3314 5525 3567 5605 aliquid
3616 5525 3936 5588 sententis:

518 5666 631 5752 (63)
666 5668 835 5731 Rom.
857 5668 974 5728 edit
996 5668 1143 5745 sola,
1172 5692 1194 5721 ιι
1217 5684 1351 5739 curn
1364 5669 1654 5732 modestia
1673 5671 2109 5753 corripientem.
