4050 6182
162 334 267 397 677

1489 319 1603 391 DE
1647 317 1844 391 FIDE
1890 325 2047 392 me.
2098 303 2174 391 v.

3434 323 3556 403 678

160 533 254 588 fuit
277 529 390 601 (64),
420 532 478 584 ut
509 529 634 584 sine
665 528 916 599 strepitu
970 529 1168 601 aliquo
1218 529 1497 601 impietati
1530 530 1770 586 limreti-
1801 513 1858 575 Α
1901 553 1923 576 ιι
1960 529 2208 601 Eloquia
2241 530 2397 585 enim
2429 530 2682 597 Domini,
2739 531 2970 603 eloquia
3028 535 3210 602 casta,
3243 536 3551 606 argentum

158 635 327 676 corum
354 621 546 673 nostra
575 633 679 689 pro
713 617 888 672 nobis
921 619 1142 691 scripta
1173 619 1591 690 respondeant.

221 719 348 784 552
376 727 426 780 6.
495 723 768 790 Quintum
836 726 1051 796 itaque,
1119 727 1442 797 Imperator
1497 730 1772 799 auguste,

157 819 284 872 hunc
309 816 512 870 librum
541 831 816 885 paramus
849 816 1066 870 ordiri:
1104 832 1258 884 nam,
1296 820 1352 870 et
1401 821 1672 888 quartum
1703 816 1776 869 li-

155 907 295 960 brum
323 905 566 976 Oportuit
625 903 684 958 in
717 903 813 957 illa
862 904 1001 958 vitis
1031 904 1426 975 disputatione
1475 905 1670 973 finiri;
1704 919 1778 959 ne

154 1008 503 1049 coacervasse
527 993 716 1064 magis
740 993 955 1046 librum
987 994 1258 1048 eumdem
1278 994 1533 1064 quodam
1555 994 1782 1049 videre-

150 1100 256 1138 mur
273 1082 650 1154 quaestionum
676 1081 948 1149 tumultu,
975 1098 1152 1152 quam
1176 1082 1370 1137 fructu
1388 1081 1675 1152 spiritalis
1693 1083 1780 1136 vi-

152 1188 256 1227 nete
281 1171 637 1242 replevisse:
674 1185 784 1225 nec
839 1171 1370 1225 inconsummatam
1403 1171 1536 1226 fidei
1569 1173 1779 1226 vinde-

151 1261 295 1315 miam
315 1261 478 1314 tantis
497 1259 706 1327 adhuc
743 1260 1248 1330 superfluentibus
1279 1259 1779 1331 disputationibus

151 1349 316 1404 decuit
345 1347 690 1420 derelinqui.

205 1457 252 1510 7.
280 1455 472 1521 Quinto
530 1456 715 1528 igitur
743 1456 894 1512 libro
951 1456 1066 1528 (65)
1109 1456 1180 1512 de
1238 1457 1430 1511 Patris
1461 1473 1529 1511 ac
1561 1455 1691 1511 Filii
1724 1459 1781 1512 et

104 1544 374 1630 (Spiritus
402 1546 578 1599 sancti
614 1545 1022 1616 inseparabilii
1068 1546 1369 1600 divinitate
1425 1545 1775 1618 digerimus,

149 1637 474 1705 sequestrata
503 1635 741 1689 interim
795 1635 1058 1706 pleniore
1107 1635 1500 1705 disputatione
1561 1634 1672 1705 (66)
1706 1635 1777 1689 de

150 1722 334 1792 Spiritu
365 1728 588 1793 sancto,
629 1727 956 1794 provocato
995 1725 1340 1796 magisterio
1399 1723 1776 1795 Evangelicaa

150 1811 638 1877 lectionis(.-lIattb.
663 1829 801 1878 xxv,
824 1813 915 1883 15)
944 1816 1008 1867 ut
1037 1813 1257 1868 credita
1290 1812 1464 1868 nobis
1514 1815 1775 1884 quinque

149 1901 257 1954 ﬁdei
284 1901 501 1971 talenta,
558 1903 731 1973 quasi
769 1902 1021 1973 quadam
1059 1901 1272 1957 borum
1323 1901 1584 1974 quinque
1613 1905 1774 1956 sorte

149 1989 411 2059 librorum,
445 1991 724 2046 humanis
754 1991 1093 2046 feneremus
1149 1989 1460 2046 affectibus
1489 1990 1642 2060 (6'7);
1701 2005 1772 2045 ne

149 2078 268 2133 forte
294 2095 417 2134 cum
449 2080 682 2135 venerit
730 2081 1036 2149 Dominus,
1097 2083 1152 2134 et
1181 2080 1472 2136 invenerit
1529 2080 1588 2134 in
1620 2082 1774 2134 terra

147 2167 507 2224 absconditam
539 2169 853 2241 pecuniam
885 2185 1076 2239 suam,
1109 2169 1263 2223 dicat
1310 2168 1488 2222 mihi:
1529 2192 1549 2214 «
1591 2167 1774 2222 Serve

147 2255 268 2310 male
295 2260 346 2311 et
373 2257 561 2328 piger,
601 2257 839 2311 sciebas
868 2259 1005 2329 quia
1038 2261 1192 2312 meto
1240 2257 1342 2312 ubi
1373 2273 1490 2312 non
1521 2257 1773 2326 semine,

146 2347 191 2398 et
215 2361 492 2419 congrego
526 2345 630 2401 ubi
664 2362 782 2401 non
813 2345 1042 2418 sparsi:
1077 2347 1334 2418 oportuit
1363 2362 1510 2418 ergo
1532 2349 1588 2401 te
1611 2362 1770 2400 com-

147 2433 337 2490 mittere
365 2437 676 2506 pecuniam
705 2451 895 2491 meam
953 2436 1362 2490 nummulariis
1388 2452 1400 2492 :
1434 2439 1498 2490 ut
1525 2436 1776 2490 veniens

146 2537 236 2594 ego
260 2525 616 2594 recepissem
657 2524 815 2596 quod
847 2541 1043 2580 meum
1089 2528 1182 2579 est
1211 2524 1388 2595 (Ibid.
1442 2525 1531 2594 26,
1574 2524 1707 2594 27):
1749 2545 1770 2571 υ

152 2616 230 2666 aut
256 2613 737 2685 quemadmodum
767 2614 827 2668 in
859 2615 974 2669 alio
1006 2614 1158 2668 libro
1189 2619 1319 2670 est:
1355 2637 1377 2661 «ι
1419 2613 1490 2668 Et
1519 2630 1654 2686 ego,
1686 2615 1776 2667 in-

148 2702 263 2772 quit,
295 2703 531 2758 veniens
567 2719 702 2758 cum
737 2703 939 2758 usuris
987 2704 1188 2775 utique
1245 2703 1588 2776 exegissem
1617 2704 1776 2758 illam

147 2790 278 2856 (Luc,
308 2808 424 2862 xxx,
456 2793 572 2863 23).
614 2817 635 2839 η

201 2896 244 2950 8.
263 2897 392 2954 Date
413 2915 562 2972 ergo
583 2899 836 2970 veniam,
857 2899 910 2954 si
932 2914 1084 2971 quos
1107 2899 1450 2971 prolixioris
1486 2898 1776 2971 hujusce-

147 2985 273 3039 modi
293 2988 587 3043 sermonis
612 2987 852 3043 oifendit
883 2988 1147 3043 audacia.
1191 2988 1386 3044 Officii
1413 2989 1777 3060 contempla-

146 3073 210 3128 tio
226 3077 366 3148 cogit
386 3079 634 3133 credere
657 3078 814 3148 quod
838 3078 1177 3149 accepimus
1203 3093 1216 3134 :
1255 3101 1276 3124 α
1319 3078 1776 3150 Dispensatores

1889 617 2036 689 igne
2069 619 2486 689 examinatum,
2517 619 2826 690 probatum
2860 625 3052 690 terra),
3084 625 3397 694 purgatum
3420 639 3555 695 sep-

1887 708 2113 778 tuplum
2169 709 2358 778 (I’sal.
2409 709 2598 778 31,7).
2661 710 2780 763 V’os
2839 727 2982 781 ergo
3043 711 3268 766 facietis
3330 713 3556 768 fenera-

1887 798 2072 850 torem
2109 797 2368 863 divitem,
2405 798 2725 869 agricolam
2786 798 3192 854 fructuosum:
3254 818 3362 856 vos
3396 804 3554 872 peri-

1884 887 2010 939 tum
2044 886 2376 956 probabitis
2399 887 2804 941 architectum.
2837 888 2970 942 Non
3001 895 3348 960 arroganter
3378 892 3508 946 dico
3536 909 3550 963 ;

1886 975 2022 1045 quia
2079 991 2200 1028 non
2233 978 2350 1028 tam
2408 990 2536 1029 mea
2568 979 2726 1046 sunt,
2787 993 2961 1048 quam
3002 981 3220 1047 vestra,
3280 995 3412 1051 quae
3446 998 3552 1035 vo-

1885 1079 2016 1118 νθο.

1958 1171 2044 1224 10.
2076 1170 2123 1225 Ο
2153 1171 2204 1226 si
2241 1171 2384 1226 mihi
2440 1171 2614 1226 liceat
2663 1188 2874 1227 secure
2933 1174 3003 1228 de
3037 1174 3208 1229 vobis
3236 1181 3373 1231 tunc
3405 1169 3552 1233 553

1884 1261 2169 1330 temporis
2199 1260 2312 1330 (69)
2369 1260 2603 1316 dicere:
2646 1285 2667 1307 α
2727 1262 2991 1332 Domine,
3027 1264 3284 1335 quinque
3341 1266 3554 1321 talenta

1884 1348 2027 1402 mihi
2059 1349 2296 1418 dedisti,
2363 1353 2420 1404 et
2450 1365 2590 1404 ecce
2648 1351 2760 1404 alia
2808 1352 3067 1423 quinque
3129 1341 3390 1409 lucratus
3421 1371 3554 1410 sum

1886 1437 2125 1506 (Matth.
2160 1454 2299 1492 xxv.
2333 1437 2443 1508 20),
2484 1465 2504 1486 οι
2540 1442 2597 1494 et
2629 1441 2944 1496 ostendere
2978 1445 3308 1498 vestrarum
3339 1444 3555 1500 talenta

1885 1527 2145 1598 pretiosa
2178 1526 2458 1582 virtutum
2488 1525 2500 1582 l
2542 1551 2562 1574 «
2599 1528 2900 1584 Habemus
2933 1530 3088 1584 enim
3119 1531 3463 1587 thesaurum
3495 1534 3555 1590 in

1886 1615 2050 1669 vasis
2085 1615 2475 1687 ﬁctilibus(II
2504 1616 2640 1671 Cor.
2675 1635 2754 1686 tv,
2787 1617 2863 1684 7).
2903 1643 2924 1666 η
2974 1619 3116 1674 Haec
3147 1625 3284 1675 sunt
3343 1623 3558 1679 talenta

1887 1721 2020 1776 quae
2045 1703 2214 1773 jubet
2247 1705 2533 1760 Dominus
2583 1705 2926 1776 spiritaliter
2957 1708 3248 1766 fenerari:
3309 1715 3407 1766 aut
3439 1713 3556 1770 duo

1891 1810 2008 1848 aera
2040 1793 2192 1848 Novi
2225 1797 2282 1848 et
2314 1794 2543 1848 Veteris
2575 1794 2954 1863 Testamenti,
2981 1813 3113 1868 quae
3138 1799 3389 1868 spoliato
3409 1802 3488 1856 illi
3521 1820 3556 1859 a

1891 1883 2219 1937 latronibus
2241 1881 2642 1938 Samaritanus
2666 1883 2763 1938 ille
2785 1886 3171 1957 evangelicus
3192 1888 3264 1942 ad
3290 1893 3550 1948 curanda

1889 1972 2135 2027 vulnera
2169 1971 2482 2044 dereliquit
2512 1973 2674 2042 (Luc.
2711 1990 2768 2042 x,
2801 1974 2914 2042 70).

1961 2079 2047 2133 11.
2072 2079 2278 2150 Neque
2309 2095 2444 2151 ego,
2481 2079 2715 2149 fratres,
2739 2081 2859 2135 voti
2890 2097 3105 2138 avarus
3138 2085 3402 2154 (70)ideo
3424 2088 3554 2146 haec

1889 2163 2046 2238 Opto,
2106 2171 2168 2221 ut
2215 2183 2394 2238 supra
2453 2168 2632 2222 multa
2691 2171 3053 2226 constituar:
3113 2176 3206 2227 sat
3261 2179 3353 2229 est
3407 2179 3552 2234 mihi

1887 2257 2196 2327 praemium
2217 2256 2289 2310 de
2311 2261 2512 2310 vestro
2537 2257 2826 2326 profectu.
2863 2258 3095 2314 Utinam
3125 2277 3242 2316 non
3268 2263 3552 2336 indignus

1887 2361 1957 2400 eo
1981 2345 2266 2415 inveniar,
2299 2345 2456 2416 quod
2489 2346 2692 2416 accepi
2718 2344 2730 2400 l
2767 2345 2846 2400 Ea
2877 2363 3011 2418 qua:
3043 2353 3181 2404 sunt
3212 2367 3302 2406 me
3328 2355 3552 2425 majora

1887 2434 2235 2489 melioribus
2263 2434 2592 2500 tribuenda,
2615 2450 2732 2489 non
2765 2437 2984 2508 exigo;
3017 2437 3155 2493 licet
3175 2441 3396 2512 soleas,
3430 2444 3552 2500 Do-

1886 2525 2064 2594 mine,
2085 2524 2283 2578 dicere
2309 2540 2320 2578 :
2361 2547 2382 2570 u
2410 2523 2557 2578 Volo
2575 2527 2768 2578 autem
2790 2528 2846 2579 et
2867 2524 3003 2580 huic
3035 2529 3364 2586 novissimo
3387 2533 3548 2605 dare,

1887 2613 2042 2668 sicut
2073 2617 2129 2668 et
2157 2613 2263 2667 tibi
2295 2613 2531 2682 (Matth.
2552 2629 2652 2683 xx,
2688 2613 2820 2684 14,).
2859 2639 2880 2662 »
2913 2617 3178 2687 Accipiat
3204 2623 3553 2689 potestatem
3591 2643 3596 2646 ·

1887 2718 2069 2773 supra
2099 2703 2305 2758 decem
2337 2701 2627 2771 civitates,
2660 2703 2760 2773 qui
2793 2709 3052 2760 meretur
3078 2707 3240 2774 (Luc.
3292 2727 3414 2780 xix,
3438 2711 3548 2784 17).

1958 2791 2046 2847 12.
2078 2791 2166 2846 Sit
2195 2791 2293 2846 ille
2324 2791 2480 2859 talis,
2513 2791 2707 2863 qualis
2739 2791 2998 2864 Moyses,
3023 2796 3124 2867 qui
3144 2795 3297 2870 legis
3345 2800 3551 2859 decem

1886 2881 2070 2936 verba
2129 2881 2489 2952 conscripsit
2546 2880 2741 2950 (Deut.
2774 2899 2831 2952 v,
2891 2884 3068 2954 5-21).
3101 2884 3186 2940 Sit
3244 2887 3341 2943 ille
3372 2890 3551 2948 Jesus

1887 2969 2073 3040 Nave,
2109 2970 2210 3042 qui
2239 2969 2478 3042 subegit
2509 2971 2768 3042 quinque
2797 2987 2997 3044 reges,
3032 2977 3086 3028 et
3115 2974 3472 3035 Gabaonitas
3497 2983 3556 3038 in

1888 3058 2243 3115 deditionem
2301 3059 2528 3129 accepit
2582 3059 2783 3129 (Josue
2836 3079 2896 3132 x,
2928 3062 3128 3134 22-24),
3189 3071 3250 3120 ut
3280 3074 3444 3126 esset
3473 3075 3560 3144 ty-

148 3145 320 3222 sumus
339 3145 758 3239 mysteriorum
782 3145 1153 3238 cmlestium(
1185 3169 1218 3222 Ι
1245 3168 1378 3224 Cor.
1416 3145 1494 3237 iv,
1517 3170 1579 3238 ι).
1608 3194 1628 3215 »ι
1665 3167 1776 3223 Mi-

1902 3166 2003 3221 pus
2037 3152 2349 3205 venturum
2381 3149 2516 3220 ejus
2547 3149 2804 3203 nominis
2835 3150 3050 3221 virum,
3103 3153 3281 3224 cujus
3314 3158 3560 3230 imperio

148 3253 288 3308 nistri
314 3273 538 3323 sumus,
580 3273 698 3312 non
728 3273 803 3312 ex
834 3273 1006 3329 aequo
1058 3273 1286 3328 omnes,
1349 3279 1370 3307 ι
1404 3257 1512 3312 sed
1544 3257 1777 3312 unicui-

147 3357 254 3412 que,
280 3345 479 3418 inquit,
513 3347 676 3402 sicut
727 3347 1012 3401 Dominus
1045 3347 1222 3401 dedit.
1286 3345 1444 3418 Ergo
1495 3347 1775 3418 plantavi,

149 3433 322 3501 Apollo
338 3436 552 3507 rigavit
578 3452 590 3490 :
625 3435 732 3490 sed
754 3436 912 3490 Deus
935 3435 1360 3491 incrementum
1384 3436 1543 3490 dedit
1563 3435 1620 3506 (I
1639 3435 1775 3490 Cor.

148 3522 346 3593 111,3-6).
373 3547 394 3572 ιθ
423 3524 855 3595 Unusquisque
877 3525 1058 3596 igitur
1077 3525 1328 3580 enitatur
1349 3528 1411 3579 ut
1445 3523 1779 3579 mercedem

150 3612 585 3684 possitaccipere
603 3613 932 3667 secundum
954 3614 1438 3684 suumlaborem;
1461 3636 1482 3660 «ι
1504 3614 1776 3668 Deienim

151 3712 343 3770 sumus,
366 3706 421 3756 et
454 3701 784 3774 Apostolus
821 3701 987 3771 dixit,
1009 3701 1358 3772 c00perarii,
1413 3702 1495 3756 De
1528 3702 1775 3773 cultura,

153 3785 233 3841 Dei
253 3791 552 3848 mdificatio
584 3791 761 3862 (Ibid.
797 3791 874 3862 9).
905 3817 926 3839 ι»
965 3792 1181 3847 Beatus
1211 3793 1406 3863 itaque
1437 3793 1536 3847 ille
1566 3793 1666 3864 qui
1697 3796 1780 3846 ta-

151 3874 220 3930 les
247 3879 455 3936 fenoris
487 3880 588 3936 sui
648 3881 834 3936 cernit
882 3896 1138 3936 usuras:
1201 3881 1410 3936 beatus
1437 3886 1494 3936 et
1551 3881 1648 3936 ille
1680 3882 1781 3953 qui

152 3964 342 4024 fructus
367 3972 459 4026 sui
490 3971 696 4042 operis
721 3971 1012 4026 intuetur:
1083 3993 1104 4018 α
1140 3971 1358 4025 Beatus
1415 3986 1651 4042 quoque
1681 3971 1784 4042 qui

152 4059 550 4126 superaediﬁcat
581 4075 761 4130 supra
793 4058 1234 4113 fundamentum
1264 4059 1399 4114 fidei
1431 4075 1660 4130 aurum,
1682 4075 1781 4114 ar-

154 4150 376 4219 gentum,
410 4149 643 4220 lapides
673 4148 970 4219 pretiosos
1001 4148 1180 4218 (Ibid.
1217 4148 1325 4217 12).
1365 4168 1387 4198 ι

206 4233 251 4289 9.
284 4237 392 4292 Vos
421 4237 601 4294 nobis
633 4237 779 4292 estis
812 4238 1026 4306 omnia,
1061 4237 1162 4308 qui
1191 4235 1319 4291 haec
1341 4237 1557 4293 auditis
1586 4241 1683 4293 aut
1702 4238 1783 4292 le-

158 4322 305 4391 gitis:
363 4344 470 4382 vos
503 4325 860 4382 feneratoris
893 4342 1132 4396 usurae;
1188 4327 1356 4380 verbi
1413 4343 1634 4396 usurae,
1666 4343 1785 4382 non

157 4416 423 4480 pecuniae:
457 4432 572 4471 vos
599 4416 879 4487 agricolae
928 4415 1228 4470 redditus:
1264 4431 1372 4470 vos
1406 4415 1785 4470 aedificatoris

1891 3239 2236 3309 corporales
2259 3254 2467 3294 omnes
2492 3239 2721 3294 delicia:
2735 3239 3134 3312 vincerentur,
3151 3250 3564 3306 converteren-

1892 3332 1986 3383 tur
2042 3331 2290 3399 gentes:
2358 3331 2419 3382 ut
2450 3329 2624 3383 fidem
2680 3329 2825 3383 Jesu
2857 3328 3076 3384 Christi
3137 3335 3350 3406 magis,
3385 3353 3560 3408 quam

1891 3418 2140 3490 pristina
2173 3418 2366 3472 studia
2398 3433 2507 3471 sua
2525 3422 2582 3471 et
2613 3421 2747 3472 vota
2769 3424 3182 3489 sequerentur.
3219 3424 3303 3478 Sit
3336 3425 3432 3481 ille
3456 3429 3565 3484 Da-

1892 3507 2011 3575 vid,
2048 3507 2141 3560 cui
2173 3510 2561 3561 occurrerunt
2590 3506 2913 3577 psallentes
2951 3508 3293 3580 juvenculae
3353 3515 3562 3573 dicen-

1890 3599 1981 3650 tes
2009 3611 2021 3650 :
2061 3618 2083 3641 «
2118 3595 2256 3650 Saul
2288 3595 2668 3666 triumphavit
2689 3597 2748 3651 in
2778 3596 3040 3668 milibus,
3063 3599 3247 3656 David
3269 3603 3329 3657 in
3351 3605 3561 3663 docem

1892 3683 2134 3739 milibus
2166 3684 2220 3754 (Ι
2248 3684 2396 3756 Reg.
2430 3701 2593 3751 xvm,
2631 3683 2706 3753 7).

1965 3791 2053 3846 13.
2081 3791 2223 3846 Mihi
2245 3795 2335 3846 sat
2357 3795 2468 3861 est,
2490 3792 2544 3846 si
2567 3809 2683 3848 non
2707 3792 2765 3848 in
2789 3797 3097 3851 exterores
3145 3799 3420 3857 tenebras
3451 3819 3526 3858 ex
3544 3831 3560 3846 -

1891 3881 2114 3950 trudar,
2175 3879 2666 3951 quemadmodum
2709 3882 2805 3937 ille
2865 3885 2967 3955 qui
2999 3889 3386 3946 commissum
3443 3892 3563 3948 sibi

1893 3969 2173 4024 talentum
2208 3969 2266 4024 in
2325 3973 2481 4025 terra
2539 3971 2790 4042 quadam
2846 3988 2974 4028 suae
3006 3977 3203 4031 carnis
3250 3979 3568 4037 abscondit

1895 4058 2108 4129 (Matii.
2140 4075 2283 4128 xxv,
2307 4059 2430 4127 28):
2467 4059 2620 4114 sicut
2643 4061 2921 4132 princeps
2943 4062 3562 4141 (71)Synagogaa,cae-

1897 4147 2124 4218 terique
2146 4147 2445 4218 principes
2469 4147 2831 4220 Judaeorum,
2848 4151 2946 4221 qui
2968 4153 3187 4208 credita
3203 4155 3316 4210 sibi
3333 4158 3568 4229 eloquia

1898 4237 2003 4291 Dei
2036 4237 2212 4291 humo
2245 4237 2494 4308 quadam
2525 4237 2621 4292 sui
2652 4240 2922 4309 corporis
2954 4249 3352 4312 occuparunt:
3416 4247 3568 4301 deli-

1901 4326 2130 4397 ciisque
2159 4326 2358 4380 carnis
2388 4326 2614 4396 intenti,
2645 4328 2816 4398 quasi
2850 4329 2910 4383 in
2959 4333 3273 4400 quamdam
3328 4335 3566 4390 exaltati

1902 4414 2100 4470 cordis
2134 4413 2365 4470 foveam
2388 4415 2561 4470 fenus
2592 4417 2834 4472 caeleste
2866 4425 3219 4476 merserunt.

157 4477 346 4574 eurum,
369 4477 702 4578 argentum,
738 4505 1083 4576 lapidesque
1114 4505 1360 4574 pretiosi
1385 4503 1516 4574 (68).
1552 4505 1615 4559 In
1645 4521 1788 4560 ves-
1820 4477 1872 4538 D
1976 4503 2061 4558 14.
2097 4501 2222 4559 Nos
2255 4503 2438 4576 igitur
2468 4521 2585 4560 non
2615 4507 2767 4560 intra
2797 4505 3036 4561 latibula
3078 4510 3274 4564 carnis
3307 4510 3570 4566 abscon-

157 4589 242 4644 tris
263 4596 472 4648 meritis
493 4593 884 4648 sacerdotalis
907 4609 1137 4648 summa
1160 4593 1384 4648 laboris
1416 4597 1528 4663 est,
1555 4593 1614 4648 in
1652 4608 1789 4648 ves-

160 4679 247 4732 tris
266 4683 465 4738 animis
484 4684 717 4737 fructus
760 4683 1120 4754 episcopalis
1143 4682 1341 4753 operis
1386 4683 1696 4752 enitescit;
1729 4684 1788 4737 in

161 4771 343 4823 vestris
375 4771 740 4842 profectibus
771 4788 977 4826 aurum
1011 4771 1244 4827 Domini
1272 4769 1548 4844 refulget,
1588 4771 1788 4826 multi-

157 4853 369 4921 plicetur
421 4864 754 4934 argentum,
818 4861 871 4915 si
920 4860 1152 4933 eloquia
1211 4860 1408 4915 divina
1467 4862 1716 4916 teneatis
1772 4876 1786 4916 :

216 4999 314 5066 (6t)
343 5002 485 5057 Mss.
516 5003 758 5074 aliquot,
794 5005 1109 5058 sententiae
1138 5002 1252 5058 Dei
1280 5003 1413 5057 fuit.

166 5137 174 5146 _
217 5073 557 5146 (65)anes
613 5073 761 5146 edit.
785 5090 854 5128 ac
910 5090 1056 5146 mss.
1109 5075 1395 5142 nonnulli,
1461 5095 1484 5124 ι
1519 5073 1788 5146 Quinque

164 5141 314 5216 igitur
340 5144 560 5216 libros:
599 5170 620 5192 ι·
658 5145 869 5200 melius
905 5145 1115 5216 reliqui
1149 5163 1295 5200 mss.
1317 5141 1466 5200 utin
1487 5141 1784 5201 contextu.

219 5212 316 5287 (66)
346 5215 472 5270 Non
503 5217 671 5287 pauci
702 5233 848 5271 mss.
887 5240 908 5263 «ι
947 5212 1206 5286 planiore
1237 5217 1652 5286 disputatione.
1691 5242 1712 5265 η

221 5284 318 5358 (67)
338 5287 478 5358 Mss.
506 5284 751 5358 aliquot,
792 5311 812 5333 ιι
848 5284 1085 5341 humani
1111 5284 1446 5342 feneremus
1465 5287 1734 5342 atl'ectus.
1762 5313 1783 5336 η

221 5354 319 5423 (68)
337 5357 548 5412 Omnes
566 5354 702 5413 edit.
728 5354 784 5412 et
829 5359 1065 5429 quidam
1116 5375 1261 5413 mss.
1293 5383 1313 5404 «
1351 5375 1459 5412 vos
1490 5359 1788 5414 fenerato-

167 5437 246 5476 res
274 5441 551 5498 usurae...,
587 5447 694 5484 vos
727 5429 1138 5498 aediﬁcatores,
1181 5431 1526 5500 lapidesque
1575 5431 1790 5500 pretio-

168 5502 800 5572 sossuperwditicantes
823 5516 837 5568 ;
875 5522 897 5550 ι
919 5501 1016 5555 alii
1039 5517 1211 5569 mss.,
1237 5500 1448 5572 majori
1465 5517 1711 5556 numero
1733 5505 1791 5556 et

168 5571 494 5644 auctoritate,
518 5593 538 5622 ι
563 5589 671 5627 vos
692 5572 1063 5641 feneratoris,
1089 5576 1238 5644 nete.
1259 5571 1433 5644 quam
1447 5588 1791 5644 germanam

170 5639 592 5714 esselectionem
616 5648 670 5699 et
689 5639 1094 5714 antecedentia
1117 5639 1309 5714 haecfu
1326 5659 1436 5700 vos
1450 5639 1623 5700 nobis
1642 5643 1790 5700 estis

171 5709 337 5769 omnia
359 5733 380 5762 ι
404 5716 460 5774 et
486 5715 790 5796 sequentia
811 5713 929 5796 illa,
955 5735 984 5768 ι
1015 5709 1076 5776 in
1104 5709 1326 5778 vestris
1348 5715 1574 5776 meritis
1592 5730 1792 5782 sacer-

1903 4593 2083 4647 ditam
2102 4593 2332 4647 Domini
2372 4597 2676 4648 teneamus
2708 4595 3038 4665 pecuniam,
3069 4597 3162 4651 vel
3194 4614 3382 4653 meam
3412 4599 3572 4656 illam

1901 4683 1962 4736 in
1985 4682 2226 4736 sudario
2258 4697 2614 4752 reponamus
2648 4684 2809 4751 (Luc.
2836 4701 2954 4748 xxx,
2995 4685 3119 4755 20):
3158 4687 3262 4741 sed
3295 4691 3572 4760 tanquam

1901 4770 2043 4825 boni
2067 4771 2440 4824 nummularii
2465 4787 2598 4825 cum
2615 4771 2834 4826 sudore
2851 4774 3105 4844 quodam
3126 4776 3340 4830 mentis
3361 4782 3416 4831 et
3436 4793 3573 4832 cor-

1903 4860 2252 4931 porisasquo
2267 4863 2322 4913 et
2342 4863 2544 4930 parato
2567 4874 2804 4930 semper
2833 4861 3122 4917 libremus
3148 4862 3359 4920 atl‘ectu
3389 4865 3569 4937 (Ibid.

1904 5003 2115 5079 dotalis
2149 5018 2377 5079 summa
2409 5002 2631 5058 laboris
2662 5006 2772 5074 est,
2812 5029 2834 5053 η
2893 5009 3028 5078 etc.,
3087 5009 3435 5079 planissime
3466 5011 3568 5067 de-

1905 5077 2252 5130 monstrant.

1975 5145 2087 5218 (69)
2148 5145 2228 5199 lta
2270 5145 2706 5218 edittAmerb.
2769 5151 2941 5218 atque
2993 5147 3160 5206 Eras.
3222 5169 3355 5207 cum
3416 5169 3567 5209 mss.

1903 5216 2174 5286 pluribus
2206 5216 2708 5288 melioribdsque:
2743 5216 2876 5273 Gilll
2913 5225 3105 5276 autem
3139 5225 3195 5277 et
3235 5226 3405 5279 Rom.
3438 5238 3574 5280 cum

1905 5289 2058 5365 aliis,
2092 5305 2242 5340 nunc
2275 5289 2578 5365 temporis.
2626 5290 2772 5365 _N_on
2805 5297 2999 5360 recte;
3058 5309 3250 5365 neque
3305 5297 3461 5350 enim
3493 5296 3567 5351 de

1904 5363 2166 5482 temtpore
2199 5359 2505 5429 praesenti,
2538 5360 2645 5414 sed
2668 5361 2739 5416 de
2773 5359 3209 5419 resurrectione
3243 5366 3435 5422 futura
3469 5367 3567 5421 hie

1904 5447 2000 5482 εει
2030 5446 2120 5482 ur.

1904 5446 2120 5484 agitur.

2277 5501 2517 5576 aliquot,
2548 5525 2570 5550 η
2596 5519 3028 5576 voceravarus,
3056 5507 3208 5562 haud
3240 5507 3390 5574 ideo,
3415 5509 3567 5563 nete.

1977 5571 2090 5643 (81)
2119 5571 2339 5647 omnes
2371 5571 2509 5629 edit.
2557 5589 2626 5630 ac
2672 5577 2843 5646 pauci
2875 5571 3048 5647 mss.,
3106 5599 3127 5627 α
3166 5577 3318 5632 sicut
3347 5571 3573 5647 princi-

1903 5659 2048 5719 pes;
2086 5666 2107 5694 η
2144 5643 2244 5701 alii
2270 5645 2474 5721 plures
2505 5643 2907 5730 potioresque,
2955 5673 2975 5697 «
3015 5643 3168 5706 sicut
3207 5643 3508 5726 princeps.
3546 5669 3572 5710 τι
