3982 6174
491 328 613 391 679

1944 329 2011 392 S.
2057 327 2500 394 AMBROSII.
3765 351 3858 416 680

492 527 619 596 23);
652 528 714 580 ut
742 540 925 597 prope
958 525 1035 580 sit
1066 525 1324 581 Verbum
1383 527 1441 581 in
1475 541 1575 582 ore
1637 528 1735 583 tuo
1767 530 1823 583 et
1878 529 1937 582 in
1981 529 2158 584 corde
2186 511 2244 573 Α
2343 531 2412 586 9.0
2438 535 2493 587 et
2523 532 2608 586 21.
2644 531 2856 596 Quaero
2914 537 3104 589 autem
3139 551 3246 591 cur
3301 552 3415 592 non
3461 545 3640 610 putent
3687 549 3864 606 subau-

489 619 588 669 tuo
622 614 815 685 (Deut.
850 632 992 686 xxx,
1029 615 1136 686 14).

560 723 646 778 15.
675 723 800 778 Hoc
823 723 1070 778 verbum
1093 723 1200 778 Dei
1230 726 1340 793 est,
1368 725 1693 794 pretiosum
1733 728 1824 780 est
1857 725 2156 797 talentum,

489 827 605 882 quo
629 812 960 866 redimet-is.
993 813 1138 867 Haec
1161 815 1251 867 est
1273 814 1520 884 pecunia
1543 829 1649 883 per
1673 831 1910 869 mensas
1933 815 2158 868 anima-

490 918 620 956 rum
679 917 840 972 saepe
874 901 1208 970 cernenda;
1267 905 1329 956 ut
1387 901 1734 973 frequentur
1792 903 2068 976 agitando
2101 904 2159 959 in

497 1006 728 1045 omnem
760 994 977 1045 terram
1005 991 1297 1045 bonorum
1347 1007 1532 1045 sonus
1566 991 1758 1062 possit
1801 993 1963 1047 exire
1992 1009 2158 1047 num-

490 1096 739 1151 morum,
777 1095 884 1150 per
912 1095 1085 1150 quem
1115 1080 1234 1134 vita
1264 1083 1501 1150 paretur
1551 1085 1787 1136 aeterna.
1831 1103 1853 1132 α
1893 1082 2035 1138 Haec
2068 1086 2160 1137 est

489 1173 683 1226 autem
706 1169 822 1223 vita
845 1173 1084 1238 aeterna,
1115 1191 1135 1219 υ
1159 1185 1334 1240 quam
1363 1169 1624 1242 largiris,
1649 1171 2021 1241 omnipotens
2043 1171 2158 1226 Pa-

485 1262 594 1328 ter,
628 1263 688 1314 ut
726 1274 1162 1330 cognoscamus
1200 1283 1220 1306 «
1279 1261 1335 1312 te
1367 1259 1561 1312 solum
1592 1275 1797 1313 verum
1855 1261 2060 1315 Deum.
2100 1264 2156 1316 et

496 1365 670 1421 quem
701 1348 919 1402 misisti
948 1347 1152 1402 Jesum
1181 1347 1481 1402 Christum
1515 1348 1704 1414 (Joan.
1742 1365 1883 1416 xvn,
1915 1348 1990 1420 3),
2029 1371 2050 1400 ι

1011 1453 1262 1510 CAPUT
1305 1453 1629 1511 PRIMUM.

491 1564 668 1630 Quam
702 1564 866 1635 impii
895 1563 1016 1616 sint
1046 1562 1286 1636 Ariani,
1321 1562 1454 1616 dum
1486 1561 1634 1636 illud
1665 1563 1729 1618 id
1768 1581 1876 1636 quo
1904 1565 2156 1620 humana

555 1636 818 1708 felicitas
877 1640 1132 1708 constat,
1195 1635 1515 1708 impugnat.
1578 1635 1861 1690 Joannem
1919 1653 2158 1708 semper

561 1724 687 1760 cum
721 1707 908 1760 Patro
943 1705 1158 1758 Filium
1199 1704 1577 1775 conjungere,
1613 1709 1866 1760 maxime
1903 1708 2002 1761 ubi
2032 1704 2152 1762 ait:

555 1779 628 1832 Ut
661 1781 985 1848 cognoscat
1013 1781 1066 1830 te
1098 1776 1290 1850 solum
1330 1792 1565 1850 verum,
1629 1781 1741 1831 etc.
1777 1778 1908 1832 Illic
1968 1780 2156 1850 igitur

554 1847 761 1904 verum
829 1850 1012 1902 Deum
1081 1849 1258 1902 etiam
1315 1847 1768 1918 intelligendum
1830 1851 1904 1903 (lc
1966 1847 2147 1915 Filio,

559 1921 786 1994 quando
846 1921 900 1972 is
931 1935 1038 1973 nec
1097 1918 1258 1994 Deus
1289 1919 1502 1987 negari
1551 1921 1760 1994 possit,
1801 1938 1906 1994 nec
1942 1921 2155 1994 falsus

553 1990 714 2046 dici:
747 1992 862 2045 imo
919 2007 1030 2044 nec
1060 1993 1236 2043 etiam
1299 1991 1746 2059 nuncupativus.
1789 1990 1952 2056 Quod
2013 1993 2152 2046 ulli-

551 2081 702 2118 mum
737 2063 837 2116 ubi
869 2077 946 2115 ex
973 2060 1287 2132 Apostolos
1309 2060 1772 2133 demonstratum
1797 2069 1908 2133 cst,
1946 2063 2155 2118 Chris-

556 2142 673 2190 tum
712 2150 912 2188 verum
943 2133 1127 2187 Deum
1161 2147 1296 2186 csse
1327 2133 1449 2186 rite
1483 2132 1812 2188 con/icitur.

551 2242 638 2297 16.
668 2240 838 2296 Unde
883 2239 1190 2294 advertant
1233 2237 1436 2292 Ariani
1468 2255 1642 2310 quam
1683 2240 1844 2310 impii
1879 2242 2016 2313 sint,
2052 2243 2151 2314 qui

481 2333 553 2387 de
586 2345 691 2402 spe
724 2332 923 2384 nostra
959 2331 1014 2383 et
1045 2331 1181 2383 voto
1215 2327 1390 2382 nobis
1421 2327 1641 2382 faciunt
1670 2331 2056 2400 quaestiones.
2084 2333 2154 2386 Et

485 2421 762 2493 quoniam
784 2418 921 2473 hinc
947 2434 1071 2488 prae
1106 2416 1351 2470 etetenis
1381 2416 1493 2484 (7:2)
1515 2416 1827 2472 vociferari
1861 2419 2053 2474 solent
2075 2420 2154 2474 di-

483 2513 686 2566 centes
719 2509 1053 2578 separatum
1083 2521 1116 2558 ιι
1173 2505 1302 2559 solo
1333 2495 1482 2560 554
1512 2508 1567 2559 et
1617 2523 1758 2561 vero
1791 2507 1912 2562 Deo
1942 2508 2152 2563 Chris-

487 2605 630 2668 tum,
691 2597 1025 2652 intellectus
1056 2595 1272 2665 impios
1301 2609 1406 2665 pro
1457 2597 1680 2650 nostris
1727 2597 1956 2652 Viribus
2007 2615 2152 2654 con-

484 2689 762 2744 futemus.

557 2793 642 2850 17.
673 2795 796 2848 Iloc
820 2791 1122 2848 enimloco
1156 2791 1346 2863 magis
1397 2791 1724 2864 intelligere
1773 2793 1987 2849 debent
2017 2796 2154 2867 quia

482 2884 612 2941 haec
637 2883 876 2952 utilitas,
902 2881 1031 2936 haec
1063 2896 1292 2936 merces
1325 2885 1416 2935 est
1448 2881 1724 2952 perfectae
1748 2883 2001 2953 virtutis,
2040 2885 2153 2940 hoc

480 2974 742 3030 divinum
777 2976 831 3026 et
862 2971 1319 3041 incomparabile
1351 2987 1586 3041 munus,
1619 2975 1681 3026 ut
1713 2989 2150 3044 cognoscamus

479 3081 610 3119 cum
629 3063 800 3117 Patre
817 3061 1138 3128 Christum,
1164 3075 1272 3113 nec
1293 3075 1642 3129 separemus
1665 3077 1696 3114 a
1719 3061 1888 3116 Patre
1914 3061 2146 3133 Filium,

477 3154 632 3209 sicut
661 3151 961 3222 Scriptura
1018 3167 1135 3205 non
1169 3153 1421 3219 separat.
1487 3149 1897 3222 Namquehoc
1955 3151 2148 3224 magis

477 3243 550 3298 ad
581 3241 860 3296 unitatem
915 3256 1090 3311 quam
1132 3240 1205 3294 ad
1259 3238 1594 3294 distantiam
1644 3240 1860 3295 divinae
1917 3241 2148 3312 proficit

478 3331 809 3405 potestatis,
841 3330 999 3400 quod
1023 3329 1174 3383 idem
1206 3328 1510 3398 praemium
1536 3345 1714 3382 unum
1738 3329 2021 3384 honorem
2045 3346 2147 3385 no-

475 3425 570 3478 bis
594 3416 924 3487 datPatris,
959 3416 1213 3488 Filiique
1246 3417 1546 3488 cognitio:
1607 3434 1781 3488 quam
1815 3420 2148 3474 mercedem

475 3510 695 3567 habere
727 3525 842 3564 non
875 3507 1104 3578 poterit,
1140 3506 1256 3560 nisi
1287 3508 1387 3576 qui
1419 3510 1474 3559 et
1526 3505 1754 3561 Patrem
1801 3508 2150 3580 cognoverit

473 3605 529 3657 et
563 3598 772 3654 Filium
801 3614 815 3668 ;
848 3597 1005 3652 sicut
1033 3596 1191 3651 enim
1227 3595 1439 3664 Patris,
1474 3594 1550 3648 ita
1599 3595 1726 3649 Filii
1763 3597 2022 3668 cognitio
2054 3597 2146 3651 vi-

471 3694 590 3745 tam
621 3688 872 3760 acquirit
901 3690 1199 3740 aeternam.

544 3797 850 3867 18.1taque
873 3795 1027 3849 sicut
1076 3793 1134 3848 in
1158 3791 1448 3863 principio
1499 3793 1695 3846 statim
1721 3793 1980 3848 Verbum
2013 3810 2145 3849 cum

472 3885 594 3942 Deo
626 3887 798 3939 Patre
830 3885 924 3954 pia
955 3882 1376 3937 confessionne
1408 3881 1610 3952 junxit
1641 3881 2022 3954 Evangelista
2053 3883 2146 3938 di-

471 3990 654 4030 cens:
694 3994 715 4022 α
755 3973 824 4027 Et
857 3972 1114 4026 Verbum
1144 3974 1267 4025 erat
1301 3971 1454 4040 apud
1491 3971 1674 4024 Deum
1709 3971 1898 4042 (Joan.
1931 3991 1970 4042 ι,
2007 3973 2080 4042 1),
2119 3996 2140 4020 η

470 4064 547 4119 ita
577 4067 632 4118 et
660 4063 757 4116 hic
788 4060 1105 4116 scribendo
1136 4059 1318 4114 verba
1378 4059 1606 4114 Domini
1634 4075 1645 4114 :
1711 4081 1732 4108 α
1775 4060 1851 4114 Ut
1883 4077 2147 4135 cognos-

472 4156 604 4209 cant
634 4153 688 4206 te
721 4151 918 4205 solum
950 4163 1156 4203 verum
1192 4149 1377 4202 Deum
1411 4152 1465 4202 et
1497 4164 1671 4218 quem
1691 4147 1910 4203 misisti
1941 4151 2144 4206 Jesum

469 4243 771 4297 Christum
803 4239 990 4310 (Joan.
1025 4254 1168 4290 xvn.
1199 4237 1295 4307 3);
1360 4259 1380 4284 ν
1420 4235 1840 4308 conjunctione
1903 4239 2000 4292 illa
2030 4241 2145 4294 Pa-

469 4337 618 4389 trem
649 4331 849 4402 utique
889 4325 1184 4398 COpulavit
1213 4330 1269 4380 et
1331 4324 1562 4394 Filium,
1598 4329 1660 4380 ut
1714 4325 2016 4382 Christum
2045 4345 2146 4383 ve-

2272 621 2569 692 diendum,
2604 626 2660 677 et
2691 639 2764 676 ex
2786 625 3196 693 superioribus
3227 626 3624 701 colligendum,
3646 639 3716 704 ut,
3755 641 3862 710 quia

2271 711 2542 780 promisit
2561 711 2754 766 solum
2777 728 2984 768 verum
3007 714 3191 769 Deum
3211 716 3460 787 Patrem,
3503 721 3865 783 subaudiamus

2273 799 2446 853 etiam
2465 799 2672 855 Jesum
2695 801 2994 856 Christum
3017 803 3210 858 solum
3229 820 3433 860 verum
3467 807 3674 865 Deum?
3701 813 3868 885 Expri-

2269 889 2545 944 mendum
2567 891 2723 944 enim
2755 891 2925 946 aliter
2950 907 3068 947 non
3097 893 3224 962 fuit,
3261 909 3333 948 ne
3365 895 3511 950 duos
3552 898 3684 955 deos
3713 903 3867 960 dicere

2267 979 2604 1048 videretur;
2638 996 2771 1034 nam
2801 997 2988 1052 neqae
3017 982 3168 1036 duos
3201 983 3452 1039 dicimus
3471 986 3628 1058 deos,
3647 993 3698 1044 et
3738 992 3872 1064 ejus-

2269 1068 2400 1122 dem
2434 1084 2566 1123 cum
2598 1070 2769 1124 Patre
2798 1071 3119 1126 divinitatis
3151 1070 3362 1127 Filium
3394 1076 3736 1134 confitemur.

2339 1195 2425 1250 2'2.
2451 1196 2650 1266 Itaque
2695 1213 3030 1267 quaeramus
3062 1213 3174 1268 qua
3207 1199 3429 1253 ratione
3488 1200 3782 1258 divinitatis
3807 1206 3877 1261 hic

2267 1288 2470 1355 putent
2497 1285 2708 1339 factam
2739 1301 2878 1340 esse
2913 1286 3267 1358 distantiam,
3293 1292 3487 1344 utrum
3511 1291 3685 1346 Deum
3704 1301 3876 1367 negent

2266 1373 2612 1429 Christum?
2667 1373 2783 1428 Sed
2814 1391 3033 1448 negare
3081 1393 3196 1432 non
3245 1382 3518 1449 possunt.
3581 1383 3665 1435 An
3717 1399 3881 1438 verum

2267 1464 2453 1519 Deum
2477 1465 2742 1534 negent?
2771 1465 2884 1518 Sed
2909 1465 3124 1535 dicant,
3161 1466 3210 1520 si
3245 1483 3450 1522 verum
3475 1473 3702 1541 negant,
3722 1476 3878 1527 utrum

2265 1553 2503 1622 falsum,
2539 1570 2612 1608 an
2667 1555 3124 1624 nuncupativum
3184 1556 3366 1610 Deum
3425 1557 3730 1628 judicent?
3773 1562 3886 1616 Nam

2267 1643 2593 1696 secundum
2627 1643 2966 1713 Srripturas
2998 1647 3094 1698 aut
3124 1661 3304 1699 verus
3340 1646 3500 1701 Deus
3533 1651 3642 1716 est,
3674 1651 3760 1703 aut
3785 1655 3885 1704 tan-

2267 1733 2563 1786 tummodo
2588 1734 3040 1802 nuncupativus,
3063 1737 3160 1787 aut
3185 1734 3396 1789 falsus.
3425 1736 3620 1790 Verus
3651 1742 3710 1792 ut
3731 1740 3890 1806 Pater,

2183 1829 2236 1892 Β
2267 1821 2700 1892 nuncupativus
2721 1823 3008 1890 utsancti,
3034 1822 3223 1877 falsus
3267 1827 3324 1877 ut
3363 1825 3668 1880 daemones
3699 1827 3796 1896 ('73)
3837 1832 3894 1880 at-

2266 1927 2378 1984 que
2411 1911 2747 1965 simulacra.
2782 1911 2988 1965 Dicant
3037 1912 3217 1984 igitur
3247 1929 3361 1984 qua
3422 1913 3636 1969 Filium
3667 1915 3764 1970 Dei
3793 1933 3898 1970 con-

2267 2001 2532 2056 fessione
2564 2001 2898 2073 designent,
2935 2003 3125 2056 utrum
3184 2001 3336 2056 falso
3369 2008 3788 2073 praesumptum
3814 2007 3898 2073 (Ἠ)

2266 2090 2369 2146 Dei
2405 2107 2638 2160 nomen,
2672 2107 2745 2144 an
2776 2107 2916 2145 vero
2949 2092 3118 2162 quasi
3161 2093 3565 2162 nuncupativo
3597 2093 3897 2164 inspiratio-

2266 2197 2398 2234 nem
2431 2183 2654 2234 tantum
2687 2179 3009 2234 divinitatis
3040 2179 3240 2249 inesse
3271 2180 3658 2237 arbitrantur.

2333 2304 2422 2360 £3.
2457 2303 2633 2360 Falso
2665 2307 3090 2375 praesumptum
3120 2321 3334 2360 nomen
3363 2323 3488 2362 non
3508 2310 3650 2376 puto
3676 2307 3820 2379 quod
3844 2307 3906 2360 di-

2265 2399 2417 2463 cant,
2452 2398 2514 2448 ut
2543 2393 2836 2464 apertiore
2870 2409 2936 2448 se
2967 2393 3211 2448 crimine
3245 2395 3573 2465 impietatis
3608 2397 3906 2462 involvant;
3954 2442 3956 2446 ,

2265 2500 2338 2538 ne
2389 2487 2451 2538 ut
2479 2483 2793 2538 daemoniis
2851 2486 2906 2537 et
2938 2483 3299 2552 simulacris,
3363 2485 3444 2538 ita
3479 2485 3658 2539 etiam
3711 2485 3909 2539 Christo

2267 2573 2481 2627 falsum
2513 2572 2616 2626 Dei
2650 2572 2894 2626 inditum
2927 2587 3140 2626 nomen
3181 2573 3550 2628 insinuando
3584 2591 3652 2629 se
3685 2575 3911 2644 prodant.

2265 2663 2368 2716 Sin
2398 2665 2594 2716 autem
2625 2660 2756 2714 ideo
2788 2661 3006 2714 dictum
3036 2665 3238 2730 putant
3271 2661 3488 2732 Deum,
3525 2663 3665 2734 quia
3697 2663 3914 2733 inspira-

2264 2753 2484 2806 tionem
2515 2749 2836 2804 divinitatis
2869 2749 3092 2818 habuit,
3128 2751 3282 2804 sicut
3313 2755 3370 2805 et
3413 2753 3594 2806 multi
3626 2753 3806 2807 sancti
3834 2752 3918 2803 viri

2264 2842 2394 2912 (eos
2425 2840 2580 2895 enim
2631 2839 2930 2908 Scriptura
2989 2839 3134 2894 deos
3192 2840 3339 2894 dixit
3402 2842 3607 2907 (Joan.
3649 2859 3705 2912 x,
3739 2843 3839 2909 35‘),
3866 2839 3918 2891 ad

2265 2947 2416 3002 quos
2441 2945 2638 2984 sermo
2663 2928 2836 2982 ﬁebat
2860 2927 3008 2998 Dei),
3031 2945 3174 3001 ergo
3197 2945 3315 2984 non
3346 2930 3509 2984 ultra
3530 2931 3802 2986 homines
3819 2946 3924 2984 eum

2263 3019 2606 3090 praeferunt,
2642 3017 2748 3073 sed
2781 3018 3238 3088 comparandum
3271 3018 3636 3074 hominibus
3666 3019 3924 3074 arbitran-

2187 3139 2238 3202 ο
2264 3114 2394 3176 tur;
2427 3111 2487 3162 ut
2519 3108 2632 3162 hoc
2664 3123 2796 3161 eum
2827 3110 3031 3177 putent
3061 3123 3198 3161 esse
3239 3108 3402 3180 quod
3443 3109 3798 3164 hominibus
3827 3108 3927 3177 ipse

2265 3197 2524 3265 donavit,
2560 3198 2764 3251 dicens
2795 3197 2869 3250 ad
2919 3197 3200 3267 Moysen:
3257 3220 3278 3244 α
3317 3198 3544 3252 Posuit
3579 3203 3634 3252 te
3689 3199 3746 3251 in
3777 3197 3927 3251 Deum

2263 3285 2790 3353 Pharaoni(Exod.
2811 3301 2910 3354 vn,
2933 3285 3006 3355 1).
3039 3307 3058 3332 ιι
3096 3284 3262 3340 Unde
3295 3290 3352 3340 et
3375 3287 3444 3341 in
3480 3287 3725 3360 psalmo
3748 3287 3932 3342 dictum

2262 3381 2391 3432 est:
2429 3400 2449 3422 «
2486 3375 2613 3448 Ego
2644 3375 2786 3444 dixi,
2821 3374 2902 3428 dii
2934 3374 3080 3428 estis
3113 3373 3302 3445 (I’sal.
3345 3393 3571 3446 LXXXI,
3608 3377 3686 3448 6).
3728 3396 3749 3425 1

2341 3495 2487 3556 555
2519 3501 2605 3556 24.
2643 3499 2714 3554 Et
2746 3499 2898 3553 hanc
2917 3502 3112 3554 tamen
3131 3500 3597 3572 sacrilegorum
3629 3501 3934 3573 opinionem

2260 3592 2480 3647 Paulus
2513 3589 2792 3656 excludit,
2824 3589 2924 3660 qui
2956 3589 3072 3644 ait:
3111 3610 3132 3638 α
3170 3589 3320 3643 Nam
3377 3592 3510 3645 etsi
3545 3595 3694 3646 sunt
3753 3589 3843 3660 qui
3872 3587 3934 3639 ιιι.

2260 3678 2467 3736 cantur
2497 3679 2598 3748 dii,
2632 3679 2761 3733 sive
2790 3678 2850 3732 in
2883 3677 3054 3747 coelo,
3088 3679 3218 3732 sive
3251 3678 3311 3732 in
3343 3681 3524 3734 terra
3586 3681 3646 3748 (Ι
3677 3679 3812 3736 Cor.
3839 3692 3936 3743 vni,

2257 3771 2333 3839 5).
2372 3793 2392 3817 η
2429 3768 2564 3822 Non
2597 3767 2762 3836 dixit,
2798 3770 2936 3820 sunt
2985 3766 3085 3835 dii,
3119 3767 3224 3822 sed
3289 3791 3310 3816 σι
3339 3773 3499 3823 sunt
3532 3771 3645 3840 qui
3678 3770 3935 3824 dicantur.

2257 3858 2532 3914 Christus
2571 3880 2592 3905 η
2629 3859 2843 3924 autem,
2879 3855 3035 3910 sicut
3055 3856 3344 3926 scriptum
3380 3862 3512 3914 est.
3555 3882 3580 3906 ιι
3618 3859 3756 3914 heri
3783 3859 3837 3912 et
3852 3855 3939 3910 ho-

2257 3948 2352 4002 die
2384 3947 2514 4018 ipse
2551 3948 2644 4000 est
2675 3945 2892 4015 (Hebr.
2924 3961 3049 4015 xm,
3082 3945 3158 4016 8).
3197 3969 3218 3993 ιι
3252 3945 3399 4016 Est,
3441 3949 3676 4020 inquit,
3713 3949 3823 4002 hoc
3852 3947 3938 4006 est,

2259 4053 2377 4092 non
2409 4035 2599 4091 solum
2631 4035 2887 4104 nomine,
2921 4035 3028 4088 sed
3060 4034 3232 4088 etiam
3264 4037 3560 4092 veritate.

2330 4163 2420 4216 ‘25.
2462 4161 2532 4215 Et
2572 4161 2724 4215 bene
2757 4159 3042 4230 scriptum
3073 4163 3200 4229 est;
3262 4181 3283 4210 α
3325 4160 3490 4216 Ileri
3524 4166 3590 4217 et
3635 4161 3814 4217 hodie
3841 4161 3943 4229 ipse

2263 4253 2394 4320 est;
2433 4273 2454 4299 ιι
2490 4253 2552 4305 ut
2585 4251 2708 4304 Arii
2745 4250 3015 4319 impietas
3046 4249 3356 4304 astruendi
3426 4251 3759 4324 sacrilegii
3785 4250 3950 4304 locum

2260 4339 2528 4394 invenire
2563 4355 2679 4393 non
2711 4341 2936 4408 posset.
2997 4335 3107 4402 Qui
3141 4354 3274 4392 cum
3331 4337 3596 4411 legeret
3629 4343 3691 4395 in
3751 4339 3949 4410 psalmo

472 4439 602 4478 rum
651 4422 834 4476 Deum
895 4434 926 4471 a
993 4416 1303 4488 majestate
1354 4415 1548 4469 Patris
1600 4431 1774 4472 nemo
1832 4421 2142 4489 secernat;

2280 4428 2525 4482 secundo
2545 4427 2835 4481 dicentem
2856 4424 3283 4497 FilioPalrem;
3319 4449 3342 4474 κ
3377 4427 3595 4484 Filius
3611 4443 3788 4484 meus
3804 4443 3866 4481 es
3884 4427 3948 4486 tu,

467 4527 767 4583 nunquam
797 4508 954 4563 enim
987 4505 1325 4578 conjunctio
1360 4507 1614 4576 separat.

543 4617 629 4675 19.
657 4613 726 4673 Et
757 4613 888 4672 ideo
943 4613 1229 4670 dicendo:
1269 4636 1289 4662 «
1329 4612 1405 4667 Ut
1451 4616 1818 4685 cognoscant
1847 4615 1900 4668 te
1949 4613 2142 4669 solum

468 4725 675 4766 verum
707 4708 912 4776 Deum,
951 4708 1006 4760 et
1035 4719 1210 4775 quem
1241 4702 1454 4756 misisti
1500 4701 1708 4756 Jesum
1753 4701 2073 4772 Christum,
2113 4723 2135 4753 ι

468 4803 527 4854 et
546 4797 917 4854 Sabellianos
939 4793 1236 4862 interficit,
1261 4794 1318 4846 et
1348 4791 1590 4846 Judaeos
1614 4791 1887 4861 exclusit,
1909 4808 2016 4846 eos
2031 4791 2139 4846 uti-

469 4903 585 4959 que
634 4885 735 4956 qui
783 4882 1051 4938 audirent
1079 4882 1455 4952 loquentem;
1489 4895 1563 4934 ne
1595 4882 1694 4934 aut
1753 4879 1836 4932 illi
1869 4880 2139 4934 eumdem

470 4977 704 5031 Patrem
735 4974 1005 5044 putarent
1035 4985 1172 5025 esse
1201 4985 1374 5042 quem
1395 4967 1627 5038 Filium,
1648 4969 1702 5022 si
1732 4983 1850 5024 non
1879 4968 2140 5023 addidis-

471 5068 564 5120 set
593 5067 649 5119 et
679 5062 1016 5132 Christum;
1073 5063 1173 5114 aut
1201 5060 1300 5114 isti
1359 5075 1391 5112 a
1423 5061 1592 5114 Patre
1624 5057 1836 5112 Filium
1895 5071 2140 5129 separa-

470 5155 621 5210 rent.
869 5161 882 5174 ’
1481 5184 1516 5214 ο

541 5297 654 5368 ('12)
676 5294 925 5362 Quidam
939 5309 1111 5368 mss.,
1141 5314 1162 5344 α
1192 5289 1260 5348 Et
1281 5291 1556 5364 quoniam
1572 5307 1662 5346 me
1684 5289 2082 5368 praeczeteris.
2113 5313 2134 5339 η

541 5363 655 5438 (73)
687 5369 819 5423 Non
847 5366 1220 5438 paucimss.,
1246 5363 1315 5438 ⁸αξ
1345 5369 1442 5418 aut
1473 5363 1874 5438 tantummodo
1907 5376 2140 5418 nuncu-

464 5435 730 5516 pativus,
752 5443 818 5516 ut
847 5435 1035 5516 sancti
1061 5450 1075 5507 ;
1107 5440 1205 5516 aut
1235 5435 1444 5516 falsus,
1479 5436 1892 5516 tit-daemones:
1932 5456 1954 5484 ι»

541 5514 595 5584 ('i
609 5513 656 5582 ί)
685 5505 836 5566 Edit.
870 5513 926 5564 et
956 5505 1127 5580 pauci
1159 5523 1306 5562 mss.
1342 5506 1438 5560 hic
1469 5510 1524 5561 et
1553 5506 1722 5577 infra,
1763 5531 1784 5554 «
1815 5505 1966 5561 falso
1987 5521 2142 5577 prae-

431 5649 440 5660 “
467 5588 864 5726 νθῗιξὲξηίῐέιη.
897 5652 1201 5726 θῶμβιιιη
1233 5664 1350 5726 uno
1383 5664 1555 5726 mssﬁ.,_
1591 5669 1611 5698 «
1641 5645 2133 5726 Filiisillorum;‘»

472 5720 669 5790 caeteri
706 5725 859 5800 cod.,
900 5746 920 5774 ι
959 5723 1096 5780 ﬁliis
1156 5723 1400 5782 nostris.
1440 5741 1461 5772 »
1497 5720 1595 5778 Sic
1626 5720 1799 5778 etiam
1855 5720 2138 5785 nonnulla

2259 4533 2372 4589 ego
2405 4516 2580 4570 hodie
2613 4515 2791 4588 genui
2820 4518 2874 4568 te
2907 4513 3093 4584 (Psal.
3129 4531 3188 4584 ιι,
3228 4515 3284 4586 7)
3322 4540 3346 4563 ››
3389 4519 3726 4573 annotavit
3783 4514 3948 4571 hodie.

2257 4622 2375 4661 non
2402 4605 2549 4674 heri,
2575 4604 2646 4658 ad
2683 4603 3062 4658 aeternitatem
3095 4603 3310 4658 divina:
3347 4606 3796 4678 generationis
3825 4600 3953 4658 refe.

2255 4711 2421 4765 rens,
2445 4695 2603 4766 quod
2622 4693 2694 4748 de
2726 4693 2922 4748 carnis
2945 4693 3356 4763 assumptione
3418 4700 3831 4752 memoratum
3861 4695 3951 4752 est,

2255 4785 2411 4839 sicut
2431 4783 2652 4838 Paulus
2678 4783 2737 4836 in
2773 4783 3022 4836 Actibus
3051 4782 3480 4852 apostolorum
3521 4786 3606 4840 ait
3636 4802 3650 4841 :
3690 4809 3711 4836 α
3766 4783 3833 4840 Et
3862 4793 3952 4835 nos

2253 4873 2428 4928 vobis
2451 4871 2890 4941 annuntiamus,
2925 4886 3060 4942 qum
3092 4871 3164 4925 ad
3195 4874 3410 4942 patres
3451 4879 3721 4930 nostros
3772 4886 3952 4942 repro-

2255 4962 2465 5016 missio
2498 4961 2648 5016 facta
2679 4964 2809 5029 est;
2856 4960 3132 5032 quoniam
3188 4961 3344 5015 hanc
3384 4963 3572 5019 Deus
3636 4957 3952 5032 adimplevit

2257 5051 2396 5106 ﬁliis
2455 5051 2680 5106 nostris
2729 5051 2862 5120 ('75),
2916 5050 3286 5104 resuscitans
3355 5051 3718 5110 Dominum
3775 5053 3952 5106 Jesum

2254 5138 2576 5210 Christum,
2611 5138 2767 5194 sicut
2797 5138 3083 5209 scriptum
3131 5141 3223 5193 est
3250 5138 3310 5192 in
3351 5141 3617 5211 psalmo
3669 5138 3952 5197 secundo:

2253 5284 2460 5338 Graeca
2495 5281 2872 5352 exemplaria,
2910 5284 2966 5336 et
2997 5281 3169 5354 Vulg.
3203 5283 3424 5339 vcrsio
3452 5301 3466 5340 :
3535 5286 3756 5356 plures
3787 5286 3952 5337 autem

2251 5364 2595 5438 Graecorum
2630 5363 2784 5434 cod.,
2828 5367 2934 5438 tot;
2974 5359 3134 5438 'u'xgi;
3174 5361 3349 5438 ᾳὺτῶη
3409 5365 3575 5438 ἡμῖν.
3628 5367 3779 5422 Tota
3799 5373 3952 5438 porro

2253 5435 2384 5491 hinc
2411 5435 2718 5506 perilome,
2771 5433 2808 5482 '«
2844 5435 2996 5488 sicut
3055 5433 3272 5506 Paulus
3335 5436 3406 5490 in
3443 5433 3819 5493 Actibus“;
3850 5434 3952 5502 Ego

2253 5505 2432 5561 hodie
2477 5506 2656 5578 genui
2693 5511 2820 5578 te,»
2871 5522 3003 5577 quae
3034 5505 3106 5578 ab
3136 5506 3315 5578 antiq.
3360 5509 3524 5564 edit.
3563 5526 3640 5563 ac
3673 5525 3824 5563 mss.
3856 5518 3950 5558 non

2253 5577 2894 5660 paucis_aberat,_sicut
2923 5581 2978 5632 et
3009 5577 3120 5660 alia
3150 5577 3520 5660 plurimam,
3549 5583 3816 5660 primum
3838 5590 3950 5660 con:

2245 5647 2406 5723 jecta
2463 5647 2656 5723 fuerat
2711 5649 2864 5723 inte_r
2904 5647 3100 5723 varias
3144 5647 3472 5723 lectiones
3505 5647 3687 5710 'Gill.
3721 5653 3857 5708 edit.
3911 5651 3950 5700 et

2252 5719 2459 5800 postea
2482 5719 2543 5777 in
2563 5722 2789 5778 textum
2809 5720 2978 5780 Rom.
3003 5719 3283 5796 admissa,
3321 5722 3449 5781 ubi
3481 5740 3608 5783 nos
3640 5739 3777 5782 eam
3820 5733 3950 5780 mss.
