4050 6182
275 427 379 490 681

1616 417 1728 481 DE
1758 416 1953 480 FIDE
1981 414 2140 482 LIB.
2176 415 2248 479 V.

3611 418 3734 483 682

278 652 299 671 κ
341 626 523 681 Filius
552 638 723 679 meus
753 639 820 679 es
848 625 931 691 tu,
972 638 1085 694 ego
1138 621 1312 676 hodie
1346 620 1524 692 genui
1546 622 1602 675 te
1631 621 1791 692 (Act.
1817 636 1941 691 xm,
1972 621 2035 689 Α
2137 620 2227 674 30.
2262 619 2337 673 Ut
2382 619 2575 674 sciant
2606 623 2820 690 autem,
2857 635 2990 675 cum
3021 620 3215 676 solum
3243 620 3469 693 legunt,
3506 635 3733 693 nequa-

273 716 357 785 3‘2,
387 715 501 785 33).
539 738 561 763 ι»
598 714 815 769 Sancto
846 713 1029 783 igitur
1058 711 1277 780 Spiritu
1309 711 1572 781 repletus
1595 710 1941 781 Apostolus,

276 809 335 859 ut
369 805 528 859 illam
573 804 817 859 elideret
861 802 1207 869 savitatcm,
1257 800 1337 853 ait
1372 817 1383 854 :
1426 823 1446 846 α
1486 800 1626 853 Heri
1673 803 1730 854 et
1772 799 1946 853 hodie

275 894 399 964 ipse
456 894 571 963 est,
629 892 690 947 in
719 891 974 957 saecula;
1013 913 1034 937 η
1068 890 1207 943 beri
1236 893 1480 959 propter
1510 888 1895 944 aeternitatem
1930 903 1944 958 ;

277 983 469 1052 liodie,
502 984 747 1052 propter
776 978 1044 1050 corporis
1066 979 1529 1048 susceptionem.

344 1071 432 1126 9.6.
468 1071 577 1125 Est
624 1086 771 1142 ergo
803 1069 1097 1136 Christus,
1141 1072 1198 1122 et
1228 1070 1321 1122 est
1348 1082 1616 1138 semper;
1652 1068 1753 1140 qui
1791 1068 1949 1122 enim

278 1165 384 1231 est,
410 1175 649 1231 semper
670 1162 781 1214 est.
804 1158 1081 1212 Christus
1113 1160 1307 1213 autem
1337 1172 1576 1227 semper
1592 1160 1704 1227 est,
1731 1157 1803 1211 de
1829 1172 1949 1227 quo

278 1251 414 1306 dicit
436 1250 718 1320 Moyses:
755 1271 776 1294 «ι
802 1245 912 1311 Qui
944 1250 1055 1317 est,
1083 1246 1243 1300 misit
1271 1262 1362 1300 me
1390 1245 1608 1315 (Exod.
1643 1262 1727 1315 ιιι,
1765 1245 1874 1313 14).
1920 1267 1942 1292 ιο

276 1338 411 1394 Erat
456 1339 658 1408 utique
686 1335 944 1405 Gabriel,
985 1338 1109 1390 erat
1155 1334 1438 1404 Raphael,
1475 1337 1642 1389 erant
1702 1333 1948 1405 Angeli;

278 1427 387 1483 sed
410 1441 645 1496 semper
674 1440 834 1494 esse,
850 1425 950 1495 qui
980 1423 1295 1494 aliquando
1318 1439 1436 1481 non
1461 1423 1698 1493 fuerint,
1722 1438 1950 1494 nequa-

280 1532 461 1588 quam
503 1516 626 1586 pari
672 1514 902 1569 ratione
943 1513 1238 1568 dicuntur.
1272 1512 1518 1568 Chistus
1548 1515 1764 1581 autem,
1797 1511 1951 1567 sicut

284 1605 559 1678 legimus,
590 1628 610 1650 ιι
644 1603 781 1659 Νοιι
809 1602 938 1673 fuit,
970 1604 1082 1671 est,
1107 1604 1164 1656 et
1192 1616 1311 1658 non
1333 1618 1348 1672 ;
1372 1602 1480 1657 sed
1503 1605 1596 1658 est
1618 1602 1678 1656 in
1700 1601 1801 1656 illo
1819 1600 1948 1670 fuit,

275 1695 366 1764 (Il
393 1696 530 1749 Cor.
560 1711 599 1763 ι,
642 1693 731 1763 19)
760 1709 775 1763 ;
813 1716 835 1740 η
871 1691 1025 1747 unde
1057 1707 1198 1746 vere
1216 1692 1321 1746 Dei
1341 1692 1532 1746 solius
1561 1689 1953 1761 cstesse,qui

275 1798 516 1853 semper
535 1784 650 1838 est.
879 1844 887 1853 ν

343 1873 437 1927 27.
462 1872 624 1944 Ergo
654 1871 710 1926 si
743 1873 802 1925 et
831 1870 1295 1941 nuncupativum
1326 1869 1514 1925 Deum
1565 1884 1687 1924 non
1734 1868 1956 1924 audent

2064 725 2241 781 quam
2264 724 2406 763 esse
2438 726 2471 762 a
2492 710 2665 764 Patre
2687 709 2899 764 Filium
2920 710 3336 781 separandum,
3360 710 3734 765 meminerint

2063 798 2124 852 in
2155 797 2461 869 prophetis
2491 814 2523 851 a
2548 798 2670 853 Deo
2702 799 2921 854 dictum
2956 816 2968 854 :
3009 822 3030 847 α
3068 799 3194 871 Ego
3223 798 3485 854 extendit
3519 799 3734 854 calum

2064 888 2232 942 solus
2264 887 2403 955 (Isa.
2427 903 2585 957 κων,
2610 887 2720 957 24).
2750 912 2772 935 ι»
2828 888 2900 943 Et
2927 889 3130 959 utique
3161 904 3279 943 non
3314 887 3576 943 extendit
3602 888 3733 944 sine

2064 976 2213 1031 Filio
2244 977 2438 1031 Pater.
2473 977 2607 1047 Ipse
2646 977 2803 1031 enim
2833 976 3020 1033 Filius
3043 977 3143 1049 qui
3173 976 3462 1048 sapientia
3484 976 3588 1031 Dei
3619 979 3731 1047 est,

2063 1066 2209 1120 dicit
2242 1083 2255 1120 :
2297 1090 2318 1113 ιι
2355 1064 2600 1131 Quando
2629 1066 2873 1136 parabat
2905 1066 3139 1136 calum,
3172 1083 3308 1121 cum
3334 1066 3467 1137 ipso
3496 1066 3735 1122 aderam

2064 1155 2214 1222 (Pro
2223 1171 2275 1210 γ.
2294 1171 2417 1226 vni,
2432 1156 2545 1225 '27).
2566 1178 2587 1203 η
2624 1155 2696 1209 Et
2721 1155 2945 1212 Paulus
2961 1156 3033 1211 de
3047 1154 3194 1211 Filio
3207 1155 3427 1210 dictum
3439 1169 3577 1210 esse
3596 1170 3736 1210 con-

2064 1243 2303 1299 firmat:
2379 1267 2401 1290 ‹‹
2448 1245 2617 1299 Initio
2659 1247 2876 1299 terram
2920 1248 2983 1300 tu
3024 1245 3308 1315 fundasti,
3369 1244 3637 1314 Domine,
3680 1246 3737 1299 et

2065 1348 2244 1403 opera
2273 1349 2552 1389 manuum
2592 1337 2828 1389 tuarum
2877 1337 3017 1389 sunt
3056 1334 3191 1390 cali
3246 1333 3461 1405 (Hebr.
3492 1351 3531 1404 ι,
3565 1333 3679 1403 10).
3709 1357 3730 1381 ιι

2066 1422 2203 1477 Sive
2236 1438 2383 1494 ergo
2416 1422 2603 1478 Filius
2639 1422 2855 1478 calum
2901 1422 3060 1494 fecit,
3099 1423 3255 1479 sicut
3302 1425 3360 1478 et
3415 1422 3742 1495 Apostoliis

2066 1512 2251 1567 voluit
2283 1512 2554 1585 intelligi,
2601 1515 2659 1567 et
2696 1513 2825 1583 ipse
2857 1513 3057 1585 utique
3088 1529 3206 1569 non
3238 1513 3369 1568 sine
3415 1514 3589 1568 Patre
3620 1528 3744 1567 ca-

2067 1601 2187 1655 lum
2252 1600 2425 1656 solus
2491 1602 2774 1670 extendit,
2827 1602 2976 1671 sive,
3030 1605 3093 1657 ut
3144 1601 3492 1657 Proverbiis
3532 1600 3742 1672 habes,

2073 1713 2094 1736 «ι
2140 1690 2301 1745 Deus
2332 1690 2393 1745 in
2424 1690 2713 1760 sapientia
2744 1690 3011 1746 fundavit
3029 1695 3268 1761 terram,
3300 1691 3528 1763 paravit
3552 1692 3748 1746 autem

2072 1779 2259 1834 catos
2282 1779 2343 1834 in
2369 1779 2671 1834 intellectu
2698 1779 2908 1851 (Prov.
2955 1797 3038 1849 ιιι,
3080 1778 3189 1850 19),
3233 1780 3566 1836 ostenditur
3609 1780 3749 1852 quia

2071 1883 2184 1923 nec
2243 1868 2416 1923 Pater
2463 1868 2632 1924 solus
2682 1868 2834 1923 sine.
2863 1866 3011 1924 Filio
3044 1869 3231 1924 catos
3279 1868 3441 1941 fecit,
3473 1884 3583 1925 nec
3615 1869 3747 1924 sine

281 1964 505 2031 dicere,
537 1964 595 2015 et
624 1960 842 2015 falsum
876 1976 1012 2015 eum
1056 1960 1257 2015 dicere
1287 1957 1535 2030 majoris
1565 1962 1658 2014 est
1688 1958 1954 2030 impieta-
1986 1954 2042 2020 Β
2074 1958 2249 2012 Patre
2292 1956 2511 2028 Filius;
2570 1960 2631 2013 et
2660 1960 2853 2012 tamen
2885 1958 2986 2029 qui
3018 1958 3233 2013 coelum
3261 1959 3545 2032 extendit,
3578 1958 3749 2015 solus

273 2053 372 2121 tis,
396 2054 584 2106 restat
604 2052 668 2105 ut
696 2049 857 2104 Deus
886 2064 1069 2104 verus
1101 2049 1200 2118 sit,
1224 2049 1350 2103 veri
1397 2048 1590 2105 Patris
1613 2064 1731 2103 non
1775 2048 1958 2104 dissi-

274 2140 463 2210 milis,
496 2139 607 2194 sed
638 2138 907 2211 aqualis.
931 2136 1040 2202 Qui
1092 2154 1228 2193 cum
1262 2141 1318 2193 et
1342 2136 1636 2210 justiticet
1655 2140 1712 2193 et
1740 2138 1961 2203 sancti-

267 2230 416 2285 ﬁcet
446 2245 601 2301 quos
622 2228 782 2295 velit,
806 2242 926 2283 non
964 2227 1114 2283 foris
1153 2242 1495 2297 assumens,
1520 2227 1629 2282 sed
1667 2227 1727 2282 in
1750 2243 1818 2283 se
1851 2226 1961 2281 ha-

264 2322 433 2376 bens
483 2318 893 2374 sanctiﬁcandi
947 2320 1319 2389 potestatem,
1365 2317 1662 2389 quomodo
1708 2332 1827 2373 non
1871 2319 1965 2372 est

256 2425 455 2465 verus
488 2409 696 2464 Deus?
731 2408 881 2463 Nam
931 2408 1256 2479 Apostolus
1307 2423 1441 2462 eum
1486 2407 1686 2479 utique
1750 2422 1959 2463 verum

257 2500 467 2554 Deum
494 2497 659 2563 dixit,
712 2498 812 2570 qui
852 2498 1196 2552 naturaliter
1225 2498 1387 2553 Deus
1424 2499 1588 2552 esset
1629 2495 1767 2567 ('76),
1805 2496 1965 2552 sicut

260 2589 470 2643 habes
505 2603 517 2642 :
550 2610 573 2635 ιι
608 2586 753 2651 Quia
773 2590 933 2656 tunc,
960 2587 1167 2656 inquit,
1182 2587 1524 2641 nescientes
1546 2586 1753 2656 Deum,
1775 2585 1964 2641 servi-

261 2679 391 2732 stis
419 2677 517 2731 his
547 2676 648 2748 qui
666 2679 870 2731 natura
893 2691 1010 2730 non
1041 2680 1210 2730 erant
1229 2676 1311 2730 dii
1332 2675 1551 2745 (Galat.
1583 2692 1664 2745 iv,
1697 2675 1775 2745 8),
1799 2699 1821 2723 »ι
1849 2674 1964 2730 hoc

262 2769 391 2836 est,
431 2766 533 2838 qui
563 2766 691 2820 veri
713 2765 793 2820 dii
826 2780 964 2821 esse
988 2781 1103 2820 non
1139 2768 1428 2837 poterant,
1466 2762 1688 2838 quibus
1709 2764 1825 2821 hoc
1848 2776 1964 2821 na-

251 2859 279 2910 t
294 2855 558 2911 uraliter
578 2854 819 2910 minime
851 2855 1219 2927 suppetebat.

902 2997 1156 3053 CAPUT
1198 2997 1272 3053 ΙΙ.

267 3106 428 3161 Cum
445 3105 766 3178 probatum
785 3105 877 3178 sit
909 3104 1127 3159 Filium
1158 3120 1296 3178 esse
1330 3120 1534 3159 verum
1557 3105 1759 3170 Deum,
1781 3120 1888 3178 nec
1906 3105 1967 3158 in

351 3194 427 3233 eo
446 3175 962 3257 minor-AemPatre
986 3195 1023 3257 ;_
1057 3175 1398 3257 ostenditur
1420 3192 1535 3257 per
1570 3192 1766 3231 vocem
1798 3176 1966 3257 solus

353 3266 497 3329 cpiti
524 3250 589 3302 in
618 3247 960 3329 Scriptnris
982 3248 1058 3329 de
1086 3247 1278 3329 Patre
1309 3246 1552 3317 dicitur,
1587 3264 1700 3302 non
1732 3246 1970 3329 excludi

363 3320 629 3383 Filium;
668 3319 804 3391 quin
838 3320 955 3373 imo
984 3319 1136 3391 bello
1168 3319 1227 3373 ei
1261 3334 1457 3373 vocem
1482 3335 1612 3391 pra
1651 3319 1880 3373 cunctis
1904 3324 1969 3391 et

352 3391 477 3446 soli
508 3391 626 3462 ipsi
653 3389 996 3462 convenire.
1039 3389 1393 3462 Trinitatem
1418 3389 1530 3445 non
1562 3390 1726 3444 inter
1753 3390 1965 3462 omnia,

353 3462 474 3517 sed
485 3460 671 3532 seper
691 3462 882 3517 omnia
902 3461 1085 3516 solam
1103 3477 1268 3516 esse:
1292 3460 1508 3515 Filium
1528 3477 1669 3516 vero
1684 3460 1869 3516 solum
1893 3461 1972 3516 fa-

354 3548 525 3605 cere,
548 3550 675 3605 qua
700 3532 848 3587 facit
878 3532 1102 3605 Pater,
1121 3548 1190 3586 ac
1212 3532 1397 3605 solum
1417 3532 1651 3587 habere
1670 3533 1970 3605 immorta-

360 3603 635 3668 litatem;
671 3620 779 3658 nec
803 3603 1059 3675 proinde
1081 3604 1142 3656 in
1178 3603 1386 3675 verbis
1413 3604 1824 3658 controversis
1842 3620 1970 3667 eum

358 3692 394 3729 ει
446 3675 640 3729 Patre
693 3674 1121 3746 separandum;
1160 3674 1349 3729 licere
1381 3681 1593 3746 Vtamen
1627 3691 1754 3729 eum
1786 3674 1971 3729 locum

355 3746 729 3818 intelligere
749 3745 824 3801 de
851 3747 1295 3810 incarnatione;
1328 3745 1402 3800 ab
1431 3746 1557 3800 illis
1589 3746 1818 3818 demum
1848 3746 1971 3818 Pa:-

361 3816 660 3890 tremri'ad
707 3817 1002 3890 hominum
1047 3818 1458 3890 redemptione
1489 3816 1736 3888 secludi,
1772 3820 1867 3890 qui
1899 3817 1973 3872 ab

356 3889 474 3945 hac
504 3888 733 3943 Filium
765 3888 1093 3961 sejuncth
1131 3888 1350 3943 volant.

358 4012 453 4069 28.
490 4014 708 4069 Verum
741 4014 981 4085 copiose
995 4012 1118 4084 jam
1146 4028 1352 4070 verum
1376 4014 1564 4070 Deum
1585 4013 1889 4070 Christum
1914 4014 1975 4068 in

287 4103 717 4175 superioribus
746 4103 917 4159 libris
959 4103 1396 4173 Scripturarum
1442 4095 1589 4159 556
1622 4103 1977 4159 lectionibus

288 4194 787 4265 approbavimus.
834 4192 995 4264 Ergo
1039 4192 1095 4247 si
1122 4192 1421 4263 Christus,
1446 4195 1510 4248 ut
1556 4193 1827 4248 edoctum
1864 4193 1975 4263 est,

297 4285 469 4339 Deus
491 4299 677 4337 verus
697 4284 810 4352 est,
847 4298 1186 4353 quaramus
1208 4297 1322 4354 qua
1345 4283 1594 4351 ratione,
1619 4298 1753 4337 cum
1786 4282 1979 4338 solum

291 4389 509 4429 verum
530 4371 716 4427 Deum
746 4371 978 4426 Patrem
1000 4371 1222 4443 legant,
1243 4387 1274 4425 a
1300 4372 1472 4427 Patre
1504 4370 1716 4427 Filium
1737 4372 1981 4442 cupiunt

295 4477 605 4534 separare.

238 4556 247 4563 ’
366 4552 459 4607 29.
500 4552 566 4606 Si
596 4550 798 4606 dicunt
844 4551 982 4622 quia
1029 4565 1211 4606 verus
1245 4551 1403 4606 Deus
1453 4551 1622 4607 solus
1655 4552 1836 4607 Pater
1864 4554 1976 4623 est,

300 4656 528 4714 negare
556 4655 677 4696 non
697 4643 952 4710 possunt
973 4640 1108 4711 quia
1132 4643 1189 4694 et
1219 4640 1406 4695 Filius
1437 4641 1606 4696 solus
1638 4640 1798 4696 Deus
1818 4642 1978 4696 veri-

294 4734 392 4785 tas
422 4732 545 4799 est,
564 4730 704 4801 quia
731 4728 1007 4784 Christus
1028 4729 1249 4783 veritas
1279 4732 1391 4784 est.
1427 4729 1732 4801 Numquid
1758 4732 1980 4786 veritas

299 4836 444 4875 vero
466 4818 665 4874 minor
684 4820 798 4888 est,
831 4834 964 4873 cum
1011 4817 1340 4875 secundum
1372 4818 1834 4889 appellationem
1877 4836 1983 4875 no-

299 4909 529 4963 minum
577 4922 762 4962 verus
801 4907 1149 4977 plerumque
1187 4922 1221 4960 a
1258 4907 1503 4962 veritate
1549 4907 1798 4979 dicatur,
1829 4908 1986 4964 sicut

301 4998 547 5069 sapiens
568 5012 604 5051 a
633 4996 942 5067 sapientia,
972 4995 1178 5067 justus
1199 4999 1257 5050 et
1282 4995 1558 5067 justitia?
1593 4997 1722 5052 Hoc
1750 5013 1863 5053 nos
1892 4998 1985 5053 in-

303 5090 391 5141 ter
453 5087 692 5141 Patrem
724 5100 844 5140 non
892 5085 1184 5139 sentimus
1216 5087 1273 5139 et
1301 5085 1534 5155 Filium,
1569 5086 1704 5156 quia
1744 5090 1800 5141 et
1830 5087 1986 5141 Patri

303 5175 448 5248 nihil
496 5174 688 5243 deest,
742 5174 879 5246 quia
916 5174 1090 5228 Pater
1145 5178 1236 5228 est
1280 5189 1464 5228 verax
1492 5174 1639 5246 (7'7);
1697 5178 1755 5230 et
1798 5175 1985 5230 Filius

305 5265 442 5336 quia
464 5264 689 5318 veritas
720 5267 832 5334 est,
856 5263 1105 5335 aqualis
1137 5265 1228 5317 est
1249 5278 1413 5319 vero.

310 5407 537 5479 aliquot
582 5406 847 5461 melioris
876 5407 989 5461 avi
1027 5405 1371 5461 auctoritate
1403 5405 1682 5461 duximus
1723 5406 1986 5462 retinen-

310 5480 497 5620 ἃ.ιὲέῦ
545 5549 765 5605 Omnes
783 5549 964 5622 Medit.
998 5564 1067 5603 ac
1115 5565 1264 5604 mss.
1315 5548 1605 5622 nonnulli,
1644 5549 1789 5622 «qui
1822 5552 1988 5605 natu-

309 5622 513 5677 raliter
553 5637 732 5693 verus
782 5620 943 5675 Deus
974 5622 1170 5691 esset;
1199 5643 1221 5669 υ
1252 5621 1469 5693 melius
1500 5622 1561 5674 in
1590 5620 1737 5676 mss:
1771 5621 1989 5693 pleris-

309 5692 710 5777 quenomittur
760 5707 959 5763 verus,
1006 5695 1070 5747 ut
1113 5692 1337 5764 patebit
1374 5693 1653 5749 attentius
1702 5693 1987 5749 conside-

312 5768 503 5919 .m
552 5834 701 5897 Mss.
758 5833 1004 5912 aliquot,
1064 5858 1086 5890 α
1128 5835 1267 5918 quia
1283 5834 1479 5914 _Pater
1529 5838 1622 5899 est
1675 5836 1918 5916 veritas,
1963 5860 1985 5893 ιι

594 5933 852 6001 ΡΑτιιοι..
893 5933 1049 6001 XVI.

2077 2046 2313 2103 dicitur.

2147 2134 2237 2189 31.
2264 2134 2451 2201 Quam
2495 2151 2641 2191 vero
2689 2135 2748 2190 id
2795 2138 2853 2191 et
2900 2136 2974 2191 de
3012 2134 3160 2192 Filio
3190 2140 3391 2209 aperte
3411 2137 3753 2212 intelligen-

2078 2224 2219 2280 dum
2249 2224 2348 2293 sit,
2379 2224 2540 2296 quod
2568 2224 2740 2281 solus
2760 2225 3107 2297 appelletur,
3124 2229 3184 2282 et
3212 2227 3267 2282 si
3295 2243 3598 2300 nunquam
3613 2228 3749 2301 (‘78),

2080 2312 2276 2369 inscio
2304 2314 2500 2384 Patre,
2543 2313 2766 2385 aliquid
2802 2314 3023 2370 fecisse
3072 2315 3386 2388 credatur;
3417 2317 3594 2373 etiam
3612 2317 3755 2373 alibi

2082 2402 2291 2473 habes,
2321 2402 2425 2458 ubi
2454 2402 2742 2474 scriptum
2761 2406 2885 2459 est:
2913 2426 2936 2451 ιι
2958 2403 3300 2461 Extendens
3322 2405 3537 2462 calum
3559 2407 3751 2479 solus,

2082 2495 2136 2547 et
2169 2491 2482 2548 ambulans
2516 2492 2692 2563 quasi
2719 2493 2781 2547 in
2809 2492 3144 2563 pavimento
3184 2510 3368 2566 super
3396 2511 3558 2553 mare
3593 2495 3753 2567 (Job.

2084 2598 2166 2653 ix,
2199 2581 2277 2652 8),
2314 2604 2335 2629 ι»
2371 2582 2640 2654 Namque
2688 2581 3077 2655 Evangelium
3110 2583 3343 2640 Domini
3389 2585 3592 2642 docuit
3619 2602 3752 2655 nos,

2084 2671 2244 2743 quod
2306 2671 2368 2726 in
2419 2671 2567 2726 mari
2618 2687 2737 2727 non
2785 2673 2977 2743 Pater,
3035 2672 3143 2728 sed
3183 2672 3372 2731 Filius
3408 2674 3755 2749 ambulavit,

2085 2760 2320 2832 quando
2370 2761 2586 2816 Petrus
2632 2762 2869 2834 rogavit
2914 2777 3048 2818 eum
3103 2763 3313 2820 dicens
3361 2780 3375 2821 :
3424 2788 3445 2812 α
3485 2765 3755 2837 Domine,

2078 2848 2228 2921 jube
2250 2866 2342 2906 me
2370 2850 2575 2906 venire
2607 2852 2679 2907 ad
2710 2855 2767 2907 te
2799 2852 3038 2921 (Matth.
3072 2869 3194 2925 Juv,
3224 2853 3336 2924 28).
3373 2878 3396 2903 »
3433 2854 3551 2911 Sed
3581 2855 3761 2911 etiam

2085 2940 2394 3011 prophetia
2448 2941 2580 3011 ipsa
2617 2932 2971 2997 documento
3002 2945 3130 3013 est;
3190 2946 3436 3000 sanctus
3464 2944 3623 3002 enim
3642 2945 3758 3001 Job

2082 3029 2398 3085 adventum
2458 3029 2691 3086 Domini
2740 3031 3128 3102 prophetabat
3164 3033 3237 3089 de
3275 3049 3394 3105 quo
3432 3049 3574 3090 vere
3613 3034 3762 3090 dixit

2083 3118 2221 3189 quia
2242 3135 2522 3191 magnum
2552 3122 2746 3176 cetum
2774 3125 2899 3176 erat
2930 3121 3335 3179 debellaturus
3366 3122 3526 3193 (Job.
3562 3140 3648 3195 ιιι,
3678 3124 3756 3195 8).

2084 3210 2141 3262 et
2171 3207 2390 3264 factum
2420 3211 2543 3278 est;
2579 3224 2713 3267 nam
2736 3208 2981 3266 feralem
3003 3211 3168 3265 illum
3189 3215 3382 3267 cetum
3404 3212 3545 3283 (Isa.
3568 3229 3756 3284 xxvii,

2001 3275 2053 3338 Ο
2087 3296 2162 3367 i),
2196 3296 2496 3352 diabolum
2525 3275 2639 3369 (ιθ)
2663 3298 2913 3369 scilicet,
2939 3300 3162 3356 ultimis
3190 3275 3558 3372 temporibus
3589 3275 3762 3358 vene;

2086 3385 2258 3441 rabili
2296 3387 2568 3459 corporis
2600 3387 2696 3443 sui
2726 3389 3009 3459 passione
3036 3393 3396 3460 prostratum
3423 3390 3675 3463 perculit
3703 3394 3762 3447 et

2089 3474 2319 3531 afﬂixit.

2156 3564 2247 3620 32.
2280 3564 2386 3620 Est
2418 3581 2564 3638 ergo
2621 3567 2790 3624 solus
2832 3571 2891 3624 et
2934 3584 3114 3625 verus
3160 3570 3319 3627 Dens
3365 3569 3591 3645 Filius;
3631 3572 3761 3628 hac

2087 3653 2244 3708 enim
2273 3656 2331 3708 et
2361 3654 2510 3710 Filio
2542 3658 2935 3729 prarogativa
2964 3658 3246 3714 defertur.
3281 3660 3364 3715 De
3400 3661 3561 3716 nullo
3591 3677 3761 3716 nam-

2089 3758 2204 3815 que
2233 3743 2333 3814 qui
2368 3748 2602 3800 creatus
2638 3750 2748 3814 est,
2772 3747 3009 3818 preprie
3040 3748 3156 3803 dici
3187 3752 3400 3820 potest,
3433 3751 3572 3822 quia
3592 3751 3761 3806 solus

2089 3836 2200 3886 est.
2236 3832 2385 3887 Nam
2412 3834 2508 3888 cui
2528 3834 2687 3889 inest
2718 3838 3109 3893 communitas
3141 3841 3449 3910 creaturae,
3482 3841 3762 3912 quemad-

2088 3921 2328 3977 modum
2360 3923 2534 3994 quasi
2558 3924 2727 3979 solus
2748 3929 2943 3995 potest
2971 3943 3005 3981 a
3038 3928 3274 3983 cateris
3304 3930 3568 4001 separari
3598 3930 3627 3984 ?
3647 3929 3763 3984 Ita-

2089 4026 2205 4082 que
2235 4010 2411 4066 homo
2446 4013 2812 4068 rationabilis
2864 4015 3097 4071 videtur
3126 4018 3280 4073 inter
3305 4018 3502 4073 omnia
3531 4020 3766 4074 terrena

2093 4100 2434 4172 animantia,
2468 4103 2577 4157 sed
2626 4106 2820 4159 tamen
2863 4121 2982 4160 non
3013 4111 3107 4161 est
3154 4107 3323 4163 solus
3354 4108 3762 4179 rationabilis;

2094 4190 2321 4245 scimus
2351 4190 2508 4245 enim
2524 4191 2892 4248 rationabilia
2906 4209 3044 4250 esse
3062 4198 3120 4251 et
3136 4197 3401 4252 calestia
3432 4213 3611 4268 opera
3634 4197 3760 4266 Dei,

2092 4279 2342 4351 angelos
2374 4283 2432 4335 et
2471 4280 2868 4354 archangelos
2901 4285 3281 4341 rationabiles
3313 4286 3678 4342 confitemur.
3702 4285 3766 4340 Si

2094 4385 2240 4440 ergo
2262 4369 2461 4442 angeli
2488 4371 2895 4444 rationabiles,
2929 4390 3047 4428 non
3087 4374 3288 4446 utique
3317 4375 3486 4431 solus
3517 4375 3767 4430 rationa-

2092 4457 2233 4513 bilis
2255 4458 2431 4515 homo
2461 4459 2693 4515 dicitur.

2165 4548 2255 4603 33.
2304 4548 2421 4604 Sed
2453 4549 2655 4604 dicunt
2693 4550 2886 4606 solum
2918 4552 3033 4606 dici
3064 4568 3247 4623 posse
3269 4553 3477 4624 solem,
3503 4552 3640 4625 quia
3671 4552 3766 4607 sol

2097 4638 2245 4693 alter
2273 4654 2390 4693 non
2411 4641 2523 4694 est.
2561 4640 2632 4693 At
2661 4642 2717 4694 et
2746 4639 2875 4710 ipse
2897 4640 2989 4695 sol
3020 4641 3198 4697 habet
3226 4645 3558 4698 communia
3586 4643 3767 4698 multa

2098 4744 2232 4783 cum
2290 4727 2505 4799 stellis,
2559 4728 2717 4799 quod
2788 4731 3081 4799 percurrit
3137 4733 3371 4803 coelum,
3416 4726 3563 4789 557
3608 4735 3769 4807 quod
3860 4736 3873 4749 ¹

2098 4817 2374 4872 atherea
2425 4816 2589 4870 illius
2644 4816 3027 4890 coelestisque
3073 4821 3424 4877 substantia
3473 4826 3567 4879 est
3609 4825 3769 4896 quod

2098 4908 2367 4961 creatura
2389 4909 2501 4975 est,
2533 4905 2691 4976 quod
2720 4906 2872 4960 inter
2904 4909 3097 4963 omnia
3131 4909 3235 4965 Dei
3263 4927 3441 4982 opera
3463 4917 3769 4986 computa-

2096 4999 2190 5050 tur
2213 4994 2386 5067 (Gen,
2420 5012 2460 5065 ι,
2494 4995 2605 5065 Μ),
2626 4995 2783 5066 quod
2807 5012 2940 5051 cum
2962 4999 3237 5054 omnibus
3262 5000 3384 5057 Deo
3405 5003 3611 5074 servit,
3637 5019 3772 5059 cum

2098 5084 2376 5140 omnibus
2424 5084 2722 5138 benedicit
2771 5085 2978 5158 Deum,
3040 5104 3172 5143 eum
3242 5091 3518 5147 omnibus
3574 5092 3772 5149 laudat

2097 5171 2285 5243 (Psal.
2320 5189 2556 5241 CXLVIII,
2589 5172 2666 5243 8).
2698 5173 2829 5229 Non
2881 5192 3026 5248 ergo
3076 5178 3245 5235 solus
3274 5182 3512 5252 proprie
3533 5182 3769 5255 dicitur,

2098 5263 2237 5337 quia
2267 5277 2377 5317 nec
2411 5278 2444 5316 a
2474 5262 2708 5317 cateris
2738 5271 3065 5335 separatur.

2099 5422 2279 5474 unus,
2316 5426 2338 5456 σι
2374 5406 2660 5461 veritatis.
2698 5430 2720 5455 ››

2173 5478 2287 5548 (³18)
2313 5477 2689 5555 Dresmsss”
2714 5501 2736 5527 ι
2764 5482 2821 5534 et
2841 5496 2908 5536 se
2927 5496 3229 5554 nunquam
3250 5484 3442 5540 inscio
3456 5485 3717 5555 Patrem;
3746 5504 3767 5534 ι

2103 5565 2280 5616 unus,
2312 5572 2333 5596 α
2372 5549 2616 5619 Patre,»
2651 5557 2762 5606 etc.

2176 5621 2290 5692 ('19,-
2325 5620 2548 5698 anes
2585 5622 2747 5698 edi_t.,
2788 5646 2808 5670 «
2834 5624 3137 5698 Zabulum,
3170 5651 3192 5675 ι»
3228 5630 3285 5683 et
3340 5630 3498 5683 certe
3548 5627 3775 5698 sapius

2107 5691 2446 5769 eonomine
2493 5691 2793 5769 diabolum
2833 5691 3538 5769 designat'Ambpsius;
3570 5691 3778 5756 verum

2108 5764 2371 5897 ggfutgci
2399 5766 2596 5826 cuncti
2625 5781 2810 5844 prope
2849 5764 3059 5845 scripti
3080 5768 3209 5828 cod.
3234 5764 3579 5847 praeferunt,
3607 5794 3629 5821 ιι
3656 5770 3778 5832 ἀίει·

2319 5876 2331 5897 ο
2363 5859 2386 5893 ll

3414 5940 3488 6045 82
