3982 6174
426 394 550 459 683

1907 393 1974 457 S.
2028 390 2474 458 AMBROSII.

3719 404 3820 470 684

500 595 589 650 84.
625 596 828 666 Itaque
860 611 993 649 cum
1028 594 1221 649 Patris
1250 596 1306 649 et
1336 593 1468 650 Filii
1505 594 1880 666 Spiritusque
1914 595 2104 649 sancti
2132 579 2181 641 Α
2218 595 2612 666 sumptionem
2639 594 2899 651 locutum
2930 611 3063 650 eum
3087 595 3363 650 convenit
3381 597 3816 658 mstimari?Nam

430 684 738 754 divinitati,
794 700 928 756 quae
980 685 1108 739 sola
1154 700 1270 739 non
1309 683 1463 739 inter
1504 684 1719 754 omnia,
1772 684 1879 738 sed
1924 698 2108 754 super

433 774 628 829 omnia
686 777 796 841 est,
849 774 1007 828 nulla
1058 774 1253 845 possit
1301 776 1568 828 creatura
1617 771 1896 841 conferri,
1930 776 1992 826 ut
2032 772 2104 826 de

429 863 650 934 Spiritu
700 863 934 917 interim
972 864 1226 918 assertio
1276 867 1620 937 reservetur
1666 878 1679 918 :
1730 864 1887 917 sicut
1932 860 2106 915 Pater

432 953 647 1007 dicitur
686 952 853 1006 solus
900 952 1060 1007 Deus
1118 967 1319 1021 verus,
1364 952 1457 1007 cui
1505 952 1650 1006 nihil
1684 953 1763 1006 sit
1791 964 2101 1006 commune

431 1059 565 1098 cum
594 1042 860 1110 caeteris;
894 1042 970 1095 ita
1001 1041 1173 1096 etiam
1204 1041 1374 1096 solus
1406 1044 1498 1096 est
1529 1039 1715 1096 Filius
1745 1041 1942 1111 imago
1972 1040 2101 1094 veri

434 1132 558 1199 Dei,
605 1130 774 1185 solus
814 1130 1056 1185 dextera
1089 1130 1306 1200 Patris,
1352 1130 1521 1186 solus
1567 1130 1757 1185 virtus
1789 1129 1896 1183 Dei
1925 1131 2100 1201 atque

430 1219 740 1291 sapientia.

498 1309 588 1363 35.
624 1308 802 1363 Solus
832 1323 977 1380 ergo
1010 1307 1196 1363 Filius
1232 1308 1372 1364 facit
1418 1307 1576 1363 sicut
1620 1311 1679 1364 et
1736 1306 1928 1376 Pater,
1962 1306 2097 1378 quia

430 1398 717 1468 scriptum
748 1400 841 1451 est
874 1413 886 1451 :
926 1419 948 1445 κ
983 1395 1363 1469 Quaecunque
1411 1396 1584 1467 facio,
1618 1397 1748 1469 ipse
1798 1396 1938 1451 facit
1985 1395 2097 1465 (80)

428 1488 620 1556 (Joan.
654 1504 711 1555 v,
755 1486 863 1556 19).
890 1506 911 1536 ι
945 1485 1090 1541 Cum
1121 1486 1278 1541 enim
1308 1502 1488 1541 unum
1517 1501 1669 1557 opus
1707 1486 1786 1540 sit
1817 1485 2009 1541 Patris
2040 1485 2098 1539 et

425 1575 579 1644 Filii,
611 1575 764 1630 bene
805 1575 878 1630 de
911 1574 1081 1629 Patre
1112 1578 1168 1629 et
1198 1574 1346 1630 Filio
1376 1574 1591 1630 dicitur
1624 1574 1762 1646 quia
1796 1574 1955 1628 Deus
1991 1588 2094 1628 so-

423 1664 520 1720 lus
571 1668 850 1735 cperatur
874 1668 997 1733 est;
1036 1664 1191 1719 unde
1220 1663 1394 1718 etiam
1425 1679 1558 1718 cum
1590 1666 1915 1718 creatorem
1944 1662 2095 1717 dici-

425 1770 581 1823 mus,
616 1758 674 1808 et
693 1755 926 1808 Patrem
958 1757 1014 1808 et
1043 1751 1257 1808 Filium
1290 1752 1660 1808 confitemur.
1694 1752 1843 1806 Nam
1892 1752 2094 1823 utique

426 1859 559 1898 cum
590 1842 810 1897 Paulus
831 1842 1055 1897 diceret
1085 1858 1097 1897 :
1139 1864 1161 1888 «
1186 1840 1294 1906 Qui
1322 1841 1661 1897 servierunt
1689 1843 1975 1895 creaturae
1992 1856 2095 1911 po-

2216 699 2326 739 nec
2348 685 2465 739 ulla
2495 684 2611 739 sibi
2660 688 2989 754 temporum
3029 685 3377 755 praescripta
3408 692 3669 743 momenta
3689 690 3816 745 divi-

2215 774 2368 827 nitas
2413 772 2610 840 habet,
2635 788 2745 827 nec
2774 773 3195 828 clarificatione
3225 773 3445 845 indiget
3471 775 3650 832 lumen
3676 782 3818 834 aster-

2214 878 2374 917 num.
2410 862 2568 932 Ergo
2608 862 2667 916 in
2714 861 2844 916 solo
2875 878 3015 917 vero
3050 862 3169 917 Deo
3218 863 3388 917 Patre
3432 867 3486 918 et
3520 864 3707 920 Filium
3737 867 3823 924 Dei

2216 951 2409 1005 solum
2456 967 2662 1005 verum
2703 951 3032 1006 secundum
3064 942 3213 1005 558
3241 951 3552 1008 divinitatis
3579 954 3822 1028 inteltigi-

2217 1055 2351 1095 mus
2380 1042 2681 1109 unitatem,
2714 1043 2771 1095 et
2800 1040 2859 1095 in
2905 1040 3051 1096 Josu
3072 1040 3295 1096 Christi
3319 1041 3562 1111 nomine,
3595 1044 3734 1114 quod
3759 1060 3819 1098 ex

2220 1128 2464 1201 Virgine
2508 1132 2682 1184 natus
2731 1129 2979 1200 accepit,
3018 1129 3440 1186 incarnationis
3488 1132 3827 1203 agnoscimus

2216 1221 2651 1274 sacramentum
2662 1259 2676 1273 .

2282 1324 2372 1379 8'1.
2392 1323 2561 1389 Quod
2602 1324 2657 1380 si
2687 1340 2820 1379 cum
2848 1325 3042 1381 solum
3074 1340 3280 1381 verum
3310 1326 3491 1381 Deum
3520 1326 3733 1381 Patrem
3762 1327 3830 1383 le-

2212 1417 2379 1486 gunt,
2418 1413 2631 1469 Filium
2663 1415 2909 1485 cupiunt
2949 1430 3250 1485 separare,
3309 1430 3452 1487 ergo
3483 1430 3609 1470 cum
3636 1414 3701 1470 de
3725 1414 3841 1471 Filii

2208 1502 2613 1558 incarnatione
2642 1503 2850 1576 legunt
2880 1519 2893 1560 :
2933 1526 2954 1552 ι
3001 1504 3112 1558 Hic
3143 1507 3235 1560 est
3273 1504 3426 1575 lapis
3456 1503 3555 1575 qui
3599 1503 3835 1575 reproba-

2208 1595 2306 1648 tus
2335 1595 2475 1647 esta
2505 1592 2683 1648 vobis
2713 1592 3169 1663 aediﬁcantibus,
3203 1594 3305 1665 qui
3344 1592 3535 1648 factus
3564 1596 3651 1647 est
3678 1592 3732 1648 in
3763 1607 3839 1647 ea-

2208 1684 2311 1753 put
2328 1682 2531 1755 anguli
2552 1683 2709 1751 (Aet.
2744 1698 2824 1752 iv,
2851 1681 3011 1753 11)»,
3045 1687 3103 1737 et
3134 1682 3286 1737 intra
3322 1697 3336 1737 :
3368 1703 3390 1733 ι
3418 1680 3549 1737 Non
3579 1684 3667 1737 est
3707 1680 3837 1736 aliud

2207 1787 2424 1826 nomen
2462 1771 2576 1825 sub
2610 1772 2761 1826 caalo
2778 1771 2975 1826 datum
2996 1771 3361 1841 hominibus,
3388 1771 3449 1826 in
3476 1786 3591 1843 quo
3611 1773 3839 1841 oporteat

2208 1875 2321 1915 nos
2351 1860 2556 1915 salvos
2597 1859 2725 1915 ﬁeri
2762 1859 2878 1930 (82)
2922 1858 3149 1930 (Ibid),
3186 1860 3422 1915 Patrem
3441 1860 3760 1915 existimat
3781 1859 3839 1913 ab

422 1934 541 1988 tius
571 1948 746 2004 quam
779 1930 1040 1986 Creatori
1065 1930 1252 2000 (Rom.
1285 1947 1324 2001 ι,
1348 1931 1459 2001 25).
1488 1954 1510 1979 η
1546 1946 1658 1985 nec
1674 1930 1907 1985 Patrem
1930 1945 2087 1985 crea-

2244 1949 2613 2020 npertiendaa
2655 1949 2831 2005 nobis
2891 1949 3105 2004 salutis
3137 1949 3435 2004 beneficio
3467 1948 3845 2021 separandum.

420 2026 610 2078 torem
642 2021 899 2093 negavit,
935 2036 1009 2076 ex
1031 2035 1147 2091 quo
1171 2020 1365 2075 omnia
1390 2019 1551 2091 hec;
1576 2035 1686 2075 nec
1717 2017 1952 2088 Filium,
1988 2034 2087 2089 per

2244 2017 2501 2110 .t‘neque
2530 2039 2664 2094 sine
2685 2039 2859 2094 Patre
2890 2038 3077 2110 salus,
3111 2053 3305 2111 neque
3358 2038 3476 2094 vita
3498 2017 3708 2094 aeterna
3737 2038 3842 2092 sine

410 2127 596 2185 quem
621 2110 835 2166 omnia.

489 2219 579 2274 36.
639 2219 690 2273 Α
747 2232 864 2289 quo
909 2217 1163 2273 alienum
1217 2217 1420 2288 utique
1477 2231 1596 2272 non
1639 2216 1892 2286 videtur,
1952 2214 2089 2287 quia

356 2376 361 2383 ο
420 2309 707 2379 scriptum
739 2311 831 2362 est
861 2322 875 2361 :
921 2331 942 2354 α
976 2306 1122 2372 Quis
1162 2304 1330 2361 solus
1388 2305 1566 2361 habet
1600 2304 2091 2360 immortalitatem

419 2399 472 2469 (Ι
511 2398 654 2452 Tim.
703 2414 781 2466 γι,
827 2397 1005 2466 16)⁶ἓ»ι
1046 2395 1352 2461 Quomodo
1391 2395 1546 2450 enim
1598 2394 2091 2450 immortalitatem

418 2503 536 2543 non
550 2484 855 2557 habet,qui
869 2485 1045 2539 vitam
1059 2483 1236 2539 habet
1249 2485 1307 2538 in
1321 2484 1675 2556 semetipso?
1690 2483 1880 2538 Habet
1892 2483 2091 2555 utique

418 2576 479 2631 in
536 2578 763 2644 natura,
806 2573 983 2628 habet
1020 2574 1079 2627 in
1111 2571 1481 2643 substantia;
1521 2577 1578 2629 et
1610 2573 1787 2628 habet
1836 2588 1953 2629 non
1985 2587 2093 2643 per

418 2665 667 2739 gratiam
696 2662 1100 2733 temporalem,
1125 2662 1234 2716 sed
1268 2678 1377 2734 per
1410 2662 1830 2733 sempiternam
1870 2661 2089 2716 divini-

419 2757 594 2809 tatem
626 2769 637 2808 :
681 2753 857 2807 habet
880 2767 997 2808 non
1035 2767 1108 2806 ex
1139 2751 1296 2806 dono
1323 2751 1495 2824 quasi
1510 2751 1699 2807 Filius
1718 2754 2086 2820 coaeternus;

418 2847 475 2899 et
515 2843 691 2897 habet
741 2842 895 2896 sicut
943 2841 1162 2896 Pater:
1217 2863 1238 2887 ιι
1274 2840 1439 2895 Sicut
1482 2840 1641 2895 enim
1693 2840 1866 2894 Pater
1912 2839 2091 2895 habet

416 2932 595 2986 vitam
627 2932 687 2986 in
716 2930 1060 3001 semetipso,
1094 2930 1171 2984 ita
1201 2936 1257 2985 et
1279 2928 1430 2984 Filio
1467 2929 1626 2983 dedit
1652 2929 1832 2983 vitam
1868 2928 2092 2986 habere

416 3022 476 3076 in
510 3021 830 3092 semetipso
859 3042 879 3066 ι·
906 3018 1095 3089 (Joan.
1120 3034 1177 3089 v,
1210 3018 1322 3088 26).
1360 3041 1383 3067 »ο
1427 3018 1592 3074 Sicut
1630 3018 1826 3088 habet,
1876 3018 2084 3090 inquit,

419 3112 509 3167 sic
539 3110 717 3165 dedit.
763 3108 1032 3164 Didicisti
1063 3124 1244 3178 supra
1275 3107 1400 3177 (lib.
1433 3124 1512 3177 iv,
1538 3123 1666 3178 cap.
1698 3107 1776 3177 ὃ),
1801 3106 2088 3179 quemad-

418 3201 655 3257 modum
688 3199 954 3267 dederit;
978 3212 1051 3252 ne
1072 3200 1312 3268 putares
1335 3212 1474 3253 esse
1505 3197 1712 3269 gratim
1733 3196 2084 3269 largitatem,

417 3290 516 3345 ubi
543 3287 945 3362 generationis
995 3302 1275 3341 arcanum
1306 3288 1417 3341 est.
1455 3285 1601 3340 Cum
1632 3300 1778 3358 ergo
1799 3287 1952 3341 inter
1969 3286 2085 3340 Pa-

415 3383 564 3434 trem
587 3382 644 3433 et
674 3377 885 3433 Filium
915 3376 1050 3431 vitae
1082 3375 1242 3431 nulla
1273 3374 1549 3429 distantia
1580 3374 1676 3445 sit,
1708 3374 2088 3446 quemadmo-

418 3470 556 3523 dum
607 3468 867 3537 de-lerit;
916 3482 989 3521 ne
1029 3470 1270 3536 putares
1303 3478 1441 3519 esse
1476 3465 1683 3537 gratiae
1733 3464 2084 3537 largitatem,

416 3558 517 3612 ubi
547 3556 951 3629 generationis
972 3569 1252 3609 arcanum
1274 3556 1385 3608 est.
1427 3552 1572 3608 Cum
1603 3567 1749 3625 ergo
1779 3552 1932 3608 inter
1973 3553 2086 3607 Pa-

416 3650 563 3700 trem
598 3648 655 3700 et
688 3645 898 3699 Filium
929 3644 1067 3698 vita:
1099 3642 1258 3697 nulla
1288 3642 1562 3697 distantia
1582 3643 1679 3706 sit,
1715 3642 2089 3713 quemadmo-

416 3736 553 3790 dum
576 3734 729 3805 quod
757 3732 1246 3787 immortalitatem
1269 3732 1438 3787 solus
1456 3731 1667 3786 habeat
1692 3732 1880 3802 Pater,
1898 3730 2085 3787 Filius

417 3840 535 3878 non
566 3822 797 3892 habeat,
832 3822 1115 3877 aestimari
1145 3823 1383 3892 potest?

486 3928 575 3983 37.
628 3928 797 3982 Unde
833 3927 1163 3999 intelligant
1210 3943 1318 3982 nec
1350 3928 1463 3984 hoc
1502 3927 1634 3983 loco
1681 3943 1714 3982 a
1760 3927 1891 3983 solo
1939 3943 2083 3984 vero

418 4016 538 4073 Deo
572 4017 741 4071 Patre
773 4016 984 4071 Filium
1014 4017 1443 4087 separandum;
1499 4019 1635 4088 quia
1684 4018 1934 4088 probare
1966 4033 2083 4073 non

414 4109 668 4180 possunt
691 4106 847 4178 quod
887 4106 1055 4160 solus
1093 4109 1151 4161 et
1181 4120 1360 4160 verus
1393 4106 1553 4161 Deus
1586 4106 1771 4161 Filius
1807 4122 1925 4161 non
1958 4108 2036 4162 sit
2065 4121 2081 4165 :

416 4214 548 4252 cum
580 4196 910 4268 praesertim
942 4198 999 4250 et
1028 4195 1122 4249 hic
1143 4197 1243 4249 aut
1267 4195 1674 4265 subaudiatur,
1707 4201 1770 4250 ut
1800 4195 2079 4266 diximus,

414 4290 471 4342 et
499 4286 802 4339 Christum
853 4300 1057 4339 verum
1105 4283 1298 4338 solum
1338 4284 1523 4339 Deum
1569 4299 1707 4339 esse
1740 4299 1754 4340 :
1792 4288 1892 4339 aut
1923 4289 2081 4340 certo

413 4376 572 4431 aliud
618 4374 689 4428 ad
740 4374 1100 4428 divinitatem
1144 4373 1334 4426 Patris
1384 4376 1440 4427 et
1490 4371 1644 4442 Filii,
1694 4373 1851 4428 aliud
1883 4374 1955 4428 ad
1985 4374 2079 4428 in-

414 4465 814 4520 carnationem
871 4463 1091 4518 Christi
1156 4462 1400 4516 relatum
1466 4460 1914 4534 intelligendum
1962 4464 2078 4533 sit;

414 4556 548 4627 quia
569 4570 686 4609 non
718 4557 810 4607 est
838 4552 1096 4624 perfecta
1128 4551 1406 4624 cognitio,
1442 4551 1557 4605 nisi
1579 4567 1711 4623 quae
1756 4554 1814 4607 et
1859 4568 2079 4607 secun-

413 4644 551 4699 dum
583 4645 965 4699 aeternitatem
998 4640 1367 4714 unigenitum
1407 4641 1592 4696 Deum
1621 4656 1826 4696 verum
1850 4642 1953 4697 Doi
1986 4642 2079 4696 Fi-

2205 2125 2378 2183 Filio.

2845 2233 3100 2290 CAPUT
3134 2234 3232 2291 IX.

2201 2358 2455 2413 Ariauis
2474 2365 2679 2433 contra
2705 2341 3059 2433 urgentibus
3075 2360 3220 2433 deos
3248 2359 3462 2433 induci
3473 2358 3627 2433 duos
3656 2374 3730 2414 ex
3749 2357 3851 2433 uui-

2277 2436 2397 2485 tate
2429 2429 2800 2500 substantiw‘,
2826 2431 3224 2502 respondetur
3246 2430 3659 2502 pluralitatem
3690 2445 3759 2502 ex
3780 2429 3849 2482 di-

2283 2502 2572 2575 versitate
2623 2503 2823 2573 potius
2880 2500 3125 2575 inferri,
3183 2500 3563 2575 proindeque
3620 2502 3679 2555 in
3721 2500 3854 2575 ipso:

2274 2573 2556 2628 recidere
2576 2570 2739 2628 suam
2760 2570 3214 2629 accusationem.
3234 2574 3317 2628 Di
3328 2570 3677 2629 vers'itatem
3697 2570 3857 2625 multi-

2266 2642 2484 2716 plicem
2510 2645 2598 2716 riu
2631 2661 2805 2700 causa
2842 2660 2978 2700 esse
3010 2661 3117 2699 cur
3146 2645 3259 2700 duo
3288 2646 3571 2700 homines
3600 2659 3741 2698 unus
3760 2642 3853 2716 plia-

2273 2713 2365 2771 mo
2395 2715 2517 2788 dici
2548 2732 2659 2788 non
2683 2716 2951 2788 possint;
2978 2732 3111 2788 cum
3152 2721 3355 2788 tamen
3386 2713 3858 2788 omnes'bomines

2275 2785 2702 2857 singulariter'
2729 2787 2899 2842 horna
2946 2787 3243 2857 dicantur,
3294 2787 3404 2841 ubi
3434 2794 3664 2842 natura:
3694 2785 3861 2840 unitas

2273 2842 2594 2912 indicatur.
2631 2857 2830 2913 Solam
2862 2859 2924 2912 in
2966 2858 3065 2913 his
3106 2842 3387 2913 naldram
3422 2874 3595 2913 unam
3626 2871 3755 2912 esse
3768 2874 3785 2920 ;
3811 2859 3859 2907 at

2273 2929 2656 2984 omnimodam
2673 2929 2735 2983 in
2750 2930 3034 3001 personis
3050 2930 3278 3001 divinis
3305 2931 3631 2986 unitatem:
3654 2944 3686 2983 a
3699 2927 3862 3001 Patre

2274 3001 2463 3072 igitur
2492 3016 2605 3055 non
2648 2996 3043 3072 separandum
3073 3000 3335 3072 Filium;
3370 3002 3634 3056 maxime
3668 3015 3784 3072 cum
3814 2996 3863 3051 ei

2319 3071 2538 3127 ebitam
2585 3070 2729 3127 esse
2753 3072 3162 3128 adorationem
3194 3070 3432 3146 negare
3464 3089 3580 3128 non
3612 3070 3859 3127 audeant.

2270 3179 2360 3236 40.
2419 3179 2537 3236 Sed
2595 3183 2875 3236 asserunt
2930 3180 3134 3236 Ariani
3194 3196 3206 3235 :
3284 3180 3355 3235 Si
3436 3180 3639 3236 solum
3683 3191 3862 3233 verum

2202 3270 2387 3325 Deum
2422 3270 2578 3325 sicut
2620 3270 2869 3341 Patrem,
2896 3270 2973 3324 ita
3004 3272 3061 3325 et
3101 3269 3321 3325 Filium
3362 3270 3593 3341 dicitis,
3626 3270 3681 3324 et
3711 3264 3866 3323 unius

2200 3358 2551 3415 substantias
2626 3360 2861 3415 Patrem
2925 3361 2983 3413 et
3041 3358 3254 3413 Filium
3327 3357 3722 3427 conﬁtemini,
3767 3370 3866 3411 non

2198 3464 2381 3503 unum
2431 3448 2637 3518 Deum,
2682 3446 2790 3502 sed
2829 3447 2981 3503 duos
3027 3448 3175 3504 deos
3220 3448 3559 3519 inducitis;
3617 3446 3751 3519 quia
3784 3441 3869 3515 qui

2199 3537 2376 3593 unius
2429 3537 2780 3592 substantiae.
2829 3541 2988 3607 sunt,
3021 3553 3140 3592 non
3178 3553 3342 3593 unus
3385 3539 3578 3609 Deus,
3620 3535 3727 3592 sed
3771 3533 3869 3587 duo

2198 3626 2278 3681 dii
2310 3626 2583 3682 videntur
2602 3642 2762 3697 esse,
2794 3626 2951 3682 sicut
2976 3626 3093 3682 duo
3116 3625 3426 3699 homines,
3452 3631 3557 3682 aut
3572 3626 3706 3682 dum
3721 3636 3866 3688 oves,

2197 3716 2477 3786 pluresve
2506 3717 2783 3772 dicuntur
2816 3731 2829 3772 :
2866 3716 3042 3772 homo
3071 3719 3265 3772 autem
3320 3722 3385 3773 et
3444 3717 3586 3773 ovis
3627 3730 3735 3772 nec
3770 3711 3869 3767 duo

2198 3804 2470 3861 homines
2498 3805 2796 3877 dicuntur,
2830 3821 2941 3861 nec
2984 3805 3118 3861 dum
3149 3821 3323 3878 oves,
3350 3806 3470 3862 sed
3501 3821 3663 3861 unus
3693 3804 3869 3869 homo,

2196 3897 2253 3950 et
2285 3911 2399 3950 una
2431 3895 2583 3951 ovis.

2265 4001 2355 4057 4t.
2380 4002 2523 4057 Hmc
2535 4002 2736 4057 Ariani
2758 4002 3042 4073 dicunt,et
3070 4002 3181 4057 hac
3209 4002 3635 4075 disputatione
3656 4000 3873 4055 versuta

2196 4093 2594 4164 simpliciores
2640 4107 2853 4163 capere
2883 4094 3165 4148 nituntur.
3219 4092 3465 4149 Tamen
3516 4095 3575 4149 si
3624 4093 3873 4165 legamus

2195 4183 2533 4254 Scripturas
2563 4182 2817 4251 divinas,
2859 4182 3232 4237 inveniemus
3257 4183 3680 4254 pluralitatem
3702 4176 3872 4249 magis

2194 4274 2256 4328 in
2285 4288 2353 4328 ea
2376 4272 2587 4328 cadere
2618 4288 2753 4344 quae
2793 4272 3050 4326 diversae
3085 4272 3509 4345 discretaque
3541 4267 3875 4328 substantiae

2196 4365 2354 4431 sunt,
2387 4361 2500 4415 hoc
2539 4365 2649 4431 est,
2683 4359 2962 4434 ἕτερουσία.
2993 4361 3173 4433 quue
3208 4361 3271 4415 in
3315 4361 3677 4417 Salomonis
3724 4355 3874 4413 libris

2196 4450 2484 4506 habemus
2507 4466 2883 4522 expressum,
2919 4466 2989 4506 eo
3012 4451 3143 4505 loco
3184 4450 3439 4507 scilicet
3475 4452 3540 4507 in
3563 4465 3685 4524 quo
3704 4446 3835 4504 dicit
3862 4457 3875 4498 ἱ

2199 4562 2222 4586 α
2258 4539 2394 4594 Tria
2425 4543 2565 4594 sunt
2592 4544 2785 4595 autem
2809 4539 3201 4610 impossibilia
3229 4539 3617 4613 intelligere,
3651 4542 3708 4594 et
3728 4550 3878 4608 quar-

2193 4632 2315 4684 tum
2343 4629 2501 4700 quod
2533 4645 2649 4684 non
2681 4645 2984 4702 cognosco
3011 4646 3024 4699 ;
3055 4630 3321 4702 vestigia
3355 4631 3591 4703 aaquile
3613 4623 3875 4691 volantis,

417 4691 551 4699 η.--
584 4691 965 4699 ..--_----------_
1003 4691 1367 4714 _---o-_--_-_-
1407 4691 1591 4696 --π-
1636 4691 1826 4696 ηη---
1851 4691 1953 4697 _-_
1986 4691 2011 4696 _
2036 4691 2051 4695 _

415 4733 556 4788 lium
589 4734 793 4788 Jesum
843 4732 1164 4801 Christum,
1206 4734 1265 4786 et
1292 4731 1619 4786 secundum
1649 4747 1884 4786 carnem
1909 4746 2079 4804 gene-

2244 4736 2251 4772 ι
2288 4720 2418 4774 vias
2467 4718 2764 4790 serpentis
2808 4734 2993 4790 super
3020 4723 3267 4790 petram,
3306 4724 3373 4775 et
3427 4691 3686 4775 semitas
3724 4713 3877 4772 navis

416 4826 602 4877 ratum
635 4839 709 4877 ex
750 4823 995 4893 Virgine
1026 4822 1357 4876 conﬁtetur.
1409 4820 1577 4885 Quod
1617 4819 1757 4875 alibi
1805 4819 1903 4874 hic
1953 4821 2082 4891 ipse

415 4911 779 4982 evangelista
802 4927 912 4966 nos
946 4910 1144 4965 docuit
1164 4909 1401 4965 dicens:
1451 4907 1655 4963 Omnis
1704 4908 1950 4979 spiritus
1981 4910 2082 4981 qui

414 5002 726 5055 conﬁtetur
746 5001 951 5054 Jesum
969 5000 1269 5054 Christum
1299 4999 1358 5053 in
1390 5013 1565 5054 carne
1586 4997 1829 5053 venisse
1851 4997 1989 5071 (81),
2010 4999 2081 5055 de

324 5108 329 5115 ί
413 5090 535 5144 Deo
568 5088 737 5157 est(1
762 5089 932 5143 Joan.
963 5105 1040 5156 1v,
1073 5088 1147 5157 2).
1173 5112 1195 5137 ι.

483 5177 571 5232 38.
607 5177 872 5248 Denique
905 5193 1080 5247 quam
1116 5192 1234 5231 non
1276 5178 1531 5233 alienum
1567 5180 1645 5234 sit
1664 5178 1836 5235 etiam
1883 5177 2080 5234 incar-

410 5266 667 5322 nationis
714 5266 825 5321 hoc
864 5266 994 5322 loco
1034 5266 1364 5339 intelligere
1407 5272 1861 5339 sacramentum,
1908 5268 2083 5323 docet

411 5372 522 5411 nos
542 5355 731 5426 ipsius
751 5356 942 5409 series
964 5355 1237 5410 lectionis
1258 5356 1378 5425 ;sic
1400 5358 1555 5412 enim
1583 5357 1804 5414 habes:
1835 5380 1857 5405 κ
1880 5358 2074 5429 Pater,

408 5446 570 5500 venit
602 5445 766 5515 hora,
808 5443 1064 5499 clariﬁca
1095 5443 1307 5499 Filium
1336 5448 1499 5501 tuum
1530 5447 1719 5517 (Joan.
1753 5465 1896 5518 xvii,
1929 5446 2003 5518 1).
2049 5471 2071 5497 »

411 5534 627 5607 Utique
676 5551 809 5589 cum
862 5537 919 5588 et
965 5534 1171 5588 horam
1220 5536 1461 5591 venisse
1527 5541 1964 5608 commemeret,
2019 5541 2078 5593 et

408 5624 722 5680 clariﬁcari
748 5625 905 5695 petat
928 5638 941 5679 :
964 5622 1259 5695 quomodo
1282 5625 1399 5679 nisi
1416 5625 1747 5681 secundum
1769 5626 1968 5681 carnis
1988 5643 2083 5683 as-

406 5839 465 5896 et
482 5767 1177 5904 (ἓῗῖίιῐῗξῗέὲἕί
1201 5767 1583 5848 omnaque
1607 5768 1747 5828 me“
1774 5769 1926 5846 ipse’
1947 5769 2078 5829 haec

1157 5881 1170 5900 .
1198 5864 1221 5893 η

1157 5881 1170 5900 ο
1198 5864 1221 5893 π

2191 4808 2550 4881 navigantis,
2572 4811 2630 4862 et
2660 4808 2787 4863 vias
2810 4808 2921 4863 viri
2943 4808 3002 4863 in
3016 4808 3336 4880 juventute
3371 4810 3602 4881 (Prov.
3633 4798 3877 4876 111,”.

2192 4896 2303 4968 19).
2338 4920 2361 4946 ιο
2400 4897 2613 4969 Illique
2643 4898 2837 4969 aquila
2867 4901 2924 4953 et
2951 4898 3121 4953 navis
3152 4901 3210 4954 et
3246 4914 3532 4971 serpens
3566 4900 3746 4954 unius
3772 4906 3878 4948 non

2191 4991 2331 5042 sunt
2360 4988 2601 5059 generis
2618 4991 2794 5059 atque
2823 4990 3069 5042 naturae.
3108 4988 3226 5042 Sed
3255 4987 3620 5045 ditferentis
3659 4987 3876 5042 discre-

2189 5079 2385 5149 taeque
2414 5076 2750 5146 subtantim,
2783 5080 2841 5131 et
2862 5081 3056 5132 tamen
3086 5077 3193 5131 tria
3216 5082 3394 5133 sunt.
3433 5078 3663 5134 Contra
3695 5091 3761 5131 se
3781 5072 3881 5143 igi-

2188 5168 2284 5221 tur
2294 5182 2403 5221 sua
2424 5181 2564 5222 esse
2578 5166 3274 5239 intelliguntargumenta
3295 5167 3682 5223 testimoniis
3694 5162 3876 5232 Scrip.

2188 5258 2472 5312 turarum.

2257 5379 2346 5437 42.
2371 5381 2571 5453 Itaque
2598 5381 2848 5438 dicendo
2890 5382 3084 5438 Patris
3106 5386 3162 5438 et
3204 5381 3353 5438 Filii
3392 5384 3731 5440 discretam
3750 5389 3876 5436 esse

2188 5470 2600 5541 substantiam,
2652 5470 3135 5544 dill‘ercntemque
3194 5472 3520 5546 deitatem,
3576 5474 3731 5528 duos
3770 5467 3877 5523 uli-

2186 5576 2300 5634 que
2322 5558 2438 5632 ipsi
2459 5559 2605 5616 deos
2651 5565 2964 5617 asserunt:
3000 5576 3111 5617 nos
3148 5563 3356 5618 autem
3392 5578 3539 5620 cum
3575 5565 3637 5620 et
3659 5561 3877 5619 Patrem

2187 5649 2554 5721 confitemur,
2598 5652 2656 5706 et
2709 5648 2925 5707 Filium
2964 5667 2978 5710 :
3033 5652 3381 5709 asseiendo
3460 5656 3668 5711 tamen
3711 5650 3876 5708 unius

2278 5776 2368 5850 8t)
2399 5775 2548 5850 Mss.
2582 5792 2701 5833 non
2730 5777 2925 5850 pauci,
2952 5800 2973 5826 α
3007 5777 3069 5833 in
3090 5779 3630 5846 carne‘mvenisse.
3653 5798 3678 5837 ι

2278 5776 2339 5831 81
2399 5776 2548 5832 Mss.
2582 5792 2701 5833 non
2730 5777 2925 5850 pauci,
2952 5800 2973 5826 α
3007 5777 3069 5833 in
3090 5779 3545 5840 carne‘mvenis:

2244 5776 2368 5925 £82)
2395 5847 2642 5921 Quidam
2674 5864 2847 5931 mem,
2886 5868 2909 5901 α
2943 5861 3055 5909 vos
3077 5851 3289 5921 salvos
3323 5851 3490 5916 ﬁeri.
3518 5874 3545 5913 ο
