3982 6174
262 396 344 461 685
1577 393 1687 457 DE
1717 393 1860 460 FIDj

2039 396 2078 460 Β
2132 397 2210 460 ν.

3514 402 3635 467 686

251 608 355 650 esse
385 589 593 646 deitatis
623 606 744 646 non
773 591 925 646 duos
959 592 1126 662 deos,
1179 593 1284 647 sed
1325 610 1508 648 unum
1543 595 1731 650 Deum
1763 596 1854 650 di-
1884 586 2080 654 A'sed
2109 600 2282 655 etiam
2311 602 2478 670 plura
2499 602 2618 656 dici
2647 603 2860 672 solere,
2888 604 3022 659 licet
3046 603 3170 675 jam
3203 607 3259 658 et
3288 605 3633 675 prophetico

246 685 414 738 cimus.
462 679 524 733 Et
569 679 680 734 hoc
736 680 1061 736 Dominicis
1117 682 1373 754 eloquiis
1420 684 1856 756 approbamus;

242 773 351 844 quia
378 769 464 824 ubi
491 769 688 838 plures
730 773 888 840 sunt,
922 770 1002 823 ibi
1035 775 1175 827 sunt
1205 776 1430 827 naturai
1461 777 1558 828 aut
1589 775 1859 830 volonta-

239 864 338 914 tum
387 862 436 913 et
469 859 865 928 operationum
912 863 1004 914 est
1052 859 1400 916 differentia.
1477 863 1742 934 Denique
1798 867 1858 919 ut

238 948 342 1002 suis
370 946 472 1001 sibi
497 948 850 1002 testimoniis
880 949 1279 1019 revincuntur,
1315 951 1431 1006 duo
1463 951 1734 1006 homines
1767 952 1860 1006 di-

237 1041 438 1106 cuntur;
474 1036 605 1107 quia
630 1035 772 1091 licet
803 1038 979 1092 unius
1001 1042 1226 1093 naturae
1250 1038 1367 1093 sint
1392 1039 1528 1110 jure
1553 1041 1858 1112 nascendi,

232 1129 393 1180 tamen
433 1128 484 1180 et
526 1127 788 1196 tempore
831 1131 888 1181 et
919 1127 1276 1198 cogitatione
1325 1131 1382 1182 et
1433 1144 1610 1199 opere
1642 1136 1698 1184 et
1728 1129 1860 1185 loco

231 1215 413 1269 distant
448 1230 461 1268 :
500 1218 554 1269 et
583 1214 716 1270 ideo
747 1231 866 1270 non
899 1219 1095 1286 potest
1125 1232 1281 1272 unus
1319 1217 1495 1273 homo
1537 1219 1652 1272 dici
1686 1219 1744 1272 in
1775 1219 1861 1273 si-

234 1303 561 1374 gnificatione
585 1307 642 1358 et
663 1320 910 1359 numero
930 1305 1210 1375 duorum;
1231 1307 1368 1378 quia
1390 1307 1584 1361 unitas
1608 1324 1725 1362 non
1748 1311 1858 1378 est,

227 1392 312 1446 ubi
353 1395 430 1447 est
458 1392 773 1448 diversitas
809 1410 821 1448 :
856 1410 1012 1448 unus
1066 1398 1262 1449 autem
1317 1396 1478 1451 Deus
1531 1395 1764 1466 dicitur,
1805 1401 1862 1451 et

231 1481 389 1535 Patris
415 1484 548 1546 559
593 1485 651 1538 et
701 1483 958 1554 Spiritus
1009 1484 1199 1538 sancti
1239 1485 1429 1556 gloria
1471 1489 1527 1540 et
1557 1485 1860 1557 plenitudo

235 1570 474 1642 signatur.

283 1676 356 1730 43.
386 1677 642 1748 Denique
672 1680 833 1732 tanta
863 1677 1085 1732 veritas
1134 1679 1375 1733 unitatis
1425 1683 1535 1746 est,
1573 1683 1634 1735 ut
1688 1681 1864 1734 etiam

223 1765 420 1836 quando
448 1770 652 1821 natura
685 1767 814 1822 sola
845 1767 1248 1839 generationis
1279 1771 1377 1822 aut
1410 1768 1608 1824 carnis
1639 1768 1866 1842 signiﬁ-

222 1857 358 1908 catur
382 1855 668 1925 humanae,
693 1851 750 1910 et
779 1873 933 1911 unus
958 1856 1132 1911 homo
1166 1855 1238 1910 de
1270 1857 1470 1912 multis
1493 1858 1742 1928 dicatur,
1771 1858 1859 1912 si-

217 1942 543 2048 θυὲΡῗὺθῗξ
585 1967 608 1993 “
655 1945 942 2048 Ρίῖηἶίηυε
996 1945 1137 2048 Ψὶδί
1166 1945 1433 2048 Ρδλυίονν
1475 1963 1604 2048 ἔῗοη
1635 1947 1853 2048 ίὲτξτθδξ)
1897 1968 1949 2032 Β
1977 1942 2183 2035 asia
2212 1942 2703 2048 “spuicam

219 2032 336 2102 quid
369 2033 536 2089 faciat
590 2033 736 2088 mihi
783 2034 958 2090 homo
1004 2034 1192 2105 (PsaI.
1244 2052 1423 2107 CXVII,
1470 2035 1546 2106 6),
1603 2058 1624 2084 ιο
1659 2036 1718 2090 id
1748 2040 1860 2108 est,

216 2137 312 2176 non
339 2139 443 2178 una
491 2139 752 2194 persona
801 2123 1098 2195 hominis,
1149 2125 1258 2179 sed
1306 2141 1422 2179 una
1466 2141 1624 2196 caro,
1660 2128 1717 2180 et
1747 2141 1862 2180 una

216 2209 471 2282 fragilitas
501 2213 911 2285 generationis
944 2213 1238 2268 humanis.
1274 2213 1345 2267 Et
1375 2214 1598 2268 addidit
1630 2230 1642 2269 :
1680 2235 1702 2264 (ι
1741 2214 1860 2270 Βο-

216 2315 333 2354 num
360 2305 446 2356 est
475 2318 723 2373 sperare
755 2303 812 2356 in
845 2302 1116 2372 Domino,
1169 2318 1344 2374 quam
1385 2319 1628 2374 sperare
1659 2303 1720 2358 in
1751 2304 1863 2359 ho-

212 2389 342 2444 mine
370 2390 544 2458 (Ibid.
579 2393 658 2462 8).
692 2417 713 2440 »ι
748 2391 873 2446 Nec
906 2391 1002 2446 hic
1047 2393 1249 2463 utique
1300 2393 1622 2464 specialem
1666 2393 1863 2448 homi-

207 2493 337 2548 nem,
368 2481 470 2534 sed
499 2481 846 2553 generalem
870 2481 1266 2536 conditionem
1287 2481 1645 2554 designavit.
1683 2481 1850 2537 Deni-

209 2581 304 2636 que
356 2570 548 2624 statim
583 2569 846 2642 subjecit
903 2571 973 2625 de
1024 2571 1296 2642 pluribus
1345 2587 1357 2626 :
1416 2594 1436 2620 α
1480 2571 1710 2626 Bonum
1766 2575 1859 2626 est

213 2657 486 2713 conﬁdere
518 2660 582 2714 in
631 2659 903 2730 Domino,
936 2675 1112 2730 quam
1143 2659 1440 2715 conﬁdere
1485 2661 1545 2715 in
1574 2660 1861 2731 principi-

206 2742 303 2798 bus
330 2746 502 2816 (Ibid.
525 2750 606 2819 9).
648 2769 670 2798 ι
706 2747 823 2803 Sed
855 2749 956 2803 ubi
988 2748 1166 2803 homo
1195 2749 1407 2820 dietur,
1427 2752 1652 2805 naturae
1684 2749 1863 2804 inter-

205 2832 340 2904 dum,
390 2840 449 2891 ut
509 2853 698 2908 supra
736 2838 1017 2907 diximus,
1074 2838 1403 2892 communis
1454 2838 1606 2892 inter
1652 2854 1861 2894 omnes

203 2925 374 2978 unitas
404 2927 788 2998 signiﬁcatur
821 2940 834 2982 :
867 2927 966 2980 ubi
1000 2927 1324 2999 principes,
1360 2928 1656 2982 variarum
1690 2945 1860 3000 quaa-

203 3011 314 3067 dam
342 3014 674 3072 differentia
704 3018 1059 3087 potestatum
1090 3019 1200 3071 est.

255 3137 334 3193 44.
385 3141 500 3195 Sed
533 3143 695 3226 inter
742 3141 1015 3196 homines
1046 3144 1146 3196 aut
1194 3142 1254 3196 in
1300 3141 1641 3198 hominibus
1683 3143 1858 3197 unius

201 3225 433 3300 alicujus
463 3225 552 3286 rei
585 3231 784 3285 unitas
816 3233 927 3301 est,
963 3233 1062 3285 aut
1093 3231 1418 3301 charitatis,
1449 3237 1548 3286 aut
1577 3233 1860 3303 cupidita-

1973 689 2084 759 (83)
2124 691 2400 746 claruerit
2443 694 2780 748 testimonio
2817 710 2827 747 :
2865 695 3217 764 expressius
3259 698 3453 748 tamen
3506 696 3634 765 ipse

1973 780 2296 848 Apostolus
2329 782 2649 835 declaravit
2688 783 2891 837 dicens
2926 799 2936 838 :
2978 805 2999 832 «
3038 783 3186 837 Nam
3216 783 3324 838 etsi
3367 791 3506 838 sunt
3537 785 3639 854 qui

1974 869 2244 924 dicantur
2274 871 2372 940 dii,
2408 871 2535 926 sive
2559 871 2615 924 in
2651 872 2822 941 coelo,
2858 872 2987 926 sive
3008 873 3066 926 in
3089 876 3243 927 terra
3274 873 3329 935 (Ι
3352 873 3485 928 Cor.
3513 891 3635 942 vm,

1971 959 2046 1026 5).
2086 980 2106 1008 η
2143 959 2324 1014 Vides
2359 961 2540 1032 igitur
2577 963 2712 1032 quia
2743 961 2802 1015 hi
2833 961 2932 1032 qui
2964 977 3040 1016 ex
3069 961 3326 1016 diversis
3358 962 3639 1016 substan-

1971 1046 2069 1101 tiis
2103 1051 2258 1116 sunt,
2296 1052 2351 1103 et
2381 1065 2498 1104 non
2533 1066 2604 1104 ex
2633 1051 2810 1105 unius
2855 1051 3098 1105 veritate
3129 1054 3373 1120 naturae,
3426 1051 3505 1104 dii
3535 1068 3641 1121 ap-
3687 1045 3697 1050 ’

1972 1135 2311 1205 pellantur?
2343 1138 2515 1193 Pater
2544 1143 2738 1194 autem
2768 1143 2822 1195 et
2854 1140 3060 1210 Filius,
3096 1141 3232 1212 quia
3253 1141 3430 1195 unius
3465 1140 3641 1194 subs-

1971 1226 2168 1280 tantiae
2199 1231 2356 1297 sunt,
2392 1244 2509 1282 non
2540 1229 2656 1284 duo
2687 1229 2788 1299 dii,
2823 1229 2929 1284 sed
2976 1253 2997 1277 ιι
3052 1230 3221 1284 Unus
3253 1230 3432 1293 Deus,
3467 1230 3645 1283 Pater

1974 1329 2047 1368 ex
2080 1331 2196 1386 quo
2228 1317 2442 1386 omnia,
2476 1322 2531 1372 et
2573 1335 2728 1373 unus
2776 1319 3061 1374 Dominus
3112 1320 3294 1374 Jesus
3343 1318 3640 1388 Christus,

1974 1420 2080 1474 per
2108 1421 2283 1476 quem
2315 1408 2508 1461 omnia
2538 1408 2716 1476 (Ibid.
2751 1409 2826 1478 6).
2882 1429 2904 1458 ι
2943 1433 2964 1456 «ι
3005 1409 3195 1479 Unus,
3241 1409 3450 1480 inquit,
3486 1409 3646 1462 Deus

1973 1494 2166 1564 Pater,
2201 1498 2256 1549 et
2276 1511 2431 1550 unus
2452 1497 2736 1552 Dominus
2760 1498 2939 1553 Jesus
2966 1515 2979 1569 ;
3018 1522 3039 1545 ι»
3074 1501 3131 1553 et
3160 1514 3339 1568 supra
3373 1513 3386 1552 :
3426 1519 3446 1546 α
3475 1497 3646 1551 Unus

1976 1583 2156 1652 Deus,
2192 1601 2310 1638 non
2340 1585 2455 1640 duo
2489 1586 2567 1640 dii
2599 1586 2774 1656 (Ibid.
2811 1588 2864 1656 4)
2920 1603 2931 1642 :
2989 1610 3008 1636 ι
3055 1591 3110 1642 et
3153 1587 3304 1641 infra
3340 1603 3351 1640 :
3410 1609 3431 1634 α
3477 1585 3648 1640 Unus

1976 1671 2264 1728 Dominus
2296 1673 2474 1743 (Ibid.
2508 1676 2582 1745 6),
2624 1697 2644 1723 ιι
2683 1679 2739 1729 et
2769 1692 2888 1731 non
2920 1676 3056 1731 duo.

2046 1801 2134 1854 4'7.
2161 1799 2476 1854 Pluralitas
2501 1816 2645 1872 ergo
2670 1801 3022 1870 excluditur,
3044 1817 3162 1856 non
3185 1801 3379 1857 unitas
3402 1817 3648 1873 seques-

1976 1894 2182 1944 tratur.
2225 1889 2341 1944 Sed
2373 1890 2870 1961 quemadmodum
2893 1906 3026 1946 cum
3048 1891 3304 1963 legimus
3337 1892 3649 1946 Dominum

2733 1995 2913 2050 supra
2945 1980 3205 2036 diximus
3239 1980 3363 2050 (lib.
3388 1998 3472 2051 ιιι,
3506 1997 3640 2051 cap.

1976 2071 2050 2139 5),
2084 2085 2116 2122 a
2146 2067 2560 2123 dominationis
2597 2067 2735 2138 jure
2767 2069 3159 2140 secet-nimus,
3203 2071 3362 2141 quod
3393 2071 3443 2124 ei
3478 2085 3647 2124 com-

1975 2174 2152 2213 mune
2183 2159 2329 2221 560
2362 2173 2496 2211 cum
2528 2156 2676 2212 Filio
2709 2160 2800 2212 est
2833 2173 2846 2212 :
2882 2157 2959 2211 ita
2991 2174 3124 2213 cum
3163 2157 3420 2230 legimus
3453 2159 3650 2214 solum

1975 2263 2183 2302 verum
2211 2247 2396 2300 Deum
2426 2247 2679 2316 Patrem,
2724 2262 2834 2300 nec
2857 2245 3069 2301 Filium
3099 2263 3132 2301 a
3154 2246 3346 2301 solius
3377 2247 3504 2302 veri
3537 2248 3644 2302 Dei

1971 2336 2109 2408 jure
2138 2351 2463 2406 possumus
2493 2350 2794 2406 separare,
2847 2336 3004 2406 quod
3053 2336 3108 2391 ei
3157 2351 3469 2392 commune
3515 2353 3648 2392 cum

1976 2428 2148 2481 Patre
2181 2429 2290 2481 est.

2047 2550 2116 2607 48
2137 2552 2252 2606 Aut
2283 2551 2481 2606 dicant
2511 2551 2651 2622 quid
2707 2551 2864 2606 aliud
2913 2551 3187 2622 sentiant,
3223 2550 3438 2624 quidve
3478 2551 3646 2607 arbi-

1977 2642 2224 2711 trentur,
2260 2656 2392 2695 cum
2451 2640 2754 2712 legimus:
2793 2663 2815 2688 «ι
2869 2640 3180 2696 Dominum
3238 2641 3425 2696 Deum
3481 2644 3647 2696 tuum

1975 2730 2275 2800 adorabis,
2309 2735 2364 2786 et
2395 2731 2510 2802 ipsi
2543 2731 2657 2785 soli
2679 2731 2913 2786 servies
2939 2731 3136 2802 (Matt.
3163 2730 3368 2802 iv,10),
3397 2752 3419 2782 ν
3454 2735 3650 2787 utrum

1975 2819 2276 2875 Christum
2334 2836 2451 2876 non
2483 2821 2868 2892 adorandum,
2935 2824 2992 2876 et
3031 2820 3268 2877 Christo
3316 2838 3434 2877 non
3491 2824 3650 2877 exis-

1978 2911 2182 2965 timent
2230 2910 2612 2965 serviendum
2643 2911 2672 2964 εν
2727 2909 2895 2974 Quod
2953 2911 3006 2965 si
3055 2911 3153 2965 illa
3210 2928 3343 2983 quae
3383 2911 3650 2965 adoravit

1975 3015 2109 3054 eum
2156 2999 2469 3054 Chananea
2520 2999 2740 3068 (Matt).
2789 3017 2887 3069 xv,
2932 2999 3044 3068 25),
3077 3001 3393 3071 impetrare
3437 3002 3650 3056 meruit

1977 3089 2134 3160 quod
2178 3089 2529 3159 proposcit;
2580 3091 2637 3143 et
2672 3088 2898 3143 Paulus
2957 3089 3286 3159 apostolus,
3341 3090 3441 3161 qui
3505 3105 3638 3144 ser-

1976 3195 2114 3232 vum
2147 3194 2213 3232 se
2245 3177 2467 3232 Christi
2523 3178 2710 3248 prima
2755 3178 3113 3248 scriptorum
3144 3193 3390 3232 suorum
3430 3179 3649 3248 praefa-

1977 3268 2134 3322 tione
2191 3267 2498 3338 proﬁtetur
2527 3266 2714 3332 (Rom.
2758 3284 2816 3336 ι,
2859 3265 2948 3336 1),
2984 3267 3291 3337 apostolus
3348 3282 3486 3322 esse
3518 3283 3644 3322 me-

199 3316 280 3427 tis:
309 3322 403 3373 aut
434 3321 665 3390 carnis,
722 3322 822 3374 aut
869 3320 1202 3375 devotionis
1234 3324 1291 3375 et
1322 3321 1458 3427 ﬁdei
1510 3337 1522 3376 :
1558 3322 1859 3393 generalis
1899 3342 1951 3405 ο
1976 3316 2130 3425 Ei;
2795 3316 3648 3427 ὲθξὶιίέῖᾦξδῶξηίξιὲὧ,’ξεςά

200 3409 372 3462 autem
400 3410 628 3480 unitas,
687 3412 745 3464 et
789 3425 922 3480 quae
965 3410 1026 3464 in
1077 3425 1145 3464 se
1176 3410 1505 3465 secundum
1536 3411 1859 3466 divinitatis

196 3492 423 3564 gloriam
484 3498 879 3568 complecit‘ur
925 3500 1142 3570 omnia,
1201 3499 1392 3554 solius
1426 3504 1518 3554 est
1567 3500 1761 3554 Patris
1805 3503 1862 3554 et

197 3581 307 3638 Filii
339 3590 394 3642 et
424 3587 689 3658 Spiritus
719 3591 928 3643 sancti.

251 3710 331 3765 45.
369 3712 540 3768 Unde
575 3717 637 3768 et
658 3713 944 3769 Dominus
978 3730 1112 3770 cum
1161 3715 1565 3769 diversitatem
1600 3714 1754 3768 inter
1793 3729 1859 3768 se

195 3801 330 3867 quod
351 3804 549 3871 possit
578 3803 656 3857 ad
685 3804 964 3859 unitatem
995 3803 1315 3858 individua
1338 3804 1693 3858 substantiae
1725 3819 1860 3872 per-

194 3887 360 3945 tinere
392 3907 405 3947 :
454 3913 476 3943 ε
515 3893 584 3946 In
610 3892 743 3964 lege
765 3897 984 3963 vestra,
1019 3893 1228 3964 inquit,
1253 3893 1538 3963 scriptum
1562 3895 1675 3970 est,
1700 3892 1860 3962 quod

197 3975 424 4035 duorum
475 3982 789 4038 hominum
836 3983 1236 4037 testimonium
1284 3998 1491 4037 verum
1536 3984 1628 4036 est
1665 3980 1856 4050 (Joan.

197 4080 303 4138 vin,
335 4069 445 4139 17).
485 4093 508 4119 ι
561 4071 636 4125 Et
659 4087 791 4126 cum
823 4072 1219 4142 praemisisset
1251 4086 1263 4126 :
1302 4093 1322 4119 α
1373 4071 1634 4125 Duorum
1666 4069 1860 4124 homi-

197 4171 317 4212 num
345 4161 757 4215 testimonium
788 4176 994 4215 verum
1025 4163 1117 4215 est
1152 4177 1166 4230 ;
1204 4182 1226 4210 ι
1262 4160 1364 4214 ubi
1393 4161 1552 4214 venit
1581 4159 1653 4212 ad
1685 4174 1861 4213 suum

197 4248 244 4299 et
270 4247 460 4305 Patris
509 4250 943 4320 testimonium,
976 4266 1095 4304 non
1125 4250 1272 4304 dixit
1308 4264 1320 4304 :
1364 4249 1583 4304 Verum
1614 4251 1706 4303 est
1735 4251 1861 4302 tes-

195 4334 488 4394 timonium
521 4343 820 4410 nostrum,
854 4340 992 4411 quia
1043 4339 1294 4395 duorum
1324 4339 1572 4394 deorum
1601 4337 1864 4392 testimo-

199 4423 341 4480 nium
371 4433 464 4484 est
489 4445 507 4500 ',
541 4429 654 4484 sed
681 4445 693 4484 :
721 4452 742 4476 α
771 4429 920 4502 Ego,
944 4429 1153 4500 inquit,
1179 4445 1312 4483 sum
1335 4428 1434 4500 qui
1459 4427 1861 4482 testimonium

195 4515 463 4582 perhibeo
515 4520 591 4573 de
634 4534 726 4573 me
758 4519 911 4589 ipso,
947 4521 1004 4573 et
1033 4517 1432 4573 testimonium
1473 4517 1759 4588 perhibeo
1789 4516 1861 4570 de

197 4615 297 4674 me,
326 4608 427 4678 qui
457 4608 629 4663 misit
673 4624 765 4663 me
787 4649 802 4678 ,
853 4609 1029 4662 Pater
1078 4607 1255 4677 (Ibid.
1291 4605 1398 4674 18).
1437 4627 1458 4654 ι»
1492 4605 1681 4676 Supra
1712 4619 1863 4677 quo-

197 4705 296 4760 que
351 4697 635 4752 similiter
691 4698 771 4751 ait
830 4712 842 4751 :

198 4793 376 4838 meum
409 4802 627 4841 verum
658 4790 770 4857 est,
804 4786 940 4858 quia
977 4785 1146 4840 solus
1176 4800 1294 4840 non
1327 4800 1480 4854 sum,
1515 4784 1622 4838 sed
1662 4799 1776 4856 ego
1808 4787 1865 4838 et

195 4872 285 4940 qui
311 4875 474 4928 misit
505 4891 602 4931 me
641 4877 817 4930 Pater
864 4875 1041 4944 (Ibid.
1096 4875 1205 4944 16).
1246 4895 1266 4922 ι
1303 4874 1502 4945 Itaque
1533 4876 1588 4927 et
1621 4873 1772 4927 infra
1804 4876 1866 4927 ut

197 4972 360 5030 supra
392 4968 450 5018 et
485 4964 720 5019 Patrem
751 4964 1112 5037 signiﬁcavit
1143 4967 1199 5019 et
1236 4962 1469 5032 Filium,
1521 4977 1630 5016 nec
1662 4961 1864 5032 plura-

196 5045 401 5106 litatem
434 5054 782 5124 admiscuit,
819 5069 928 5109 nec
959 5053 1177 5109 divina)
1208 5053 1489 5108 unitatem
1513 5050 1864 5107 substantiae

197 5145 502 5208 separavit.

257 5247 337 5302 46.
403 5250 673 5306 Evidens
733 5254 827 5306 est
882 5251 1065 5323 igitur
1122 5249 1259 5322 quia
1315 5247 1473 5322 quod
1532 5247 1709 5303 unius
1776 5249 1870 5302 est

200 5335 566 5409 substantiae,
617 5341 884 5412 separari
917 5356 1034 5394 non
1067 5342 1303 5410 potest,
1365 5337 1597 5392 etiamsi
1643 5353 1763 5392 non
1795 5338 1875 5406 sit

197 5424 659 5500 singularitatis,
712 5429 820 5485 sed
866 5429 1129 5484 unitatis.
1179 5426 1662 5500 Singularitatem
1716 5425 1869 5479 hanc

197 5513 339 5585 dico,
373 5535 514 5590 quae
546 5519 750 5574 Graece
807 5526 1015 5601 μονὸτης
1060 5518 1294 5572 dicitur.
1349 5515 1743 5587 Singularitas
1799 5514 1873 5568 ad

196 5617 507 5673 personam
552 5611 820 5680 pertinet,
882 5611 1078 5663 unitas
1134 5609 1207 5663 ad
1240 5610 1526 5662 naturam.
1586 5605 1670 5660 Ea
1724 5618 1868 5659 vero

197 5708 318 5767 quae
357 5698 622 5755 diversae
654 5698 1007 5755 substantiae
1059 5701 1218 5770 sunt,
1262 5713 1382 5753 non
1430 5695 1627 5752 solum
1663 5709 1863 5764 unum,

262 5839 371 5920 (83)
400 5841 563 5901 Mss.
592 5843 831 5926 aliquot,
878 5863 902 5898 ιι
937 5840 1076 5903 licet
1102 5840 1278 5904 etiam
1315 5855 1394 5901 ex
1427 5837 1798 5920 prophetico.
1835 5855 1864 5896 ι

1973 3463 2082 3518 per
2119 3447 2325 3501 Jesum
2381 3445 2682 3499 Christum
2740 3444 2958 3515 (Galat.
3005 3462 3042 3516 ι,
3105 3444 3198 3516 1),
3253 3445 3448 3500 dicant
3505 3447 3648 3518 quid

1973 3536 2334 3590 arbitrentur
2377 3535 2766 3605 sequendum,
2820 3537 3014 3589 utrum
3073 3550 3206 3588 cum
3253 3535 3394 3589 Ario
3446 3535 3649 3590 malint

1976 3626 2091 3680 sibi
2115 3625 2458 3680 societatem
2480 3640 2619 3678 esse
2648 3623 2911 3694 perfidiae
2932 3625 2961 3678 εν
3017 3627 3080 3678 ut
3124 3624 3319 3679 solum
3357 3628 3414 3678 et
3441 3636 3648 3679 verum

1975 3717 2162 3770 Deum
2189 3715 2489 3768 Christum
2515 3713 2788 3785 negando
2814 3755 2828 3784 ,
2867 3714 3178 3768 ostendant
3209 3714 3347 3785 quia
3381 3730 3490 3769 nec
3513 3715 3645 3769 ado-

1973 3804 2220 3860 randum
2255 3820 2409 3873 eum,
2443 3819 2552 3857 nec
2584 3803 2965 3858 serviendum
2988 3803 3039 3857 ei
3058 3803 3326 3874 judicent
3359 3820 3371 3859 :
3408 3821 3480 3858 an
3503 3820 3644 3859 vero

1976 3894 2341 3950 consortium
2372 3893 2576 3947 malint
2604 3893 2823 3948 habere
2856 3909 2989 3948 cum
3018 3892 3225 3963 Paulo,
3261 3893 3360 3964 qui
3383 3893 3647 3948 servien-

1974 3985 2047 4040 do
2081 3988 2254 4055 atque
2283 3983 2583 4038 adorando
2612 3983 2784 4036 etiam
2831 3982 3153 4052 Christum,
3201 3983 3403 4054 utique
3451 3983 3646 4038 solum

1973 4090 2180 4128 verum
2198 4074 2381 4128 Deum
2403 4087 2550 4127 voce
2563 4071 2894 4144 affectuque
2927 4088 3045 4128 non
3067 4072 3445 4142 diffitebatur,
3471 4089 3645 4144 quem

1973 4163 2070 4235 pio
2102 4163 2345 4218 servitio
2377 4161 2687 4217 fatebatur.

2623 4305 2876 4360 CAPUT
2915 4305 3009 4360 IV.

1978 4431 2498 4506 Objiciebaturgab
2529 4431 2840 4506 Iiwreticis
2873 4430 3176 4506 Christum
3212 4427 3396 4506 Patri
3430 4427 3644 4506 adora-

2048 4498 2264 4560 t'ionem
2305 4503 2674 4558 exhibuisse.
2707 4503 2788 4555 At
2820 4502 3132 4571 reponitur
3163 4499 3344 4552 ethoc
3365 4498 3645 4552 referen-

2047 4577 2180 4632 dum
2212 4577 2287 4630 ad
2317 4575 2758 4636 Inunanitatem,
2796 4578 2854 4624 ut
2903 4589 2980 4625 ex
3001 4571 3112 4624 loci
3153 4571 3424 4624 examine
3455 4571 3646 4624 mani-

2046 4649 2337 4703 festatur:
2362 4646 2486 4700 illic
2525 4655 2717 4698 tamen
2748 4643 2949 4697 addita
2983 4657 3119 4696 esse
3158 4641 3503 4695 divinitatis
3537 4649 3650 4695 tos-

911 4719 932 4745 α
981 4695 1132 4790 Etsi
1170 4695 1376 4767 iudico
1409 4709 1542 4766 θεον
1573 4693 1862 4790 ἑξιάίοίυπξ
1899 4712 1948 4773 D
2046 4693 2291 4774 mm
2322 4693 2480 4790 ὶιῦὀῦ
2504 4693 2947 4769 ίὶῖᾘῆὶῖἑεῖεᾷὶῆ
2981 4693 3512 4784 (inlustrabunt;-
3534 4693 3651 4767 ne.

2051 4799 2167 4845 tum
2204 4789 2489 4843 videmus.

2049 4934 2137 4988 49.
2171 4930 2366 5005 [Alias
2405 4945 2530 4999 cap.
2579 4925 2673 4999 11.]
2704 4926 2870 4991 Quod
2904 4926 2955 4980 si
3003 4925 3139 4998 quis
3186 4927 3342 4981 dicat
3371 4928 3648 4998 quoniam

1980 5025 2165 5078 Deum
2195 5023 2425 5074 Patrem
2449 5018 2652 5071 adorat
2674 5021 2729 5070 et
2752 5015 2958 5086 Filius,
2996 5017 3132 5088 quia
3181 5019 3471 5086 scriptum
3511 5021 3602 5071 est
3635 5032 3646 5071 :

1984 5137 2004 5165 α
2043 5113 2166 5166 Vos
2199 5109 2458 5163 adoratis
2489 5107 2645 5177 quod
2675 5100 2947 5174 nescitis,
3002 5120 3114 5160 nos
3143 5106 3460 5160 adoramus
3494 5105 3651 5176 quod

1983 5204 2211 5259 scimus
2233 5199 2426 5268 (Joan.
2460 5213 2539 5267 iv,
2561 5195 2688 5265 92);
2728 5216 2748 5244 ι
2773 5195 3113 5249 consideret
3135 5195 3391 5266 quando,
3412 5199 3468 5248 et
3499 5193 3651 5264 apud

1985 5307 2179 5366 quem,
2215 5293 2270 5343 et
2301 5287 2477 5358 cujus
2509 5288 2791 5355 suscepto
2823 5283 3098 5355 loquatur
3125 5283 3361 5339 atl‘ectu.

2053 5419 2140 5474 50.
2185 5415 2449 5484 Denique
2509 5414 2565 5466 et
2619 5410 2677 5464 in
2737 5409 3150 5480 superioribus
3201 5424 3317 5462 non
3361 5406 3650 5459 immerito

1983 5506 2364 5580 praamissum
2396 5504 2506 5568 est,
2550 5501 2687 5571 quia
2717 5499 2898 5553 Jesus
2920 5497 3199 5569 fatigatus
3225 5513 3298 5549 ex
3321 5495 3526 5547 itinere
3559 5508 3652 5547 sea

1985 5597 2181 5666 debat,
2225 5597 2281 5649 et
2309 5609 2341 5647 a
2373 5591 2740 5647 Samaritana
2772 5587 2978 5642 bibere
3009 5581 3345 5656 postulabat
3377 5581 3555 5649 (Ibid.
3597 5582 3650 5653 6,

1981 5689 2039 5760 Ἴ)
2068 5703 2082 5759 ;
2115 5685 2250 5762 quia
2281 5679 2612 5741 secundum
2642 5693 2879 5738 carnem
2899 5673 3157 5735 hominis
3184 5671 3534 5748 loquebatur
3567 5687 3579 5732 ;
