4050 6182
297 309 400 377 689

1617 302 1727 370 DE
1772 307 1965 371 FIDE
2008 306 2171 372 UB.
2214 312 2291 373 V.

3581 317 3703 384 690

286 510 641 583 fmgiliorem,
673 526 847 582 quem
896 511 1181 566 Dominus
1216 512 1448 582 propria
1484 511 1742 566 nondum
1777 526 1915 565 con-
1946 491 2002 560 Ᾱ
2037 519 2127 571 est
2155 533 2188 570 ιι
2219 515 2389 573 Patre
2421 532 2571 588 meo,
2611 541 2632 565 η
2670 518 2826 590 quia,
2860 521 2959 573 aut
2988 518 3147 574 Patri
3177 518 3311 591 plus
3342 519 3565 592 tribuit,
3599 526 3702 579 aut

282 603 593 657 firmaverat
623 602 925 671 passione.
960 603 1365 669 Considerate,
1403 603 1660 673 inquam,
1689 601 1827 655 Eva:
1852 600 1924 654 il-

275 691 380 745 lius
415 692 613 760 primm
645 692 911 746 mulieris
943 692 1239 746 haeredem
1272 693 1570 748 transfusa
1604 695 1660 747 in
1715 710 1922 748 omnes

274 780 656 835 immoderata
669 782 1005 852 cupiditatis
1020 786 1409 837 successione
1423 785 1920 855 labentem,quam

274 869 546 924 Dominus
576 870 768 925 adhuc
799 872 1036 941 proprio
1068 872 1357 944 sanguine
1406 890 1520 927 non
1568 874 1917 939 redemerat,

274 959 521 1013 nondum
553 960 810 1014 inolitam
841 959 1149 1016 affectibus
1183 963 1441 1016 omnium
1474 963 1923 1018 immodicicon-

270 1051 352 1102 tra
391 1048 480 1102 fas
512 1048 755 1104 honoris
800 1052 1187 1121 appetentiam
1240 1068 1349 1106 suo
1399 1068 1609 1106 cruore
1649 1051 1918 1107 diluerat.

275 1136 649 1193 Haareditario
680 1139 862 1212 igitur
892 1140 1100 1195 mulier
1127 1140 1505 1213 delinqucbat
1538 1157 1759 1196 errore.

334 1244 417 1299 6i.
451 1244 520 1299 Et
550 1246 690 1318 quid
722 1248 934 1303 mirum
968 1250 1021 1304 si
1052 1253 1236 1304 mater
1258 1267 1361 1320 pro
1388 1250 1922 1320 tiliorumsuorum,

269 1334 409 1405 quod
442 1338 533 1389 est
582 1337 950 1392 tolerabilius
1000 1339 1118 1407 (92)
1161 1355 1336 1410 quam
1372 1355 1476 1409 pro
1528 1355 1633 1403 se;
1687 1340 1922 1410 quando

269 1424 428 1477 etiam
448 1426 700 1494 apostoli
720 1426 835 1497 ipsi
858 1426 1009 1481 inter
1027 1443 1112 1494 se,
1140 1429 1292 1482 sicut
1316 1428 1570 1500 legimus
1590 1429 1751 1497 (Lar.
1777 1447 1920 1499 xxn,

270 1513 369 1578 ‘25),
398 1514 462 1567 de
491 1515 587 1568 sui
619 1516 960 1585 prmlatione
996 1518 1339 1572 certabant?

336 1602 416 1657 62.
449 1603 579 1657 Non
613 1604 813 1660 debuit
843 1606 1025 1677 igitur
1056 1607 1320 1661 medicus
1371 1608 1630 1662 omnium
1677 1608 1922 1663 destitu-

268 1694 372 1746 tam
401 1696 664 1763 matrem,
700 1698 756 1749 et
786 1712 1006 1767 aegram
1029 1697 1220 1751 adhuc
1246 1702 1496 1752 mentem
1519 1698 1761 1768 pudoris
1783 1715 1922 1752 con-

263 1780 404 1837 vicio
437 1783 710 1838 sauciare
737 1800 749 1851 ;
784 1800 856 1839 ne
886 1786 1178 1856 postulato
1202 1787 1315 1840 sibi
1339 1788 1927 1860 superbinsdcncga-

2036 606 2154 660 sibi
2186 607 2405 678 aliquid
2437 608 2779 680 derogavit;
2815 609 3010 664 dicant
3039 613 3232 665 utrum
3265 614 3320 665 et
3351 611 3470 665 illic
3503 616 3707 684 putent

2035 695 2196 749 Patri
2225 696 2444 768 aliquid
2506 696 2874 771 derogatum,
2909 699 3043 770 quia
3094 699 3241 753 dixit
3288 700 3346 754 in
3380 700 3705 775 Evangelio

2038 784 2224 841 Filius
2258 787 2329 841 de
2363 786 2568 842 Patre:
2634 810 2655 833 α
2693 787 2864 843 Pater
2918 804 3036 843 non
3092 788 3319 860 judicat
3350 807 3706 863 quemquam

2037 875 2231 945 ('Joan.
2265 877 2376 944 se).
2418 899 2438 925 ι.

2107 964 2193 1019 6Ἷ.
2228 964 2393 1031 Quod
2453 966 2506 1021 si
2564 967 2924 1039 sacrilegum
2983 971 3257 1038 putamus
3319 969 3561 1025 credere
3593 973 3704 1041 (95)

2037 1053 2173 1124 quia
2209 1055 2380 1109 Pater
2409 1056 2485 1109 ita
2510 1055 2801 1127 judicium
2832 1058 3035 1112 detulit
3053 1058 3221 1127 Filio,
3246 1062 3309 1113 ut
3328 1059 3457 1129 ipse
3474 1076 3591 1114 non
3613 1062 3709 1117 ha.

2036 1143 2207 1212 beat;
2241 1144 2417 1199 habet
2447 1146 2623 1213 enim,
2675 1162 2786 1201 nec
2815 1149 3010 1216 potest
3040 1148 3307 1203 amittere
3339 1149 3496 1219 quod
3528 1149 3707 1204 habet

2037 1234 2381 1289 naturaliter
2401 1234 2597 1289 divina
2628 1235 2912 1306 majestas
2937 1250 2949 1291 :
2988 1237 3348 1308 sacrilegum
3373 1237 3573 1309 utique
3595 1255 3709 1292 ees-

2034 1323 2242 1378 timare
2271 1324 2557 1379 debemus
2585 1323 2720 1397 quia
2749 1340 2868 1379 non
2899 1329 3093 1396 potest
3128 1325 3314 1380 Filius
3357 1327 3497 1381 dare
3527 1328 3703 1399 quid-

2038 1414 2178 1483 quid
2209 1417 2307 1467 aut
2337 1413 2609 1469 homines
2645 1414 2858 1469 mereri
2889 1419 3164 1485 possunt,
3200 1418 3297 1469 aut
3340 1417 3571 1487 qumvis
3601 1434 3705 1471 ac-

2039 1502 2234 1572 cipere
2258 1506 2556 1571 creatura;
2579 1503 2913 1575 praesertim
2938 1520 3071 1559 cum
3097 1504 3224 1575 ipse
3247 1505 3460 1559 dixerit
3490 1523 3500 1559 ε
3530 1528 3550 1555 κ
3581 1507 3708 1578 Ego

2037 1592 2111 1645 ad
2141 1593 2372 1646 Patrem
2404 1593 2574 1662 vado,
2609 1596 2664 1647 et
2694 1594 3092 1665 quodcunque
3124 1594 3197 1647 ab
3229 1609 3300 1649 eo
3336 1595 3622 1664 petieritis
3647 1597 3706 1650 in

2037 1679 2272 1734 nomine
2303 1696 2455 1749 meo,
2491 1682 2604 1736 hoc
2663 1682 2872 1736 faciam
2920 1682 3110 1751 (Joan.
3143 1698 3265 1753 xxv,
3327 1683 3413 1752 1‘2,
3450 1684 3558 1754 l3).
3589 1706 3609 1733 ι»
3646 1685 3707 1740 Si

2037 1770 2193 1823 enim
2233 1771 2390 1841 quod
2435 1770 2608 1825 Pater
2650 1772 2790 1826 dare
2838 1774 3052 1842 potest,
3097 1770 3284 1827 Filius
3336 1789 3453 1827 non
3485 1777 3701 1843 potest,

262 1872 331 1938 to,
373 1872 543 1943 quasi
606 1873 1004 1929 immoderatae
1052 1876 1351 1946 petitionis
1384 1877 1653 1930 damnata
1706 1893 1921 1931 moere-
1956 1876 2010 1939 Β
2037 1861 2274 1913 mentita
2306 1862 2397 1914 θεῖ
2428 1876 2573 1933 ergo
2594 1861 2835 1931 νθνίίῑιεν
2869 1863 2926 1916 et
2948 1877 3065 1916 non
3086 1864 3281 1932 Ροίθδί
3310 1861 3506 1917 facere
3538 1864 3707 1934 qnid‘

261 1964 358 2016 ret.

321 2050 404 2105 63.
432 2051 702 2124 Denique
727 2053 1011 2108 Dominus
1040 2056 1137 2127 qui
1163 2054 1567 2110 honorandum
1603 2055 1783 2109 sciret
1805 2056 1919 2125 (93)

262 2155 388 2196 esse
417 2142 718 2212 pietatem,
752 2159 869 2197 nou
901 2144 1153 2213 mulieri,
1190 2146 1295 2199 sed
1332 2145 1471 2198 {iliis
1504 2144 1638 2216 ejus
1667 2162 1922 2215 respon-

262 2230 335 2283 dit
356 2231 599 2286 dicens:
625 2255 646 2278 κ
672 2233 930 2286 Potestis
955 2233 1159 2288 bibere
1191 2234 1453 2301 calicem,
1490 2251 1664 2305 quem
1698 2251 1811 2306 ego
1833 2234 1921 2288 bi-

258 2318 476 2375 biturus
492 2337 632 2375 sum
646 2322 674 2375 ‘t
690 2345 711 2368 η
734 2322 1076 2376 Dicentibus
1092 2326 1283 2377 autem
1303 2324 1421 2378 illis
1443 2340 1454 2378 :
1477 2348 1496 2369 η
1528 2324 1880 2391 Possumus,
1894 2346 1915 2372 ι

258 2408 328 2461 ait
345 2409 459 2464 illis
482 2411 671 2465 Jesus
697 2427 709 2465 :
735 2435 757 2457 α
782 2411 1037 2466 Calicem
1060 2412 1297 2484 quidem
1322 2428 1514 2467 meum
1538 2411 1757 2467 bibetis
1790 2429 1803 2481 ;
1830 2429 1920 2467 se-

258 2497 386 2551 dere
403 2502 603 2554 autem
625 2500 695 2553 ad
718 2500 1019 2554 dexteram
1050 2516 1238 2555 meam
1260 2502 1351 2555 vel
1372 2502 1439 2555 ad
1468 2502 1776 2555 sinistram
1800 2518 1919 2557 non

259 2589 341 2640 est
370 2603 570 2643 meum
604 2587 743 2643 dare
786 2589 979 2657 vobis,
1026 2590 1133 2644 sed
1182 2590 1399 2662 quibus
1450 2593 1715 2661 paratum
1764 2593 1857 2645 est
1890 2608 1922 2645 a

259 2673 418 2729 Patre
448 2692 588 2731 meo
620 2678 857 2746 (.llattli.
892 2697 993 2747 xx,
1024 2679 1111 2748 2‘2,
1146 2679 1256 2749 ‘23).
1295 2704 1316 2725 νυ

322 2765 405 2819 6t.
436 2764 628 2830 Quam
658 2766 886 2837 patiens
918 2771 973 2821 et
1004 2768 1265 2823 clemens
1299 2769 1605 2839 Dominus,
1642 2786 1817 2842 quam
1848 2771 1925 2824 al-

256 2854 305 2905 ta
333 2856 625 2925 sapientia
658 2859 714 2910 et
744 2856 897 2910 bona
929 2856 1186 2912 charitas
1213 2856 1225 2914 l
1277 2859 1499 2914 Volens
1531 2860 1685 2914 enim
1720 2864 1923 2915 osten-

255 2942 383 2999 dere
404 2946 543 3018 quia
569 2962 685 3001 non
716 2946 1176 3017 perfunctoriam
1198 2965 1321 3004 rem
1354 2949 1608 3021 aliquam
1641 2948 1920 3019 discipuli

254 3036 634 3105 postularent,
660 3037 766 3091 sed
800 3053 928 3091 eam
959 3054 1133 3110 quam
1168 3038 1479 3109 impetrare
1504 3056 1620 3094 non
1645 3041 1918 3111 possent,

254 3125 704 3199 praerogativam
738 3125 871 3197 ejus
893 3127 1004 3197 (94)
1024 3129 1280 3197 paternae
1316 3128 1787 3183 honorificentiae
1818 3144 1918 3183 re-

254 3215 541 3270 servavit:
581 3231 698 3270 non
731 3219 999 3269 metuens
1034 3233 1107 3272 ne
1136 3217 1273 3288 quid
1301 3217 1423 3289 juri
1466 3218 1708 3289 proprio
1740 3217 1917 3272 dero-

255 3307 429 3373 garet,
466 3327 489 3351 «
525 3304 630 3375 qui
664 3320 780 3359 non
812 3306 1074 3376 rapinam
1099 3307 1419 3362 arbitratus
1452 3309 1542 3361 est
1571 3322 1710 3361 esse
1742 3323 1807 3361 se
1839 3324 1917 3360 a3-

254 3394 475 3464 qualem
507 3395 637 3450 Deo
669 3394 953 3468 (Philipp.
992 3415 1050 3465 ιι,
1085 3396 1175 3466 6);
1216 3420 1235 3444 η
1300 3396 1474 3451 simul
1536 3397 1793 3470 diligens
1827 3397 1919 3451 di-

251 3484 528 3554 scipulos,
569 3484 725 3556 quia,
762 3486 913 3539 sicut
947 3485 1153 3553 habes,
1185 3507 1206 3535 σι
1242 3502 1433 3558 usque
1485 3485 1542 3540 in
1594 3487 1771 3541 tinem
1820 3486 1913 3540 di-
1948 3546 1953 3547 γ

250 3571 381 3627 lexit
409 3590 515 3628 eos
554 3574 744 3641 (Joan.
781 3592 903 3643 xm,
939 3573 1012 3644 l),
1053 3597 1073 3619 ιι
1111 3575 1412 3629 noluithis
1445 3591 1597 3647 quos
1618 3575 1913 3648 diligeret,

252 3660 427 3717 videri
441 3663 606 3736 quod
625 3666 889 3734 peterent
902 3664 1255 3736 denegasse:
1275 3668 1516 3718 sanctus
1532 3664 1795 3720 etbonus
1811 3665 1920 3719 Do-

253 3752 456 3822 minus,
490 3753 600 3825 qui
618 3753 813 3807 mallet
830 3753 1046 3825 aliquid
1073 3754 1449 3809 dissimulare
1473 3753 1544 3809 de
1561 3753 1718 3825 jure,
1740 3771 1914 3826 quam

254 3839 319 3894 de
348 3842 637 3897 charitate
695 3843 1028 3913 deponere:
1091 3867 1111 3891 κ
1149 3844 1418 3899 Charitas
1477 3844 1633 3898 enim
1681 3844 1913 3914 patiens

255 3933 356 4000 est,
385 3931 652 4005 benigna
684 3936 793 4001 est,
839 3950 956 3988 non
999 3934 1325 4001 aemulatur,
1359 3950 1476 3988 non
1507 3934 1761 3999 inﬂatur,
1797 3949 1916 3987 non

256 4021 455 4092 quierit
484 4039 627 4094 quze
659 4038 766 4077 sua
798 4026 935 4077 sunt
964 4023 1017 4094 (Ι
1050 4024 1183 4077 Cor.
1226 4041 1349 4091 xm,
1386 4024 1458 4091 1).
1498 4048 1518 4071 η

327 4102 469 4165 563
492 4113 588 4168 65.
635 4113 898 4184 Denique
931 4116 991 4169 ut
1022 4114 1365 4186 agnoscatis
1427 4130 1542 4168 non
1604 4113 1914 4168 inﬁrmita-

255 4197 343 4270 tis,
375 4202 480 4256 sed
512 4201 902 4274 indulgentiae
952 4219 1110 4271 esse,
1145 4204 1282 4275 quia
1340 4203 1514 4257 dixit:
1583 4226 1604 4251 α
1651 4203 1781 4259 Non
1823 4206 1916 4259 est

254 4304 436 4344 meum
469 4291 614 4345 dare
649 4291 839 4358 vobis,
868 4317 889 4339 ιι
928 4292 1027 4345 ubi
1051 4292 1178 4346 sine
1204 4295 1386 4347 matre
1406 4293 1510 4347 filii
1532 4292 1803 4347 Zebedmi
1827 4308 1916 4348 ro-

254 4383 404 4449 gant,
438 4380 589 4435 nihil
624 4380 694 4435 de
726 4380 895 4437 Patre
920 4382 1104 4451 dixit;
1135 4381 1223 4435 sic
1256 4383 1411 4436 enim
1444 4381 1664 4436 habes:
1706 4404 1726 4427 «

255 4554 457 4623 (Marc.
492 4577 555 4625 κ,
588 4559 697 4630 40).
736 4585 757 4608 »
794 4561 874 4613 Ita
905 4560 1141 4615 Marcus
1165 4560 1530 4631 evangelista
1554 4561 1769 4630 posuit.
1798 4559 1915 4614 Ubi

252 4659 384 4701 vero
416 4653 605 4702 mater
626 4665 731 4719 pro
763 4650 900 4703 filiis
923 4653 1110 4721 rogat,
1133 4650 1245 4704 hoc
1268 4653 1378 4717 est,
1406 4638 1734 4704 secundum
1764 4649 1913 4703 Mat-

256 4734 503 4793 thaeum:
548 4761 568 4786 α
603 4738 735 4793 Νοιι
768 4742 878 4808 est,
918 4762 938 4787 ι»
984 4740 1190 4811 inquit,
1230 4763 1251 4785 α
1290 4756 1482 4794 meum
1528 4739 1667 4794 dare
1714 4740 1910 4810 vobis,

258 4826 356 4880 sed
386 4827 608 4899 quibus
632 4831 894 4898 paratum
926 4832 1018 4883 est
1056 4845 1088 4882 a
1119 4830 1291 4884 I’atre
1349 4845 1478 4883 meo
1537 4830 1776 4895 (.llattli.
1811 4845 1912 4897 xx,

255 4912 356 4981 ‘23),
395 4939 415 4963 η
453 4917 551 4971 hic
582 4917 829 4973 addidit:
870 4942 890 4963 ιι
928 4918 975 4971 Α
1013 4918 1177 4973 Patre
1203 4935 1371 4987 meo;
1410 4943 1431 4966 »
1468 4918 1604 4990 quia
1628 4918 1914 4990 majorem

259 5000 676 5077 indulgentiam
708 5010 1009 5061 maternus
1042 5007 1326 5078 poscebat
1357 5006 1624 5062 alTectus.

321 5093 407 5148 66.
439 5094 604 5159 Quod
639 5096 687 5149 si
709 5099 928 5167 putant,
964 5097 1251 5153 dicendo:
1310 5121 1331 5145 α
1389 5097 1617 5164 Quibus
1647 5100 1914 5169 paratum

322 5239 432 5313 (92)
464 5238 614 5293 Tres
646 5256 792 5294 mss.
827 5243 963 5310 post
993 5256 1174 5313 voces
1209 5241 1360 5313 quod
1390 5246 1481 5295 est
1511 5241 1911 5311 tolerabilius,

262 5309 542 5383 omittunt,
578 5328 744 5382 quam
771 5309 880 5382 pro
909 5328 990 5371 se.
1027 5312 1203 5383 cujus
1219 5309 1364 5367 loco
1395 5329 1511 5368 uno
1530 5314 1790 5382 exhibet,
1814 5309 1916 5368 Ιιοὲ

262 5395 409 5457 nor-“eg
429 5381 685 5457 sollieifa
710 5381 819 5438 l‘uit
846 5404 862 5437 :
895 5381 1133 5457 Amerb‘.
1165 5401 1233 5457 ac
1267 5384 1459 5457 Eras.,
1494 5401 1659 5456 quam
1689 5387 1744 5438 si
1775 5386 1911 5457 ipsi.

327 5452 436 5519 (93)
454 5453 599 5508 Mss.
617 5455 753 5525 duo,
782 5471 889 5527 quo
907 5456 1307 5510 lioneraudam
1330 5452 1572 5510 doceret
1594 5476 1609 5508 :
1637 5452 1813 5526 unus,
1834 5457 1918 5511 di-

264 5531 443 5589 ceret,
481 5528 589 5579 etc.

328 5594 438 5664 (9t)
470 5596 618 5650 Edit.
642 5598 776 5653 Gill.
809 5616 875 5651 az:
914 5600 1103 5665 Rom.,
1132 5599 1598 5670 prserogatirum
1620 5598 1750 5662 eis;
1785 5598 1915 5653 alia)

265 5677 389 5750 cum
435 5683 622 5750 mss...
648 5671 1110 5750 prmi-agativam
1154 5670 1302 5750 eius,
1338 5671 1424 5724 rei
1482 5670 1712 5750 scilicet
1740 5686 1917 5750 quam

264 5738 627 5805 postulabant
649 5738 823 5796 iidem
851 5738 1128 5814 apostoli.
1168 5738 1405 5797 lini-sus
1435 5743 1628 5798 autem
1661 5738 1919 5815 prdjuri

1781 4381 1913 4436 Non
1948 4440 1957 4457 ,

255 4472 337 4521 est
394 4486 593 4525 meum
643 4471 781 4524 dare
840 4471 1034 4538 vobis,
1070 4471 1177 4525 sed
1235 4472 1452 4542 quibus
1501 4473 1765 4541 paratum
1798 4473 1911 4525 est.
1954 4464 1967 4479 ⁸

1942 4592 2000 4657 D
2023 4560 2103 4615 vit
2136 4578 2209 4616 ex
2256 4561 2439 4616 nihilo
2461 4562 2490 4615 ‘?
2532 4559 2791 4624 Quorum
2826 4559 3007 4630 igitur
3034 4552 3274 4611 naturas
3308 4555 3548 4622 lacerat,
3582 4569 3687 4607 eo-

2036 1948 2176 2027 quid
2208 1949 2269 2002 in
2299 1949 2537 2004 nomine
2566 1949 2705 2021 ejus
2734 1951 2911 2006 Pater
2950 1951 3126 2006 fuerit
3172 1951 3545 2007 obsecratus.
3581 1953 3705 2008 Nec

2037 2037 2191 2091 enim
2207 2037 2339 2093 ideo
2357 2039 2535 2093 dixit:
2576 2061 2596 2087 α
2616 2038 2843 2103 Quibus
2866 2044 3131 2110 paratum
3158 2043 3250 2094 est
3267 2057 3298 2093 a
3319 2041 3488 2096 Patre
3514 2058 3700 2111 meo,»

2036 2130 2097 2181 ut
2124 2127 2525 2182 tantummodo
2557 2145 2589 2181 ιι
2623 2128 2791 2182 Patre
2809 2132 3129 2199 poscatur:
3163 2146 3299 2183 nam
3329 2131 3523 2185 omnis
3549 2148 3706 2202 quae-

2035 2231 2268 2287 cunque
2299 2232 2331 2270 a
2365 2217 2533 2271 Patre
2590 2217 2806 2272 fuerint
2860 2219 3176 2287 postulata,
3208 2235 3277 2273 se
3329 2221 3551 2275 donare
3575 2237 3702 2275 me-

2035 2306 2304 2360 moravit.
2339 2306 2603 2377 Denique
2626 2322 2743 2360 non
2773 2306 2955 2361 dixit:
2991 2306 3396 2378 Quodcunque
3425 2324 3458 2362 a
3492 2325 3582 2362 me
3604 2325 3701 2380 pe-

2031 2394 2267 2463 tieritis,
2328 2395 2442 2449 hoc
2472 2395 2684 2449 faciam
2714 2395 2869 2465 (96);
2919 2396 3066 2451 sed:
3134 2420 3156 2443 α
3189 2395 3594 2470 Quodcunque
3626 2399 3699 2453 ab

2034 2499 2105 2539 eo
2136 2484 2424 2555 petieritis
2457 2484 2516 2539 in
2546 2484 2782 2539 nomine
2820 2500 2974 2555 meo,
3010 2485 3123 2541 hoc
3156 2485 3387 2540 faciam.
3428 2508 3449 2534 ι

2676 2627 2929 2683 CAPUT
2963 2628 3055 2684 VI.

2032 2752 2391 2809 Aceuratius
2413 2753 2777 2826 propositam
2798 2753 3099 2809 soluturus
3129 2754 3542 2826 objectionem,
3567 2772 3701 2811 con-

2105 2826 2297 2880 tendit
2345 2831 2726 2881 memoratam
2770 2826 3140 2896 petitionem,
3200 2826 3258 2880 si
3306 2827 3475 2881 modo
3523 2827 3585 2880 in
3635 2843 3702 2882 se

2102 2896 2495 2969 impossibilia
2528 2896 2798 2969 nonfuit,
2828 2897 3179 2969 possibilem
3200 2898 3390 2951 fuisse
3412 2898 3657 2953 Christo
3676 2917 3697 2963 ;

2101 2967 2358 3040 maxime
2390 2967 2666 3040 emiripsi
2693 2984 2861 3040 omne
2874 2968 3169 3040 judicium
3214 2968 3407 3023 Pater
3437 2969 3696 3036 dederit,

2102 3039 2252 3112 quod
2280 3039 2414 3094 sine
2460 3038 2579 3094 ulla
2636 3038 3114 3112 imperfectiouis
3145 3046 3279 3094 nota
3339 3039 3690 3111 intelligen-

2100 3110 2254 3166 dum.
2282 3112 2562 3165 Attamen
2591 3110 2747 3166 idem
2776 3112 3128 3182 postulatam
3160 3112 3324 3165 inter
3355 3110 3697 3182 imposSibi-

2100 3129 2254 3166 aum.
2282 3129 2562 3165 Attamen
2591 3129 2747 3166 mem
2817 3129 3128 3165 oscuzatam
3160 3129 3324 3165 inter
3355 3129 3697 3182 imposswi-

2098 3182 2245 3237 bilia
2279 3182 2637 3237 censendum
2656 3129 2889 3252 progat.
2928 3184 3091 3248 Quod
3145 3189 3205 3236 ut
3262 3184 3497 3237 omnino
3535 3189 3698 3237 esset

1955 3233 2010 3296 θ
2090 3254 2405 3326 possibile,
2433 3260 2568 3309 tunc
2600 3233 2968 3326 I'erSIJOIISUlI:
2984 3254 3217 3309 Christi
3228 3254 3555 3326 secundum
3593 3271 3696 3306 na-

2101 3332 2290 3379 turam
2322 3325 2628 3379 humanam
2663 3325 3063 3392 accipiendam
3099 3325 3306 3392 tradit,
3350 3342 3416 3378 ac
3446 3324 3559 3379 loci
3582 3342 3689 3379 ex-

2091 3398 2415 3467 plicatione
2457 3395 2743 3451 declarat.
2782 3395 3049 3467 Denique
3099 3397 3315 3449 iterum
3346 3412 3508 3449 suam
3553 3412 3694 3449 eun-

2101 3469 2299 3523 lirmat
2327 3469 2402 3523 de
2425 3469 2720 3523 sessionis
2738 3468 2916 3539 luu'us
2930 3467 3416 3539 impossibilitate
3449 3483 3694 3538 respon-

2096 3556 2342 3595 ειοηρω.

2093 3666 2181 3719 68.
2216 3666 2427 3731 Quaero
2461 3680 2615 3720 nunc
2643 3668 2837 3720 utrum
2862 3664 3150 3735 possibile
3173 3665 3393 3735 aliquid
3418 3663 3690 3718 humanae

2025 3755 2367 3821 conditioni,
2400 3758 2499 3809 aut
2528 3754 2704 3810 alicui
2736 3758 3042 3823 creaturae,
3075 3770 3148 3807 an
3181 3752 3553 3824 impossibile
3586 3769 3691 3823 pu-

2023 3848 2147 3899 tent
2203 3861 2236 3898 a
2291 3845 2563 3900 Zebedmi
2635 3842 2893 3916 conjuge
2961 3848 3017 3899 et
3085 3844 3223 3898 ﬁliis
3290 3842 3691 3913 postulatum?

2023 3934 2085 3988 Si
2145 3934 2456 4004 possibile,
2519 3934 2814 4005 quomodo
2872 3934 2942 3988 ad
3003 3932 3305 3989 sinistram
3368 3947 3538 3985 suam
3596 3931 3687 3985 vel

2024 4022 2095 4076 ad
2154 4024 2454 4078 dexteram
2526 4023 2928 4093 impertiendae
2995 4023 3283 4093 apostolis
3343 4021 3509 4075 sedis
3569 4036 3689 4074 non

2024 4111 2227 4168 habuit
2285 4116 2653 4184 potestatem,
2687 4113 2785 4183 qui
2819 4113 3013 4168 omnia
3047 4112 3183 4166 fecit
3214 4126 3373 4179 esse,
3407 4127 3540 4181 qua:
3574 4126 3688 4163 non

2025 4206 2242 4258 erant?
2274 4204 2387 4258 Aut
2420 4202 2715 4274 quomodo
2746 4218 2862 4257 non
2897 4205 3123 4273 poterat
3150 4201 3421 4272 judicare
3454 4201 3525 4253 de
3575 4215 3688 4253 me-

2023 4293 2152 4349 ritis
2185 4293 2508 4363 hominum,
2545 4292 2635 4347 cui
2673 4292 2846 4346 Pater
2873 4291 3032 4346 dedit
3053 4306 3224 4345 omne
3250 4289 3583 4361 judicium?

2093 4382 2181 4437 69.
2217 4383 2433 4438 Notum
2455 4386 2545 4437 est
2568 4382 3061 4454 quemadmodum
3078 4380 3336 4434 dederit:
3371 4394 3504 4431 nam
3536 4392 3687 4446 quo-

2023 4473 2197 4527 modo
2221 4471 2393 4544 quasi
2414 4473 2699 4544 indigens
2721 4471 2949 4541 accepit
2969 4469 3179 4537 Filius,
3201 4468 3300 4539 qui
3326 4465 3517 4520 omnia
3534 4480 3690 4518 crea-

2022 4668 2152 4706 rum
2180 4650 2469 4721 judicium
2500 4665 2617 4703 non
2641 4648 2944 4703 habebat?
2973 4645 3142 4700 Dedit
3173 4648 3367 4698 autem
3402 4643 3570 4697 Pater
3594 4642 3686 4696 Fi-

2023 4741 2102 4795 lio
2135 4756 2306 4795 omne
2352 4739 2642 4811 judicium
2673 4738 2864 4803 (Joan.
2914 4753 2972 4804 v,
3004 4736 3129 4804 2‘2);
3169 4758 3191 4781 «ι
3231 4734 3307 4788 Ut
3337 4747 3565 4801 omnes,
3599 4732 3687 4786 in-

2023 4829 2168 4901 quit,
2211 4828 2602 4883 honorificent
2659 4825 2891 4891 Filium,
2942 4824 3096 4878 sicut
3152 4823 3541 4878 honoriﬁcant
3573 4822 3688 4875 l’a-

2023 4921 2171 4974 trem
2203 4917 2377 4988 (Ibid.
2412 4917 2524 4984 23).
2564 4937 2585 4964 ι
2620 4915 2753 4969 Non
2784 4914 2966 4985 igitur
2994 4914 3248 4984 potentia
3276 4913 3419 4978 Filii,
3454 4912 3560 4966 sed
3592 4927 3689 4965 co-

2026 5009 2212 5080 gnitio
2236 5009 2437 5062 nostra
2460 5005 2720 5076 proiicit:
2749 5018 2941 5074 neque
2961 5002 3182 5074 aliquid
3204 5003 3273 5056 ad
3294 5002 3688 5056 substantiam

2023 5088 2170 5153 594
2214 5096 2347 5169 ejus
2370 5093 2617 5163 accedit,
2653 5092 2759 5148 sed
2792 5092 2864 5147 ad
2896 5096 3158 5147 nostram
3184 5092 3508 5159 utilitatem,
3531 5091 3687 5163 quod

2015 5240 2263 5312 proprio
2316 5238 2658 5312 derogaret,
2691 5235 2848 5307 quod
2908 5239 3001 5312 est
3032 5236 3091 5312 in
3123 5236 3261 5289 edit.
3297 5236 3595 5312 omnibus,
3631 5239 3687 5312 et

2022 5304 2171 5366 mss.
2196 5304 2520 5375 nonnullis,
2543 5308 2639 5362 alii
2668 5304 2813 5362 mss.
2840 5306 3051 5379 majori
3073 5322 3318 5361 numero
3339 5304 3682 5376 praeierunt,

2011 5383 2146 5455 1Ῑιιιοί
2172 5381 2414 5455 prppria
2444 5380 2792 5451 denegaret.

2094 5448 2207 5523 (95)
2237 5448 2413 5507 Pauci
2446 5448 2616 5518 mss,
2642 5449 3022 5523 sacrilegium
3051 5448 3275 5520 putatis
3306 5448 3579 5523 credere.

2029 5502 2052 5529 ’
2238 5502 2413 5579 lure—8'.—
2440 5502 2824 5593 aliquet,ili0e
2864 5502 3097 5583 ‘l'aeiet‘;
3132 5536 3307 5595 unus,
3344 5519 3451 5595 line
3509 5515 3689 5569 l'zmiet

2030 5589 2377 5668 Reliqui,ac
2402 5589 2793 5668 edit-omnes,
2818 5607 2933 5668 nec
2949 5608 3064 5643 non
3081 5590 3210 5643 end.
3233 5589 3384 5639 sacri
3410 5603 3690 5656 quorum-

2027 5663 2259 5741 cunque
2292 5666 2653 5735 idiomatum,
2677 5663 2782 5717 hoe
2814 5663 3048 5716 [acia/Ii.
