4050 6182
374 234 493 301 691

1766 243 1832 311 S.
1862 246 2307 357 AMBRDSH,

3694 273 3802 341 692

378 461 411 499 a
440 445 615 501 nobis
647 444 1071 517 cognoscitur;
1130 448 1195 501 ut
1220 448 1643 519 cognoscendo
1677 449 1784 504 Dei
1814 449 2045 523 Filium,
2078 430 2139 495 Α
2168 470 2300 510 rum
2330 456 2653 517 similitudo
2684 464 3059 537 promittitur,
3121 467 3278 524 sicut
3338 470 3607 530 Dominus
3633 476 3760 533 dicit
3785 495 3799 549 ;

376 535 555 589 vitam
585 532 911 591 habeamus
942 537 1221 591 aeternam
1251 536 1442 608 (Joan.
1476 554 1620 608 xvu,
1655 538 1731 608 3).

447 623 535 679 70.
560 622 705 680 Cum
726 626 922 679 autem
941 625 1001 679 in
1023 624 1361 698 cognitione
1376 625 1508 681 Filii
1530 627 1633 683 Dei
1656 627 2041 701 honorillius,

375 717 581 769 noster
598 717 795 769 autem
823 730 942 769 non
972 713 1131 769 illius
1164 715 1242 769 sit
1271 715 1600 787 profectus,
1632 718 1686 772 si
1716 719 1853 790 quis
1884 723 2046 791 putat

377 802 512 874 quia
546 803 651 857 Dei
680 803 869 859 virtus
899 803 998 858 illo
1031 803 1256 859 honore
1285 805 1634 876 cumulatur,
1669 824 1921 864 necesse
1953 812 2047 865 est

376 893 548 947 etiam
579 893 765 948 Deum
802 893 1037 949 Patrem
1068 893 1271 948 credat
1299 910 1482 965 posse
1523 896 1844 952 cumulari:
1908 899 2045 970 quia

375 986 432 1038 et
461 981 591 1053 ipse
622 998 729 1053 per
759 982 1159 1054 cognitionem
1191 987 1458 1039 nostram
1503 984 1860 1042 clariﬁcatur
1890 988 2046 1044 sicut

376 1070 584 1141 Filius,
636 1071 809 1144 juxta
871 1072 1031 1143 quod
1088 1073 1376 1144 scriptum
1436 1076 1551 1144 est,
1596 1074 1829 1131 dicente
1859 1076 2041 1133 Filio:

380 1183 401 1211 ιι
441 1160 568 1233 Ego
598 1164 654 1217 te
688 1161 1004 1217 clarificavi
1036 1177 1220 1233 super
1250 1164 1466 1218 terram
1495 1163 1677 1233 (Ibid.
1709 1166 1789 1236 4).
1826 1186 1848 1217 ι
1885 1166 2044 1240 Ergo

377 1253 430 1307 si
448 1250 737 1322 possibile
760 1251 981 1322 aliquid
1004 1255 1129 1307 erat
1147 1252 1307 1324 quod
1326 1253 1656 1324 petebatur,
1682 1254 1742 1310 in
1754 1259 2044 1326 potestate

376 1340 577 1412 utique
608 1340 742 1395 Filii
774 1340 901 1396 fuit.

445 1430 534 1484 Ἠ.
569 1430 686 1485 Sed
712 1433 907 1486 tamen
939 1431 1271 1502 ostendant,
1304 1432 1357 1487 si
1387 1434 1677 1504 possibile
1698 1439 1920 1506 putant,
1945 1438 2047 1509 qui

378 1520 449 1575 de
480 1519 823 1575 hominibus
852 1523 953 1575 aut
984 1521 1220 1577 caeteris
1253 1524 1566 1594 creaturis,
1605 1527 1705 1579 aut
1731 1525 1805 1579 ad
1836 1526 2045 1582 dexte—

376 1625 523 1680 ram,
555 1613 655 1666 aut
680 1609 755 1664 ad
783 1609 1088 1666 sinistram
1117 1611 1226 1666 Dei
1255 1611 1477 1668 sedeat.
1512 1614 1688 1668 Pater
1717 1616 1876 1670 enim
1904 1616 2046 1671 dicit

2176 564 2199 594 ιι
2222 544 2402 601 Eritis
2417 548 2779 623 sicutangeli
2798 553 2854 608 in
2876 555 3026 610 cmlo
3046 557 3285 625 (Matt/1.
3309 576 3448 632 χχιι,
3464 562 3551 633 50)
3565 564 3592 618 ?
3610 587 3630 611 ι·
3649 544 3799 622 Sicut

2170 635 2387 706 angeli,
2422 637 2583 708 dicit,
2615 656 2736 695 non
2765 642 2905 713 plus
2937 661 3110 717 quam
3144 648 3361 719 angeli.

2362 725 2424 781 Si
2455 742 2600 799 ergo
2630 730 2776 787 nihil
2808 733 2943 802 plus
2984 735 3148 789 dedit
3196 737 3385 808 Pater,
3419 755 3587 812 quam
3614 741 3799 814 Filius,

2167 812 2311 866 nihil
2342 815 2542 886 utique
2574 819 2769 875 minus
2796 820 2955 876 dedit
2985 823 3170 879 Filius
3206 842 3385 897 quam
3431 829 3631 887 Pater:
3677 812 3806 891 nihil

2162 900 2345 973 igitur
2372 904 2569 961 minus
2590 907 2775 964 Filius
2804 913 2999 980 potest
3036 929 3210 984 quam
3247 915 3433 973 Pater.

2356 993 2563 1050 Ponite
2595 999 2789 1053 tamen
2816 1001 3105 1070 possibile
3146 1004 3454 1076 impetratu
3484 1006 3800 1067 hominibus

2166 1072 2312 1135 565
2344 1083 2502 1153 quod
2531 1090 2899 1158 posceretur,
2934 1090 3073 1161 quid
3111 1096 3203 1147 est
3231 1072 3389 1165 quod
3407 1096 3520 1151 ait:
3556 1119 3577 1144 ιι
3612 1097 3810 1156 Sedere

2164 1172 2359 1225 autem
2388 1172 2462 1226 ad
2493 1173 2794 1230 dexteram
2825 1193 3015 1234 meam
3046 1181 3138 1235 vel
3157 1183 3229 1237 ad
3258 1184 3577 1256 sinistram,
3597 1201 3707 1242 non
3724 1191 3806 1244 est

2168 1275 2366 1314 meum
2390 1261 2531 1317 dare
2552 1264 2725 1323 vobis
2739 1266 2976 1323 (Matth.
2993 1286 3094 1339 xx,
3115 1270 3205 1342 23)
3226 1274 3255 1327 ‘2
3280 1293 3302 1323 ι
3327 1272 3475 1339 Quid
3498 1278 3588 1329 est
3602 1280 3808 1336 meum?

2165 1346 2356 1437 Supra
2388 1350 2571 1407 dixit:
2612 1374 2633 1401 ιι
2668 1352 2925 1411 Calicem
2943 1359 3180 1429 quidem
3206 1378 3402 1418 meum
3421 1363 3633 1419 bibetis
3650 1366 3808 1437 (Ibid.

2164 1436 2254 1507 22)
2275 1453 2331 1507 »ς
2365 1438 2518 1493 intra
2537 1442 2733 1511 posuit
2757 1459 2769 1498 :
2808 1467 2830 1491 ιι
2854 1446 2987 1502 Non
3012 1451 3101 1503 est
3125 1466 3317 1505 meum
3342 1452 3481 1507 dare
3502 1436 3669 1509 vobis
3692 1470 3702 1509 :
3728 1458 3810 1510 net

2166 1542 2346 1597 supra
2382 1545 2591 1595 meum,
2627 1534 2684 1586 et
2712 1533 2866 1590 infra
2896 1553 3084 1592 meum
3133 1538 3298 1608 dixit,
3334 1556 3444 1597 nec
3483 1541 3804 1599 immutavit.

2167 1614 2327 1687 Ergo
2358 1620 2669 1689 superiora
2698 1622 2911 1679 docent
2940 1629 3180 1697 prapter
3209 1630 3354 1699 quid
3372 1630 3586 1685 dixerit
3610 1648 3802 1688 meum.

376 1698 565 1755 Filio:
603 1722 624 1749 ιι
659 1698 812 1754 Sede
843 1700 915 1754 ad
948 1701 1250 1806 dexteram
1516 1703 1705 1806 (‘PsaL
1740 1721 1859 1805 cxx,
1904 1705 1976 1776 1).
2018 1731 2040 1756 ι»
2074 1742 2130 1806 Β
2182 1793 2197 1806 1
2233 1705 2323 1760 '78.
2362 1707 2629 1806 Rogatus
2661 1711 2818 1766 enim
2856 1730 2889 1767 a
2921 1715 3164 1771 muliere
3223 1698 3399 1789 quasi
3438 1718 3630 1790 homo,
3660 1724 3718 1775 ut
3744 1721 3807 1777 ad

375 1790 575 1861 Itaque
603 1788 657 1844 si
678 1790 816 1862 quis
845 1789 919 1843 ad
950 1789 1252 1845 dexteram
1274 1790 1425 1846 Filio
1443 1792 1631 1862 sedet,
1664 1793 1816 1848 inter
1845 1794 2042 1865 ipsum

374 1880 577 1950 utique
607 1882 665 1935 et
696 1879 947 1950 Patrem,
972 1882 1035 1935 ut
1063 1879 1319 1936 humano
1349 1896 1464 1936 usu
1493 1881 1825 1955 loquamur,
1851 1884 2041 1942 Filius

374 1970 608 2024 medius
638 1970 949 2040 reperitur.

445 2060 534 2115 7'2.
568 2060 704 2115 Non
732 2076 878 2133 ergo
910 2059 1199 2131 possibile
1231 2060 1456 2116 homini
1476 2062 1696 2135 aliquid
1714 2064 2041 2137 petebatur,

377 2149 483 2205 sed
515 2149 702 2205 noluit
731 2149 928 2205 dicere
961 2150 1120 2221 quod
1150 2149 1423 2206 homines
1454 2152 1668 2209 sedere
1690 2169 1896 2210 secum
1924 2172 2045 2212 non

376 2240 648 2310 possint:
682 2240 738 2295 si
767 2240 1006 2313 quidem
1033 2240 1294 2295 divinam
1336 2257 1507 2297 suam
1547 2243 1798 2316 gloriam
1838 2245 2040 2315 celari,

375 2330 724 2402 priusquam
744 2332 1109 2402 resurgeret,
1129 2346 1248 2385 non
1269 2330 1562 2403 divulgari
1576 2332 1868 2403 cupiebat.
1893 2334 2044 2390 Nam

376 2423 433 2473 et
462 2436 643 2491 supra
674 2436 810 2475 cum
841 2420 995 2475 inter
1025 2420 1279 2476 famulos
1312 2436 1459 2476 suos
1490 2421 1739 2493 Moysen
1767 2426 1825 2478 et
1856 2423 2042 2480 Ellam

376 2508 752 2580 apparuisset
781 2509 842 2564 in
871 2508 1085 2581 gloria,
1116 2512 1424 2565 monuerat
1453 2510 1807 2584 discipulos,
1837 2529 1912 2568 ne
1946 2514 2042 2569 cui

376 2599 660 2669 dicerent,
694 2598 853 2670 quod
881 2598 1174 2653 vidissent
1201 2598 1397 2667 (Matt.
1430 2616 1571 2671 xvu,
1604 2601 1681 2671 9).

446 2689 534 2743 '73.
569 2689 768 2760 Itaque
800 2688 853 2743 si
884 2687 1174 2758 possibile
1203 2703 1324 2743 non
1381 2692 1508 2744 erat
1564 2690 1907 2748 hominibus
1944 2695 2041 2750 vel

378 2778 667 2833 creaturis
679 2778 915 2833 steteris
936 2777 1050 2832 hoc
1068 2777 1304 2848 mereri,
1320 2795 1437 2835 non
1449 2778 1625 2834 debet
1644 2780 1832 2836 videri
1852 2781 2040 2839 Filius

375 2868 571 2923 minus
601 2866 975 2940 posse,:quia
1005 2884 1125 2924 non
1155 2868 1317 2924 dedit
1370 2870 1680 2941 apostolis,
1739 2872 1898 2943 quod
1930 2889 2039 2929 nec

374 2956 552 3013 Pater
580 2957 922 3013 hominibus
952 2958 1048 3013 vel
1107 2960 1396 3015 creaturis
1447 2959 1681 3016 caeteris
1711 2960 1890 3017 dedit.
1925 2963 2043 3017 Aut

2166 1793 2466 1851 dexteram
2500 1798 2593 1853 vel
2623 1800 2694 1854 ad
2726 1801 3030 1858 sinistram
3062 1821 3229 1859 suam
3262 1807 3421 1863 ﬁlios
3451 1807 3585 1879 ejus
3615 1810 3806 1867 sedere

2164 1886 2492 1957 pateretur;
2522 1888 2659 1959 quia
2690 1890 2789 1944 illa
2821 1894 2991 1963 quasi
3049 1894 3351 1951 hominem
3406 1902 3730 1970 rogaverat,
3760 1902 3809 1955 et

2166 1973 2453 2031 Dominus
2484 1978 2657 2049 quasi
2688 1982 3089 2038 tantummodo
3122 1984 3299 2041 homo
3327 1986 3399 2042 de
3423 2003 3529 2043 sua
3551 1990 3808 2058 passione

2163 2065 2502 2135 respondit:
2542 2090 2563 2113 «
2601 2068 2857 2125 Potestis
2886 2070 3091 2127 bibere
3123 2073 3391 2147 calicem,
3415 2091 3589 2148 quem
3617 2093 3723 2149 ego
3736 2077 3806 2134 bi-

2162 2151 2396 2209 biturus
2431 2171 2563 2209 sum
2594 2156 2772 2226 (Ibid.
2807 2156 2898 2229 2?.)
2920 2161 2948 2215 ‘?
2992 2181 3014 2211 ι

2234 2242 2322 2298 79.
2357 2244 2554 2315 Itaque
2585 2246 2721 2317 quia
2770 2250 3095 2305 secundum
3155 2268 3396 2308 carnem
3446 2254 3518 2309 de
3548 2256 3806 2326 passione

2166 2331 2262 2385 sui
2292 2333 2561 2404 corporis
2590 2334 2958 2407 loquebatur,
2992 2340 3405 2398 demonstrare
3439 2343 3622 2400 voluit
3666 2345 3807 2418 quod

2161 2421 2490 2477 secundum
2522 2439 2759 2479 carnem
2787 2426 3024 2497 quidem
3044 2429 3380 2487 subeundae
3401 2434 3700 2503 passionis
3719 2449 3810 2489 no-

2158 2509 2254 2565 bis
2284 2511 2617 2582 exemplum
2648 2529 2717 2568 ac
2756 2515 3196 2573 similitudinem
3231 2519 3690 2594 derelinqueret,
3718 2539 3808 2579 se-

2160 2600 2416 2654 cundum
2449 2601 2761 2657 humanam
2819 2608 3010 2660 autem
3070 2609 3476 2666 conditionem
3514 2627 3629 2668 non
3661 2613 3806 2667 sedis

2158 2704 2435 2759 superam
2467 2691 2765 2746 consortia
2796 2693 3057 2749 donaret.
3099 2697 3221 2751 lloc
3254 2702 3346 2753 est
3382 2700 3539 2756 enim
3559 2701 3707 2773 quod
3727 2700 3807 2755 di-

2159 2778 2283 2833 xit:
2320 2801 2341 2825 ιι
2377 2778 2510 2835 Non
2542 2783 2634 2835 est
2664 2797 2891 2852 meum;
2931 2808 2952 2831 ››
2987 2783 3141 2840 sicut
3172 2786 3353 2842 alibi:
3398 2809 3421 2839 ιι
3459 2789 3584 2844 Mea
3613 2790 3809 2845 doctri-

2158 2883 2232 2921 na
2261 2884 2378 2922 non
2408 2871 2501 2923 est
2533 2885 2658 2924 mea
2719 2871 2912 2939 (Joan.
2947 2890 3045 2944 vn,
3086 2874 3210 2947 16);
3249 2900 3269 2925 ιι
3333 2893 3458 2933 non
3516 2882 3606 2935 est
3644 2878 3805 2947 enim,

2158 2955 2367 3028 inquit,
2399 2958 2725 3014 secundum
2758 2976 2994 3016 carnem
3028 2980 3155 3019 mea
3186 2963 3336 3035 (97):
3406 2968 3543 3040 quia
3571 2984 3699 3040 quaa
3726 2967 3807 3023 di-

375 3047 572 3102 dicant
592 3047 689 3102 cui
710 3047 921 3103 horum
938 3047 1166 3104 dederit
1185 3049 1377 3104 Pater.
1403 3048 1538 3105 Non
1558 3049 1760 3122 utique
1781 3052 2037 3125 angelis,
2079 3060 2133 3124 ο
2162 3044 2296 3100 Vina
2322 3050 2486 3117 sunt,
2520 3063 2637 3102 non
2667 3052 2805 3103 sunt
2836 3051 3034 3106 carnis
3069 3054 3322 3126 eloquia.

374 3137 446 3192 de
466 3137 686 3210 quibus
705 3136 1009 3208 Scriptura
1030 3136 1189 3208 dicit,
1205 3139 1345 3210 quia
1365 3154 1573 3195 omnes
1588 3141 1783 3212 angeli
1804 3142 2041 3197 stabant

372 3227 432 3282 in
462 3227 715 3283 circuitu
734 3226 899 3283 sedis
920 3227 1125 3299 (Apoc.
1151 3245 1254 3299 vn,
1286 3226 1399 3297 11).
1425 3229 1690 3302 Denique
1711 3230 1947 3286 Gabriel
1971 3248 2039 3288 se

372 3319 532 3374 stare
565 3318 731 3389 dixit,
772 3317 929 3373 sicut
967 3317 1193 3373 habes:
1252 3341 1274 3366 ιι
1319 3317 1446 3391 Ego
1478 3334 1613 3374 sum
1642 3319 1903 3392 Gabriel,
1937 3322 2039 3395 qui

369 3411 499 3463 asto
530 3411 664 3463 ante
696 3406 1010 3462 Dominum
1038 3406 1201 3477 (Luc.
1232 3407 1404 3478 1,19).
1442 3427 1465 3458 ι

441 3496 530 3551 Ἳ4.
562 3496 697 3552 Non
729 3512 874 3568 ergo
896 3496 1151 3569 angelis,
1171 3512 1290 3552 non
1310 3497 1652 3553 senioribus
1672 3499 1773 3571 qui
1793 3501 2040 3556 adorant

370 3586 716 3655 sedentem;
748 3586 832 3640 illi
862 3586 1018 3641 enim
1048 3601 1167 3640 non
1206 3602 1389 3657 super
1441 3587 1647 3643 sedem
1701 3588 2034 3661 majestatis

372 3677 616 3733 sedent:
653 3676 781 3745 sed,
815 3678 878 3730 ut
906 3674 1053 3731 dixit
1091 3675 1416 3746 Scriptura,
1448 3676 1509 3731 in
1541 3677 1791 3734 circuitu
1821 3680 2027 3750 sedis;

372 3766 551 3821 sedes
586 3766 742 3821 enim
773 3764 906 3820 alite
934 3764 1142 3837 viginti
1174 3767 1231 3820 et
1279 3768 1532 3837 quatuor
1560 3770 1719 3838 sunt,
1753 3771 1816 3823 ut
1847 3769 2036 3825 habes

370 3854 431 3909 in
470 3854 828 3925 Apocalypsi
866 3853 1151 3909 Joannis:
1221 3876 1243 3901 ιι
1280 3853 1352 3910 Et
1380 3872 1559 3926 supra
1591 3856 1795 3913 sedem
1824 3858 2037 3932 viginti

369 3947 623 4016 quatuor
649 3944 922 3999 seniores
952 3940 1232 3999 sedentes
1252 3942 1460 4016 (Apoc.
1488 3962 1565 4009 xv,
1591 3945 1667 4016 4).
1706 3966 1728 3996 ι
1754 3946 1818 4001 In
1839 3946 2036 4004 Evan-

370 4034 529 4108 gelio
550 4048 787 4105 quoque
817 4032 947 4104 ipse
970 4032 1256 4089 Dominus
1274 4032 1446 4089 dicit:
1488 4056 1509 4083 ιι
1544 4033 1691 4091 Cum
1709 4035 1930 4092 sederit
1947 4037 2039 4092 Fi-

368 4124 487 4180 lius
509 4123 767 4180 hominis
790 4122 851 4178 in
871 4122 1015 4178 sede
1027 4121 1359 4195 majestatis
1381 4138 1529 4194 sum,
1547 4124 1835 4180 sedebitis
1850 4126 2036 4198 etipsi

369 4230 553 4286 super
580 4213 760 4269 sedes
792 4211 1123 4282 duodecim,
1151 4210 1492 4284 judicantes
1506 4213 1818 4269 duodecim
1842 4216 2034 4271 tribus

366 4303 550 4361 Israel
581 4302 821 4372 (Matth.
855 4319 979 4372 xxx,
1012 4299 1124 4372 28).
1150 4321 1173 4350 ι
1208 4300 1343 4357 Non
1371 4317 1520 4375 ergo
1548 4302 1713 4358 sedis
1733 4320 1861 4360 suae
1885 4305 2034 4361 dixit

2228 3134 2775 3209 80.1ndulgentiam
2802 3143 2995 3195 autem
3051 3158 3220 3198 suam
3279 3145 3443 3201 circa
3500 3146 3805 3219 discipulos

2157 3240 2309 3296 quos
2342 3225 2633 3297 diligeret,
2665 3243 2839 3299 quam
2871 3245 3158 3301 expresse
3222 3235 3531 3306 revelavit,
3563 3235 3804 3308 praemit-

2155 3318 2325 3370 tens:
2365 3337 2387 3362 ιι
2420 3314 2674 3373 Calicem
2706 3317 2943 3389 quidem
2976 3336 3170 3376 meum
3213 3322 3485 3381 bibetis?
3519 3348 3541 3376 υ
3595 3325 3805 3381 Etenim

2155 3404 2292 3476 quia
2322 3421 2439 3459 non
2471 3405 2724 3462 debebat
2780 3407 2838 3462 id
2898 3408 3039 3463 dare
3096 3411 3251 3480 quod
3304 3414 3619 3484 petierant,
3664 3411 3805 3468 aliud

2154 3495 2463 3565 proposuit
2489 3510 2503 3552 :
2535 3498 2597 3550 ut
2627 3496 2792 3566 prius
2826 3504 3312 3555 commemoraret
3332 3504 3482 3575 quid
3503 3504 3576 3559 iis
3598 3503 3805 3558 tribue-

2152 3588 2263 3655 ret,
2296 3600 2470 3656 quam
2488 3584 2627 3657 quid
2652 3589 2933 3657 negaret:
2965 3603 3082 3658 quo
3113 3591 3304 3662 magis
3336 3593 3670 3665 aequitatem
3699 3591 3805 3646 sibi

2152 3673 2474 3744 petitionis,
2506 3690 2680 3746 quam
2702 3675 2960 3731 studium
2984 3675 3306 3735 Dominica:
3332 3680 3699 3737 liberalitatis
3727 3681 3803 3735 in-

2153 3762 2487 3835 telligerent
2517 3762 2803 3819 defuisse.

2221 3851 2310 3908 81.
2338 3876 2359 3899 ιι
2377 3852 2631 3908 Culicem
2653 3853 2912 3925 quidem,
2941 3854 3143 3927 inquit,
3172 3873 3370 3914 meum
3389 3859 3627 3929 bibetis,
3655 3884 3676 3909 υ
3702 3859 3802 3914 hoc

2153 3945 2263 4008 est,
2298 3941 2639 4013 passionem
2669 3942 2907 4013 quidem
2938 3960 3070 4015 qua:
3124 3948 3321 4002 carnis
3382 3965 3529 4005 meae
3560 3952 3666 4019 est,
3698 3961 3803 4003 non

2153 4030 2384 4104 negabo
2410 4047 2424 4100 ;
2449 4031 2605 4102 quod
2637 4032 2794 4086 enim
2825 4031 3097 4089 humanae
3128 4038 3561 4109 assumptionis
3604 4038 3798 4103 habeo,

2151 4121 2401 4189 potestis
2434 4120 2679 4176 imitari:
2712 4120 2927 4176 donavi
2959 4123 3132 4178 vobis
3163 4124 3473 4183 victoriam
3496 4126 3798 4199 passionis,

2151 4208 2552 4265 haereditatem
2584 4210 2815 4266 crucis:
2857 4234 2877 4257 ιι
2912 4211 3133 4267 Sedere
3183 4218 3380 4270 autem
3413 4217 3486 4272 ad
3519 4217 3799 4271 dexteram

2151 4315 2359 4369 meam,
2381 4298 2475 4353 vel
2495 4298 2568 4352 ad
2590 4298 2914 4370 sinistram,
2942 4317 3056 4355 non
3079 4305 3171 4355 est
3195 4319 3389 4358 meum
3414 4306 3554 4360 dare
3575 4304 3795 4359 vobis.»

366 4392 655 4466 apostolis
676 4392 996 4464 dariposse
1014 4390 1515 4461 consortium,sed
1535 4392 1684 4447 alias
1698 4392 1830 4449 illas
1852 4393 2031 4450 sedes
2060 4376 2119 4444 Ι)
2154 4388 2284 4444 Non
2316 4388 2495 4443 dixit:
2558 4387 2692 4442 Non
2751 4392 2843 4443 est
2897 4405 3093 4445 meum
3152 4391 3312 4459 dare,
3346 4394 3478 4465 sed,
3518 4418 3541 4442 ιι
3575 4410 3689 4449 non
3717 4392 3802 4447 est

367 4501 507 4540 esse
537 4482 881 4552 duodecim;
904 4496 1054 4553 quas
1080 4483 1275 4537 tamen
1304 4496 1423 4537 non
1444 4498 1552 4553 pro
1569 4483 1861 4554 corporali
1884 4500 2031 4539 con-

368 4589 569 4643 cessu,
603 4573 711 4629 sed
740 4587 848 4643 pro
879 4585 1173 4627 successu
1198 4569 1483 4641 spiritalis
1503 4572 1711 4645 gratiae
1735 4573 2031 4630 aestimare

366 4663 674 4725 debemus.

2149 4493 2344 4533 meum
2372 4476 2512 4532 dare
2540 4476 2735 4546 vobis,
2772 4500 2794 4525 ιι
2830 4478 2942 4533 hoc
2971 4482 3082 4548 est,
3136 4496 3254 4535 non
3299 4482 3414 4536 sibi
3462 4484 3794 4554 potestatem

2150 4568 2365 4622 deesse
2396 4582 2698 4635 asserens,
2734 4567 2842 4622 sed
2873 4570 3143 4624 meritum
3175 4572 3486 4627 creaturis.

2217 4657 2305 4711 82.
2340 4657 2560 4726 Accipe
2591 4655 2795 4712 aliter:
2835 4680 2857 4704 ιι
2894 4658 3025 4713 Νοη
3057 4663 3148 4713 est
3178 4675 3369 4717 meum
3403 4661 3543 4716 dare
3568 4658 3748 4715 vobis.
3770 4676 3790 4705 ι

432 4753 522 4806 Ἷ5.
558 4750 820 4822 Denique
852 4750 911 4805 in
944 4749 1096 4805 libro
1138 4750 1481 4822 Regnorum
1540 4749 1686 4805 dixit
1745 4750 2029 4807 Michaeas
2144 4745 2310 4813 Quod
2343 4749 2514 4843 estis
2549 4761 2665 4800 non
2698 4750 2789 4800 est
2821 4763 3032 4843 meum,
3064 4771 3084 4795 υ
3123 4748 3222 4818 qui
3258 4749 3388 4843 veni
3424 4749 3787 4843 humilitatem

362 4840 686 4913 pr0pheta:
723 4861 745 4886 ιι
785 4838 917 4893 Vidi
951 4837 1264 4894 Dominum
1293 4838 1479 4894 Deum
1508 4838 1691 4894 Israel
1723 4840 2029 4895 sedentem
2144 4834 2503 4930 docere-(98)
2598 4855 2619 4884 ιι
2655 4838 2895 4930 nonest
2926 4852 3138 4905 meum,
3180 4858 3201 4886 ι
3237 4839 3337 4909 qui
3382 4839 3519 4892 veni
3547 4852 3660 4893 non
3691 4834 3790 4930 mi:

364 4945 547 5000 super
575 4928 852 4982 thronum
880 4943 1076 4997 suum,
1108 4931 1164 4983 et
1193 4928 1385 4984 omnis
1431 4928 1635 4984 militia
1666 4928 1802 4983 cmli
1836 4929 2030 4984 stabat
2144 4924 2402 4994 nistrari,
2437 4923 2545 4979 sed
2601 4924 2972 4979 ministrare:
3015 4948 3034 4972 ιι
3074 4942 3193 4980 non
3250 4931 3339 4981 est
3398 4942 3611 4996 meum,
3649 4947 3668 4973 ι
3701 4923 3787 4995 qui

363 5020 521 5075 circa
549 5033 705 5087 eum,
738 5015 811 5071 ad
843 5016 1146 5072 dexteram
1187 5016 1323 5090 ejus
1366 5020 1423 5073 et
1450 5018 1524 5073 ad
1554 5018 1859 5073 sinistram
1915 5017 2035 5088 (III
2135 5012 2429 5109 justitiam
2460 5028 2825 5109 sei-votaea,
2845 5014 3113 5109 gratiam.
3368 5105 3382 5109 Δ
3407 5104 3448 5109 μ
3665 5100 3698 5109 Α
3745 5098 3754 5109 ⁸

359 5109 509 5181 Reg.
533 5124 678 5177 XXII,
697 5105 807 5173 l9).
829 5127 849 5156 ι
871 5105 1176 5171 Quomodo
1194 5108 1375 5180 igitur
1394 5108 1690 5163 stantibus
1702 5107 1936 5179 angelis
1953 5108 2027 5162 ad
2213 5102 2301 5157 83.
2335 5102 2600 5174 Denique
2622 5101 2694 5156 ad
2726 5103 2958 5156 Patrem
2992 5103 3282 5175 referens,
3317 5104 3568 5159 addidit:
3605 5123 3630 5151 ιι
3659 5100 3785 5167 Qui-

358 5198 664 5253 dexteram
692 5194 785 5251 vel
815 5194 886 5250 ad
919 5195 1223 5250 sinistram
1247 5195 1477 5251 Domini
1503 5196 1628 5266 Dei,
1650 5199 1843 5251 stante
1866 5196 2026 5251 omni
2140 5192 2255 5247 bus
2285 5194 2694 5287 paratum-est;
2719 5214 2758 5287 ἰι
2785 5195 2852 5287 ut
2912 5192 3249 5287 ostenderet
3308 5195 3783 5287 Pati-amquoque

358 5285 561 5341 militia
580 5284 829 5354 caelesti,
857 5284 1151 5340 sedebunt
1172 5284 1444 5340 homines
1471 5284 1543 5339 ad
1566 5285 1871 5340 dexteram
1895 5286 2020 5356 Dei,
2140 5297 2258 5336 non
2288 5280 2671 5352 petitionibus
2702 5279 2934 5335 deferre
2976 5281 3193 5351 solere,
3229 5284 3334 5337 sed
3367 5280 3611 5350 meritis,
3658 5279 3777 5350 quia

355 5376 449 5432 vel
472 5376 543 5431 ad
561 5374 888 5443 sinistram,
913 5373 1132 5447 quibus
1149 5389 1256 5445 pro
1279 5373 1511 5429 virtutis
1524 5374 1769 5445 praemio
1790 5374 2026 5448 angelo-
2139 5371 2299 5426 Deus
2330 5385 2719 5441 personarum
2748 5372 3025 5440 acceptor
3079 5386 3195 5425 non
3255 5375 3344 5426 est
3404 5371 3559 5442 (Act.
3593 5386 3647 5435 x,
3678 5365 3776 5433 34).

426 5499 538 5569 (97)
571 5480 723 5554 Edit.
758 5499 997 5553 Amerb.
1034 5498 1203 5554 Eras.
1236 5501 1321 5578 etA
1339 5498 1820 5578 u_ltima3ﬂPari§_.,
1859 5519 1881 5547 ιι
1918 5515 2019 5578 se-_-
2144 5568 2156 5578 η
2356 5495 2502 5549 Mss.
2535 5494 2779 5578 aliquot,
2818 5517 2838 5543 ιι
2888 5495 2942 5548 in
2979 5495 3298 5578 humilitalc
3328 5497 3658 5578 _docere.._..;
3685 5487 3771 5578 qui

357 5563 614 5625 cundum
645 5585 883 5623 carnem
912 5584 1136 5624 meam:
1201 5590 1221 5617 ι
1280 5569 1509 5639 Optime
1563 5570 1700 5648 Gill:
1748 5563 1915 5648 Rom.
1959 5574 2016 5624 et
2130 5567 2426 5648 justitiam
2483 5563 3144 5648 sei-vo.‘.Nani_grati_am
3207 5569 3528 5639 denique...
3560 5563 3773 5618 deferre

352 5657 524 5711 mss.,
553 5662 575 5690 ιι
602 5640 930 5697 secundum
955 5654 1191 5694 carnem
1214 5638 1361 5710 mea,
1388 5655 1596 5712 nempe
1620 5660 1645 5689 «
1669 5640 1953 5693 doctrina.
1976 5661 1996 5688 ν
2137 5638 2354 5707 solere,
2391 5652 2505 5691 non
2541 5638 2785 5693 meritis.
2826 5662 2845 5683 ιι
2879 5639 3168 5695 I’cssimc.
