4050 6182
232 258 345 328 693

240 462 388 520 Unde
415 461 472 516 et
502 457 825 532 Apostolus
853 458 970 513 ait:
1007 479 1030 509 ι
1063 457 1226 525 Quos
1258 456 1585 529 praescivit,
1618 459 1673 511 et
1731 441 1974 526 pre-'K

230 550 528 608 destinavit
555 549 742 619 (Rom.
768 565 892 617 viu,
941 548 1073 618 29);
1116 568 1137 598 ι
1173 563 1292 602 non
1349 547 1506 601 enim
1537 550 1672 601 ante
1731 560 1882 615 prm-

227 640 550 708 destinavit,
592 654 768 710 quam
817 638 1163 709 praesciret:
1216 636 1324 691 sed
1372 652 1625 707 quorum
1677 633 1882 688 merita

222 728 531 801 praescivit,
564 743 767 791 eorum
790 727 1035 799 praemia
1065 725 1536 797 praedestinavit.

280 818 364 874 8t.
385 818 527 872 Jure
558 817 741 890 igitur
771 815 1225 887 reprehenditur
1256 814 1486 882 mulier,
1522 829 1658 884 quae
1691 815 1749 866 et
1784 810 1887 864 im-

224 905 523 979 possibilia
553 909 608 961 et
638 905 886 975 speciali
914 905 1169 975 quodam
1202 903 1520 974 privilegio
1552 901 1625 955 ah
1657 916 1727 955 eo
1768 900 1887 953 Do-

220 976 367 1051 mino
396 976 737 1065 postulavit,
770 995 870 1065 qui
900 1010 970 1049 ea
998 1010 1133 1065 qua:
1153 993 1381 1046 sanctis
1426 990 1719 1062 judicavit
1748 1003 1888 1043 esse

220 1084 500 1154 donanda,
534 1098 652 1139 non
684 1084 919 1138 duobus
939 1082 1249 1153 apostolis,
1271 1081 1377 1135 sed
1412 1080 1689 1135 omnibus
1713 1077 1889 1132 disci‘

219 1174 383 1246 pulis,
418 1174 593 1229 etiam
616 1173 746 1229 sine
779 1172 1134 1244 cujusquam
1157 1170 1515 1241 precatione,
1552 1167 1886 1223 voluntaria

221 1263 308 1318 sui
334 1263 603 1334 largitate
633 1261 969 1329 contulerit,
1001 1260 1156 1315 sicut
1188 1260 1475 1331 scriptum
1507 1261 1631 1313 est:
1669 1278 1691 1307 ι
1720 1256 1883 1309 1)υο-

221 1353 395 1407 decim
425 1367 536 1406 vos
569 1351 861 1406 sedebitis
890 1366 1074 1421 super
1102 1350 1303 1417 sedes,
1360 1348 1696 1419 judicantes
1726 1346 1877 1400 duo-

218 1441 397 1496 decim
424 1440 621 1497 tribus
653 1439 847 1495 Israel
881 1439 1122 1509 (.llatth.
1158 1455 1278 1501 χιχ,
1311 1438 1426 1506 28).
1465 1458 1486 1484 ι

297 1538 430 1602 566
457 1544 546 1601 85.
582 1545 746 1618 Ergo
784 1545 1015 1601 etiamsi
1037 1544 1326 1616 possibile
1375 1548 1650 1615 putemus
1673 1544 1883 1611 postu-

220 1637 390 1691 latum
419 1636 633 1704 fuisse,
657 1634 969 1690 calumniae
1000 1635 1169 1689 locus
1202 1649 1319 1688 non
1351 1636 1479 1699 est;
1527 1635 1721 1685 tamen
1748 1645 1885 1684 cum

216 1724 454 1797 legerim
471 1724 787 1795 Seraphim
819 1728 979 1778 stare
1012 1724 1153 1791 (Isa.
1188 1740 1265 1789 Vl,
1306 1720 1378 1791 2).
1412 1719 1708 1792 quomodo
1738 1734 1885 1789 pos-

1617 250 1731 319 DE
1771 249 1968 319 FIDE
2006 250 2163 319 LIB.
2228 249 2310 317 V.

3547 248 3669 314 694

2616 453 2869 511 CAPUT
2907 455 3027 511 VII.

1988 562 2264 634 Objectio
2284 566 2476 635 petita
2511 578 2589 617 ex
2617 562 2725 635 hoc
2754 561 2880 617 loco
2903 583 2920 616 :
2954 561 3224 635 Dilexisti
3250 576 3386 635 eos,
3421 561 3577 616 sicut
3608 563 3665 616 et

2057 633 2150 689 me
2181 633 2468 702 dilexisti,
2501 641 2561 689 ut
2594 633 2878 701 diluatur,
2909 634 3107 705 primo
3136 634 3501 687 Arianorum
3553 650 3664 687 ex-

2051 706 2374 779 positionis
2403 707 2681 779 impietas
2728 704 3204 779 demonslratur,
3243 704 3471 779 deinde;
3513 721 3664 760 eom-

2052 776 2350 850 parantur
2373 778 2593 850 eadem
2617 776 2799 850 verba
2832 776 3311 850 cumsimilihus,
3345 793 3412 830 ac
3434 776 3664 850 demum

2061 847 2216 903 totus
2237 849 2400 903 locus
2429 848 2867 904 consideratur.
2896 847 3052 901 Hinc
3081 847 3398 903 deducitur
3432 847 3664 901 Christi

2058 921 2421 988 missionem,
2473 919 2591 974 etsi
2646 919 2965 974 secundum
3019 935 3257 973 carnem
3317 920 3659 989 accipienda

2061 998 2173 1055 est,
2209 991 2302 1046 illi
2331 1008 2444 1045 non
2466 990 2731 1046 ofﬁcere.
2770 990 3173 1060 Quoprobato,
3205 991 3302 1062 qui
3322 990 3423 1044 ﬁat
3452 991 3516 1045 di
3530 992 3658 1043 vina

2056 1063 2265 1118 missio
2293 1062 2685 1117 describitur.

2057 1171 2145 1226 89.
2176 1169 2372 1243 [Alias
2392 1186 2520 1241 cap.
2563 1168 2679 1243 III].
2715 1169 3026 1225 Exsistunt
3051 1171 3268 1239 tamen,
3333 1169 3655 1239 imperator

1985 1263 2262 1332 auguste,
2294 1260 2394 1331 qui
2427 1259 2578 1314 hanc
2607 1259 2824 1314 divina
2855 1260 3135 1315 unitatem
3166 1258 3517 1314 substantiae
3549 1274 3658 1312 ne-

1987 1365 2131 1422 gare
2149 1349 2477 1418 cupientes,
2527 1353 2848 1404 extenuare
2880 1349 3155 1404 studeant
3186 1348 3377 1402 Patris
3435 1351 3493 1401 et
3525 1347 3659 1402 Filii

1988 1438 2355 1507 charitatem,
2385 1438 2524 1510 quia
2554 1438 2842 1508 scriptum
2881 1441 3006 1493 est:
3075 1461 3096 1486 α
3135 1437 3205 1492 Et
3234 1436 3496 1492 dilexisti
3527 1452 3655 1504 eos,

1986 1528 2143 1582 sicut
2189 1530 2246 1582 et
2276 1543 2367 1582 me
2401 1526 2664 1582 dilexisti
2712 1526 2906 1595 (Joan.
2931 1543 3074 1595 xvn,
3119 1527 3228 1596 23).
3268 1550 3288 1573 η
3325 1526 3492 1591 Quod
3524 1542 3660 1581 cum

1986 1616 2207 1684 dicunt,
2242 1616 2382 1687 quid
2413 1616 2571 1671 aliud
2599 1618 2803 1687 agunt,
2862 1615 2981 1670 nisi
3009 1616 3162 1670 inter
3193 1615 3299 1670 Dei
3360 1614 3574 1668 Filium
3603 1618 3660 1668 et

1985 1706 2258 1762 homines
2291 1705 2684 1777 aqualitatem
2735 1705 3046 1776 quamdam
3081 1704 3539 1774 comparationis
3562 1704 3657 1760 in-

219 1795 342 1868 suﬁm
369 1814 529 1885 quod
588 1814 864 1870 homines
896 1814 968 1867 ad
1003 1813 1305 1868 dexteram
1349 1811 1441 1865 vel
1472 1810 1544 1863 ad
1577 1809 1882 1863 sinistram
1913 1795 2256 1889 Bducunt?

216 1902 351 1958 Filio
382 1903 486 1957 Dei
517 1903 793 1972 sedeant,
825 1902 1150 1957 arbitrari?
1187 1900 1378 1971 Supra
1408 1899 1728 1954 Cherubim
1764 1898 1883 1952 Do-

219 1993 399 2047 minus
421 1992 618 2057 sedet,
652 1992 808 2047 sicut
837 1991 1059 2047 habes:
1109 2012 1131 2041 «
1166 1990 1276 2054 Qui
1306 1988 1485 2044 sedes
1516 1993 1698 2058 super
1727 1986 1885 2041 Che-

213 2080 412 2149 rublm,
441 2096 667 2151 appare
689 2080 881 2151 (Psal.
906 2097 1110 2147 Lxxix,
1133 2080 1189 2142 2)
1215 2094 1229 2147 ς
1267 2100 1289 2127 ο
1311 2077 1609 2150 quomodo
1626 2074 1878 2147 apostoli

213 2185 381 2241 super
406 2168 742 2225 Cherubim
774 2169 1069 2224 sedebunt
1088 2171 1115 2223 ‘2

278 2275 359 2331 86.
395 2276 465 2331 Et
492 2276 614 2332 hoc
661 2279 856 2331 tamen
888 2275 1106 2348 colligo
1162 2292 1281 2330 non
1312 2291 1388 2330 ex
1444 2289 1576 2329 meo
1608 2272 1874 2344 ingenio,

218 2366 310 2420 sed
340 2381 414 2421 ex
443 2366 775 2420 Dominicas
803 2366 973 2420 vocis
1005 2364 1286 2431 oraculo;
1320 2364 1449 2434 ipse
1480 2362 1640 2417 enim
1677 2360 1880 2415 Domi-

216 2470 318 2509 nus
343 2454 403 2509 in
431 2454 875 2525 posterioribus
902 2453 1209 2525 apostolos
1241 2451 1665 2507 commendans
1699 2450 1875 2518 Patri,

213 2544 316 2599 ait:
350 2566 372 2590 ι
395 2543 595 2614 Pater,
619 2559 774 2614 quos
799 2542 1016 2598 dedisti
1036 2542 1198 2612 mihi,
1218 2542 1355 2598 volo
1386 2544 1446 2596 ut
1463 2540 1562 2595 ubi
1586 2556 1701 2612 ego
1721 2555 1876 2608 sum,

210 2631 351 2685 etilli
402 2633 524 2687 sint
575 2647 813 2687 mecum
842 2631 1033 2702 (Joan.
1070 2648 1215 2700 xvii,
1248 2631 1359 2701 24).
1399 2654 1421 2679 ι»
1461 2629 1676 2700 Utique
1706 2627 1760 2683 si
1783 2627 1880 2699 ju-

218 2719 462 2776 dicasset
491 2721 636 2793 quia
666 2721 924 2775 divinam
956 2721 1161 2776 sedem
1194 2719 1369 2776 Pater
1406 2718 1749 2774 hominibus
1781 2718 1881 2772 da-

215 2812 313 2879 ret,
368 2810 665 2865 dixisset:
728 2810 877 2865 Volo
908 2813 970 2865 ut
1027 2810 1131 2865 ubi
1162 2825 1276 2881 ego
1310 2808 1513 2878 sedeo,
1546 2811 1605 2863 et
1661 2806 1747 2862 illi
1779 2822 1880 2861 se-

216 2898 374 2954 deant
403 2915 711 2968 meacum;
744 2900 861 2956 Sed
894 2922 917 2951 ι
950 2899 1108 2969 volo,
1143 2899 1352 2970 inquit,
1386 2901 1447 2953 ut
1478 2898 1597 2952 sint
1627 2911 1878 2951 mecum.

212 2990 261 3042 et
286 2990 380 3043 ubi
413 3005 556 3061 ego,
601 3012 623 3038 ιι
658 3004 778 3044 non
807 2989 1104 3061 quomodo
1137 3003 1271 3060 ego.

271 3077 351 3133 87.
410 3078 643 3134 Deinde
674 3080 991 3150 sequitur:
1057 3101 1079 3125 κ
1138 3078 1214 3133 Ut
1262 3077 1499 3132 videant
1556 3074 1877 3131 claritatem

2053 1904 2144 1959 90.
2168 1901 2470 1973 Numquid
2513 1902 2603 1955 sic
2660 1900 2829 1973 diligi
2855 1904 3111 1971 possunt
3167 1917 3199 1955 a
3231 1902 3353 1957 Deo
3383 1901 3657 1957 homines

1984 1991 2479 2064 quemadmodum
2509 1990 2719 2059 Filius,
2766 1990 2827 2044 in
2858 2005 2977 2061 quo
3033 1992 3385 2061 complacuit
3440 1992 3659 2047 Pater?

1986 2081 2087 2137 Ille
2118 2098 2225 2152 per
2251 2096 2319 2135 se
2351 2079 2697 2149 complacet,
2748 2092 2861 2133 nos
2911 2094 3020 2149 per
3058 2079 3287 2149 ipsum:
3349 2081 3410 2134 in
3438 2081 3658 2151 quibus

1983 2171 2140 2226 enim
2170 2170 2329 2225 Deus
2362 2168 2574 2223 Filium
2593 2183 2770 2222 suum
2798 2166 2872 2221 ad
2902 2168 3222 2239 imaginem
3246 2186 3414 2223 suam
3449 2170 3654 2236 cernit,

1983 2276 2090 2316 eos
2120 2274 2226 2329 per
2280 2256 2493 2313 Filium
2524 2255 2810 2311 adsciscit
2865 2255 2925 2309 in
2980 2255 3229 2328 gratiam
3287 2258 3561 2326 filiorum,
3600 2262 3659 2312 ut

1981 2346 2480 2421 quemadmodum
2512 2361 2621 2417 per
2678 2346 2999 2417 imaginem
3057 2348 3131 2401 ad
3163 2336 3309 2401 567
3339 2346 3656 2419 imaginem

1984 2453 2216 2493 sumus.
2250 2436 2340 2491 sic
2371 2450 2479 2506 per
2523 2435 2966 2507 generationem
2995 2435 3129 2490 Filii
3188 2437 3248 2491 in
3279 2437 3653 2507 adoptionem

1987 2541 2291 2582 vocemur.
2324 2525 2495 2580 Alius
2526 2524 2711 2597 igitur
2736 2527 2962 2579 natura
3005 2541 3173 2580 amor
3228 2526 3647 2596 sempiternus.

1988 2616 2142 2671 alius
2172 2615 2399 2688 gratim.

2055 2721 2145 2778 9t.
2183 2724 2298 2777 Aut
2325 2721 2381 2776 si
2411 2737 2486 2777 ex
2532 2720 2737 2777 verbis
2768 2720 2991 2776 faciunt
3043 2722 3453 2793 quaestionem,
3518 2722 3654 2793 quia

1986 2812 2273 2883 scriptum
2305 2813 2435 2866 est:
2500 2832 2523 2861 α
2564 2809 2635 2865 Et
2662 2810 2922 2866 dilexisti
2980 2827 3107 2880 eos,
3142 2812 3298 2866 sicut
3329 2816 3386 2866 et
3446 2828 3536 2866 me
3570 2812 3655 2865 di-

1985 2901 2205 2957 texisti.
2243 2924 2265 2948 ιι
2299 2903 2355 2955 et
2386 2900 2883 2970 comparationem
2916 2899 3126 2955 factam
3155 2904 3392 2972 putant:
3426 2916 3570 2973 ergo
3593 2902 3659 2954 et

1984 2990 2131 3045 illud
2162 2989 2558 3060 comparative
2588 2988 2808 3044 dictum
2836 2993 3076 3061 putant:
3112 3012 3134 3040 α
3185 2990 3389 3046 Estote
3421 2990 3657 3045 miseri-

1987 3079 2222 3149 cordes,
2255 3078 2412 3133 sicut
2439 3081 2497 3133 et
2530 3078 2701 3133 Pater
2729 3082 2932 3134 vester
2961 3079 3061 3151 qui
3092 3083 3185 3135 est
3216 3080 3276 3133 in
3328 3080 3514 3149 caelis,
3549 3080 3655 3132 mi-

220 3181 391 3221 meam
412 3168 647 3239 (Ibid)
678 3189 700 3218 ι
729 3168 854 3223 Nec
883 3168 980 3222 hic
1012 3166 1201 3222 dixit:
1238 3166 1313 3220 Ut
1344 3166 1599 3221 habeant
1646 3165 1877 3219 clarita-
1915 3168 2249 3252 csericors
2278 3171 2371 3223 est
2398 3168 2561 3237 (Luc.
2612 3183 2695 3237 vr,
2743 3166 2856 3239 36),
2891 3171 2948 3222 et
2996 3168 3175 3223 alibi:
3226 3191 3248 3215 κ
3282 3168 3483 3223 Estote
3514 3184 3655 3239 per-

225 3256 324 3309 tem
346 3272 559 3327 meam,
586 3257 692 3313 sed
718 3280 742 3305 ιι
794 3261 857 3312 ut
877 3257 1149 3323 videant;
1186 3281 1208 3304 η
1260 3271 1477 3311 servus
1499 3256 1655 3310 enim
1694 3255 1873 3325 videt,

225 3342 495 3401 Dominus
525 3346 822 3419 possidet,
854 3346 1008 3401 sicut
1064 3348 1121 3401 et
1149 3345 1334 3399 David
1392 3343 1592 3399 docuit
1630 3344 1871 3399 dicens:

233 3453 251 3479 ιι
284 3432 353 3488 Ut
382 3434 624 3491 videam
648 3435 1003 3506 voluptatem
1055 3434 1286 3489 Domini
1336 3434 1449 3503 (99)
1507 3433 1697 3502 (Psal.
1731 3449 1877 3487 xxvi

218 3519 283 3589 4).
318 3547 339 3570 -
371 3522 442 3579 Et
469 3526 607 3596 ipse
638 3524 923 3580 Dominus
952 3525 1014 3580 in
1044 3524 1370 3596 Evangelio
1400 3523 1683 3578 revelavit
1713 3537 1874 3589 asse,

224 3624 389 3668 rens:
422 3633 445 3663 ι
480 3614 652 3668 Beati
684 3613 883 3668 mundi
916 3613 1115 3680 corde,
1158 3613 1273 3683 ipsi
1304 3612 1459 3667 enim
1492 3612 1676 3667 Deum
1707 3611 1876 3666 vide-

220 3695 351 3754 bunt
401 3702 648 3769 (Matth.
683 3720 740 3772 v,
789 3701 865 3773 8).
903 3725 926 3752 ι
992 3724 1015 3749 α
1048 3701 1364 3770 Videbunt,
1402 3725 1424 3749 η
1488 3700 1697 3773 inquit,
1759 3715 1879 3754 non

227 3800 393 3858 super
417 3790 742 3850 Cherubim
774 3806 908 3846 cum
938 3790 1059 3846 Deo
1093 3790 1404 3846 sedebant.

288 3902 370 3956 88.
403 3900 697 3956 Desinant
726 3913 873 3971 ergo
899 3898 1109 3952 viliora
1142 3897 1470 3953 secundum
1510 3896 1877 3953 divinitatem

225 3991 504 4045 aestimare
528 3989 604 4043 de
631 3988 739 4043 Dei
770 3987 943 4057 Filio,
976 4002 1049 4042 ne
1079 3987 1285 4042 viliora
1318 4002 1553 4059 quoque
1602 3986 1675 4041 de
1705 3986 1877 4040 Patre

221 4079 515 4134 aestiment.
550 4076 662 4142 Qui
692 4076 849 4131 enim
907 4075 1058 4131 male
1090 4076 1403 4131 crediderit
1433 4076 1504 4131 de
1556 4074 1724 4145 Filio,
1759 4090 1877 4130 non

226 4171 403 4237 potest
430 4168 590 4224 bene
622 4166 844 4221 sentire
874 4165 946 4220 de
976 4163 1186 4220 Patre:
1221 4164 1321 4237 qui
1352 4164 1503 4220 male
1561 4165 1877 4220 crediderit

234 4256 296 4311 de
346 4257 589 4329 Spiritu,
623 4271 741 4312 non
796 4258 991 4325 potest
1017 4254 1169 4310 bene
1218 4255 1439 4309 sentire
1470 4254 1542 4309 de
1572 4253 1722 4309 Filio
1778 4254 1875 4325 (t).

234 4345 337 4401 Ubi
356 4347 511 4402 enim
563 4361 680 4400 una
708 4344 988 4417 dignitas,
1037 4359 1152 4398 una
1184 4344 1392 4416 gloria,
1434 4359 1550 4399 una
1595 4343 1873 4413 charitas,

220 4450 321 4490 una
376 4434 663 4509 majestas
696 4437 826 4488 est:
884 4434 944 4487 in
976 4448 1285 4487 commune
1315 4433 1653 4506 derogatur,
1702 4433 1876 4505 quid-

1986 3258 2146 3327 fecti,
2181 3256 2335 3311 sicut
2365 3258 2423 3311 et
2448 3257 2625 3311 Pater
2671 3271 2861 3326 meus,
2911 3258 3015 3328 qui
3046 3258 3103 3312 in
3136 3257 3305 3312 cmlis
3367 3261 3479 3327 est,
3513 3274 3653 3328 per-

1986 3347 2179 3402 fectus
2210 3349 2303 3401 est
2332 3344 2571 3415 (Matth.
2593 3362 2648 3413 v,
2683 3345 2796 3415 48).
2834 3369 2856 3393 n
2891 3345 3056 3411 Quod
3109 3348 3163 3401 si
3194 3347 3291 3401 ille
3324 3348 3653 3402 secundum

1983 3435 2405 3507 plenitudinem
2431 3432 2761 3506 majestatis
2778 3450 2906 3489 sua:
2926 3435 3227 3506 perfectus
3258 3440 3369 3504 est,
3404 3452 3514 3490 nos
3546 3454 3654 3491 au-

1983 3528 2101 3580 tem
2129 3524 2374 3596 perfecti
2408 3523 2736 3579 secundum
2764 3523 3001 3579 virtutis
3033 3525 3371 3580 accedentis
3421 3527 3497 3595 (2)
3520 3542 3655 3596 pro-
3711 3583 3717 3589 ,

1984 3613 2244 3683 fectum;
2277 3612 2452 3668 etiam
2500 3612 2686 3667 Filius
2734 3613 3063 3686 diligitura
3112 3614 3281 3669 Patre
3325 3617 3653 3670 secundum

1985 3718 2224 3774 semper
2252 3701 2544 3756 manentis
2566 3690 2987 3772 plenitudinem
3012 3703 3350 3759 charitatis:
3386 3706 3446 3759 in
3475 3707 3650 3762 nobis

1984 3798 2180 3848 autem
2209 3791 2550 3846 charitatem
2584 3790 2688 3845 Dei
2718 3790 2955 3847 virtutis
2986 3797 3283 3849 emeretur
3322 3796 3647 3864 profectus.

2052 3880 2144 3936 92.
2176 3880 2359 3935 Vides
2394 3880 2577 3953 igitur
2604 3895 2781 3951 quam
2831 3882 3079 3953 gratiam
3122 3884 3283 3939 Deus
3320 3886 3395 3953 (3)
3427 3885 3656 3941 dederit

1988 3970 2351 4039 hominibus,
2383 3973 2440 4024 et
2467 3973 2529 4024 tu
2557 3970 2753 4024 Patris
2783 3972 2842 4025 et
2870 3969 3003 4026 Filii
3034 3974 3126 4027 vis
3183 3973 3519 4030 dissolvere
3550 3993 3650 4030 na-

1984 4060 2234 4115 turalem
2264 4062 2321 4114 et
2349 4058 2711 4114 individuam
2743 4059 3123 4131 charitatem;
3159 4066 3217 4117 et
3246 4068 3308 4118 tu
3341 4065 3523 4119 verba
3552 4067 3651 4121 ad-

1985 4150 2102 4205 huc
2132 4147 2405 4219 discutis,
2435 4147 2540 4203 ubi
2569 4148 2849 4203 unitatem
2879 4149 3207 4222 majestatis
3238 4153 3497 4208 advel-tis
3518 4157 3547 4209 ‘?

2056 4255 2145 4312 03.
2178 4255 2325 4310 Vide
2354 4256 2538 4311 totum
2570 4255 2728 4311 hunc
2756 4256 2974 4327 locum,
3010 4274 3083 4313 ex
3116 4259 3291 4331 cujus
3324 4261 3536 4315 atl‘ectu
3567 4262 3651 4315 lo-

1986 4349 2240 4419 quatur;
2269 4344 2458 4400 habes
2489 4345 2646 4400 enim
2704 4345 2994 4401 dicentem
3024 4349 3219 4419 ipsum
3246 4366 3257 4404 :
3327 4374 3347 4397 α
3382 4350 3648 4404 Clariﬁca

1981 4451 2098 4505 me,
2138 4434 2333 4503 Pater,
2394 4434 2655 4489 claritate
2714 4450 2783 4488 ea
2843 4452 3018 4507 quam
3070 4437 3247 4491 habui
3303 4438 3650 4508 priusquam

136 4516 139 4523 ’
223 4524 352 4595 quid
380 4526 440 4580 in
472 4524 672 4614 aliquo
703 4523 1006 4614 putaveris
1050 4521 1457 4614 derogandum
1496 4537 1510 4578 :
1538 4522 1689 4614 “jam
1720 4522 1873 4614 enim
1909 4524 2241 4614 nmundus
2263 4526 2445 4614 esset,
2479 4523 2632 4614 apud
2662 4526 2718 4578 te
2748 4524 3112 4614 (Joanlxvn,
3172 4528 3251 4589 5).
3283 4547 3303 4575 ι
3339 4526 3483 4581 Vide
3516 4527 3652 4597 quia

222 4628 325 4668 non
352 4615 460 4669 erit
518 4611 819 4685 plenitudo
858 4627 1036 4683 quam
1093 4611 1404 4667 discernes
1436 4615 1493 4666 et
1523 4611 1754 4667 dividas
1813 4612 1873 4667 in
1914 4611 1948 4614 ⁷
1983 4632 2058 4671 ex
2088 4613 2257 4687 primi
2293 4612 2550 4668 hominis
2581 4612 2857 4684 loquatur
2885 4612 3095 4669 atfectu
3128 4614 3205 4681 (4)
3232 4630 3245 4683 ;
3309 4615 3444 4686 quia
3475 4616 3650 4670 nobis

223 4700 435 4774 aliquos
464 4701 792 4775 portiones.

286 4842 393 4916 (99)
423 4845 555 4900 Non
578 4843 748 4916 pauci
772 4859 944 4909 mss.,
972 4864 995 4895 ι
1023 4844 1381 4916 voluntatem
1413 4843 1641 4899 Domini
1665 4860 1679 4899 :
1715 4868 1737 4893 υ
1767 4844 1873 4899 sed

228 4914 656 4972 voluntatem—et
684 4916 1042 4987 voluptatem
1070 4915 1413 4987 frequenter
1442 4916 1503 4971 in
1533 4932 1681 4971 mss.
1717 4932 1876 4971 com-

230 4987 451 5058 mutari,
473 4987 702 5058 saepius
730 4985 892 5041 licuit
921 4985 1249 5058 advertere.

292 5056 367 5125 (t)
401 5056 1092 5130 «'Qui'malegrediderit
1121 5057 1193 5111 de
1232 5057 1474 5130 Spiritu,
1534 5074 1652 5113 non
1681 5061 1878 5130 potest

230 5123 366 5181 bene
395 5130 614 5201 sentire
644 5129 716 5183 de
748 5127 917 5195 Filio,
956 5153 978 5176 ι»
1005 5129 1062 5183 in
1099 5144 1249 5201 mss.
1276 5123 1600 5201 "plerisque
1645 5123 1878 5184 déside-

233 5201 397 5272 ratur.
428 5199 716 5272 (laterum
748 5200 903 5271 quod
946 5201 1014 5272 in,
1062 5216 1129 5254 ea
1160 5200 1483 5272 refellenda
1504 5199 1877 5272 “objectione

233 5264 587 5340 longiuscule
618 5264 860 5325 haeserit
890 5271 1267 5342 Ambrosius,
1301 5270 1446 5325 nihil
1493 5264 1705 5327 mirum
1763 5275 1875 5342 est,

234 5351 348 5393 eam
374 5342 528 5413 enim
556 5343 629 5396 ab
653 5343 889 5396 Arianis
915 5341 1130 5413 jactari
1162 5342 1397 5397 solitam
1429 5358 1505 5413 ex
1536 5342 1609 5397 iis
1648 5341 1872 5412 discas,

236 5422 356 5488 quae
372 5411 625 5488 Basilius
648 5413 748 5488 lib.
769 5430 847 5481 Iv,
872 5411 1306 5488 coutinlvlunom.
1341 5430 1422 5488 p‘._,
1468 5412 1594 5488 10⁸7ἱ
1623 5413 1876 5485 Epipha-

234 5483 377 5548 nius,
409 5483 645 5555 haares.,
678 5485 769 5551 69,
804 5501 963 5539 num.
997 5486 1086 5554 58,
1122 5487 1179 5539 et
1234 5484 1492 5554 Cyrillus
1526 5483 1754 5555 Alex,
1779 5501 1876 5540 as-

239 5556 368 5626 sert.
396 5554 486 5626 26,
514 5556 727 5626 aliique
760 5556 1000 5626 scriptis
1032 5556 1401 5610 mandarunt.

302 5622 373 5687 (2)
396 5622 669 5682 Nonnulli
692 5642 861 5691 mss.,
886 5622 911 5673 ἵε
946 5627 1277 5683 secundum
1307 5628 1558 5683 virtutes
1582 5627 1874 5683 acceden-

242 5690 342 5750 tes.
362 5693 627 5759 Profecto
650 5698 821 5757 etiam
840 5690 1028 5757 Filius
1054 5713 1066 5754 :
1105 5720 1126 5746 ι»
1160 5697 1259 5758 alii
1290 5713 1432 5757 vero
1462 5701 1520 5755 et
1550 5700 1687 5755 edit.
1724 5698 1880 5755 inter

1983 4719 2052 4760 ea
2080 4702 2362 4775 petitione
2391 4700 2682 4771 deposcit,
2711 4715 2845 4772 quae
2875 4706 3007 4757 ante
3037 4706 3342 4774 peccatum
3374 4705 3434 4759 in
3482 4721 3649 4775 para-

1980 4862 2049 4919 se
2080 4845 2479 4912 consentiunt,
2532 4842 2846 4919 nisiquod
2903 4843 2996 4900 hae
3027 4845 3251 4919 tegunt,
3318 4868 3343 4897 α
3377 4849 3650 4904 acciden-

1978 4918 2080 4987 tis,
2116 4941 2138 4967 υ
2172 4932 2278 4987 pro
2315 4938 2336 4963 οι
2372 4914 2730 4987 accedentis.
2771 4938 2793 4962 ιι

2052 4985 2131 5056 (3)
2163 4985 2327 5059 Mss.
2346 4986 2585 5059 aliquot,
2622 5007 2643 5031 «
2680 4985 2928 5059 gratiam
2962 4987 3088 5043 Dci.
3125 5015 3147 5038 ι.

2054 5058 2132 5129 (4)
2166 5081 2195 5132 ⁸⁸,
2223 5057 2371 5132 Vide
2400 5056 2535 5128 quia
2567 5071 2642 5132 ex
2692 5056 2870 5127 primi
2909 5058 3235 5132 hominis...
3271 5063 3404 5132 quia
3466 5068 3527 5119 tu
3559 5082 3685 5120 me-

1980 5128 2221 5198 misisti,
2284 5129 2413 5183 haec
2443 5128 2637 5182 omnia
2693 5144 2812 5183 non
2843 5130 3034 5185 solum
3070 5133 3127 5186 in
3188 5128 3463 5188 omnibus
3510 5138 3648 5190 edit.

1982 5201 2090 5275 sed
2110 5202 2295 5275 (etiam
2316 5200 2388 5275 _in
2417 5198 2741 5275 Gallicanis
2789 5215 2937 5256 mss.
2991 5208 3277 5275 quotquot
3336 5208 3651 5261 consulere

1981 5272 2159 5329 nobis
2191 5271 2375 5337 licuit,
2409 5270 2843 5339 desiderantur,
2878 5289 2945 5327 ea
2974 5270 3116 5330 vero
3154 5270 3545 5332 'restituimus
3578 5294 3653 5332 ex

1981 5359 2100 5418 uno
2134 5342 2265 5418 cod.
2299 5342 2600 5418 Vaticano.
2635 5341 2706 5397 Et
2734 5358 2880 5418 sane
2909 5350 3125 5414 praeter
3156 5364 3329 5418 quam
3363 5349 3518 5418 quod
3579 5348 3651 5400 ab

1981 5414 2225 5487 ingenio
2283 5413 2677 5487 Ambrosiano
2717 5413 2981 5487 minimc
3039 5413 3398 5482 abhorrent,"
3440 5419 3652 5471 iisdem

1983 5483 2251 5554 omissis,
2286 5500 2396 5539 nec
2428 5483 2563 5558 sitis
2594 5484 2965 5558 implebatur,
3016 5490 3171 5558 quod
3204 5489 3469 5558 proxime
3519 5493 3651 5542 ante

1983 5558 2077 5613 vir
2108 5559 2353 5611 sanctus
2383 5556 2455 5609 ad
2485 5558 2667 5609 totum
2698 5556 2892 5611 locum
2915 5556 3327 5613 excutiendum
3348 5564 3648 5627 provocat,

1983 5645 2095 5702 nec
2122 5628 2275 5702 satis
2307 5627 2647 5702 cohaerebat
2679 5643 2810 5681 cum
2842 5630 3347 5702 antecedentibus,
3383 5630 3537 5702 quod
3577 5630 3658 5684 in-

1985 5700 2076 5761 fra
2106 5700 2179 5759 de
2207 5698 2427 5759 Christi
2452 5697 2740 5757 missione
2771 5698 3108 5779 subjicitur.
