4050 6182
306 234 309 235 ί
391 193 514 263 695

1915 194 1978 261 S.
2027 194 2451 262 AMBROBII

3706 205 3811 273 696

396 400 530 456 diso
560 398 738 455 homo
769 398 1103 455 meminerit
1131 412 1272 456 esse
1295 399 1528 470 collata,
1568 401 1633 455 ut
1662 401 1719 455 et
1762 399 1984 456 latroni
2015 400 2077 453 in
2098 387 2155 454 Α
2187 397 2457 471 ati‘ectus,
2491 399 2648 456 sicut
2676 401 2823 456 dixit
2855 402 3173 473 propheta:
3230 424 3251 455 α
3286 405 3486 460 Parata
3536 404 3681 462 viam
3707 407 3812 464 Do-

392 489 676 561 passione
707 490 1087 545 memoravit:
1126 512 1147 536 «
1186 491 1393 559 Amen,
1427 505 1598 545 amen
1629 489 1763 545 dico
1795 489 1925 560 tibi,
1964 490 2078 545 ho-

394 580 488 634 die
512 594 741 634 mecum
764 578 884 633 eris
906 579 965 633 in
1006 579 1285 650 paradiso
1324 579 1487 648 (Luc.
1520 595 1688 649 χχιιι,
1711 579 1828 649 43).
1859 598 1882 628 ι
1932 579 2076 634 Haec

395 672 488 724 est
514 671 649 723 ante
678 668 962 723 mundum
990 667 1249 722 claritas.
1285 667 1577 723 Mundum
1608 671 1804 723 autem
1837 683 1945 739 pro
1965 668 2076 723 ho-

392 757 656 812 minibus
686 756 853 827 dixit,
887 757 1043 812 sicut
1075 756 1262 812 habes
1290 773 1302 812 :
1341 780 1363 804 «
1401 756 1561 812 Ecce
1623 758 1884 812 mundus
1917 761 2076 813 totus

392 849 531 917 post
558 846 755 917 ipsum
786 846 907 900 abit
934 846 1124 916 (Joan.
1156 863 1261 916 χιι,
1299 846 1429 917 19);
1465 849 1522 901 et
1548 846 1691 901 alibi
1720 862 1732 902 :
1775 870 1795 894 α
1832 846 1908 902 Ut
1969 863 2076 901 eo-

396 938 652 1007 gnoscat
679 934 777 990 hic
804 936 1060 990 mundus
1092 935 1229 1006 quia
1255 937 1321 991 tu
1337 951 1430 991 me
1452 934 1674 990 misisti
1703 936 1896 1006 (Joan.
1923 952 2068 1006 xvu,

393 1025 505 1095 ea).
545 1048 566 1074 ι.

466 1132 555 1187 9i.
592 1132 663 1187 Et
690 1134 885 1188 tamen
915 1134 977 1187 ut
1005 1132 1199 1188 scires
1234 1148 1522 1206 maguum
1577 1133 1766 1189 Deum
1796 1136 1853 1189 et
1911 1133 2078 1189 salu-

397 1237 522 1277 rem
550 1224 607 1277 et
648 1221 1104 1301 omnipotentem
1158 1222 1264 1277 Dei
1322 1222 1560 1294 Filium,
1594 1223 1879 1278 indicium
1940 1239 2069 1278 suae

395 1310 726 1383 majestatis
755 1312 834 1382 (5)
856 1311 1171 1366 admiscuit
1194 1312 1485 1368 dicendo:
1528 1336 1550 1360 α
1587 1312 1659 1367 Ει
1710 1327 1842 1367 mea
1871 1313 2072 1367 omnia

398 1404 496 1455 tua
526 1402 684 1469 sunt,
716 1401 775 1454 et
801 1403 900 1455 tua
929 1417 1060 1456 mea
1088 1399 1268 1470 (Ibid.
1305 1401 1414 1471 10).
1454 1425 1477 1450 ι
1528 1401 1733 1457 Omnia
1765 1402 1961 1471 habet,
2021 1406 2081 1456 et

397 1492 460 1545 tu
479 1490 732 1544 missum
763 1504 902 1544 esse
935 1490 1005 1544 ad
1038 1488 1318 1561 injuriam
1349 1491 1613 1546 derivas.

467 1580 558 1635 95.
580 1578 694 1644 Qui
713 1579 767 1633 si
797 1579 1124 1633 secundum
1149 1595 1388 1635 carnem
1410 1596 1530 1635 non
1552 1580 1779 1651 accipis
1804 1580 2078 1650 missum,

398 1672 463 1723 ut
478 1668 802 1739 Apostolus
849 1668 998 1722 dixit
1046 1668 1235 1737 (Rom.
1256 1685 1380 1739 vui,
1404 1670 1481 1739 3),
1515 1672 1572 1723 et
1600 1685 1676 1724 ex
1707 1668 1893 1724 verbo
1927 1670 2075 1724 sim-

2189 488 2368 557 mino,
2401 493 2595 545 rectas
2626 490 2803 545 facite
2833 493 3080 546 semitas
3111 492 3245 564 ejus
3307 493 3448 561 (lsa.
3480 511 3571 565 χιι,
3598 496 3669 565 3).
3714 520 3734 544 ιο
3764 502 3818 552 ut

2187 579 2681 650 quemadmodum
2714 580 2843 651 ipse
2874 582 3166 651 promisit,
3201 583 3446 638 veniens
3475 599 3600 638 eum
3642 586 3814 653 Patre,

2188 666 2341 750 apud
2365 684 2474 723 nos
2499 668 2673 723 faciat
2694 671 3083 727 mansionem.
3119 671 3377 726 Evidcns
3394 675 3486 727 est
3506 673 3820 746 igiturquo-

2189 757 2364 811 modo
2395 758 2610 813 veniat.

2816 848 3068 905 CAPUT
3110 850 3255 904 Vill.

2195 936 2439 991 Christo
2468 937 2528 991 in
2561 942 2836 1010 quantum
2860 955 3076 1011 verum
3107 945 3199 993 cst
3232 940 3349 993 Dei
3404 939 3615 1011 Filius,
3646 940 3825 997 Domi-

2262 1026 2395 1081 num
2428 1024 2539 1081 non
2572 1025 2727 1081 esse,
2760 1010 2871 1064 sed
2900 1011 2961 1064 in
2996 1018 3270 1081 quantum
3306 1012 3473 1067 homo
3501 1017 3590 1081 est
3602 1030 3620 1075 ,-
3650 1018 3703 1067 ut
3723 1030 3830 1068 ver-

2261 1080 2360 1134 bis
2428 1080 2691 1152 ejusdem
2754 1081 2924 1135 modo
2978 1080 3263 1147 Putrem,
3328 1083 3495 1137 modo
3548 1080 3823 1138 Dominum

2262 1150 2669 1223 compa/lautis
2734 1152 3129 1223 signiﬁcatur.
3208 1155 3356 1218 Quot
3420 1153 3678 1209 haereses
3736 1170 3829 1209 uno

2248 1222 2607 1306 1[ιιριιιιθηιιιιο
2636 1222 2971 1306 ,ξρνίρειιιγρ
2996 1294 3008 1306 _
3040 1224 3355 1306 versiculo:
3400 1224 3830 1306 Distinguentar

2263 1295 2453 1365 igitur
2482 1311 2607 1365 quae
2641 1294 2885 1350 Christo
2913 1294 3085 1349 velut
3114 1296 3228 1349 Dei
3251 1296 3355 1350 vel
3384 1301 3443 1348 ut
3473 1296 3558 1350 Da
3570 1294 3713 1350 vidis
3730 1296 3831 1352 tilio

2262 1367 2637 1429 conveniant,
2675 1365 2769 1419 illi
2799 1366 2955 1420 enim
2986 1365 3098 1420 sub
3131 1367 3332 1420 ultimo
3366 1373 3584 1420 tantum
3631 1369 3831 1422 nomine

2264 1436 2700 1509 ascrihcnduni,
2741 1437 2893 1509 quod
2924 1454 3142 1491 servus
3171 1440 3378 1491 luerit.
3409 1438 3507 1491 Ad
3538 1443 3829 1493 extremum

2263 1507 2593 1579 complures
2623 1507 2783 1562 locos
2814 1508 3184 1563 demonstrat
3229 1525 3342 1563 non
3403 1509 3523 1563 nisi
3550 1509 3832 1564 secundum

2263 1579 2734 1634 incarnationem
2768 1580 2958 1651 accipi
2982 1596 3182 1651 posse.

2266 1668 2387 1722 100.
2421 1668 2589 1723 Unde
2606 1670 2662 1723 et
2681 1668 2929 1724 evidens
2951 1669 3355 1739 estquomodo
3377 1669 3673 1724 dominum
3686 1668 3833 1737 dicat,

400 1757 540 1830 plici
570 1755 984 1828 praejudicium
1015 1757 1221 1826 struis,
1257 1773 1375 1829 quo
1394 1759 1559 1813 dicas
1593 1758 1913 1814 inferiores
1934 1774 2084 1814 asu-
2112 1773 2167 1838 Β
2191 1772 2369 1829 quem
2404 1756 2631 1811 Patrem
2665 1758 2849 1827 novit,
2880 1758 2960 1812 ait
2991 1758 3145 1812 enim
3173 1774 3185 1812 :
3223 1781 3245 1804 ιι
3284 1758 3586 1813 Confiteor
3612 1758 3838 1827 tibi,Pa-

401 1846 741 1919 perioribus
767 1845 919 1900 mitti
975 1845 1211 1901 solere:
1266 1846 1408 1919 quid
1464 1847 1538 1902 ad
1569 1847 1666 1901 illa
1721 1848 2078 1918 respondes,

402 1935 539 2007 quia
568 1934 757 1989 Filius
786 1934 859 1988 ad
879 1934 1150 1989 homines
1186 1935 1413 1990 missus
1433 1937 1576 1991 est?
1606 1936 1759 1991 Nam
1790 1936 1846 1991 si
1892 1936 2083 1992 mino-

403 2040 531 2081 rem
586 2026 759 2095 putas
790 2039 926 2080 eum
979 2024 1079 2095 qui
1136 2024 1405 2095 mittitur,
1466 2041 1538 2081 eo
1566 2025 1847 2081 videlicet
1901 2042 1935 2080 a
1966 2041 2083 2097 quo

405 2113 669 2183 mittitur,
703 2113 872 2169 disce
926 2113 1086 2185 quod
1117 2116 1174 2169 et
1222 2113 1413 2168 minor
1457 2113 1757 2186 majorem
1812 2115 1993 2185 misit,
2027 2119 2086 2170 et

405 2202 668 2276 majores
699 2203 773 2258 ad
806 2203 1069 2259 minores
1099 2204 1178 2274 (6)
1198 2203 1372 2259 missi
1403 2207 1563 2259 sunt.
1598 2204 1747 2258 Nam
1779 2208 1837 2258 et
1865 2204 2085 2261 Tobias

408 2293 770 2364 Baphaelem
799 2292 1225 2365 archangelum
1254 2293 1416 2349 misit
1446 2292 1618 2364 (Tob.
1654 2309 1734 2362 ix,
1778 2293 1858 2364 3),
1891 2297 1949 2349 et
1977 2310 2086 2349 an-

408 2382 583 2455 gelus
611 2382 685 2438 ad
716 2381 954 2437 Balaam
983 2382 1212 2438 missus
1229 2385 1323 2439 est
1342 2383 1542 2455 (Num.
1564 2399 1711 2454 χχιι,
1742 2383 1855 2454 22),
1892 2386 1949 2439 et
1977 2383 2084 2440 Dei

408 2472 596 2529 Filius
625 2471 700 2527 ad
726 2471 972 2527 Iudaeos
1003 2472 1198 2543 (Joan.
1231 2489 1314 2543 ιιι,
1350 2471 1438 2542 16,
1474 2472 1585 2545 t'l).

480 2559 571 2616 96.
603 2560 903 2632 Numquid
932 2577 1078 2633 ergo
1110 2561 1304 2617 minor
1334 2562 1509 2617 etiam
1563 2562 1791 2619 Judmis
1848 2563 1953 2618 Dei
1986 2562 2086 2617 Fi—

410 2649 550 2721 lius,
582 2650 655 2704 ad
686 2664 841 2721 quos
894 2649 1278 2707 mittebatur?
1326 2651 1411 2707 De
1449 2651 1581 2723 ipso
1612 2652 1769 2707 enim
1799 2653 2088 2723 scriptum

413 2742 543 2795 est:
582 2760 604 2786 ιι
638 2738 981 2794 Novissime
1012 2742 1207 2795 autem
1235 2740 1399 2795 misit
1428 2740 1517 2797 eis
1551 2740 1738 2796 tilium
1761 2757 1936 2797 suum
1952 2742 2089 2797 uni-

416 2843 552 2884 eum
572 2827 817 2883 dicens:
852 2828 1228 2885 Verebantur
1246 2829 1434 2885 tilium
1453 2846 1649 2887 meum
1680 2831 1919 2901 (Matth.
1963 2848 2086 2898 χχι,

416 2916 529 2989 9'7).
558 2941 581 2967 η
616 2916 689 2973 Et
721 2917 854 2974 vide
884 2918 1020 2989 quia
1040 2921 1176 2975 ante
1208 2934 1439 2984 servos,
1471 2923 1677 2991 postea
1699 2920 1882 2976 filium
1904 2920 2091 2977 nomi-

417 3006 617 3077 navit;
648 3009 714 3063 ut
733 3006 895 3064 scias
917 3008 1075 3080 quod
1099 3009 1261 3065 Deus
1287 3008 1477 3065 Filius
1499 3009 1846 3082 unigenitus
1869 3025 2092 3065 secun-

419 3098 559 3154 dum
587 3097 911 3155 divinitatis
954 3100 1277 3171 potentiam
1330 3115 1442 3157 nec
1471 3115 1689 3156 nomen
1748 3100 1945 3168 habet,
1981 3115 2109 3155 nec.

422 3188 790 3245 consortium
811 3204 1124 3246 commune
1146 3205 1281 3247 cum
1301 3189 1532 3246 servis:
1559 3189 1929 3246 reverendus
1951 3189 2088 3244 mit-

421 3277 581 3348 titur,
610 3294 731 3335 non
760 3294 895 3335 cum
924 3278 1162 3336 famulis
1193 3279 1616 3335 conferendas.

482 3360 654 3426 ‘568
679 3370 770 3426 9'7.
789 3368 863 3425 Et
880 3371 1033 3427 bene
1070 3370 1311 3440 addidit,
1347 3384 1559 3438 meum,
1584 3371 1647 3424 ut
1682 3384 1802 3425 non
1835 3384 1994 3425 unus
2022 3368 2094 3424 de

354 3526 360 3535 Α
425 3459 648 3530 multis,
672 3475 785 3517 nec
806 3460 1125 3532 degeneris
1156 3462 1404 3529 naturae,
1425 3474 1535 3515 nec
1557 3458 1806 3514 minoris
1837 3457 2095 3530 alicujus

426 3549 777 3621 potestatis:
810 3550 919 3607 sed
958 3565 1140 3606 verus
1193 3566 1228 3605 a
1284 3565 1450 3619 vero,
1483 3551 1542 3604 et
1586 3550 1842 3620 paternas
1899 3548 2097 3621 imago

433 3639 680 3697 venisse
708 3639 1058 3696 substantiae
1090 3640 1454 3696 crederetur.

496 3728 587 3783 98.
620 3728 764 3784 Esto
790 3732 1007 3799 tamen,
1040 3729 1232 3785 minor
1263 3728 1342 3784 sit
1370 3728 1473 3800 qui
1506 3728 1774 3798 mittitur,
1818 3743 1892 3784 eo
1913 3744 1947 3782 a
1980 3743 2098 3799 quo

429 3816 694 3888 mittitur,
726 3832 872 3890 ergo
903 3821 961 3873 et
1010 3818 1195 3875 Pilato
1227 3819 1421 3874 minor
1475 3817 1773 3887 Christus,
1821 3817 2103 3889 quoniam

429 3905 656 3962 Pilatus
713 3906 877 3962 misit
904 3923 1040 3962 eum
1095 3908 1170 3962 ad
1201 3908 1518 3963 Herodem.
1578 3906 1695 3963 Sed
1727 3921 1928 3962 sermo
1984 3922 2102 3962 non

429 3993 785 4067 praajudicat
812 3996 1124 4067 potestati:
1184 3997 1488 4068 Scriptura
1520 3996 1620 4066 (Ἴ),
1662 4011 1798 4067 quae
1852 3996 2103 4051 missum

433 4084 576 4141 dicit
605 4101 639 4140 a
671 4085 867 4156 Patre,
898 4085 1152 4141 missum
1174 4086 1317 4141 dicit
1341 4102 1375 4141 a
1404 4085 1681 4156 preside.

502 4174 592 4231 99.
626 4174 797 4232 Unde
828 4174 880 4231 si
913 4174 1116 4231 sobrie
1150 4174 1223 4230 de
1255 4175 1362 4230 Dei
1393 4174 1542 4231 Filio
1573 4190 1706 4247 quae
1729 4174 1905 4247 digna
1946 4177 2104 4243 sunt,

434 4264 764 4337 opinemur,
778 4264 913 4321 ideo
928 4264 1182 4320 missum
1198 4263 1532 4337 intelligere
1552 4263 1861 4332 debemus,
1882 4263 2019 4336 quia
2032 4279 2106 4319 ex

432 4354 534 4421 illo
555 4353 1144 4426 incomprehensibili
1168 4352 1671 4425 inenarrabilique
1711 4355 1947 4409 secreto
1978 4369 2105 4415 ma:-

427 4444 667 4519 jestatis
696 4444 1008 4517 profundae
1038 4443 1199 4535 dedit
1227 4459 1294 4499 se
1347 4441 1964 4535 comprehendendum
1999 4458 2113 4535 prd

412 4520 610 4607 'captu
639 4539 850 4591 nostro
892 4534 1193 4590 mentibus
1252 4533 1477 4588 nostris
1508 4531 1616 4586 Dei
1672 4531 1955 4600 Verbum,
1988 4520 2105 4585 non

436 4624 631 4679 solum
663 4640 796 4679 eum
828 4639 897 4680 se
928 4623 1277 4694 exinaniret,
1310 4621 1420 4677 sed
1450 4621 1624 4677 etiam
1659 4636 1795 4676 eum
1818 4619 2108 4675 habitaret

434 4713 496 4766 in
512 4713 706 4779 nobis,
733 4713 889 4768 sicut
910 4713 1197 4785 scriptum
1216 4715 1345 4769 est:
1386 4734 1408 4759 α
1442 4710 1731 4777 Quoniam
1764 4708 2105 4765 inhabitabo

433 4800 497 4856 in
517 4801 635 4856 illis
654 4800 741 4869 (II
759 4802 894 4857 Cor.
918 4800 1129 4870 v1,16).
1159 4823 1182 4853 ι
1210 4801 1476 4873 Denique
1524 4802 1582 4856 et
1598 4799 1703 4854 alii
1750 4798 1938 4854 habes
1968 4798 2106 4870 quia

436 4889 599 4946 Deus
629 4889 811 4944 dixit:
850 4909 877 4940 κ
909 4890 1135 4959 Venite,
1179 4891 1636 4960 descendemus,
1671 4891 1728 4943 et
1775 4886 2105 4943 confunda-

434 4994 569 5035 mus
589 4978 829 5051 linguas
846 4992 1051 5032 eorum
1072 4978 1246 5049 (Gen.
1269 4998 1351 5050 χι,
1373 4980 1451 5049 Ἷ).
1472 5000 1499 5030 ››
1526 4979 1658 5034 Νοιι
1677 4977 1833 5033 enim
1848 4976 2008 5032 Deus
2032 4976 2106 5031 de

436 5069 572 5125 loco
601 5065 917 5139 aliquando
948 5066 1276 5136 descendit,
1310 5068 1410 5139 qui
1439 5068 1558 5123 ait:
1593 5090 1615 5114 ο(
1653 5067 1781 5139 Ego
1804 5065 2017 5121 ccelum
2050 5067 2108 5119 et

436 5162 656 5214 terram
705 5155 975 5228 compleo
997 5155 1242 5227 (Jercm.
1276 5172 1444 5226 χχιιι,
1474 5155 1590 5227 24),
1628 5180 1649 5204 η
1686 5156 1791 5212 sed
1824 5156 1883 5210 in
1914 5170 1984 5209 eo
2013 5155 2109 5210 de-

436 5247 726 5305 scendere
754 5246 1005 5317 videtur,
1039 5246 1091 5301 si
1122 5246 1363 5301 nostros
1410 5245 1515 5301 Dei
1545 5245 1809 5302 Verbum
1839 5246 2107 5317 penetret

503 5391 591 5461 (5)
619 5390 747 5446 Duo
775 5406 948 5459 mss.,
987 5413 1007 5436 «
1038 5387 1332 5461 judicium
1363 5404 1490 5443 sua:
1520 5385 1870 5461 majestatis.
1907 5404 1930 5436 ι

616 5462 748 5535 Big.
782 5456 943 5535 cod._.
990 5484 1011 5509 ‹‹
1043 5456 1105 5516 et
1160 5459 1420 5535 majores
1451 5475 1484 5513 a
1527 5456 1892 5535 minoribus,
1932 5477 1953 5506 ι
2005 5456 2101 5535 alii

432 5528 721 5603 nonnulli:
741 5536 798 5589 et
816 5532 1077 5604 majores
1099 5528 1448 5604 minoribus.
1479 5553 1499 5578 ιι
1527 5529 1722 5599 Magis
1769 5528 2098 5604 commode.

502 5607 584 5677 ('7)
613 5598 741 5677 Vet.
770 5598 937 5677 editi,
974 5627 995 5651 «ι
1030 5604 1145 5660 Sed
1200 5602 1552 5677 praejudieat
1597 5598 1872 5677 potestati
1904 5598 2100 5677 Scrip-

434 5669 602 5746 turae,
639 5700 660 5723 η
694 5676 853 5747 Gill.,
915 5669 1085 5732 Rom.
1146 5669 1218 5732 et'
1261 5669 1407 5732 mss.
1442 5669 1684 5747 aliqu—ot,
1752 5694 1772 5717 «ι
1808 5669 1923 5726 Sed
1985 5685 2101 5726 non

2191 1849 2300 1916 ter,
2339 1846 2585 1901 Domine
2617 1846 2748 1902 οωιί
2781 1850 2841 1901 et
2868 1849 3042 1902 terrae
3069 1847 3311 1917 (Matth.
3365 1864 3447 1915 xi,
3478 1847 3592 1916 25).
3628 1870 3649 1894 ιι
3706 1846 3833 1902 Ante

2193 1936 2428 1990 Patrem
2451 1935 2599 1990 dixit
2639 1935 2937 2006 Sapientia
2969 1952 3164 2003 suum,
3198 1938 3410 2006 postea
3442 1939 3718 1991 creaturae
3745 1936 3838 1990 Do-

2197 2026 2421 2079 minum
2452 2024 2832 2094 nuncupavit.
2883 2025 3082 2095 Itaque
3133 2025 3501 2080 dominatum
3557 2040 3671 2080 non
3722 2039 3838 2079 esse

2193 2113 2297 2168 ubi
2328 2128 2471 2168 vero
2502 2114 2825 2185 progenies
2858 2116 2968 2178 est,
3003 2114 3132 2184 ipse
3185 2114 3476 2168 Dominus
3527 2112 3767 2169 ostendit
3788 2113 3838 2167 in

2194 2201 2521 2275 Evangelio
2554 2219 2687 2273 suo,
2750 2202 2994 2258 dicens:
3034 2225 3055 2253 ιι
3117 2202 3269 2268 Quid
3306 2203 3481 2259 vobis
3540 2203 3759 2258 videtur
3783 2202 3841 2256 de

2194 2290 2479 2348 Christo?
2519 2290 2697 2363 cujus
2726 2290 2913 2346 Filius
2945 2294 3084 2347 est?
3142 2292 3359 2348 Dicunt
3390 2292 3482 2348 ei:
3541 2291 3734 2347 David.
3764 2289 3843 2344 Ait

2194 2379 2319 2435 illis
2349 2381 2567 2437 Jesus:
2600 2379 2907 2447 Quomodo
2936 2396 3081 2453 ergo
3114 2381 3300 2436 David
3342 2382 3404 2436 in
3435 2381 3644 2452 spiritu
3696 2380 3843 2435 vocat

2196 2484 2331 2524 eum
2387 2469 2720 2538 Dominum,
2782 2470 3026 2525 dicens:
3090 2470 3248 2524 Dixit
3281 2469 3574 2525 Dominus
3626 2468 3842 2525 Domino

2193 2574 2360 2614 meo:
2394 2559 2546 2614 Sede
2568 2575 2600 2613 a
2631 2559 2856 2614 dextris
2879 2560 3025 2613 meis
3048 2562 3075 2613 ξ)
3110 2583 3131 2607 »ι
3170 2559 3237 2613 Et
3269 2559 3533 2614 addidit:
3571 2581 3593 2605 α
3615 2557 3674 2614 Si
3720 2570 3843 2627 ergo

2200 2647 2385 2702 David
2418 2648 2481 2702 in
2536 2648 2747 2719 spiritu
2778 2652 2951 2702 vocat
2988 2663 3120 2701 eum
3182 2648 3524 2718 Dominum,
3580 2644 3843 2719 quomodo

2196 2736 2356 2791 filius
2372 2735 2509 2808 ejus
2542 2739 2681 2792 est?
2712 2736 2784 2791 Et
2804 2752 2976 2792 nemo
3007 2740 3232 2807 poterat
3267 2736 3323 2791 ei
3352 2736 3709 2808 respondere
3731 2750 3843 2788 ver-

2195 2825 2338 2881 bum
2370 2826 2609 2895 (Matth.
2644 2842 2812 2895 χχιιι,
2844 2825 3062 2893 42-46).
3102 2849 3123 2873 ιι

2270 2914 2392 2968 101.
2416 2914 2655 2986 Oquam
2677 2918 2844 2969 caute
2866 2918 3106 2986 propter
3156 2914 3417 2970 Arianos
3450 2914 3623 2970 etiam
3667 2913 3722 2967 in
3752 2912 3845 2966 hoc

2196 3002 2534 3059 testimonio
2561 3003 2846 3058 Dominus
2881 3003 3013 3057 [idei
3047 3004 3359 3074 prospexit
3386 3002 3398 3059 !
3434 3004 3569 3059 Non
3596 3002 3743 3059 enim
3769 3000 3841 3054 di-

2199 3092 2320 3148 xit:
2357 3092 2541 3147 Vocat
2560 3108 2694 3148 eum
2736 3092 2984 3162 spiritus
3033 3093 3374 3148 dominum:
3437 3110 3504 3149 se
3528 3093 3660 3165 quia
3690 3088 3847 3145 David

2202 3182 2350 3237 dixit
2378 3182 2438 3237 in
2469 3182 2714 3253 spiritu:
2779 3185 2838 3238 ut
2870 3180 3045 3254 cujus
3096 3183 3430 3237 secundum
3463 3197 3699 3238 carnem
3725 3170 3847 3236 569

2205 3270 2392 3326 Filius
2452 3275 2563 3343 est,
2615 3271 2800 3326 David
2857 3271 3106 3341 scilicet,
3142 3269 3278 3341 ejus
3336 3273 3516 3327 etiam
3546 3269 3843 3327 secundum

2204 3360 2568 3416 divinitatem
2599 3364 2657 3416 et
2687 3360 2973 3415 Dominus
3006 3364 3060 3414 et
3093 3360 3253 3413 Deus
3296 3361 3657 3416 crederetur.
3690 3357 3846 3412 Vides

2207 3451 2390 3523 igitur
2409 3451 2546 3523 quia
2564 3466 2778 3505 nomen
2796 3450 3030 3521 pietatis
3082 3452 3136 3503 et
3171 3449 3421 3503 dominii
3452 3450 3529 3519 (8)
3559 3449 3849 3504 discretum

2207 3542 2318 3595 est.

2281 3629 2403 3684 102.
2426 3629 2496 3684 Et
2516 3629 2667 3686 bene
2686 3628 2973 3685 Dominus
2997 3644 3170 3682 suum
3189 3627 3436 3698 quidem
3468 3628 3709 3695 Patrem,
3742 3622 3853 3679 οωιί

2207 3721 2403 3773 autem
2448 3721 2505 3773 et
2533 3721 2708 3773 terrae
2765 3717 3077 3773 Dominum
3110 3717 3500 3788 prmdicavit;
3558 3718 3619 3771 ut
3642 3720 3697 3769 tu
3738 3726 3851 3767 eum

2208 3807 2363 3880 legis
2381 3810 2438 3863 et
2461 3808 2690 3863 Patrem
2710 3811 2766 3862 et
2789 3807 3118 3874 Dominum,
3138 3806 3443 3879 intelligas
3473 3807 3695 3862 Patrem
3718 3801 3852 3867 Filii,

2211 3901 2269 3952 et
2305 3897 2613 3952 Dominum
2652 3900 2956 3951 creaturas.
2992 3896 3053 3949 ln
3083 3896 3197 3949 alio
3229 3896 3627 3967 praerogativa
3657 3896 3852 3947 naturae

2214 3988 2325 4049 est,
2387 3986 2447 4041 in
2477 3986 2594 4042 alio
2652 3986 2973 4041 auctoritas
3011 3985 3366 4056 potcslatis;
3430 3985 3672 4040 formam
3730 3979 3861 4035 enim

2214 4076 2377 4130 servi
2430 4075 2753 4146 accipiens,
2787 4091 2857 4129 eo
2915 4074 3114 4146 utique
3160 4073 3480 4127 Dominum
3538 4073 3719 4139 vocat,
3752 4081 3849 4139 quo

2217 4165 2559 4220 servitutem
2593 4164 2878 4234 suscepit,
2913 4163 3160 4234 aequalis
3193 4163 3252 4216 in
3284 4162 3393 4217 Dei
3424 4162 3630 4231 forma,
3663 4171 3850 4214 servus

2215 4253 2274 4308 in
2294 4255 2562 4325 corporis
2589 4270 2604 4325 ς
2638 4254 2895 4308 servitus
2918 4252 3071 4306 enim
3096 4251 3314 4315 carnis,
3334 4250 3665 4305 dominatus
3686 4248 3851 4300 autem

2214 4342 2537 4399 divinitatis
2568 4346 2677 4399 est.
2713 4341 2880 4397 Unde
2911 4344 2968 4395 et
3002 4339 3323 4412 Apostolus
3353 4340 3471 4394 ait:
3512 4361 3534 4385 «
3570 4337 3722 4392 Deus
3752 4333 3846 4386 Do-

2213 4433 2356 4488 mini
2388 4434 2576 4488 nostri
2626 4432 2772 4487 Jesu
2800 4430 3041 4497 Christi,
3094 4432 3258 4501 pater
3291 4428 3502 4499 gloriae
3562 4425 3789 4498 (Ephes.
3820 4436 3851 4485 ι,

2130 4492 2194 4562 1)
2216 4522 2325 4593 17),
2362 4546 2384 4570 ι»
2420 4522 2534 4577 hoc
2564 4525 2674 4591 est,
2710 4521 2893 4575 Deum
2924 4519 3353 4588 assumptionis
3407 4517 3675 4572 humanae
3703 4524 3852 4566 asse-

2214 4627 2375 4679 rens,
2411 4612 2643 4667 Patrem
2674 4613 2865 4667 autem
2899 4608 3125 4680 gloriae.
3163 4607 3313 4660 Num
3346 4606 3505 4660 enim
3536 4606 3682 4659 duos
3720 4599 3850 4654 ﬁlios

2216 4701 2420 4756 habuit
2454 4702 2613 4755 Deus
2644 4699 2945 4754 Christum
2994 4702 3048 4751 et
3078 4697 3328 4768 gloriam
3352 4698 3379 4748 ἶ)
3430 4694 3681 4748 Minime.
3713 4687 3849 4756 Ergo

2214 4791 2267 4845 si
2315 4805 2470 4845 unus
2499 4790 2605 4845 Dei
2665 4787 2851 4842 Filius
2881 4786 3177 4851 Christus,
3231 4785 3432 4854 utique
3462 4782 3729 4837 Christus
3778 4776 3851 4828 est

2214 4879 2423 4952 gloria.
2456 4877 2607 4944 Quid
2652 4879 2844 4932 autem
2892 4875 2946 4929 ei
2995 4875 3270 4945 derogas,
3309 4873 3409 4943 qui
3468 4869 3658 4925 Patris
3686 4862 3849 4939 gloria

2213 4970 2353 5025 est?

2285 5057 2407 5113 103.
2428 5056 2491 5112 Si
2511 5070 2656 5128 ergo
2690 5058 2746 5110 et
2776 5052 2965 5108 Filius
2997 5052 3181 5125 gloria
3217 5055 3326 5119 est,
3362 5054 3417 5105 et
3450 5050 3621 5103 Pater
3648 5042 3847 5118 gloria:

2212 5147 2349 5219 quia
2372 5148 2544 5201 Pater
2563 5144 2770 5217 glorias
2788 5159 2905 5198 non
2930 5144 3117 5213 potest
3143 5140 3295 5194 al‘ud
3313 5154 3451 5193 esse
3464 5151 3633 5209 quam
3647 5129 3813 5206 gloria
3839 5141 3846 5176 :

2212 5252 2331 5292 non
2362 5235 2577 5291 divisio
2608 5234 2954 5308 gloriarum,
2987 5232 3093 5285 sed
3140 5247 3250 5283 una
3285 5232 3380 5283 est
3437 5225 3643 5300 gloria.
3678 5222 3849 5288 Itaque

2213 5379 2582 5451 prmjudient,
2615 5401 2635 5424 μ
2663 5380 2775 5451 etc.
2801 5375 3032 5446 lieliqui
3055 5391 3200 5451 mss.
3227 5373 3324 5443 qui
3349 5375 3401 5425 et
3426 5362 3846 5451 potiores,u‘t‘i‘t.l

2215 5431 2270 5451 τ-
2293 5431 2441 5451 --υρκ
2571 5431 2582 5445 ι
2954 5431 2969 5446 .
3142 5448 3149 5454 _
3248 5431 3260 5443 .
3427 5431 3442 5451 τ
3608 5438 3618 5447 ,

2212 5456 2396 5519 textu,
2430 5450 2544 5504 nisi
2567 5448 2722 5520 quod
2748 5465 2853 5518 pro
2879 5471 2898 5495 οι
2927 5464 3059 5519 quze
3082 5462 3345 5520 missum,
3381 5467 3401 5520 πί
3431 5457 3487 5494 ιη
3525 5431 3845 5510 quibusdam

2212 5514 2463 5578 habetur
2497 5543 2519 5565 ιι
2557 5514 3032 5590 quem—missum.
3073 5540 3093 5590 ιγ»
3131 5516 3261 5590 Non
3297 5514 3671 5590 n::\.l_o_sensu.

2282 5595 2358 5663 (8)
2389 5585 2632 5657 Quidam
2666 5607 2837 5660 mss.,
2879 5613 2899 5633 «ι
2938 5589 3129 5641 t'atris
3163 5593 3215 5641 (ιι
3253 5585 3494 5639 homini.
3534 5604 3553 5627 η
