4050 6182
269 298 388 364 697

1642 312 1752 377 DE
1792 300 2015 378 FIDEI
2040 315 2222 379 ’LIB.
2258 316 2335 380 V.

3587 322 3709 395 698

276 505 341 560 ad
372 507 777 577 proprietatem
808 513 1031 567 natura:
1057 514 1243 585 gloria
1277 515 1547 587 refertur,
1588 518 1921 575 dominatus
1959 502 2004 563 Α
2032 519 2189 589 tiam,
2223 519 2379 576 aliud
2411 522 2739 578 secundum
2767 525 3226 597 susceptionem
3258 529 3454 584 carnis
3487 527 3697 588 Filium

269 601 448 650 autem
477 598 552 650 ad
601 602 866 671 suscepti
916 607 1183 674 corporis
1241 608 1605 663 servitutem.
1671 611 1730 663 Si
1765 614 1921 666 enim

267 701 395 741 caro
427 687 602 741 etiam
628 688 779 759 justi
804 692 1015 747 animae
1038 695 1272 749 subdita
1302 699 1412 765 est,
1448 700 1601 752 sicut
1632 702 1916 770 scriptum

264 777 347 828 est
380 792 392 829 :
450 799 472 824 α
516 777 758 851 Castigo
798 797 1014 852 corpus
1046 800 1259 854 meum,
1322 789 1376 840 et
1415 790 1682 842 servituti
1716 792 1919 863 redigo

266 863 317 923 (Ι
343 864 473 920 Cor.
510 869 717 936 131,27).
744 892 765 917 »τ
802 874 1018 941 quanto
1050 875 1242 945 magis
1274 876 1545 947 subjecta
1579 882 1669 932 est
1702 880 1919 933 divini-

260 954 375 1022 tati,
410 955 482 1011 dc
515 973 632 1027 qua
662 959 908 1015 dicitur:
953 984 974 1012 α
1010 962 1293 1026 Quoniam
1328 966 1604 1022 universa
1653 971 1921 1023 serviunt

259 1042 357 1096 tibi
384 1044 577 1111 (Psal.
616 1048 971 1121 cxv111,91)‘?
1008 1075 1028 1100 η

328 1132 447 1187 101.
474 1134 606 1189 Una
636 1141 827 1193 autem
850 1142 1179 1211 quaestione
1202 1146 1257 1198 et
1288 1144 1655 1201 Sabellianos
1689 1152 1741 1203 ct
1764 1150 1918 1203 Pho-

262 1222 512 1279 linianos
568 1229 625 1279 et
675 1228 925 1283 mianos
968 1231 1254 1288 Dominus
1285 1236 1559 1291 exclusit.
1607 1238 1750 1292 Nam
1788 1257 1920 1294 cum

258 1312 565 1368 Dominum
580 1316 809 1372 dixisse
823 1318 1069 1375 Domino
1089 1321 1547 1387 dicit,Sabellius
1567 1328 1916 1399 excluditur,

258 1404 355 1471 qui
384 1405 655 1459 eumdem
689 1407 917 1462 Patrem
941 1410 1064 1463 vult
1084 1427 1220 1465 esse
1245 1429 1417 1483 quem
1448 1413 1678 1469 Filium.
1709 1418 1921 1472 Exclu-

253 1490 414 1544 ditur
458 1492 760 1563 Photinus,
793 1498 893 1567 qui
925 1500 1250 1555 secundum
1283 1518 1517 1557 carnem
1545 1504 1768 1574 judieat
1804 1510 1917 1573 (tt);

249 1580 391 1649 quia
414 1581 679 1637 dominus
703 1585 1065 1660 Davidregis
1084 1605 1201 1643 non
1234 1595 1461 1660 poterat
1478 1609 1637 1659 esse,
1672 1596 1785 1647 nisi
1820 1597 1917 1666 qui

246 1668 413 1724 Deus
447 1674 567 1739 est;
628 1674 913 1743 scriptum
949 1680 1040 1731 est
1080 1679 1236 1732 enim
1273 1697 1283 1733 :
1343 1703 1362 1728 σι
1393 1682 1701 1737 Dominum
1738 1685 1918 1739 Deum

244 1760 408 1811 tuum
443 1759 742 1829 adorabis,
777 1767 831 1816 et
876 1765 959 1818 illi
992 1766 1103 1820 soli
1136 1767 1367 1822 servies
1410 1771 1604 1839 (Deut.
1640 1789 1713 1840 γι,
1744 1771 1851 1841 13).
1894 1798 1913 1819 η

240 1846 529 1918 Nunquid
572 1856 773 1904 contra
820 1853 1011 1924 legem
1041 1858 1326 1927 propheta
1358 1861 1621 1927 sentiret,
1659 1863 1756 1932 qui
1806 1864 1917 1916 sub

236 1936 374 2006 lege
410 1944 734 2009 regnaret?
770 1941 1114 1999 Excluditur
1137 1946 1336 2015 Arius,
1356 1948 1452 2019 qui
1478 1948 1685 2003 Filium
1708 1952 1917 2005 sedere

232 2024 403 2078 audit
438 2026 511 2080 ad
545 2027 843 2083 dexteram
882 2033 1103 2103 Patris;
1161 2038 1221 2089 ut
1262 2036 1312 2089 si
1348 2053 1421 2090 ex
1453 2054 1565 2092 usu
1598 2055 1918 2111 argumen-

229 2115 398 2167 tetur
433 2115 711 2186 humano,
760 2120 887 2189 ipse
919 2137 985 2175 se
1018 2124 1281 2193 perimat,
1316 2129 1371 2180 et
1399 2142 1693 2181 venenum
1726 2130 1919 2181 sacri-

225 2201 398 2274 legae
421 2204 839 2275 disputationis
862 2226 988 2263 suae
1019 2210 1077 2264 in
1110 2228 1175 2266 se
1206 2213 1573 2284 refundat,ut
1605 2217 1740 2271 dum
1773 2218 1919 2271 inm-

218 2292 581 2361 qualitatem
604 2295 796 2351 Patris
817 2301 872 2352 et
899 2297 1030 2353 Filii
1059 2316 1131 2354 ex
1169 2304 1595 2358 consuetudine
1616 2306 1917 2361 hominum

214 2380 662 2452 interpretatur
699 2385 831 2455 (10),
874 2387 933 2441 in
964 2393 1211 2460 utroque
1240 2407 1272 2444 a
1308 2409 1449 2446 vero
1501 2394 1733 2461 devius,
1778 2412 1911 2450 eum

212 2470 525 2538 praeferat
579 2475 672 2527 cui
719 2476 984 2548 derogat,
1021 2480 1413 2535 confessurus
1446 2483 1702 2552 priorem
1743 2501 1918 2556 quem

211 2559 399 2611 audit
445 2561 517 2614 ad
552 2562 872 2620 dexteram.
928 2566 1276 2623 Excluditur
1306 2572 1475 2624 etiam
1511 2573 1874 2627 Manichzeus
1904 2592 1914 2629 :

202 2663 341 2701 non
380 2650 544 2703 enim
569 2656 741 2723 negat
765 2671 902 2709 esse
925 2672 991 2709 se
1014 2658 1194 2712 David
1222 2658 1403 2713 ﬁlium
1435 2663 1762 2716 secundum
1792 2680 1918 2717 car-

209 2752 413 2805 nem;
452 2743 650 2809 utpote
699 2744 797 2813 qui
840 2745 1229 2801 clamantibus
1270 2749 1493 2805 caieis:
1536 2774 1557 2799 ‹‹
1595 2751 1760 2820 Jesu,
1815 2752 1917 2806 ﬁlii

213 2824 424 2881 David
438 2871 451 2896 ,
480 2830 764 2885 miserere
780 2834 952 2887 nobis
976 2836 1215 2897 (Matt/1.
1235 2855 1331 2905 xx,
1354 2838 1443 2907 30)
1468 2864 1487 2886 ιο
1512 2843 1565 2892 et
1592 2841 1916 2895 delectatus

213 2917 497 2985 est-fide,
534 2921 588 2972 et
621 2922 779 2974 stetit
810 2925 867 2975 ct
898 2925 1121 2978 curavit
1143 2942 1248 2979 eos
1273 2942 1283 2980 :
1307 2928 1411 2981 sed
1438 2932 1613 3000 negat
1645 2929 1757 2983 hoc
1791 2948 1917 2985 suae

221 3020 378 3058 esse
433 3009 797 3078 aeternitatis,
832 3012 885 3064 si
934 3013 1119 3067 David
1180 3015 1369 3069 solius
1420 3017 1577 3071 filius
1609 3035 1641 3071 a
1672 3019 1918 3089 perﬁdis

227 3095 600 3150 nominetur.

318 3182 437 3238 105.
488 3186 634 3239 Nam
672 3187 854 3243 Filius
888 3190 989 3244 Dei
1042 3195 1131 3246 est
1184 3196 1383 3247 contra
1445 3195 1733 3251 Ebionem
1776 3198 1912 3268 ('11),

228 3270 426 3326 Filius
461 3275 647 3329 David
679 3280 986 3332 estcontra
1023 3282 1383 3336 Manichacus
1419 3299 1430 3337 :
1466 3284 1650 3339 Filius
1685 3286 1787 3341 Dei
1820 3292 1912 3341 est

228 3367 447 3416 contra
464 3363 989 3435 Photinum,Fitius
1008 3370 1186 3425 David
1208 3377 1296 3426 est
1313 3378 1512 3426 contra
1530 3374 1912 3431 Marcionem:

229 3448 429 3505 Filius
454 3454 558 3507 Dei
590 3458 679 3508 est
709 3461 912 3511 contra
945 3459 1186 3513 Paulum
1217 3463 1667 3517 Samosatenum
1702 3481 1713 3518 :
1768 3458 1913 3520 570

231 3536 432 3595 Filius
454 3541 638 3596 David
669 3547 759 3598 est
788 3551 990 3600 contra
1014 3547 1384 3604 Valentinum
1421 3568 1432 3605 :
1470 3551 1655 3605 Filius
1690 3553 1792 3607 Dei
1826 3558 1917 3608 est

234 3634 441 3683 contra
480 3632 682 3687 Arium
721 3638 894 3705 atque
926 3635 1244 3691 Sabellium
1280 3640 1518 3710 gentilis
1542 3642 1766 3696 erroris
1801 3643 1920 3697 hae-

234 3718 438 3773 redes.
474 3720 759 3777 Dominus
803 3724 985 3778 David
1020 3730 1109 3779 est
1142 3732 1343 3781 contra
1377 3729 1638 3797 Judaeos,
1675 3732 1774 3801 qui
1811 3732 1918 3786 Dei

237 3804 453 3862 Filium
500 3810 559 3863 in
594 3827 769 3867 carne
802 3818 1134 3883 cernentes,
1169 3816 1465 3871 hominem
1511 3821 1915 3876 tantummodo

240 3893 421 3965 impio
449 3899 648 3953 furore
683 3904 1018 3957 credebant.

310 3986 434 4041 103.
468 3989 582 4042 Sed
617 3992 1022 4045 ecclesiastica
1047 3994 1160 4048 ﬁde
1192 3998 1247 4048 et
1281 3995 1383 4048 Dei
1416 3996 1610 4050 l’atris
1645 4001 1700 4051 et
1726 3999 1909 4052 David

244 4072 396 4129 idem
419 4081 591 4148 atque
616 4096 767 4133 unus
793 4085 883 4134 est
916 4081 1138 4151 Filius;
1184 4084 1317 4153 quia
1352 4085 1774 4141 incarnationis
1808 4088 1913 4142 Dei

246 4167 585 4233 mysterium
607 4170 904 4224 universa:
925 4172 1087 4225 salus
1121 4175 1211 4225 est
1231 4177 1550 4241 creaturae;
1586 4176 1910 4230 secundum

249 4255 397 4320 quod
432 4258 713 4323 scriptum
748 4262 874 4313 est:
914 4280 935 4308 α
976 4260 1049 4313 lIt
1080 4278 1208 4315 smc
1244 4262 1360 4316 Deo
1390 4279 1497 4332 pro
1518 4265 1792 4319 omnibus
1812 4282 1913 4337 gu-

251 4346 423 4397 staret
455 4347 930 4402 mallem/[Inlita
959 4367 1017 4417 11,
1049 4348 1123 4418 93,
1165 4374 1185 4395 η
1230 4351 1285 4403 id
1318 4355 1427 4417 est,
1452 4354 1606 4422 quod
1644 4358 1910 4407 creatura

253 4435 434 4485 omnis
483 4436 613 4489 sine
655 4437 933 4505 passione
982 4438 1174 4509 aliqua
1236 4439 1558 4495 divinitatis
1621 4442 1909 4497 Dominici

255 4525 552 4592 Sanguinis
604 4526 940 4580 redimenda
984 4527 1059 4580 sit
1104 4528 1312 4597 pretio,
1362 4533 1420 4582 ut
1465 4530 1603 4583 alibi
1664 4531 1841 4585 habet
1890 4549 1901 4587 :

254 4606 442 4665 Omnis
471 4618 741 4668 creatura
772 4615 1119 4669 liberabitur
1140 4633 1170 4669 a
1202 4618 1486 4672 servitute
1508 4621 1905 4690 corrupti-mis
1932 4611 1974 4667 Ῐ)

256 4696 426 4759 (Rom.
462 4701 716 4773 v111,°.2!).
757 4725 777 4751 ι

322 4786 429 4843 1οἾ.
462 4790 636 4845 Aliud
660 4797 749 4846 cst
782 4793 960 4864 igitur
981 4795 1308 4849 secundum
1340 4796 1596 4850 divinam
1620 4798 1904 4852 substan-

320 4986 385 5039 (t);
409 4986 463 5040 Id
491 4992 601 5056 est,
637 4988 734 5058 qui
757 4988 1054 5043 tihristum
1085 4994 1396 5062 antequam
1431 5008 1666 5046 carnem
1687 4992 1902 5046 'susci-

259 5064 417 5123 perct,
456 5059 645 5113 fuisse
695 5065 890 5132 negat,
928 5066 986 5114 ut
1036 5062 1173 5115 alibi
1231 5059 1261 5115 5
1309 5063 1482 5117 nobis
1524 5064 1901 5118 observatum

260 5133 352 5182 est.

314 5201 419 5259 itm
454 5202 621 5277 Mssa
649 5203 887 5274 aliquot,
950 5228 968 5251 α
1007 5209 1067 5257 ut
1102 5206 1221 5258 Deo
1256 5204 1775 5277 inaequalitatem...
1813 5206 1902 5258 in-

260 5273 569 5346 tCl'pi‘cltlllS
610 5275 668 5327 in
700 5273 965 5346 utraque,
998 5300 1017 5322 η
1054 5279 1164 5329 etc.

316 5345 419 5413 ttl)
471 5345 759 5429 Ebionein
800 5345 857 5399 in
889 5347 1131 5429 Christo
1181 5348 1324 5429 piliil
1367 5347 1721 5429 agngvisse,
1747 5348 1905 5418 quod

260 5429 355 5468 non
387 5420 551 5469 esset
584 5418 710 5485 puri
733 5436 797 5469 ac
822 5419 958 5471 nudi
979 5419 1253 5483 hominis,
1280 5418 1452 5472 tradit
1483 5420 1901 5487 'l'ertultianus,

258 5484 339 5540 lib.
376 5487 453 5558 de
486 5484 683 5541 Carne
716 5490 881 5554 (Ilua,
905 5506 1030 5558 cap.
1052 5490 1147 5553 18;
1182 5490 1498 5557 Eusebius,
1522 5491 1618 5543 lib.
1646 5484 1897 5558 11111131.,

259 5572 363 5626 cap.
398 5557 458 5611 :21
488 5563 544 5611 et
568 5559 668 5625 ‘27;
706 5557 1088 5629 Epiphanius,
1119 5562 1331 5643 hmres.
1372 5562 1470 5628 3t);
1504 5563 1899 5643 Augustinus,

259 5628 318 5682 de
343 5630 572 5683 Iberos.
608 5628 863 5699 (3311.10;
898 5636 953 5685 ct
983 5634 1098 5685 alii.
1140 5634 1299 5685 l’auli
1332 5649 1565 5701 quoque
1598 5637 1827 5686 Samos.
1852 5632 1902 5685 is

259 5716 404 5754 error
435 5701 560 5762 fuit,
596 5703 1088 5771 quemadmodum
1134 5719 1207 5756 ex
1270 5704 1512 5756 Eusebii
1544 5704 1646 5757 lib.
1683 5720 1739 5771 v,
1774 5719 1902 5771 cap.

260 5772 327 5839 '18,
360 5776 413 5827 ct
444 5772 547 5827 lib.
593 5790 692 5843 vu,
727 5790 854 5845 cap.
910 5774 996 5843 :27,
1046 5776 1115 5828 29
1162 5777 1218 5828 et
1247 5774 1336 5845 30,
1372 5791 1741 5847 cognoscere
1794 5778 1905 5843 est,

2031 609 2338 665 nominari:
2360 627 2492 665 nam
2508 613 2834 668 secundum
2850 617 3292 686 generationem
3307 618 3562 673 divinam
3580 620 3699 675 Deo

2032 698 2186 752 l’atri
2209 700 2458 769 aequalis
2490 704 2581 756 est
2605 700 2811 771 Filius,
2835 708 2890 757 et
2913 706 3239 760 secundum
3254 708 3697 778 susceptionem

2032 789 2301 856 corporis
2334 789 2457 843 Deo
2492 789 2646 844 Patri
2679 807 2893 846 servus
2914 796 3035 863 est;
3070 795 3206 864 quia
3237 795 3485 850 formam
3517 799 3699 867 servi,

2032 874 2217 945 inquit
2246 877 2530 949 (Philipp.
2567 897 2625 942 11,
2668 880 2743 949 Ἴ),
2781 882 3008 951 accepit
3049 898 3061 936 :
3104 899 3258 937 unus
3307 888 3497 939 tamen
3528 890 3701 957 atque

2031 962 2184 1016 idem
2215 968 2307 1018 est
2338 965 2543 1021 Filius.
2600 968 2813 1022 (lontra
2855 973 3048 1025 autem
3091 976 3297 1026 sancto
3347 974 3697 1043 patriarcha)

2036 1052 2217 1107 David
2240 1058 2568 1111 secundum
2587 1059 2836 1128 gloriam
2857 1074 3026 1114 suam
3046 1060 3331 1116 Dominus
3355 1062 3465 1131 est,
3487 1077 3701 1118 secun-

2031 1142 2165 1195 dum
2199 1146 2525 1213 corporalis
2556 1148 2965 1202 successionis
2999 1149 3217 1203 seriem
3259 1150 3417 1205 ﬁlius
3449 1155 3541 1205 est
3579 1168 3696 1206 non

2028 1230 2312 1287 deﬁciens
2361 1249 2394 1287 a
2453 1250 2538 1303 se,
2574 1236 2681 1290 sed
2711 1240 2932 1292 nostrm
2959 1236 3063 1309 jus
3087 1238 3203 1293 sibi
3225 1239 3562 1310 adoptionis
3595 1257 3697 1295 ac-

2028 1320 2271 1390 quirens
2304 1323 2350 1389 (1
2363 1323 2438 1392 ΕΞ).

2105 1410 2220 1463 108.
2256 1412 2377 1464 Nec
2412 1416 2602 1466 solum
2624 1431 2696 1467 ex
2729 1432 2948 1483 genere
2980 1417 3164 1471 David
3197 1418 3543 1473 servitutem
3593 1436 3698 1473 su-

2030 1500 2215 1568 srepit
2238 1501 2297 1553 in
2319 1518 2572 1570 peisona
2589 1503 2844 1558 hominis
2861 1520 2876 1574 ;
2895 1506 3003 1559 sed
3023 1507 3196 1561 etiam
3214 1523 3287 1561 ex
3307 1509 3541 1563 nomine
3562 1510 3694 1579 (13),

2030 1588 2183 1641 sicut
2206 1588 2390 1644 habes
2426 1606 2437 1645 :
2479 1615 2500 1638 «
2537 1592 2737 1646 Inveni
2762 1594 2945 1648 David
2977 1611 3219 1650 servum
3251 1612 3447 1651 meum
3505 1598 3696 1665 (Psal.

2030 1694 2310 1745 1.xxxvm,
2347 1678 2468 1747 21);
2507 1706 2526 1727 »ο
2563 1685 2618 1733 et
2649 1682 2788 1735 alibi
2821 1700 2831 1737 :
2875 1706 2895 1729 ιι
2933 1684 3085 1739 Ecce
3118 1700 3230 1755 ego
3265 1685 3462 1740 mitam
3492 1687 3564 1741 ad
3589 1703 3696 1743 vos

2029 1781 2268 1820 servum
2299 1784 2490 1822 meum
2533 1770 2735 1839 (Zur/1.
2773 1788 2852 1839 111,
2886 1773 2961 1840 8),
2989 1793 3011 1821 ι
3063 1772 3320 1827 «Oriens
3355 1791 3567 1830 nomen
3609 1780 3699 1830 est

2028 1855 2079 1907 ei
2113 1855 2291 1919 (Ibid.
2339 1874 2415 1923 v1,
2450 1858 2557 1925 1‘2).
2599 1883 2619 1905 ι»
2656 1859 2726 1913 Et
2774 1860 2901 1929 ipse
2960 1860 3146 1916 Filius
3191 1864 3270 1915 ait
3305 1879 3315 1916 :
3359 1887 3379 1909 ‹‹
3420 1865 3518 1918 Sic
3564 1865 3704 1919 dicit

2031 1943 2337 2012 Dominus,
2391 1948 2489 2017 qui
2551 1948 2717 2001 tinxit
2751 1964 2839 2002 me
2873 1964 2946 2003 ex
2978 1953 3144 2005 utero
3195 1968 3434 2007 servum
3466 1954 3604 2023 sibi,
3645 1958 3703 2009 et

2029 2032 2174 2085 dixit
2198 2034 2376 2087 mihi:
2422 2035 2699 2106 Magnum
2727 2038 2830 2091 tibi
2860 2041 2951 2091 est
2983 2040 3184 2093 vocari
3204 2057 3451 2110 puerum
3482 2059 3695 2097 meum.

2030 2119 2182 2173 Ecce.
2206 2123 2378 2190 posui
2408 2126 2463 2193 te
2487 2124 2544 2177 in
2570 2128 2983 2180 testamentum
3000 2129 3243 2197 generis
3268 2131 3399 2200 mei,
3429 2131 3487 2184 in
3510 2132 3701 2185 lucem

2028 2210 2309 2288 gentium,
2375 2216 2433 2263 ut
2479 2214 2565 2264 sis
2618 2213 2675 2266 in
2716 2213 2967 2268 salutem
3014 2231 3204 2286 usque
3254 2217 3325 2269 ad
3375 2222 3701 2273 extremum

2029 2300 2200 2352 terrae
2233 2299 2348 2360 (lsa
2379 2317 2537 2368 κως,
2566 2300 2640 2355 6).
2681 2323 2702 2350 ν
2736 2301 2841 2356 Cui
2876 2302 2986 2356 hoc
3014 2303 3245 2373 dicitur,
3273 2306 3390 2359 nisi
3420 2307 3703 2362 (ihristo?

2030 2386 2126 2456 qui
2155 2404 2285 2440 eum
2338 2389 2395 2441 in
2431 2388 2612 2442 forma
2650 2391 2750 2443 Dei
2782 2395 2965 2461 esset,
3001 2393 3325 2448 exinanivit
3358 2410 3444 2463 se,
3496 2399 3549 2449 et
3583 2396 3703 2449 for-

2026 2493 2178 2529 mam
2210 2477 2369 2532 servi
2394 2480 2618 2549 accepit
2642 2479 2923 2551 (Philipp.
2958 2498 3017 2547 11,
3041 2481 3094 2547 6,
3120 2480 3356 2549 7).Quid
3383 2488 3473 2537 est
3495 2484 3553 2538 in
3588 2485 3689 2538 Dei

2028 2564 2235 2631 forma,
2262 2567 2374 2619 nisi
2411 2567 2467 2620 in
2500 2567 2823 2622 divinitatis
2854 2569 3258 2639 plenitudine?

2098 2653 2217 2708 101).
2254 2656 2430 2709 Disce
2471 2657 2651 2727 igitur
2700 2658 2839 2729 quid
2873 2658 2987 2712 sit:
3023 2658 3297 2714 Formam
3330 2661 3490 2715 servi
3523 2678 3697 2718 acce-

2024 2743 2126 2813 pit,
2163 2743 2218 2797 id
2250 2748 2359 2813 est,
2394 2746 2815 2814 plenitudinem
2839 2747 3222 2816 perfectionis
3254 2749 3547 2819 humanae,
3583 2753 3700 2822 ple-

2025 2832 2346 2886 nitudinem
2380 2833 2750 2889 obetlicntize.
2779 2836 3033 2908 Ideoque
3064 2838 3204 2892 dicit
3236 2838 3294 2893 in
3326 2839 3562 2894 Psalmo
3598 2842 3697 2896 tri-

2027 2923 2294 2976 cesimo:
2338 2948 2356 2967 α
2394 2922 2656 2977 Statuisti
2693 2924 2749 2977 in
2795 2925 2926 2979 loco
2973 2927 3237 2995 spatioso
3281 2928 3462 2997 pedes
3507 2946 3692 2985 meos.

2027 3010 2435 3081 Supcromncs
2452 3012 2721 3067 inimicos
2745 3029 2906 3067 meos
2926 3014 3116 3069 factus
3136 3031 3267 3069 sum
3289 3018 3691 3086 Opprobrium.

2025 3099 2257 3153 lllustra
2290 3100 2496 3153 faciem
2520 3105 2672 3154 tuam
2699 3118 3139 3172 superservum
3181 3104 3471 3175 tuum(1»1)
3502 3107 3690 3177 (Psal.

2028 3206 2169 3254 xxx,
2204 3190 2255 3257 tl,
2286 3190 2345 3243 12’.
2379 3198 2433 3242 et
2463 3190 2561 3257 Π).
2612 3211 2631 3237 »
2669 3194 2891 3246 Servus
2923 3192 3116 3247 dictas
3141 3194 3451 3263 esthomo,
3490 3197 3547 3249 in
3582 3213 3698 3268 quo
3768 3190 3777 3196 ”

2028 3278 2566 3334 sanctiticatusest:
2602 3297 2815 3332 servus
2851 3280 3045 3348 homo,
3070 3285 3284 3337 unctus
3307 3287 3397 3337 est
3432 3300 3443 3337 :
3480 3300 3694 3339 servus

2031 3367 2226 3435 homo,
2261 3367 2319 3421 in
2352 3385 2466 3439 quo
2512 3369 2701 3422 factus
2751 3370 2861 3423 sub
2910 3371 3063 3441 lege,
3101 3370 3291 3425 factus
3337 3388 3411 3424 ex
3458 3373 3699 3446 Virgine

2028 3462 2115 3509 cst
2145 3473 2157 3523 ;
2207 3459 2260 3510 et
2307 3462 2366 3511 ut
2398 3459 2745 3527 compendio
2779 3458 2987 3527 dicam,
3022 3475 3236 3514 servus
3266 3460 3460 3514 dictus
3492 3466 3601 3532 est,
3638 3464 3696 3518 in

2028 3562 2143 3616 quo
2170 3547 2791 3617 11::1ire111habct,sicut
2821 3550 3107 3618 scriptum
3128 3552 3249 3603 est:
3291 3573 3309 3595 ‹‹
3347 3549 3392 3604 Ο
3425 3550 3692 3622 Domine,

2027 3652 2139 3705 ego
2166 3652 2378 3690 sci-vus
2412 3639 2570 3706 tuus,
2616 3653 2728 3707 ego
2760 3653 2973 3691 servus
3000 3641 3155 3706 tuus,
3191 3642 3245 3692 et
3277 3639 3433 3693 filius
3464 3640 3695 3696 ancillae

2025 3727 2140 3778 tute
2172 3725 2358 3783 (Psal.
2393 3742 2526 3791 cxv,
2586 3726 2696 3783 1t’s:
2737 3752 2755 3770 η
2814 3730 2867 3779 ct
2899 3726 3076 3779 alibi:
3117 3750 3135 3772 α
3166 3728 3439 3782 Αΐῆὶρίιιε
3472 3745 3603 3783 sum
3636 3734 3699 3785 et

2023 3814 2361 3867 Ιιιιηιίιῖιιιιιτι
2396 3832 2526 3867 sum
2561 3816 2952 3882 111:11is(1’sal.
2990 3834 3214 3883 xxxv”,
3248 3820 3323 3885 9).
3357 3841 3377 3863 »ι

2097 3903 2215 3957 110.
2238 3904 2383 3968 Quis
2412 3905 2587 3957 nimis
2618 3904 2958 3958 humiliatus
2991 3909 3101 3972 est,
3127 3905 3245 3958 nisi
3277 3905 3696 3978 Christus,qui

2020 3992 2180 4044 venit
2220 3996 2281 4046 ut
2321 4008 2526 4046 omnes
2557 3993 2833 4047 liberaret
2866 4010 2969 4063 per
3000 3994 3435 4049 obedientiam?
3472 4018 3491 4042 α
3530 3996 3695 4050 Sicut

2020 4082 2172 4133 enim
2208 4098 2310 4149 per
2356 4082 2809 4136 inobedicntiam
2849 4083 3024 4136 unius
3056 4084 3313 4137 nominis
3346 4088 3691 4153 peccatores

2022 4170 2321 4222 constituti
2353 4176 2487 4222 sunt
2520 4171 2775 4239 plurimi,
2808 4171 2884 4224 ita
2910 4174 2964 4225 et
2986 4187 3091 4240 per
3110 4172 3289 4225 unius
3322 4173 3691 4227 obcdcntiam

2016 4258 2161 4326 justi
2188 4260 2617 4312 constituentur
2641 4261 2801 4313 multi
2820 4261 3007 4327 (Rom.
3030 4278 3081 4323 v,
3102 4260 3211 4329 19).
3242 4285 3262 4307 υ
3281 4260 3424 4325 Quis
3448 4262 3691 4315 calicem

2019 4341 2154 4401 571
2206 4349 2521 4402 salutarem
2571 4348 2759 4420 (Psal.
2813 4366 2948 4418 cxv,
2986 4350 3072 4416 13)
3116 4348 3362 4418 accepit,
3416 4348 3690 4402 Christus

2017 4438 2296 4507 princeps
2355 4437 2749 4508 sacerdotum,
2785 4455 2859 4492 an
2890 4438 3094 4505 David,
3128 4438 3228 4509 qui
3260 4453 3451 4507 neque
3483 4452 3691 4490 sacer-

2018 4527 2238 4581 dotium
2262 4528 2484 4598 habuit,
2517 4543 2707 4598 neque
2748 4528 3029 4599 passione
3062 4527 3288 4580 subiit?
3319 4525 3463 4588 Quis
3496 4524 3687 4578 sacri-

2017 4616 2209 4670 ﬁcavit
2241 4617 2494 4669 hostiam
2519 4617 2710 4670 laudis
2730 4622 2756 4669 2’

2096 4706 2343 4758 111.ςιρί1
2372 4707 2429 4759 in
2452 4706 2563 4759 hoc
2584 4722 2789 4775 parum
2808 4708 2918 4771 est,
2940 4705 3141 4773 accipe
3173 4702 3330 4756 aliud
3358 4718 3368 4755 :
3403 4702 3690 4757 «Custodi

2014 4795 2264 4847 animam
2300 4811 2505 4861 meam,
2542 4795 2817 4864 quoniam
2867 4809 2979 4863 ego
3031 4796 3276 4845 sanctus
3327 4807 3458 4844 sum
3490 4790 3683 4845 (I’sal.

2014 4994 2075 5045 ut
2107 4989 2975 5068 p11r_um_homiuemilbi-istum
3008 4988 3250 5068 diceret.
3289 4987 3557 5068 Abdebat
3597 4989 3687 5041 ta-

2014 5059 2147 5116 men
2210 5063 2465 5115 Verbum
2500 5077 2529 5114 c
2568 5061 2717 5113 cudo
2750 5061 3056 5128 delapsum
3088 5060 3146 5113 in
3178 5059 3323 5113 Jcsu
3354 5059 3679 5128 habitasse,

2016 5136 2090 5186 uti
2128 5137 2373 5187 testatur
2397 5133 2776 5201 Epiphanius,
2800 5132 3027 5185 ‘hasres.
3062 5130 3149 5184 iiii.
3186 5130 3467 5199 Ejusdem
3492 5131 3682 5184 haere-

2012 5207 2111 5257 tici
2146 5205 2512 5271 Angusttimls
2537 5220 2770 5275 quoque
2796 5204 3054 5256 meminit
3086 5203 3186 5256 lib.
3209 5202 3283 5256 d0
3303 5202 3532 5256 Haeres.
3550 5217 3676 5270 cap.

2012 5275 2458 5354 44κ.εξιίιεξιξ,τι¹ἓίι
2778 5345 2790 5354 .
3045 5347 3076 5354 ..
3172 5278 3179 5287 ’
3613 5342 3654 5354 υ

2083 5342 2491 5415 (tﬂrililarius
2524 5346 2623 5399 lib.
2664 5363 2701 5399 ll
2751 5345 2825 5400 de
2884 5346 3097 5399 Tl'iuit.
3138 5361 3149 5399 :
3192 5369 3212 5388 α
3250 5343 3567 5398 l’otestatis
3598 5342 3683 5396 di-

2013 5420 2210 5488 gnitas
2246 5434 2359 5470 non
2394 5418 2675 5471 amittitur
2703 5417 2840 5470 dum
2875 5418 3074 5471 carnis
3117 5418 3414 5488 humilitas
3444 5416 3681 5488 adopta-

2010 5484 2125 5555 tur,
2165 5512 2183 5535 υ
2233 5490 2285 5541 id
2336 5494 2446 5553 est,
2502 5490 2902 5542 incainatioue
2961 5488 3303 5555 suscipitur.
3364 5486 3506 5549 Quae
3560 5484 3681 5555 duo

2015 5562 2274 5613 membra
2307 5564 2420 5613 tam
2453 5565 2582 5629 apte
2617 5561 2977 5626 respondent
3008 5561 3239 5612 duodus
3261 5559 3424 5611 hisce
3446 5554 3684 5632 Ambro-

2016 5632 2223 5700 sianis,
2257 5636 2316 5684 ut
2341 5633 2414 5684 iis
2446 5625 2860 5685 tlbmmentarii
2902 5633 3089 5706 vicem
3124 5632 3410 5706 praestare
3430 5625 3680 5706 possipt.

2091 5694 2218 5761 (131'
2238 5703 2513 5756 Nonnulli
2549 5718 2719 5772 mss.,
2758 5724 2777 5749 α
2817 5702 2919 5755 sed
2946 5694 3213 5755 ctiam-ex
3248 5696 3514 5750 Domino.
3543 5694 3686 5749 nlla-

2019 5790 2147 5828 ruui
2170 5790 2452 5844 congrue.
