3982 6174
435 226 560 336 .699
580 246 587 254 .

1889 276 1954 343 S.
1999 280 2441 347 AMBROSII.
3707 313 3797 377 γα]

448 490 668 546 Lxxxv,
693 476 766 545 2).
792 501 812 525 ιι
837 478 1135 551 Numquid
1165 478 1237 536 de
1259 496 1326 536 se
1348 483 1461 537 hoc
1481 480 1703 538 diceret
1734 484 1963 540 David?
1992 471 2195 544 Sed'A
2224 489 2516 563 sacrilega
2548 491 2872 565 confundit,
2905 496 2962 549 et
2996 494 3069 550 ad
3112 495 3425 556 divinitatis
3445 502 3707 580 detorquet
3729 514 3799 569 in-

446 563 545 617 ille
563 564 723 632 dicit,
755 567 854 638 qui
885 569 964 623 ait
995 585 1006 625 :
1033 592 1056 616 ‹‹
1091 570 1222 625 Non
1246 571 1623 644 derelinquas
1645 573 1897 630 animam
1920 592 2109 633 meam
2212 579 2456 651 juriam,
2492 581 2774 653 quidquid
2808 563 3137 640 secundum
3168 586 3530 647 humilitatem
3550 563 3805 658 caruisset

447 652 505 705 in
537 653 790 725 inferno,
826 673 934 712 nec
960 659 1131 714 dabis
1162 664 1609 717 sanctumtuum
1627 663 1828 720 videre
1861 682 2108 738 corrup-

446 742 869 811 tionem(Psal.
894 765 993 816 xv,
1027 747 1138 819 10).
1176 775 1197 798 ιι
1234 752 1392 806 Idem
1425 769 1570 825 ergo
1602 758 1913 829 utrumque
1945 759 2105 814 dicit.

517 832 640 887 HQ.
687 835 923 891 Addidit
961 854 1103 893 vero
1135 857 1146 893 :
1204 863 1224 885 «
1263 842 1500 897 Salvum
1532 844 1624 899 fac
1674 862 1913 902 servum
1944 850 2108 903 tuum

443 920 630 989 (Psal.
666 941 883 989 Lxxxv,
918 927 1005 996 2);
1042 952 1063 976 ιι
1100 930 1353 986 etinfra:
1392 955 1413 981 α
1443 934 1889 1005 Dapotestatem
1922 953 2107 1008 puero

445 1014 565 1079 tuo,
599 1017 655 1067 et
684 1014 803 1068 tilio
834 1017 1063 1071 ancillae
1093 1021 1208 1074 tuae
1230 1020 1407 1090 (Ibid.
1443 1022 1564 1094 16))
1586 1048 1607 1071 ιι
1644 1029 1700 1079 et
1729 1026 1889 1095 alibi,
1917 1027 2104 1094 idest,

445 1101 504 1154 in
535 1102 842 1158 Ezechiele
877 1121 888 1160 :
946 1129 968 1152 «
1005 1106 1076 1161 Et
1117 1111 1421 1165 suscitabo
1451 1128 1634 1184 super
1671 1130 1777 1169 eos
1806 1119 2107 1187 pastorem

443 1207 645 1261 unum,
678 1196 734 1247 et
755 1197 919 1265 reget
939 1210 1044 1250 eos
1068 1212 1282 1253 servus
1315 1216 1483 1257 meus
1506 1203 1713 1259 David.
1747 1204 1880 1274 Ipse
1902 1210 2107 1276 pascet

444 1296 571 1350 eos,
606 1285 662 1335 et
684 1282 793 1336 erit
831 1299 1035 1338 eorum
1064 1290 1304 1356 pastor:
1332 1293 1387 1344 et
1408 1306 1521 1362 ego
1554 1292 1837 1348 Dominus
1869 1310 1971 1350 ero
1989 1295 2107 1351 illis

444 1370 505 1424 in
546 1370 730 1425 Deum
760 1375 816 1426 et
845 1388 1061 1430 servus
1108 1393 1277 1432 meus
1336 1379 1521 1435 David
1579 1382 1637 1436 in
1680 1384 1874 1439 medio
1904 1400 2108 1440 eorum

446 1460 725 1531 princeps
772 1462 1017 1529 (Ezeclz.
1069 1483 1273 1536 XXXIV,
1320 1469 1407 1535 23,
1456 1471 1568 1542 24).
1609 1494 1630 1518 ιι
1668 1472 1882 1545 Utique
1921 1474 2109 1529 David

441 1549 563 1622 jam
600 1550 914 1607 defunctus
945 1559 1089 1625 erat,
1115 1556 1272 1612 Illius
1303 1558 1498 1614 Jesse.
1536 1561 1621 1615 De
1649 1562 1884 1618 Christo
1915 1564 2110 1635 itaque

444 1640 603 1707 dicit,
637 1641 738 1711 qui
768 1645 1007 1712 propter
1036 1660 1146 1700 nos
1179 1646 1338 1702 filius
1368 1649 1600 1705 ancillas
1637 1651 1829 1706 factus
1851 1655 1963 1721 est,
2006 1669 2108 1708 se-

445 1729 700 1784 cundum
740 1729 986 1787 formam
1017 1733 1312 1806 hominis;
1346 1753 1478 1792 nam
1502 1741 1828 1795 secundum
1850 1741 2110 1797 divinam

2222 668 2464 724 dictum.

2772 746 2920 812 572
2945 754 3198 812 CAPUT
3228 758 3326 812 IX.

2223 858 2466 933 Judaieo
2481 875 2648 933 rmore
2672 861 2948 933 ordinem
2976 863 3291 920 verborum
3311 887 3328 920 :
3351 867 3408 921 In
3429 871 3640 927 nomine
3661 874 3811 933 Patris

2293 933 2349 984 et
2384 929 2514 984 Filii
2561 934 2614 985 et
2659 932 2918 1019 Spiritus
2946 936 3157 1019 sancti,
3192 937 3611 1019 objicientibus,
3637 929 3817 1019 praeter

2294 1017 2640 1075 responsum
2669 1006 2824 1086 quod
2860 1006 3225 1086 vias-auctus
3245 1006 3465 1086 indicat
3494 1030 3523 1066 a
3551 1030 3612 1069 se
3625 1006 3734 1086 jam
3749 1020 3821 1073 da-

2297 1081 2432 1155 tum,
2470 1075 2703 1146 regerit
2735 1077 2912 1130 etiam
2932 1077 3156 1132 Filium
3189 1086 3327 1135 ante
3357 1080 3586 1139 Patrem
3616 1075 3747 1159 saepe
3764 1091 3821 1145 Io-

2295 1162 2443 1199 081'].

2295 1231 2417 1288 116.
2452 1232 2644 1306 [Alias
2677 1252 2804 1307 cap.
2837 1236 2956 1311 IV.]
3012 1237 3162 1304 Quid
3195 1241 3351 1313 quod
3384 1243 3548 1298 etiam
3577 1261 3718 1302 more
3744 1248 3825 1304 Ju-

2224 1322 2393 1377 daico
2416 1322 2549 1377 falsi
2581 1328 2636 1378 et
2665 1325 3036 1396 impudentes
3074 1328 3427 1400 interpretes
3449 1332 3639 1389 Ariani
3661 1337 3830 1392 verbo-

2225 1428 2353 1466 rum
2400 1419 2539 1468 sunt
2586 1414 2941 1484 divinorum,
2982 1417 3250 1473 dicentes
3299 1435 3487 1492 usque
3527 1423 3664 1478 adeo
3695 1426 3829 1481 aliam

2225 1500 2438 1571 Patris,
2471 1502 2642 1556 aliam
2673 1502 2825 1572 Filii,
2858 1504 3029 1559 aliam
3048 1506 3305 1576 Spiritus
3323 1512 3510 1565 sancti
3530 1527 3658 1566 esse
3679 1518 3831 1584 potes-

2222 1593 2418 1659 tatem,
2450 1595 2511 1646 ut
2542 1592 2828 1663 scriptum
2858 1594 2936 1647 sit
2970 1610 2982 1649 :
3023 1615 3045 1644 ι
3072 1596 3399 1665 Ite,docete
3430 1615 3629 1655 omnes
3645 1607 3832 1673 gentes,

2221 1678 2583 1749 baptizantes
2606 1697 2711 1735 eos
2743 1682 2801 1735 in
2833 1683 3069 1738 nomine
3103 1684 3316 1755 Patris,
3343 1690 3399 1741 et
3432 1687 3577 1760 Filii,
3610 1697 3661 1745 et
3686 1690 3836 1763 Spiri-

2221 1772 2318 1823 tus
2359 1771 2547 1824 sancti
2592 1770 2831 1840 (Mnttb.
2868 1789 3073 1841 xxvm,
3110 1773 3228 1843 19);
3265 1798 3287 1822 ιι
3354 1780 3412 1831 et
3456 1793 3529 1833 ex
3573 1779 3839 1835 verborum

698 1819 710 1830 .
2228 1819 2313 1823 '“"
2361 1819 2547 1824 """'
2596 1819 2831 1840 \"""""
2869 1819 3073 1841 """"7
3113 1819 3228 1843 ’νΙΊ
3265 1819 3284 1822 ’⁷
3355 1819 3412 1831 ν*
3457 1819 3529 1833 νίδ
3583 1819 3715 1834 “ν⁸υ¹

445 1822 890 1936 εθηθιόίξρηθηι
921 1838 1039 1936 ξιίξη
1063 1825 1524 1936 metsem‘habeb
1556 1828 1663 1936 fed
1695 1830 1962 1936 palfem:
1999 1846 2109 1936 ξθίξ
2144 1852 2191 1911 Β
2225 1859 2430 1913 ordine
2462 1858 2848 1916 differentiam
2880 1861 3097 1916 divinae
3122 1863 3346 1919 faciunt
3374 1868 3715 1936 potestatis?

446 1908 773 1978 corporalis
802 1910 1029 1965 ventris
1063 1916 1155 1967 est
1185 1912 1434 1985 fructus,
1469 1916 1576 1971 sed
1615 1919 1970 1989 sempiterna
2002 1920 2107 1975 Dei

444 1996 655 2053 virtus.

518 2104 639 2159 113.
657 2104 814 2177 Ergo
846 2106 1019 2161 etiam
1045 2107 1187 2163 illud
1219 2127 1350 2165 cum
1374 2112 1629 2184 legimus
1660 2116 1797 2186 quia
1826 2116 1973 2171 dixit
2002 2117 2111 2172 Do-

444 2193 642 2248 minus
689 2210 701 2249 :
765 2196 1081 2267 «Tempus
1133 2214 1325 2254 meum
1371 2203 1606 2257 modum
1664 2204 1967 2275 impletum
2017 2209 2111 2262 est

444 2283 634 2351 (Joan.
674 2300 773 2354 vu,
806 2285 881 2353 8),
920 2309 940 2333 ιι
985 2289 1040 2341 et
1085 2303 1096 2341 :
1161 2311 1183 2334 ιι
1222 2289 1429 2345 Adhuc
1464 2292 1757 2347 modicum
1796 2295 2109 2350 vobiscum

445 2371 523 2426 sit
543 2388 634 2427 me
664 2374 852 2441 (Joan.
886 2393 1008 2444 xm,
1047 2376 1159 2445 33),
1186 2402 1207 2425 ιι
1231 2381 1287 2432 et
1320 2394 1332 2433 :
1372 2401 1392 2427 ιι
1416 2379 1577 2435 Vado
1606 2382 1676 2435 ad
1709 2398 1841 2437 eum
1872 2384 1971 2455 qui
1995 2384 2107 2438 mi-

444 2461 522 2515 sit
550 2477 643 2515 me
675 2463 868 2530 (Joan.
902 2482 1023 2534 xvr,
1065 2464 1140 2534 5),
1184 2470 1239 2520 et
1291 2483 1302 2521 :
1343 2491 1365 2514 ‹‹
1391 2468 1759 2526 Clariticatus
1793 2476 1885 2527 est
1922 2472 2108 2529 Filius

445 2550 702 2606 hominis
725 2552 914 2620 (Joan.
946 2571 1071 2623 xm,
1102 2555 1215 2624 30),
1256 2579 1276 2603 ιι
1315 2557 1388 2611 ad
1430 2559 1855 2617 incarnationis
1904 2579 2108 2618 sacra-

445 2642 703 2693 mentum
752 2640 976 2697 ret‘erre
1018 2643 1326 2701 debemus.
1379 2646 1525 2702 Cum
1554 2653 1745 2704 autem
1785 2651 2041 2723 legimus
2094 2668 2108 2709 :

449 2750 472 2773 ιι
509 2726 581 2782 Et
599 2728 760 2783 Deus
791 2731 1146 2787 clariﬁcatus
1176 2736 1346 2790 estin
1378 2752 1468 2804 eo,
1502 2741 1558 2792 et
1586 2738 1745 2794 Deus
1769 2740 2112 2797 clariﬁcavit

447 2831 579 2871 cum
605 2818 784 2887 (Ibid.
807 2818 897 2887 31,
930 2820 1056 2891 32);
1094 2846 1115 2871 ιι
1149 2824 1288 2894 quid
1318 2825 1399 2880 ibi
1422 2829 1897 2899 estquaestionis,
1922 2831 2019 2885 ubi
2055 2834 2113 2886 et

446 2906 633 2962 Filius
666 2908 1023 2965 clarificatur
1063 2927 1095 2965 a
1136 2913 1328 2984 Patre,
1371 2918 1428 2969 et
1470 2916 1641 2971 Pater
1688 2917 2045 2975 clarificatur
2078 2936 2111 2974 a

446 2994 595 3052 Filio
612 2998 640 3052 ε)

515 3085 638 3141 114.
673 3087 938 3160 Denique
968 3092 1031 3144 ut
1061 3090 1234 3146 fidem
1256 3092 1495 3149 unitatis
1526 3098 1585 3150 et
1611 3097 1880 3166 ecpulam
1911 3099 2110 3155 Trini-

2297 1948 2417 2002 lt'l.
2454 1948 2579 2020 Ego
2608 1952 2802 2003 autem
2832 1950 2968 2005 licet
3018 1951 3131 2007 hoc
3162 1953 3363 2024 ipsum
3406 1956 3780 2012 testimonium
3803 1957 3845 2012 in

2223 2037 2636 2108 superioribus
2650 2038 2818 2094 libris
2837 2055 2942 2110 pro
2957 2041 3173 2096 unitate
3186 2046 3553 2099 asseruerim
3566 2046 3845 2118 majestatis

2223 2143 2291 2181 ac
2323 2128 2601 2195 nominis,
2620 2131 2814 2182 tamen
2837 2129 2887 2183 si
2914 2129 3053 2183 hinc
3079 2130 3303 2187 faciunt
3321 2135 3724 2205 qumstionem,
3744 2153 3850 2206 pos-

2225 2232 2357 2271 sum
2389 2217 2744 2272 testimoniis
2774 2234 2982 2273 assere
3014 2220 3459 2291 Scripturarum
3507 2224 3564 2278 in
3596 2225 3847 2296 plerisque

2223 2306 2374 2360 locis
2405 2307 2568 2376 prius
2613 2306 2823 2361 Filium
2873 2308 3253 2380 nominatum,
3292 2316 3507 2382 postea
3539 2313 3755 2368 Patrem
3786 2313 3853 2367 di-

2225 2399 2402 2449 ctum.
2456 2395 2753 2467 Numquid
2803 2395 2985 2467 igitur
3040 2400 3176 2469 quia
3207 2398 3345 2454 Filii
3378 2401 3727 2474 signiﬁcatio
3754 2407 3854 2456 ante

2225 2485 2536 2556 prmmissa
2565 2489 2675 2554 est,
2710 2486 3049 2558 verborum,
3083 2492 3143 2543 ut
3172 2489 3384 2544 Ariani
3418 2490 3644 2559 volunt,
3673 2490 3857 2562 praeiu-

2225 2574 2380 2628 dicio
2425 2574 2595 2628 Pater
2641 2577 2942 2631 secundus
2975 2593 3008 2631 a
3057 2577 3205 2633 Filio
3256 2582 3399 2634 est?
3441 2580 3614 2634 Absit
3643 2580 3858 2652 inquam,

2223 2663 2399 2718 absit.
2435 2664 2639 2719 Nescit
2670 2665 2824 2719 hunc
2858 2666 3123 2722 ordinem
3155 2667 3330 2736 fides,
3359 2669 3558 2723 nescit
3587 2668 3862 2723 ciscretum

2224 2752 2419 2808 Patris
2450 2758 2507 2808 et
2537 2753 2666 2809 Filii
2701 2754 3005 2810 honorem.
3040 2756 3173 2810 Non
3203 2756 3353 2830 legi,
3389 2774 3513 2812 non
3543 2758 3751 2826 audivi,
3782 2773 3867 2810 nec

2224 2843 2478 2916 aliquem
2492 2843 2551 2897 in
2574 2844 2695 2898 Deo
2717 2844 2913 2899 inveni
2930 2845 3197 2916 gradum.
3214 2846 3541 2917 Nusquam
3558 2845 3867 2913 secundum,

2224 2949 2518 3005 nusquam
2548 2934 2781 2988 tertium
2802 2934 2987 2989 Deum
3010 2934 3128 3006 legi
3161 2952 3174 2989 :
3209 2935 3478 3005 primum
3502 2935 3872 3009 legi,primum

2224 3039 2293 3078 ac
2323 3024 2517 3078 solum
2545 3023 2743 3078 audivi
2766 3023 2905 3094 (Isa.
2937 3041 3094 3093 κων,
3126 3023 3202 3094 6).

2296 3130 2418 3185 118.
2452 3130 2512 3186 Si
2546 3130 2773 3185 ordinis
2804 3130 3103 3203 exigimus
3126 3133 3659 3203 superstitionem,
3692 3148 3791 3187 nec
3822 3130 3876 3183 ad

441 3176 890 3292 tetigeris};
917 3178 1101 3292 iter:
1126 3181 1211 3292 ,ειν
1234 3181 2109 3292 ﬁeri?““clamarem.
2143 3216 2193 3279 ο
2224 3176 3879 3292 aestaset;;;;I‘:.12;1;.a:.;3;i.1;;::.:;ut...

443 3280 510 3320 se
532 3265 697 3335 dixit,
732 3266 891 3345 sicut
918 3267 1138 3325 habes:
1176 3294 1197 3317 α
1234 3271 1336 3326 Ille
1359 3272 1429 3327 de
1463 3290 1592 3329 meo
1613 3276 1880 3345 accipiet,
1905 3280 1961 3331 et
1991 3279 2109 3334 cla-

441 3354 694 3409 ritlcabit
744 3372 836 3412 me
866 3338 1073 3425 ‘(Jom
1116 3377 1237 3429 xv1,
1281 3359 1389 3431 14).
1427 3387 1449 3411 η
1499 3338 1793 3419 (“.lariiicat
1824 3338 1969 3438 ergo
2003 3368 2106 3423 Dei

442 3443 653 3499 Filium
674 3446 847 3501 etiam
868 3447 1122 3517 Spiritus
1145 3453 1409 3506 sanctus.
1446 3449 1750 3517 Quomodo
1771 3455 1952 3526 igitur
1979 3457 2109 3528 ipse

442 3533 587 3588 dixit
615 3550 626 3589 :
665 3557 687 3582 ιι
714 3535 775 3590 Si
797 3551 910 3609 ego
930 3537 1333 3595 clarificavero
1354 3556 1445 3595 me
1469 3541 1685 3613 ipsum,
1710 3543 1949 3600 claritas
1980 3563 2109 3602 mea

442 3622 689 3679 nihilum
711 3628 802 3681 est
833 3626 1021 3694 (Joan.
1054 3629 1328 3698 vm,55)?
1353 3652 1374 3677 ιι
1409 3629 1568 3703 Ergo
1602 3632 1851 3704 nihiljest
1872 3634 2109 3691 claritas

444 3710 623 3768 Filii?
662 3714 1031 3789 Sacrilegum
1077 3720 1169 3772 est
1200 3718 1420 3788 dicere,
1463 3720 1579 3775 nisi
1610 3721 1839 3778 referas
1869 3724 1941 3777 ad
1973 3741 2107 3778 car-

441 3817 606 3873 nem;
642 3805 777 3874 quia
819 3820 893 3859 ex
933 3822 1190 3877 persona
1220 3808 1477 3864 hominis
1508 3808 1693 3866 Filius
1734 3812 2104 3884 loquebatur,

441 3906 512 3945 eo
551 3892 709 3962 quod
745 3895 1181 3965 comparatione
1211 3897 1534 3954 divinitatis
1584 3900 1741 3954 nulla
1785 3904 1877 3957 est
1908 3902 2105 3958 carnis

443 3979 702 4036 claritas.

513 4084 635 4142 115.
666 4089 951 4145 Desinant
972 4090 1152 4163 igitur
1172 4092 1346 4163 impie
1366 4094 1649 4166 objicere,
1675 4098 1829 4168 quod
1855 4098 1911 4152 in
1935 4115 2105 4154 suam

439 4176 746 4247 perﬁdiam
765 4181 1156 4251 retorquetur.
1191 4181 1402 4237 Dicunt
1423 4184 1577 4239 enim
1607 4200 1620 4240 :
1653 4186 1948 4257 Scriptum
1978 4192 2103 4245 est:

446 4288 468 4317 ιι
503 4265 674 4321 Nunc
705 4267 1063 4323 clariﬁcatus
1104 4273 1196 4324 est
1234 4269 1420 4327 Filius
1451 4273 1708 4329 hominis
1754 4276 1943 4343 (Joan.
1979 4295 2108 4349 xm,

437 4354 554 4425 8t).
596 4379 618 4403 »
655 4356 788 4412 Non
820 4373 974 4431 nego
998 4359 1283 4430 scriptum
1310 4377 1321 4415 :
1353 4384 1374 4407 ιι
1410 4362 1780 4419 Czarificatus
1794 4370 1886 4420 est
1916 4365 2104 4422 Filius

439 4444 740 4516 hominis;
777 4470 798 4494 »
834 4447 942 4503 sed
982 4448 1217 4504 videant
1249 4450 1388 4522 quid
1437 4456 1722 4524 sequatur
1750 4454 1863 4525 (15)
1905 4471 1917 4510 :
1977 4479 1998 4502 «
2038 4456 2107 4511 Et

439 4526 601 4590 Deus
634 4536 991 4592 clarificatus
1014 4541 1106 4607 est
1127 4539 1185 4594 in
1207 4556 1277 4595 eo
1307 4541 1532 4613 (Ib!d.).
1571 4563 1593 4592 ιι
1622 4542 1749 4615 Ego
1779 4546 2109 4600 excusatio-

437 4640 572 4679 nem
603 4624 794 4681 habeo
812 4627 884 4682 de
899 4626 1046 4683 Filio
1070 4628 1348 4700 hominis,
1367 4631 1463 4686 ille
1480 4631 1551 4686 de
1573 4633 1744 4687 Patre
1768 4649 1885 4688 non
1899 4633 2105 4705 habet;

438 4713 576 4783 quia
605 4715 781 4770 Pater
796 4733 913 4772 non
927 4719 1195 4789 suscepit
1225 4736 1482 4775 carnem.
1519 4720 1979 4778 Excusationem
2013 4724 2111 4778 ha-

437 4800 571 4870 beo,
619 4806 676 4857 et
718 4821 835 4860 non
867 4809 1000 4862 utor
1033 4823 1045 4862 :
1094 4808 1191 4863 ille
1222 4825 1339 4864 non
1372 4810 1567 4880 habet,
1607 4814 1665 4866 et
1694 4811 2104 4869 calumniatur.

439 4890 557 4943 Aut
584 4891 932 4962 simpliciter
960 4911 1053 4951 me
1083 4898 1335 4967 patiatur
1355 4899 1707 4972 intelligere,
1741 4904 1839 4955 aut
1869 4902 1941 4956 ad
1974 4918 2106 4957 car-

440 4993 575 5032 nem
606 4979 831 5037 ret’erre
880 5001 1013 5055 quae
1062 4988 1261 5042 carnis
1302 4992 1461 5044 sunt.
1496 4990 1597 5045 Pia
1628 5006 1818 5060 mens,
1851 5008 1985 5064 quas
2017 4991 2107 5046 le-

438 5069 660 5138 guntur
670 5071 994 5127 secundum
1010 5090 1246 5131 carnem
1265 5076 2102 5153 divinitatemque,distinguit:

512 5208 626 5278 (14)
678 5211 824 5290 Mss.
887 5213 1128 5286 aliquot,
1178 5240 1199 5264 ιι
1236 5234 1478 5274 servum
1516 5224 1700 5275 tuum.
1735 5222 1960 5277 Servus
1991 5227 2105 5290 est,

438 5281 499 5335 in
515 5297 645 5363 ‘quo
676 5287 889 5338 unctus
920 5281 1015 5363 est
1044 5302 1055 5341 :
1091 5281 1305 5343 servus
1336 5295 1427 5344 est
1456 5293 1516 5345 in
1546 5309 1663 5363 quo
1697 5281 2103 5350 sanctiticatus

438 5356 532 5436 est
563 5368 588 5436 τ’
602 5369 827 5435 servus
858 5359 967 5436 est,
1001 5358 1058 5411 in
1086 5374 1203 5430 quo
1227 5364 1461 5416 creatus
1501 5356 1612 5432 est,
1646 5368 1702 5418 et
1734 5368 1793 5419 ut
1824 5382 2105 5436 compen-

439 5424 535 5480 dio
557 5424 769 5493 dicam,
811 5450 833 5474 ιι
870 5431 982 5483 etc.

507 5496 621 5573 (15)
651 5497 897 5553 Veteres
937 5500 1168 5573 editrac
1201 5501 1406 5571 plures
1445 5519 1617 5573 mss.,
1647 5528 1669 5551 ‹‹
1695 5505 1989 5573 Scriptum
2012 5512 2106 5564 est

437 5568 615 5637 enim,
659 5585 777 5624 non
814 5585 1006 5637 nego:
1043 5568 1220 5627 Nunc
1245 5568 1613 5630 clarificatus'
1634 5580 1726 5630 est
1756 5568 1941 5632 Filius
1992 5580 2104 5635 ho-

437 5587 615 5637 emm,
659 5587 777 5624 non
814 5587 886 5625 ne
935 5588 1006 5627 0:
1044 5587 1213 5627 Nunc
1245 5587 1603 5630 clartticatus
1634 5587 1726 5630 est
1758 5587 1941 5632 Filius
1992 5587 2104 5635 ho-

436 5639 634 5715 minis.
668 5641 785 5715 Sed
815 5587 1051 5698 vigeant
1080 5644 1222 5715 quid
1256 5643 1553 5715 abjectum
1590 5647 1703 5701 sit:
1736 5647 2104 5706 Claritieatus

440 5660 634 5694 muns.
668 5660 785 5697 Dea
815 5660 1051 5698 Videant
1123 5660 1222 5698 uta
1256 5660 1553 5715 umectum
1590 5660 1703 5701 sit:
1736 5660 2100 5706 Utarineatus

440 5716 497 5765 st
526 5711 713 5769 Filius
746 5713 1004 5772 hominis
1047 5660 1335 5788 ,ῗίίάθεηι
1363 5719 1537 5775 etiam
1586 5718 1728 5792 quid
1760 5724 2100 5796 sequatur.»

1047 5758 1062 5788 ἲ

2214 5578 2433 5661 quippe
2487 5594 2584 5632 mo

2224 3326 2291 3365 se
2322 3313 2379 3365 et
2408 3309 2761 3381 principium
2792 3309 2993 3364 debuit
3015 3310 3236 3365 dicere.
3273 3311 3442 3366 Male
3475 3327 3627 3383 ergo
3655 3311 3886 3380 Evange-

2221 3400 2356 3454 lista
2388 3399 2555 3470 prius
2605 3415 2639 3453 a
2671 3399 2886 3468 Verbo,
2918 3415 3095 3470 quam
3142 3415 3176 3452 a
3224 3399 3359 3455 Deo
3415 3400 3621 3471 coepit,
3661 3400 3881 3454 dicens:

2227 3512 2249 3537 α
2282 3491 2347 3544 In
2388 3488 2679 3561 principio
2723 3492 2848 3543 erat
2886 3488 3167 3558 Verbum,
3205 3493 3266 3544 et
3302 3489 3586 3545 Verbum
3618 3493 3739 3545 erat
3764 3485 3888 3559 apud

2222 3579 2408 3634 Deum
2426 3579 2616 3649 (Joan.
2643 3596 2681 3649 ι,
2703 3578 2776 3649 1).
2814 3599 2836 3627 ιι
2872 3577 3287 3651 Etenimjuxta
3316 3578 3575 3635 humani
3599 3580 3745 3634 ritus
3761 3576 3888 3632 ordi-

2221 3685 2376 3738 nem,
2409 3670 2578 3740 prius
2611 3668 2843 3722 Patrem
2865 3667 3067 3722 debuit
3087 3668 3439 3724 nominare.
3454 3668 3734 3724 Nescivit
3747 3667 3890 3722 etiam

2223 3758 2545 3830 Apostolus
2578 3757 2862 3823 ordinem,
2889 3756 2990 3828 qui
3010 3757 3088 3810 ait
3111 3772 3123 3812 :
3155 3781 3176 3804 ιι
3199 3757 3444 3813 Paulus
3464 3774 3689 3813 servus
3705 3751 3892 3810 Christi

2221 3848 2388 3919 Jesu,
2421 3850 2668 3902 vocatus
2698 3846 3027 3917 apostolus,
3048 3851 3429 3918 segregatus
3449 3848 3516 3903 in
3534 3844 3894 3918 Evangelium

2223 3938 2325 3992 Dei
2358 3937 2544 4005 (Rom.
2577 3953 2618 4004 ι,
2652 3933 2725 4006 1).
2760 3936 2783 3989 I
2817 3958 2838 3985 ι
2872 3938 2930 3990 et
2955 3934 3132 3991 alibi:
3171 3957 3192 3985 ι
3219 3937 3440 3991 Gratia
3468 3937 3709 3991 Domini
3736 3930 3895 3988 nostri

2220 4027 2368 4083 Jesu
2400 4025 2647 4095 Christi,
2674 4028 2731 4080 et
2759 4024 3017 4079 charitas
3048 4024 3174 4094 Dei,
3199 4029 3261 4080 et
3302 4023 3780 4082 communicatio
3797 4019 3897 4091 Spi-

2219 4117 2371 4172 ritus
2400 4115 2590 4170 sancti
2621 4113 2707 4181 (II
2735 4114 2871 4169 Cor.
2897 4131 3019 4183 xm,
3055 4114 3165 4179 13).
3204 4135 3226 4163 ιι
3257 4115 3330 4170 Si
3354 4117 3700 4171 verborum
3728 4125 3901 4183 perse-

2220 4220 2471 4277 quamur
2501 4204 2789 4274 ordinem,
2840 4203 2900 4258 in
2927 4204 3117 4274 primo
3165 4202 3400 4260 Filium
3455 4205 3579 4275 (16)
3612 4201 3821 4276 posuit,
3854 4197 3902 4250 in

2219 4294 2485 4351 secundo
2518 4294 2771 4348 Patrem.
2797 4293 2912 4348 Sed
2935 4293 3259 4349 verborum
3285 4295 3454 4350 ordo
3489 4310 3663 4365 saepe
3684 4292 3907 4347 mutatur

2219 4388 2275 4439 et
2306 4384 2439 4439 ideo
2469 4399 2588 4438 non
2619 4383 2805 4437 debes
2841 4382 2934 4437 vel
2965 4382 3037 4437 de
3061 4382 3300 4452 ordine,
3328 4385 3436 4439 vel
3460 4384 3538 4439 de
3562 4382 3756 4456 gradu
3774 4374 3905 4433 Patri

2220 4473 2341 4528 Deo
2364 4476 2420 4528 et
2438 4471 2586 4526 Filio
2605 4469 2739 4541 ejus
2763 4470 2960 4526 facere
2983 4471 3582 4542 quaestionem,cum
3606 4468 3907 4528 secundum

2219 4561 2586 4617 divinitatem
2607 4560 2825 4616 divisio
2858 4560 3015 4615 nulla
3050 4560 3128 4615 sit
3157 4562 3456 4618 unitatis.

2866 4652 3119 4740 CAPUT
3162 4687 3240 4741 Χ.

2214 4794 2479 4874 Arianos
2507 4793 2583 4874 ad
2609 4791 2872 4874 gentiles
2895 4792 3089 4864 palam
3121 4796 3438 4874 transire,
3470 4795 3616 4874 dum
3649 4788 3911 4874 objiciunt

2288 4865 2390 4944 il_la
2421 4860 2664 4944 verba]
2685 4863 2793 4944 Qui
2821 4860 2913 4944 Δἰιῐ
2941 4881 3042 4944 _me
3073 4865 3292 4944 credit,
3332 4884 3468 4922 non
3504 4870 3569 4923 in
3622 4860 3914 4944 melcredit

2288 4937 2477 5005 (Joan.
2510 4935 2749 5009 xu,_44),
2782 4938 2893 5009 e_tc.
2941 4935 3127 5009 Verus
3148 4935 3270 4991 loci
3288 4954 3536 4993 sensus
3576 4935 3906 5009 explicatur.

2291 5015 2447 5064 etne
2478 5003 2772 5081 credatur
2787 5006 3073 5081 Dominus
3102 5013 3391 5081 nostram
3428 5011 3497 5065 in
3537 5003 3739 5081 ipsum
3764 5003 3911 5081 (idem

2285 5079 2690 5152 prohibuisse,
2712 5077 2863 5133 alias
2887 5084 2946 5132 ut
2980 5079 3151 5144 Deus,
3177 5079 3351 5134 alias
3388 5089 3456 5134 ut
3488 5077 3669 5135 homo
3713 5078 3914 5131 locutus

2216 5225 2331 5278 etc.
2367 5221 2518 5276 Edit.
2561 5222 2731 5277 Rom.
2791 5236 2926 5300 cum
2984 5223 3608 5300 mss_..n9nnullis_ut
3661 5219 3909 5300 intexta.

2218 5294 2384 5348 Licet
2403 5296 2598 5367 autem
2634 5308 2753 5367 non
2783 5292 3041 5367 absurda
3073 5292 3151 5367 sit
3179 5291 3337 5367 ejus
3373 5294 3590 5367 lectio,
3642 5290 3913 5367 nobisin-

2215 5380 2348 5420 men
2377 5366 2557 5419 altera
2601 5365 2793 5435 magis
2822 5363 3128 5431 arrideret,
3162 5357 3238 5435 δεῖ
3252 5380 3375 5433 pro
3418 5389 3441 5413 ι
3483 5357 3663 5420 Nunc
3696 5357 3911 5435 clariIi-f

2216 5440 2383 5491 catus
2415 5440 2508 5491 est
2528 5431 2728 5490 Filius'
2746 5434 3057 5503 hominis,»
3084 5449 3117 5487 a
3146 5431 3359 5507 primo
3394 5437 3538 5492 loco
3562 5431 3911 5507 positurae?!

2217 5515 2328 5576 set,
2377 5530 2399 5554 ι(
2435 5508 2497 5562 Si
2546 5523 2658 5577 ego
2705 5500 3106 5561 clariﬁcavero
3140 5500 3237 5560 {ne
3284 5506 3528 5577 ipsum,
3563 5500 3593 5555 ἶι
3631 5510 3742 5561 etc.
3801 5500 3911 5576 Hoc

2626 5523 2658 5561 ο
2705 5523 3106 5561 clariucavero
3140 5523 3237 5560 me
3284 5523 3528 5577 ipsum,
3572 5531 3593 5555 ιι
3631 5523 3742 5561 etc.
3801 5523 3911 5576 nuc

2582 5523 2662 5631 ﬁo
2699 5577 3047 5633 concinnior
3077 5581 3251 5632 esset
3306 5580 3623 5638 orationis
3647 5580 3835 5633 textus
3864 5585 3915 5625 Cl

2218 5664 2430 5709 SGI‘IOB.
