4050 6182
145 287 257 352 701

198 488 535 568 ostenditur,
567 488 709 568 Mox
757 490 945 568 variis
976 490 1239 564 eiusdem
1280 490 1422 551 ﬁdei
1453 493 1768 568 effectibus
1795 476 1853 541 Α
1883 510 2150 568 quaerere

184 560 366 637 pre/at
386 564 425 614 ‘s
457 561 512 616 in
534 560 807 637 medium,
842 560 1242 637 alios'quoque
1271 566 1579 621 nonnullos
1612 566 1768 622 locos

191 632 379 688 eodem
411 632 579 686 modo
607 634 923 688 sumendos
946 632 1183 705 probat.

188 738 298 792 119.
329 738 418 793 Ad
450 741 777 795 extremum
831 746 893 795 ut
949 740 1320 799 Christianos
1370 761 1435 798 se
1469 762 1585 799 non
1630 761 1767 800 esse

125 827 499 898 manifestent,
534 833 751 900 negant
782 830 842 884 in
881 830 1180 887 Christum
1213 849 1350 888 esse
1389 835 1765 905 credendum,

126 917 362 972 dicentes
395 918 683 990 scriptum
716 934 853 973 esse
889 936 899 973 :
941 942 961 967 α
997 920 1106 985 Qui
1164 921 1225 976 in
1269 939 1361 977 me
1394 924 1597 994 credit,
1651 941 1767 979 non

124 1006 286 1060 credit
313 1006 373 1059 in
401 1022 518 1076 me,
553 1007 660 1061 sed
690 1008 750 1061 in
780 1023 911 1063 eum
956 1010 1054 1080 qui
1104 1026 1196 1065 me
1236 1012 1395 1066 misit
1439 1014 1627 1081 (Joan.
1663 1032 1763 1084 xu,

118 1094 212 1164 «14).
246 1119 266 1142 n
300 1095 464 1149 Hanc
496 1111 614 1167 quo
646 1097 1066 1167 exspectabam
1124 1099 1587 1170 confessionem,
1622 1104 1762 1174 quid

121 1199 199 1238 me
260 1184 615 1255 quibusdam
669 1186 1021 1259 ambagibus
1088 1188 1439 1245 ludebatis?
1494 1191 1765 1247 Sciebam

116 1272 239 1326 mihi
286 1272 604 1328 adversum
636 1275 887 1348 gentiles
927 1292 1066 1332 esse
1097 1280 1528 1333 contentionem
1566 1306 1576 1343 ε
1613 1282 1758 1345 573

117 1362 207 1415 sed
236 1362 313 1415 illi
343 1366 802 1432 convertuntur,
861 1382 972 1420 vos
1020 1383 1138 1422 non
1184 1370 1610 1423 convertimini.
1676 1371 1760 1425 llli

116 1452 159 1504 si
185 1452 433 1520 credant,
466 1453 703 1507 salvum
755 1457 845 1508 est
902 1460 1335 1512 sacramentum
1373 1474 1384 1513 :
1423 1475 1528 1512 vos
1562 1459 1759 1528 perdi-

116 1540 273 1593 distis
294 1545 625 1610 acceptum;
650 1546 705 1596 et
737 1559 845 1597 nec
861 1546 1405 1615 cmptumfortasse,
1432 1549 1535 1602 sed
1562 1552 1758 1603 tictum

176 1630 288 1683 120.
322 1629 612 1700 Scriptum
647 1635 758 1701 est,
791 1633 1063 1704 inquiunt
1093 1652 1104 1689 :
1147 1658 1168 1684 tl
1219 1636 1328 1702 Qui
1363 1638 1418 1691 in
1470 1654 1559 1692 me
1626 1654 1753 1691 cae—

116 1717 200 1785 dit,
234 1734 343 1772 non
372 1719 431 1773 in
461 1736 561 1774 me
594 1721 798 1791 credit,
834 1722 941 1777 sed
972 1724 1031 1776 in
1061 1739 1196 1778 eum
1225 1726 1327 1796 qui
1376 1743 1467 1781 me
1510 1728 1689 1782 misit.
1729 1752 1751 1775 »

113 1805 208 1860 Sed
237 1807 419 1862 videte
442 1809 589 1879 quid
621 1813 919 1882 sequatur,
956 1815 1012 1866 et
1050 1813 1242 1868 videte
1268 1815 1355 1868 sic
1380 1818 1755 1886 quemadmo-

112 1895 226 1949 dum
253 1912 315 1949 se
345 1897 450 1951 Dei
512 1897 701 1952 Filius
752 1900 877 1954 vult
905 1901 1132 1972 videri;
1193 1904 1463 1975 sequitur
1520 1907 1675 1959 enim

118 2005 135 2033 ί
162 1983 221 2038 Et
264 1986 356 2057 qui
391 1987 561 2041 videt
592 2004 704 2057 me,
740 1989 899 2043 videt
945 2006 1077 2044 eum
1108 1993 1208 2062 qui
1230 2009 1321 2047 me
1361 1994 1521 2047 misit
1565 1996 1753 2064 (Joan.

113 2089 195 2142 xn,
223 2075 326 2143 15),
371 2100 392 2123 η
430 2076 553 2131 hoc
586 2080 697 2147 est,
729 2079 865 2149 quia
890 2079 1061 2134 Pater
1088 2081 1322 2135 videtur
1349 2082 1407 2135 in
1439 2083 1607 2137 Filio.
1634 2084 1756 2137 Ex-

114 2164 281 2232 posuit
307 2164 488 2237 igitur
524 2165 581 2219 id
614 2167 769 2238 quod
800 2170 932 2222 ante
966 2170 1269 2239 praemisit,
1296 2174 1431 2242 quia
1462 2173 1557 2227 ille
1574 2173 1760 2228 credit

114 2250 159 2304 in
183 2251 395 2323 Filium,
428 2255 541 2326 qui
565 2256 876 2311 conﬁtetur
897 2261 951 2311 et
971 2259 1223 2313 Patrem.
1250 2260 1398 2314 Nam
1422 2262 1521 2332 qui
1545 2261 1756 2315 Filium

109 2344 283 2411 nescit,
315 2359 422 2398 nec
458 2346 698 2399 Patrem
754 2346 916 2401 novit
950 2363 962 2402 :
1000 2349 1191 2403 omnis
1242 2350 1395 2403 enim
1444 2351 1542 2422 qui
1578 2355 1756 2422 negat

110 2427 303 2497 Filium,
333 2449 442 2488 nec
477 2435 718 2489 Patrem
748 2434 924 2491 habet
958 2453 972 2505 ;
1020 2439 1122 2508 qui
1168 2439 1481 2493 conﬁtetur
1513 2439 1749 2511 Filium,

114 2522 155 2571 et
181 2518 392 2589 Filium,
426 2526 485 2577 et
526 2524 759 2578 Patrem
791 2525 984 2580 habet.

172 2607 274 2663 lit.
305 2610 451 2674 Quid
485 2617 587 2665 cst
636 2629 781 2685 ergo
823 2632 834 2668 :
872 2637 894 2662 α
931 2615 1065 2670 Non
1098 2617 1283 2671 credit
1311 2617 1369 2671 in
1410 2620 1546 2672 me?
1574 2640 1593 2665 υ
1621 2618 1754 2672 Non

112 2694 231 2750 inid
274 2701 425 2770 quod
459 2703 858 2770 corporaliter
902 2705 1165 2774 cernitis,
1208 2722 1325 2761 non
1370 2707 1428 2760 in
1458 2707 1754 2761 hominem

114 2786 501 2861 tantummodo,
540 2807 714 2861 quem
745 2792 959 2848 videtis
996 2809 1007 2848 :
1042 2810 1160 2848 non
1192 2796 1346 2849 enim
1379 2796 1438 2850 in
1457 2796 1755 2851 hominem

112 2876 473 2934 tantummodo
533 2881 892 2935 credendum
952 2884 1229 2953 asseruit,
1281 2885 1387 2939 sed
1434 2887 1496 2939 ut
1544 2886 1753 2940 credas

112 2966 219 3034 quia
248 2968 420 3023 Jesus
471 2968 758 3024 Christus
800 2971 929 3041 ipse
963 2974 1057 3026 est
1086 2972 1186 3027 Dei
1223 2973 1408 3028 Filius
1466 2977 1523 3029 et
1553 2975 1750 3030 homo.

111 3054 318 3126 Propter
345 3059 515 3129 quod
551 3062 605 3112 ct
660 3062 971 3132 utrumque
1017 3061 1097 3115 ait
1141 3079 1153 3117 :
1193 3085 1215 3110 «ι
1272 3064 1319 3116 Α
1372 3064 1601 3135 meipso
1634 3080 1751 3119 non

110 3146 214 3197 veni
243 3148 422 3216 (Joan.
461 3165 573 3215 vn,
606 3146 696 3217 38)
732 3172 753 3194 »ι
794 3164 808 3217 ;
840 3152 897 3202 et
925 3150 1067 3204 alibi
1100 3167 1111 3205 :
1153 3174 1173 3200 α
1212 3150 1339 3224 Ego
1364 3169 1496 3207 sum
1528 3153 1752 3224 princi-

113 3234 239 3300 pium
265 3238 414 3308 quod
447 3239 515 3291 et
536 3236 748 3308 loquor
780 3239 952 3292 vobis
985 3240 1173 3306 (Joan.
1204 3257 1327 3311 VIII,
1363 3240 1474 3309 25).
1515 3264 1535 3289 ι
1571 3241 1752 3307 Quasi

111 3320 249 3378 homo
276 3342 305 3378 a
336 3343 401 3380 se
435 3342 565 3380 non
600 3327 792 3381 venit:
819 3329 990 3399 quasi
1022 3329 1123 3382 Dei
1156 3328 1343 3384 Filius
1383 3346 1500 3384 non
1541 3346 1614 3384 ex
1647 3330 1750 3385 ho-

110 3412 232 3467 mine
283 3415 645 3485 principium
679 3416 854 3470 habet
900 3433 910 3472 :
975 3418 1080 3472 sed
1130 3434 1280 3483 sum,
1344 3418 1549 3489 inquit,
1621 3419 1749 3489 ipse

116 3522 128 3546 ι
154 3503 489 3574 principium
524 3504 682 3575 quod
713 3508 769 3559 et
799 3505 1013 3577 loquor
1042 3507 1237 3576 vobis,
1278 3528 1299 3556 υ
1334 3523 1524 3579 neque
1547 3507 1751 3562 huma-

110 3604 182 3655 na,
210 3594 305 3646 sed
335 3594 544 3647 divina
574 3596 732 3661 sunt,
768 3610 901 3664 quae
934 3595 1167 3649 locutus
1200 3612 1353 3650 sum.

162 3679 264 3734 122.
296 3682 510 3754 Neque
544 3682 699 3737 enim
731 3682 822 3737 fas
852 3686 943 3737 est
974 3685 1214 3738 credere
1247 3685 1405 3755 quod
1438 3688 1751 3757 negaverit

109 3765 152 3820 in
175 3786 230 3825 se
258 3787 389 3826 esse
422 3772 813 3841 credendum,
840 3789 974 3828 cum
1004 3773 1131 3843 ipse
1165 3773 1379 3828 dixerit
1406 3791 1417 3829 :
1459 3797 1479 3824 α
1505 3775 1581 3830 Ut
1610 3775 1750 3830 Om-

109 3857 181 3912 nis
206 3860 293 3931 qui
325 3862 521 3917 credit
550 3862 609 3915 in
639 3877 751 3931 me,
779 3862 837 3916 in
868 3862 1131 3917 tenebris
1156 3879 1273 3918 non
1298 3867 1528 3918 maneat
1558 3865 1747 3935 (Joan.

114 3962 194 4016 xu,
220 3949 329 4019 46);
365 3974 386 4000 ι
422 3956 484 4006 et
515 3951 659 4005 alibi
693 3968 704 4006 :
738 3974 759 3998 α
798 3952 939 4006 Haec
964 3956 1055 4007 est
1077 3953 1233 4007 enim
1256 3953 1528 4008 voluntas
1558 3955 1751 4008 Patris

112 4038 198 4089 mei
219 4041 305 4109 qui
340 4057 429 4095 me
471 4040 656 4109 misit,
694 4043 753 4095 ut
771 4042 963 4096 omnis
994 4042 1093 4112 qui
1125 4042 1284 4095 videt
1303 4041 1513 4097 Filium
1545 4046 1751 4098 etcre-

114 4123 174 4177 dit
199 4127 251 4180 in
280 4145 429 4198 eum,
462 4129 680 4184 habeat
709 4130 884 4183 vitam
921 4133 1202 4185 aeternam
1263 4131 1475 4201 ((Joan.
1512 4149 1593 4196 ιιι,
1645 4132 1748 4201 16;

111 4226 171 4279 τι,
198 4216 314 4285 40);
350 4240 371 4267 ν
406 4222 465 4272 et
515 4218 655 4271 alibi
691 4235 702 4273 :
744 4240 766 4269 ι
803 4218 1057 4275 Creditis
1116 4219 1176 4273 in
1236 4221 1443 4290 Deum,
1478 4224 1534 4275 et
1564 4221 1624 4275 in
1657 4237 1749 4276 me

113 4305 294 4359 credite
324 4309 519 4369 (Joan.
562 4325 679 4371 xiv,
718 4308 791 4378 1).
830 4332 852 4355 n

168 4409 268 4465 θ’),
307 4414 490 4469 Nemo
526 4431 672 4487 ergo
706 4416 914 4471 Filium
948 4418 1079 4471 sine
1109 4417 1281 4471 Patre
1306 4416 1574 4486 accipiat,
1612 4417 1748 4487 quia

116 4492 287 4555 Filium
316 4502 595 4575 legimus.
627 4504 813 4559 Habet
835 4506 1066 4559 Patrem
1092 4505 1299 4574 Filius,
1326 4506 1430 4559 sed
1465 4521 1580 4559 non
1604 4509 1747 4560 tem-

114 4588 353 4660 poralem,
386 4609 505 4647 non
536 4609 610 4647 ex
631 4594 933 4663 passione,
960 4611 1076 4649 non
1101 4611 1175 4648 ex
1198 4595 1602 4665 conceptione,
1630 4612 1746 4650 non

113 4686 168 4725 ex
201 4681 392 4748 gratia.
426 4682 881 4737 Generationem
914 4684 1052 4755 legi,
1086 4700 1204 4738 non
1235 4683 1354 4754 legi
1404 4685 1745 4754 conceptio-

113 4775 236 4819 nem.
284 4768 349 4822 Et
385 4771 565 4824 Pater
615 4771 792 4842 dicit,
848 4773 1062 4845 «genui
1092 4773 1281 4841 (Psal.
1317 4790 1375 4842 ιι,
1410 4772 1465 4841 Ἳ)
1499 4788 1513 4842 ;
1570 4796 1591 4820 »ι
1626 4789 1745 4828 non

1474 289 1585 356 DE
1630 289 1823 357 FIDE
1867 292 2030 358 LIB.
2076 292 2155 356 V.

1737 1922 1748 1961 ³
1788 1926 1838 1987 Β

1782 3381 1831 3443 C

3425 302 3546 370 702

2212 512 2223 552 :
2266 513 2423 553 nunc
2489 499 2890 557 testimonium
2937 518 3111 559 suum
3168 520 3373 561 verum
3424 520 3545 562 non

1881 601 2040 656 esse,
2075 602 2231 642 nunc
2264 603 2467 643 verum
2510 604 2649 644 esse
2681 590 3050 663 significans.
3110 594 3259 648 Nam
3290 594 3420 665 ipse
3451 596 3544 650 di-

1880 677 2000 730 xit:
2040 698 2061 721 α
2102 675 2161 730 Si
2199 692 2312 748 ego
2361 678 2763 734 testimonium
2807 681 3091 751 perhibeo
3140 683 3212 738 de
3243 699 3334 738 me
3386 685 3539 755 ipso,

1877 765 2279 820 testimonium
2310 782 2500 822 meum
2534 784 2653 822 non
2683 772 2776 824 est
2806 786 3011 825 verum
3050 772 3239 842 (Joan.
3272 789 3330 842 v,
3362 772 3473 842 31).
3514 795 3536 825 ι

1880 853 1950 906 Et
1988 855 2117 923 ipse
2150 855 2208 909 in
2240 856 2673 925 posterioribus
2703 858 2817 912 ait:
2857 882 2880 904 α
2927 859 2998 913 Et
3025 861 3077 914 si
3115 876 3227 933 ego
3273 862 3541 917 testimo-

1878 943 2040 996 nium
2094 944 2375 1014 perhibeo
2434 946 2504 1000 de
2562 961 2674 1015 me,
2744 962 2951 1002 verum
3007 952 3099 1003 est
3146 951 3544 1007 testimonium

1880 1048 2071 1087 meum
2101 1033 2290 1102 (Joan.
2333 1051 2453 1103 vm,
2490 1035 2598 1104 Η).
2637 1055 2660 1085 ›

1947 1139 2067 1194 125.
2098 1139 2401 1205 Quomodo
2434 1141 2614 1213 igitur
2633 1158 2752 1197 non
2781 1145 2874 1198 est
2902 1159 3109 1199 verum
3133 1145 3531 1201 testimonium

1874 1231 2057 1297 tuum,
2096 1229 2338 1284 Domine
2378 1230 2544 1299 Jesu,
2572 1231 2669 1286 cui
2705 1232 2808 1303 qui
2839 1233 3105 1303 credidit,
3157 1235 3216 1287 in
3257 1250 3433 1288 cruce
3465 1234 3540 1288 li-

1874 1321 1965 1371 cet
2010 1318 2263 1387 positus,
2312 1321 2369 1372 et
2417 1319 2569 1373 inter
2616 1320 2882 1376 confessi
2932 1322 3181 1377 sceleris
3250 1323 3541 1393 supplicia

1873 1406 2249 1473 constitutus,
2270 1408 2472 1461 merita
2504 1408 2750 1463 latronis
2782 1411 2962 1481 exuit,
2985 1414 3227 1482 praemia
3258 1412 3541 1469 innocen-

1870 1495 1946 1547 tis
1980 1496 2227 1549 emeruit
2258 1496 2419 1562 (Luc.
2456 1514 2621 1567 xxm,
2654 1496 2850 1568 41-43)
2872 1501 2900 1553 ?

1942 1584 2064 1638 126.
2100 1584 2395 1655 Deceptus
2426 1589 2683 1659 estergo
2715 1588 2955 1658 Paulus,
3017 1590 3117 1661 qui
3146 1590 3278 1645 ideo
3311 1589 3534 1661 recepit

1870 1674 2098 1741 oculos,
2140 1674 2275 1743 quia
2335 1675 2601 1743 credidit,
2662 1692 2814 1747 quos
2853 1678 3168 1748 amiserat,
3227 1681 3540 1751 antequam

1871 1763 2137 1817 crederet
2167 1764 2324 1832 (Act.
2362 1780 2443 1834 ix,
2479 1764 2567 1831 18)
2601 1766 2629 1818 ?

1944 1867 2063 1923 1:27.
2113 1868 2422 1925 Erravitne
2479 1871 2653 1925 etiam
2696 1872 2877 1927 Jesus
2929 1874 3115 1941 Nave,
3157 1875 3258 1946 qui
3324 1875 3534 1931 ducem

1872 1958 2091 2012 militiae
2126 1959 2387 2014 cmlestis
2420 1960 2707 2032 agnovit?
2737 1960 2854 2017 Sed
2892 1965 3243 2034 poteaquam
3265 1964 3535 2035 credidit,

1869 2046 2017 2111 574
2048 2047 2243 2102 statim
2288 2048 2447 2117 vicit,
2499 2048 2717 2120 dignus
2767 2051 2867 2121 qui
2907 2050 3044 2105 fidei
3092 2052 3297 2122 prmlio
3329 2054 3541 2107 trium-

1867 2136 2094 2206 pharet.
2122 2136 2386 2206 Denique
2411 2152 2527 2192 non
2550 2141 2762 2192 aeratas
2785 2139 2945 2193 acies
2975 2139 3037 2193 in
3057 2139 3209 2194 bella
3232 2142 3532 2212 produxit,

1866 2241 1973 2278 nec
2005 2225 2208 2291 ariete,
2253 2225 2605 2297 cmtcrisque
2626 2229 3050 2282 tormentorum
3073 2229 3385 2298 machinis,
3429 2231 3537 2285 sed

1864 2313 2135 2368 tubarum
2157 2317 2382 2384 septem
2407 2314 2862 2371 sacerdotalium
2879 2332 3049 2386 sono,
3077 2333 3377 2372 murorum
3397 2318 3536 2372 hos-

1863 2403 2048 2457 tilium
2090 2406 2256 2472 septa
2325 2404 2618 2473 deposuit.
2671 2403 2753 2458 Ita
2810 2405 3031 2460 bellum
3088 2406 3339 2462 immane
3380 2423 3526 2462 con-

1864 2492 2002 2547 fecit
2068 2492 2224 2547 tuba:
2267 2492 2530 2564 clangor,
2583 2496 2639 2548 et
2703 2492 2887 2548 infula
2940 2495 3271 2550 sacerdotis
3330 2496 3531 2563 (Josue

1862 2598 1941 2651 v1,
1974 2581 2086 2650 20).

1935 2688 2055 2742 1:28.
2090 2689 2244 2743 Vidit
2274 2690 2386 2743 hoc
2438 2691 2737 2759 meretrix,
2777 2694 2835 2746 et
2864 2708 2999 2763 quae
3031 2692 3090 2746 in
3120 2692 3352 2747 excidio
3381 2693 3530 2747 civi-

1860 2777 1997 2832 tatis
2030 2779 2288 2833 remedia
2320 2779 2663 2849 desperaret
2681 2780 2912 2850 salutis,
2938 2781 3073 2852 quia
3104 2781 3255 2836 ﬁdes
3286 2781 3529 2851 vicerat,
3562 2782 3567 2787 ’

1861 2868 2034 2937 signa
2068 2867 2199 2921 fidei
2232 2871 2406 2938 atque
2425 2869 2639 2922 vexilla
2674 2869 2994 2923 Dominicae
3029 2870 3333 2940 passionis
3355 2870 3529 2924 attol-

1859 2956 2011 3024 lens,
2046 2972 2289 3010 coccum
2312 2958 2370 3010 in
2404 2956 2661 3011 fenestra
2693 2958 2927 3029 ligavit;
2953 2961 3013 3012 ut
3044 2959 3281 3029 species
3299 2959 3531 3013 cruoris

1861 3045 2094 3115 mystici
2127 3061 2260 3116 quae
2291 3045 2441 3100 foret
2480 3047 2760 3101 mundum
2802 3047 3195 3118 redemptura,
3248 3051 3525 3103 vernaret

1861 3134 2064 3201 (Jesue
2094 3152 2155 3200 ιι,
2201 3134 2265 3187 18
2294 3137 2443 3207 seq).
2491 3136 2570 3188 Ita
2603 3135 2753 3190 foris
2784 3136 2931 3191 Jesu
2987 3152 3202 3192 nomen
3258 3137 3373 3204 (Π)
3421 3136 3532 3191 fuit

1862 3223 2269 3292 praeliantibus
2299 3224 2370 3277 ad
2404 3224 2729 3293 victoriam,
2763 3225 2922 3280 intus
2945 3226 3182 3295 species
3205 3225 3528 3279 Dominicae

1861 3312 2162 3381 passionis
2220 3312 2691 3382 periclitantibus
2739 3314 2809 3367 ad
2851 3313 3119 3368 salutem.
3171 3313 3339 3368 Unde
3395 3314 3531 3384 quia

1862 3401 2148 3455 intellexit
2181 3401 2384 3454 ltaliab
2419 3402 2663 3456 caeleste
2688 3403 3054 3473 mysterium,
3078 3402 3220 3457 dicit
3242 3402 3529 3457 Dominus

1860 3490 1918 3543 in
1951 3490 2208 3559 l’salmo,
2236 3510 2261 3538 α
2285 3490 2508 3544 Memor
2537 3506 2635 3544 era
2662 3490 2865 3544 Rahab
2889 3494 2945 3544 et
2966 3490 3307 3561 Babylonis,
3335 3490 3536 3546 scien-

1863 3580 2000 3632 tium
2034 3595 2125 3632 me
2157 3578 2345 3641 (Psal.
2378 3595 2620 3648 LXXXVI,
2653 3578 2729 3647 4).
2771 3603 2793 3627 ιι

1940 3667 2061 3721 1:29.
2096 3666 2402 3732 Quomodo
2434 3683 2580 3739 ergo
2610 3683 2725 3722 non
2758 3671 2850 3722 est
2897 3684 3101 3722 verum
3132 3667 3535 3723 testimonium

1863 3756 2338 3824 tuum,Domine,
2366 3756 2481 3809 nisi
2515 3757 2844 3812 secundum
2900 3756 3276 3827 fragilitatem
3336 3757 3531 3811 homi-

1864 3848 2051 3899 num?
2103 3870 2123 3891 «ι
2166 3846 2369 3899 Omnis
2402 3846 2557 3900 enim
2614 3845 2789 3900 homo
2829 3845 3103 3900 mendax.
3162 3845 3351 3915 (Psal.
3396 3862 3533 3917 cxv,

1864 3932 1972 4004 11).
2011 3958 2032 3981 η

1933 4040 2054 4094 130.
2093 4040 2355 4112 Denique
2386 4043 2447 4095 ut
2491 4040 2818 4095 secundum
2878 4041 3175 4096 hominem
3208 4042 3437 4097 dixisse
3470 4058 3536 4097 se

1861 4131 2313 4195 demonstraret,
2349 4132 2427 4183 ait
2456 4146 2466 4184 :
2508 4154 2528 4175 «ι
2566 4130 2676 4194 Qui
2715 4130 2876 4184 misit
2906 4146 2997 4185 me
3029 4130 3221 4199 Pater,
3254 4131 3384 4201 ipse
3415 4134 3535 4185 tes-

1859 4220 2163 4273 timonium
2194 4220 2463 4289 perhibet
2494 4220 2564 4274 de
2599 4236 2690 4274 me
2721 4220 2911 4287 (.loan.
2944 4237 3066 4289 vm,
3102 4219 3209 4290 18).
3257 4243 3279 4267 η
3317 4221 3535 4274 Verum

1860 4313 2051 4363 autem
2079 4312 2167 4362 est
2201 4309 2602 4362 testimonium
2656 4309 2986 4363 secundum
3034 4309 3417 4378 divinitatem,
3452 4310 3534 4362 si-

1862 4401 1961 4451 cut
1988 4397 2114 4466 ipse
2148 4397 2227 4450 ait
2260 4413 2272 4451 :
2314 4419 2335 4443 «
2380 4396 2453 4451 Et
2481 4411 2690 4452 verum
2732 4400 2825 4453 est
2854 4398 3263 4452 testimonium
3294 4412 3487 4451 meum
3517 4412 3531 4465 ;

1862 4487 1997 4557 quia
2038 4486 2164 4540 scio
2196 4486 2350 4541 unde
2378 4488 2536 4556 veni,
2571 4490 2627 4541 et
2657 4503 2774 4558 quo
2809 4486 2961 4541 vado
2993 4502 3005 4541 :
3043 4502 3152 4541 vos
3198 4488 3392 4539 autem
3424 4501 3533 4539 ne-

1863 4576 2031 4629 scitis
2062 4576 2217 4630 unde
2239 4576 2394 4644 veni,
2429 4578 2485 4629 et
2515 4591 2632 4646 quo
2672 4576 2846 4630 vado.
2880 4575 3003 4629 Vos
3035 4573 3370 4629 secundum
3401 4590 3535 4629 car-

1861 4664 2293 4733 nemjudicatis
2323 4664 2483 4731 (Ibid
2519 4664 2599 4731 11,
2635 4664 2742 4731 15).
2780 4686 2801 4712 ιι
2839 4663 2972 4717 Non
3012 4679 3158 4735 ergo
3199 4663 3528 4717 secundum

1860 4754 2243 4821 divinitatem,
2277 4752 2384 4807 sed
2421 4751 2751 4807 secundum
2785 4752 3080 4805 hominem
3106 4751 3397 4822 judicent,
3433 4752 3535 4824 qui

114 4848 244 4924 dicit,
291 4862 485 4913 creavi
518 4876 530 4915 ;
558 4864 626 4915 ει
657 4839 845 4915 Ρίιίέιε
877 4839 994 4917 gon
1019 4839 1342 4917 créatorem
1560 4861 1744 4917 Deum
1775 4842 1827 4903 D
1858 4846 2061 4913 putant
2091 4842 2328 4896 Christo
2363 4840 2717 4895 testiﬁcandi
2741 4840 3049 4894 scientiam
3081 4839 3368 4895 defuisse.

120 4946 410 5001 secundum
443 4951 828 5005 aeternitatem
869 4952 1084 5006 divinae
1142 4951 1566 5024 generationis,
1636 4953 1742 5007 sed

112 5025 305 5087 Patrem
334 5038 615 5094 nominat.

170 5118 271 5175 12.1.
302 5124 375 5179 Se
408 5142 642 5199 quoque
686 5146 841 5183 nunc
873 5146 948 5184 ex
980 5146 1235 5200 persona
1274 5130 1554 5199 hominis,
1586 5147 1741 5184 nunc

113 5203 156 5257 in
184 5208 270 5264 Dei
302 5214 606 5286 majestate
638 5218 938 5290 significat
969 5236 979 5273 :
1007 5235 1162 5274 nunc
1196 5219 1476 5274 unitatem
1508 5219 1623 5273 sibi
1657 5220 1740 5273 di-

114 5294 477 5380 vinitatiscum
497 5305 616 5361 Deo
638 5308 809 5362 Patre
842 5308 1171 5377 vindicans,
1193 5325 1349 5363 nunc
1364 5308 1741 5380 fragilitatem

116 5379 345 5445 humanae
378 5395 572 5449 carnis
602 5412 924 5450 assumens
959 5413 970 5450 :
1006 5413 1161 5451 nunc
1195 5397 1523 5451 doctrinam
1570 5412 1741 5451 suam

115 5485 163 5524 se
187 5491 292 5531 non
321 5480 569 5554 habere,
629 5502 783 5539 nunc
843 5486 1202 5540 voluntatem
1263 5502 1430 5541 suam
1495 5502 1560 5540 se
1621 5501 1739 5540 non

167 5617 264 5699 ςξρ)
471 5628 750 5696 nonnulli,
792 5650 812 5677 ι
851 5628 908 5681 ἰιι
944 5629 1232 5699 principio
1267 5629 1502 5683 Filium.
1544 5652 1562 5675 η

167 5686 265 5755 (Π)
297 5691 441 5749 Mss.
465 5686 749 5769 nonnulli,
788 5721 809 5744 α
850 5686 1157 5757 Ιίει’1”υιιιι·ἷ
1189 5701 1337 5757 Jesu
1367 5716 1603 5773 nomen,
1642 5720 1663 5748 υ

1929 4947 2049 5003 131.
2085 4949 2243 5020 Ergo
2276 4964 2407 5001 cum
2458 4947 2629 5001 audis
2664 4963 2676 5003 :
2718 4968 2743 4994 ι(
2789 4946 2899 5012 Qui
2950 4946 3137 5002 credit
3178 4947 3240 5002 in
3272 4962 3383 5016 me,
3410 4963 3529 5003 non

1855 5038 2040 5093 credit
2070 5038 2129 5091 in
2163 5053 2253 5091 me
2294 5037 2483 5101 (Joan.
2528 5053 2629 5106 xu,
2662 5037 2754 5106 4-1)
2797 5058 2817 5083 »
2848 5052 2863 5105 ;
2905 5038 2963 5091 et
2996 5052 3007 5090 :
3049 5059 3070 5083 α
3105 5035 3215 5101 Qui
3246 5037 3407 5090 misit
3437 5052 3529 5090 me

1848 5126 2042 5191 Pater,
2062 5127 2188 5196 ipse
2203 5125 2341 5179 mihi
2360 5125 2691 5179 mandatum
2707 5125 3059 5194 dedit(lbid.
3085 5125 3197 5195 49);
3226 5149 3246 5173 ιι
3269 5124 3527 5180 didicisti

1851 5230 1969 5287 quo
1988 5215 2039 5268 id
2062 5219 2231 5285 putes
2251 5229 2388 5268 esse
2420 5213 2791 5269 referendum
2826 5214 2962 5285 (18).
2997 5214 3262 5286 Denique
3281 5215 3520 5269 manda-

1851 5308 1970 5359 tum
2003 5304 2159 5375 quod
2196 5305 2378 5371 esset,
2414 5303 2670 5357 ostendit
2700 5303 2907 5358 dicens
2956 5319 2968 5358 :
3016 5324 3037 5353 α
3075 5305 3240 5358 Ροηο
3272 5304 3526 5357 animam

1848 5409 2059 5461 meam,
2081 5392 2364 5447 utiterum
2381 5408 2608 5446 sumam
2629 5392 2810 5446 illam.
2828 5394 3014 5447 Nemo
3038 5393 3332 5447 tolliteam
3353 5408 3385 5445 a
3408 5405 3519 5458 me,

1850 5483 1954 5537 sed
1970 5498 2083 5554 ego
2105 5498 2258 5552 pono
2282 5496 2454 5535 eama
2480 5497 2568 5535 me
2592 5484 2720 5551 ipse
2742 5482 2932 5549 (Joan.
2958 5481 3125 5550 x,1"l,
3154 5479 3263 5549 18).
3294 5503 3315 5527 η
3342 5478 3525 5531 Vides

1850 5630 1961 5680 etc.
1996 5626 2192 5679 Minus
2231 5625 2520 5695 apposite.

1921 5697 2034 5767 (18)
2064 5688 2489 5762 Quidam-mss.
2528 5719 2550 5744 α
2587 5696 2743 5777 quod
2766 5695 2924 5753 Patri
2957 5694 3036 5751 sit
3066 5688 3469 5751 deferendum.
3500 5708 3522 5739 ι
