3982 6174
517 264 636 328 703

1988 280 2054 345 S.
2097 275 2536 349 AMBROSII.
3761 303 3845 368 704

513 475 648 531 ideo
680 476 916 549 dictum,
953 483 1014 536 ut
1061 483 1399 541 ostenderet
1445 485 1690 543 liberam
1741 487 1856 544 sibi
1887 489 2176 561 ponendae
2217 475 2265 537 Α
2295 491 2430 550 liter
2450 493 2704 549 videant.
2740 491 2903 550 Sicut
2946 495 3018 550 de
3048 511 3254 552 eorum
3304 502 3640 562 consortibus
3681 509 3848 570 Judaeis

511 579 579 618 ac
615 570 986 626 resumendae
1007 573 1218 628 animus
1240 578 1608 645 potestatem,
1647 578 1803 633 sicut
1833 579 1962 650 ipse
1993 579 2176 636 dixit:

517 673 538 700 α
589 655 944 713 l’otestatem
1004 661 1194 717 habeo
1241 665 1498 734 ponendi
1537 682 1685 735 eam,
1745 671 1802 722 et
1833 671 2183 738 potestatem

513 741 703 798 habeo
735 746 943 802 iterum
968 753 1241 806 sumendi
1271 769 1418 808 eam.
1454 755 1581 809 Hoc
1613 757 1947 812 mandatum
1978 757 2178 828 accepi

515 846 545 882 a
578 831 752 888 l’atre
785 853 910 890 meo
944 839 1120 895 (Ibid.
1159 841 1266 911 18).
1319 868 1339 890 ιι

591 919 706 976 l3}.
740 923 875 978 Sive
909 927 1089 998 igitur
1121 933 1472 1002 mandatum,
1517 934 1667 1003 sive,
1704 938 1763 989 ut
1785 935 1968 1007 aliqui
1989 935 2182 990 Latini

514 1009 752 1064 codices
785 1012 1019 1081 habent,
1052 1020 1432 1092 praeceptum,
1467 1039 1584 1078 non
1616 1023 1815 1095 utique
1852 1025 2182 1080 secundum

514 1095 895 1172 divinitatem,
939 1106 1045 1160 sed
1104 1111 1431 1166 secundum
1487 1113 1954 1169 incarnationem
1984 1114 2180 1186 datur,

512 1185 584 1240 ad
615 1188 939 1247 subeundae
973 1195 1084 1266 (19)
1114 1197 1422 1254 victoriam
1450 1202 1776 1272 passionis.

1153 1324 1404 1382 CAPUT
1437 1328 1531 1382 XI.

514 1434 677 1503 Qttﬂl
707 1442 986 1524 Qhristus
1016 1447 1252 1524 legatur
1282 1451 1438 1506 nihil
1477 1469 1508 1506 a
1541 1469 1607 1508 se
1636 1453 1812 1524 loqui,
1865 1455 1972 1509 hoc
2012 1454 2181 1510 rel‘e-

583 1471 669 1494 ιλιι
707 1471 985 1499 uuusms
1016 1471 1252 1517 legatur
1282 1471 1434 1506 mnu
1477 1471 1508 1506 a
1541 1471 1607 1508 se
1636 1471 1692 1509 lo
1736 1472 1812 1524 111,
1865 1471 1972 1509 nec
2012 1471 2178 1510 rele-

581 1513 828 1591 remlum
850 1517 926 1570 ad
955 1519 1143 1591 ipsius
1188 1521 1631 1578 humanitatem.
1678 1471 1968 1591 gnomodo
1998 1526 2178 1581 etiam

580 1585 896 1641 secundum
929 1585 1304 1647 divinitatem
1344 1595 1554 1650 audire
1583 1613 1650 1650 ac
1687 1585 1893 1652 videre
1933 1596 2176 1653 Patrem

577 1662 745 1709 recte
795 1657 1048 1734 dicatur,
1085 1666 1370 1734 exposita,
1427 1666 1540 1722 Dei
1585 1667 1800 1722 Filium
1841 1674 2178 1724 creaturam

581 1739 692 1777 non
723 1742 860 1782 esse
878 1731 1052 1786 mulis
1068 1731 1440 1791 coacervatis
1461 1741 1830 1810 argumentis
1859 1739 2104 1795 evincit.

581 1849 700 1905 133.
735 1851 929 1924 [Alias
960 1871 1086 1927 cap.
1113 1857 1202 1932 Υ.)
1229 1862 1314 1914 An
1349 1877 1488 1916 vero
1521 1862 1578 1916 in
1602 1863 1754 1917 hanc
1795 1863 2182 1920 humilitatem

510 1936 615 1992 Dei
646 1939 855 1996 Filium
889 1944 1271 2017 deduecmus,
1296 1952 1356 2003 ut
1377 1951 1492 2004 nisi
1522 1967 1655 2022 quae
1685 1953 1959 2024 audierit,
1983 1953 2180 2010 facere

506 2031 604 2082 aut
635 2029 795 2101 loqui
827 2035 1054 2088 nesciat
1085 2051 1098 2090 :
1131 2039 1188 2090 et
1233 2040 1643 2110 praescriptum
1676 2043 1890 2114 agendi
1923 2043 2182 2114 loquen-

506 2117 682 2188 dique
713 2120 764 2174 ei
796 2127 1070 2192 putemus
1117 2141 1255 2181 esse
1288 2143 1647 2198 mensuram,
1696 2133 1832 2202 quia
1883 2133 2176 2204 scriptum

507 2211 598 2261 est
633 2223 645 2262 :
687 2231 706 2256 ιι
743 2209 831 2264 Ex
879 2228 970 2266 me
1027 2213 1159 2284 ipso
1217 2232 1334 2270 non
1389 2233 1522 2272 sum
1564 2219 1796 2274 locutus
1828 2221 2019 2289 (Joan.
2072 2239 2176 2292 xu,

504 2293 634 2367 49);
668 2301 724 2352 et
754 2301 902 2356 infra
939 2317 951 2357 :
992 2325 1013 2353 ι
1051 2303 1214 2359 Sicut
1241 2305 1387 2360 dixit
1417 2306 1770 2378 mihiPater,
1805 2310 1880 2364 ita
1911 2309 2126 2381 loquor
2153 2332 2174 2358 υ

505 2384 683 2454 (Ibid.
708 2388 840 2450 50)?
859 2391 972 2445 Sed
996 2392 1068 2446 ad
1100 2391 1493 2450 obedientiam
1524 2397 1744 2462 carnis,
1770 2401 1868 2452 aut
1899 2399 1971 2453 ad
2004 2399 2179 2454 tidem

504 2475 744 2540 unitatis
777 2477 888 2532 ista
920 2481 1268 2538 referantur.
1302 2485 1578 2556 Plerique
1611 2487 1766 2540 enim
1798 2487 2098 2543 doctiores
2121 2492 2181 2543 et

507 2563 710 2618 audire
743 2564 972 2634 Filium,
1007 2574 1063 2624 et
1093 2571 1288 2627 dicere
1319 2573 1540 2646 aliquid
1572 2575 1720 2630 Filio
1749 2576 1983 2630 Patrem
2016 2578 2178 2631 acci-

504 2651 670 2721 piunt
699 2670 805 2724 per
834 2659 980 2721 575
1013 2659 1292 2716 unitatem
1330 2666 1596 2732 natura);
1657 2664 1812 2736 quod
1864 2665 2020 2719 enim
2072 2683 2178 2736 per

503 2739 784 2797 unitatem
814 2745 1132 2803 voluntatis
1163 2751 1322 2804 novit
1356 2751 1539 2807 Filius
1570 2753 1802 2808 Patrem
1833 2753 1984 2808 velle
2015 2754 2178 2809 vide-

507 2829 604 2882 tur
623 2831 886 2889 audisse.

578 2918 700 2975 134.
737 2921 904 2978 Unde
935 2941 1051 2980 non
1085 2927 1344 2984 ofﬁcium
1369 2931 1695 3001 corporale,
1731 2932 1836 2986 sed
1868 2932 2176 2987 arbitrium

504 3005 950 3068 indissociabile
979 3018 1413 3086 cooperationis
1445 3020 1556 3088 ('20)
1582 3021 1948 3090 declaratur;
1982 3037 2174 3094 neque

2298 584 2582 638 Dominus
2614 584 2933 639 declaravit
2962 585 3168 640 dicens
3204 603 3216 641 :
3257 609 3278 634 α
3332 587 3445 644 Vos
3493 596 3627 663 quod
3677 599 3853 657 vidistis

2295 677 2517 744 patrem
2550 676 2814 728 vestrum
2841 673 3170 743 facientem,
3204 675 3393 732 facitis
3423 680 3588 748 (Joan.
3611 701 3712 755 vui,
3739 688 3850 758 38);.

2295 779 2426 817 cum
2461 764 2658 834 utique
2691 779 2808 818 non
2838 765 2974 835 quia
3003 763 3299 819 diabolum
3323 773 3634 836 operantem
3649 775 3858 846 viderint,

2295 852 2401 905 sed
2431 853 2566 923 quia
2597 853 2838 906 arbitria
2881 853 3016 922 ejus
3048 851 3162 922 {9.3)
3194 853 3437 909 fecerint
3476 866 3767 932 arguantur,
3798 866 3862 920 in-

2295 940 2608 996 visibiliter
2637 941 2697 996 in
2728 941 2822 996 his
2855 942 3188 996 secundum
3237 942 3586 1014 iniquitatem
3610 965 3755 1005 suam
3777 953 3866 1007 (lia-

2293 1028 2431 1084 bolo
2464 1035 2740 1101 operante
2779 1034 3106 1102 peccatum.
3153 1031 3281 1086 Hoc
3326 1035 3630 1091 secundum
3672 1040 3866 1110 Aposto-

2293 1118 2414 1173 lum
2443 1119 2527 1190 (Il
2565 1120 2706 1175 Tim.
2735 1134 2815 1190 lli,
2846 1121 2922 1193 9),
2955 1124 3196 1192 propter
3223 1122 3602 1195 insipientiam
3629 1130 3871 1198 posuimus

2292 1209 2674 1280 perﬁdorum.

2367 1299 2486 1352 136.
2519 1297 2808 1354 Cmterum
2858 1301 3005 1355 satis
3039 1301 3348 1371 probatum
3379 1305 3469 1357 est
3523 1302 3876 1374 Scripturarum

2293 1387 2582 1458 exemplis
2614 1387 2687 1442 ad
2725 1389 3003 1444 unitatem
3033 1388 3366 1460 majestatis
3397 1391 3674 1461 pertinere
3699 1393 3877 1462 divinae,

2292 1477 2448 1548 quod
2480 1481 2535 1532 et
2564 1479 2738 1534 Pater
2768 1483 2997 1534 maneat
3016 1480 3076 1534 in
3106 1479 3254 1535 Filio
3283 1497 3298 1548 ;
3345 1483 3402 1536 et
3442 1497 3505 1536 ea
3537 1498 3658 1554 quia
3685 1483 3880 1555 loquitur

2291 1565 2499 1637 Filius,
2533 1584 2565 1621 a
2598 1569 2770 1624 Patre
2802 1569 3074 1624 videatur
3119 1570 3386 1624 audisse.
3449 1569 3720 1626 Unitatcm
3745 1577 3883 1627 autem

2291 1655 2620 1726 majestatis
2650 1657 2869 1728 quibus
2899 1657 3034 1712 aliis
3059 1673 3386 1728 possumus
3413 1659 3738 1732 intelligere,
3758 1677 3881 1732 quam

2211 1782 2262 1844 Β
2291 1745 2448 1816 quod
2505 1745 2708 1799 eadem
2728 1747 2899 1828 fatri
2931 1749 2986 1800 et
3011 1745 3158 1800 Filio
3189 1745 3538 1802 deferuntur
3563 1750 3590 1802 ?
3637 1749 3764 1802 Nam
3791 1750 3887 1820 quid

2291 1834 2728 1904 praeeellentius
2787 1838 2979 1906 potest
3035 1835 3187 1903 dici,
3247 1852 3428 1908 quam
3487 1837 3637 1908 quod
3693 1839 3886 1906 Aposto-

2288 1921 2382 1977 lus
2441 1923 2587 1977 dixit
2617 1923 2672 1992 (Ι
2711 1923 2846 1978 Cor.
2881 1941 2940 1994 ιι,
2973 1924 3028 1990 8)
3061 1924 3378 1980 Dominum
3410 1925 3728 1998 majestatis
3752 1926 3893 1982 cruci-

2287 2011 2469 2066 ﬁxum
2493 2015 2521 2067 '?

2359 2099 2478 2156 137.
2529 2101 2716 2156 Filius
2768 2118 2913 2174 ergo
2961 2104 3139 2157 estet
3171 2102 3334 2156 Deus
3377 2101 3896 2174 majestatis,etDo-

2285 2191 2481 2245 minus
2514 2190 2843 2262 majestatis
2871 2207 2885 2260 ;
2921 2191 3028 2246 sed
3068 2207 3184 2246 non
3218 2192 3518 2246 creaturis
3551 2191 3796 2263 subjecta
3820 2208 3902 2245 ma-

2282 2278 2476 2350 jestas
2511 2295 2522 2334 :
2559 2297 2674 2334 non
2707 2295 2851 2352 ergo
2885 2283 3152 2334 creatura
3185 2278 3401 2335 Filius.

2361 2367 2482 2423 138.
2517 2368 2704 2423 Filius
2737 2375 2996 2440 paternae
3021 2373 3114 2424 est
3142 2369 3345 2444 imago
3366 2369 3716 2425 substantiae
3741 2367 3898 2438 (Hebr.

2289 2475 2326 2527 ι,
2360 2459 2416 2526 3)
2463 2473 2474 2513 :
2520 2459 2714 2514 omnis
2767 2463 2962 2516 autem
3007 2461 3274 2514 creatura
3332 2459 3650 2514 dissimilis
3695 2472 3905 2528 superna

2287 2547 2696 2617 susbstantizn,
2733 2549 2839 2602 sed
2875 2564 2991 2603 non
3023 2547 3342 2604 dissimilis
3379 2549 3488 2603 Dei
3506 2548 3696 2602 Patris
3735 2546 3911 2602 Filius:

2287 2653 2404 2691 non
2439 2653 2582 2708 ergo
2617 2640 2884 2692 creatura
2921 2637 3128 2693 Filius.

2362 2726 2484 2782 139.
2519 2725 2703 2782 Filius
2751 2743 2870 2782 non
2925 2727 3188 2798 rapinam
3237 2727 3576 2782 arbitratus
3625 2727 3712 2780 est
3740 2737 3921 2779 essese

2287 2816 2574 2888 aequalem
2613 2816 2736 2872 Deo
2767 2815 3056 2888 (Philipp.
3089 2834 3150 2882 ιι,
3183 2816 3238 2887 6)
3275 2832 3288 2872 :
3331 2816 3446 2872 sed
3506 2815 3666 2869 nulla
3713 2815 3919 2868 creatum

2287 2906 2536 2979 aequalis
2597 2906 2739 2974 Deo,
2805 2905 3054 2978 aequalis
3095 2909 3294 2960 autem
3360 2905 3559 2960 Filius
3612 2919 3776 2960 :non
3822 2914 3926 2972 ergo

2288 2999 2556 3051 creatura
2579 2995 2788 3050 Filius.

505 3096 663 3152 enim
693 3101 1011 3158 verborum
1070 3079 1165 3160 hic
1209 3079 1464 3178 aliquem
1520 3079 1822 3181 signiﬁcat
1868 3079 2131 3165 auditum
2159 3153 2173 3182 ,
2209 3103 2255 3163 C
2286 3173 2302 3182 _
2332 3083 2493 3182 .140;
2767 3086 3037 3140 creatura
3087 3083 3405 3182 mntabuis
3441 3101 3455 3140 ³
3495 3083 3608 3182 ἓξδᾷ
3784 3079 3930 3133 mum-

503 3185 612 3240 sed
641 3188 920 3246 unitatem
949 3193 1269 3250 voluntatis
1313 3199 1486 3268 atque
1536 3198 1794 3268 virtutis,
1845 3215 1978 3269 quae
2028 3203 2085 3253 et
2115 3199 2176 3254 in

503 3275 674 3331 Patre
706 3281 797 3332 est
827 3283 883 3334 et
913 3281 970 3335 in
1006 3281 1174 3338 Filio.
1207 3284 1390 3350 Quam
1422 3286 1593 3340 etiam
1625 3287 1685 3340 in
1716 3287 1936 3356 Spiritu
1967 3291 2174 3342 sancto

505 3379 645 3419 esse
680 3372 1024 3426 memoravit
1053 3373 1168 3428 alio
1199 3374 1350 3442 loco,
1405 3375 1650 3430 dicens:
1689 3396 1710 3424 ε
1747 3375 1878 3430 Non
1912 3377 2066 3431 enim
2092 3377 2177 3432 lo-

501 3457 714 3523 quetur
743 3474 774 3511 a
799 3475 886 3529 se,
928 3461 1037 3516 sed
1067 3479 1438 3536 quaecunque
1466 3465 1645 3532 audit,
1681 3464 1955 3536 loquetur
1985 3466 2173 3535 (Joan.

503 3559 625 3611 xw,
660 3545 785 3617 13);
824 3570 846 3598 ι
893 3554 950 3604 ut
981 3551 1424 3608 adverteremus
1463 3555 1599 3626 quia
1649 3553 1936 3626 quidquid
1986 3554 2176 3626 Spiri-

498 3633 596 3686 tus
626 3633 906 3706 loquitur,
941 3639 1203 3710 loquitur
1231 3645 1287 3696 et
1317 3641 1502 3697 Filius
1536 3659 1548 3698 :
1583 3645 1639 3697 et
1668 3643 1956 3714 quidquid
1992 3644 2179 3716 loqui-

497 3721 594 3775 tur
625 3722 830 3794 Filius,
865 3727 1123 3798 loquitur
1165 3734 1222 3784 et
1252 3732 1462 3799 Pater;
1513 3732 1649 3803 quia
1705 3748 1820 3786 una
1881 3734 2172 3788 sententia

497 3810 614 3880 (ει)
647 3816 702 3866 et
733 3817 991 3884 Operatio
1023 3818 1324 3875 Trinitatis
1339 3824 1448 3875 est.
1483 3821 1648 3876 Sicut
1678 3821 1834 3876 enim
1865 3822 2045 3876 Pater
2079 3823 2176 3875 vi-

503 3897 675 3954 detur
703 3902 763 3956 in
800 3903 970 3970 Filio,
1032 3923 1151 3962 non
1208 3910 1408 3980 utique
1456 3911 1657 3980 specie
1714 3911 2032 3980 corporali,
2065 3911 2172 3966 sed

498 3986 718 4043 unitate
749 3988 1108 4063 divinitatis;
1160 3997 1237 4052 ita
1276 3997 1448 4052 etiam
1483 3999 1659 4054 Pater
1691 3999 1952 4070 loquitur
1983 4000 2042 4054 in
2075 3999 2174 4052 Fi-

503 4073 604 4144 lio,
637 4093 756 4133 non
803 4083 1108 4152 temporali
1157 4101 1324 4156 voce,
1371 4104 1482 4142 nec
1529 4089 1822 4158 corporali
1854 4105 2036 4158 sono,
2062 4090 2170 4144 sed

503 4166 702 4235 operis
735 4170 970 4226 unitate.
1006 4172 1271 4244 Denique
1304 4191 1435 4230 cum
1466 4177 1722 4231 dixisset
1756 4193 1768 4230 :
1809 4200 1829 4224 α
1871 4177 2044 4232 Pater
2073 4178 2171 4249 qui

499 4253 562 4308 in
593 4272 684 4311 me
717 4262 931 4324 manet,
963 4260 1093 4331 ipse
1125 4262 1384 4334 loquitur
1416 4279 1428 4318 :
1463 4269 1518 4319 et
1548 4279 1725 4335 opera
1759 4265 1870 4335 (“22)
1896 4281 2028 4336 quae
2059 4282 2171 4338 ego

501 4343 654 4401 facio
678 4389 692 4417 ,
725 4347 853 4419 ipsc
886 4349 1024 4405 facit
1055 4351 1242 4420 (Joan.
1267 4369 1387 4418 xlv,
1421 4353 1508 4422 10)
1543 4369 1556 4422 ;
1592 4374 1614 4402 ι
1649 4353 1874 4408 addidit
1905 4371 1917 4408 :
1959 4376 1980 4405 α
2021 4354 2170 4410 Cre-

2285 3173 2426 3228 bilis
2451 3173 2556 3228 Dei
2587 3172 2774 3228 Filius
2802 3189 2814 3228 :
2849 3190 2965 3229 non
2997 3189 3142 3247 ergo
3175 3178 3465 3229 creatura
3499 3173 3606 3228 Dei
3638 3171 3828 3226 Filius.

2361 3262 2482 3318 141.
2515 3263 2720 3317 Omnis
2751 3265 3020 3317 creatura
3062 3262 3406 3318 accidentia
3461 3266 3522 3318 et
3553 3261 3696 3316 boni
3749 3261 3801 3314 et
3837 3253 3935 3309 mali

2289 3353 2514 3423 recepit
2561 3369 2689 3407 suae
2739 3353 3060 3423 capacitate
3112 3355 3374 3422 naturae,
3413 3352 3747 3422 eademque
3776 3347 3939 3400 deces-

2290 3441 2520 3496 sionem
2550 3442 2729 3496 sentit
2762 3458 2774 3496 ;
2812 3441 2915 3496 Dei
2947 3445 3139 3496 autem
3181 3439 3340 3496 Filio
3393 3441 3550 3498 nihil
3603 3439 3743 3504 576
3786 3436 3938 3507 Potest

2289 3547 2364 3586 ex
2395 3530 2530 3604 ejus
2561 3531 2862 3586 divinitate
2907 3531 2999 3585 vel
3033 3529 3332 3586 decedere
3369 3531 3472 3586 vel
3513 3531 3796 3586 accedere
3824 3543 3836 3582 :
3862 3539 3944 3579 non

2289 3636 2435 3693 ergo
2468 3623 2737 3675 creatura
2763 3619 2866 3674 Dei
2899 3619 3106 3674 Filius.

2361 3709 2484 3766 142.
2517 3709 2702 3764 Omne
2736 3726 2886 3780 opus
2905 3725 3080 3763 suum
3113 3709 3385 3764 adducet
3422 3710 3596 3764 Deus
3627 3710 3688 3764 in
3710 3703 3949 3780 judicium

2286 3799 2514 3868 (I'Jecle.
2556 3817 2659 3868 xu,
2704 3797 2813 3868 14),
2855 3797 2963 3852 sed
3004 3797 3105 3852 Dei
3150 3796 3350 3853 Filius
3396 3815 3527 3854 non
3580 3796 3873 3852 adducitur
3909 3789 3948 3842 in

2288 3888 2618 3960 judicium,
2661 3889 2797 3959 quia
2846 3887 2973 3959 ipse
3003 3886 3234 3958 judicat
3283 3903 3298 3944 :
3347 3904 3481 3944 non
3546 3903 3700 3960 ergo
3739 3885 3958 3940 creatura

2287 3977 2392 4032 Dei
2423 3976 2633 4032 Filius.

2359 4084 2479 4140 1-13.
2514 4085 2822 4139 Postremo
2855 4087 2916 4138 ut
2943 4083 3225 4138 unitatem
3272 4083 3636 4157 intelligas,
3689 4083 3761 4138 de
3791 4079 3963 4136 ovibus

2285 4173 2810 4229 dicensSalvator:
2847 4195 2868 4223 α
2888 4173 3122 4244 Nullus,
3149 4173 3382 4246 inquit,
3409 4177 3574 4246 rapit
3599 4190 3705 4229 eas
3727 4172 3796 4228 de
3825 4179 3961 4222 manu

2283 4279 2431 4318 mea.
2467 4263 2638 4318 Pater
2673 4263 2831 4334 quod
2863 4263 3022 4317 dedit
3071 4263 3238 4329 mihi,
3297 4265 3524 4336 majus
3572 4262 3847 4320 omnibus
3872 4258 3968 4318 est.

2289 4357 2346 4406 et
2384 4368 2555 4408 nemo
2598 4355 2792 4423 potest
2823 4368 3028 4422 rapere
3066 4352 3137 4406 de
3189 4368 3389 4408 manu
3441 4355 3650 4408 Patris
3683 4349 3812 4406 mei.
3869 4344 3967 4414 Ego

501 4434 618 4490 dite
651 4437 812 4506 mihi,
849 4439 985 4510 quia
1035 4455 1148 4512 ego
1195 4441 1256 4495 in
1291 4441 1488 4509 Patre,
1536 4445 1592 4496 et
1623 4443 1795 4496 Pater
1837 4443 1896 4496 in
1947 4459 2037 4498 me
2082 4447 2174 4498 est
2206 4475 2256 4534 D
2289 4445 2344 4495 et
2377 4441 2549 4496 Pater
2579 4458 2756 4497 unum
2789 4458 3000 4496 sumus
3031 4443 3221 4509 (Joan.
3261 4461 3332 4512 Χ,
3373 4443 3621 4516 28-30).
3645 4464 3694 4534 Ali

501 4524 725 4597 (Ibid).
761 4527 1038 4600 Alioquin
1068 4533 1308 4601 propter
1339 4547 1516 4602 opera
1559 4532 1688 4602 ipsa
1729 4531 1948 4586 credite
1980 4533 2170 4601 (Joan.

502 4632 562 4685 χ,
593 4613 704 4686 38).
735 4639 755 4665 υ

572 4703 693 4760 135.
731 4707 839 4761 Hic
871 4708 1206 4764 intellectus
1238 4713 1330 4765 est
1361 4711 1909 4766 nostersecundum
1941 4711 2174 4766 divina-

500 4807 631 4846 rum
653 4795 871 4849 seriem
887 4797 1323 4868 Scripturarum
1349 4816 1360 4855 :
1390 4800 1591 4854 Ariani
1621 4804 1814 4855 autem
1837 4800 1936 4870 qui
1967 4801 2175 4856 nolunt

501 4878 573 4934 de
615 4881 734 4936 Deo
767 4885 1060 4942 mstimare
1091 4905 1223 4960 quae
1247 4889 1426 4960 digna
1449 4893 1608 4957 sunt,
1627 4889 1872 4960 velapto
1897 4889 2026 4944 suis
2050 4906 2174 4944 me-

499 4969 630 5023 ritis
649 4972 1024 5028 confutantur
1053 4979 1342 5048 exemplo,
1365 4993 1436 5032 ne
1468 4981 1650 5032 totum
1683 4977 1998 5031 carnaliter
2033 4994 2168 5034 cre-

503 5057 679 5127 dant;
713 5077 845 5115 cum
878 5063 994 5132 ipsi
1025 5066 1206 5134 patris
1238 5067 1334 5120 sui
1366 5067 1586 5120 diaboli
1616 5082 1793 5137 opera
1823 5066 2167 5138 incorpora-

575 5199 686 5270 (19)
715 5202 885 5258 Pauci
921 5221 1091 5274 mss.,
1121 5227 1142 5256 οι
1177 5208 1642 5263 Incarnationem
1667 5211 1891 5263 natura:
1912 5209 2172 5264 subeun-

501 5273 612 5342 da),
653 5295 674 5320 »
710 5279 819 5329 etc.
856 5275 1038 5331 Porro
1070 5277 1170 5331 ubi
1203 5279 1391 5332 Latini
1425 5279 1532 5333 cod
1573 5284 1809 5334 vertunt
1837 5282 2170 5335 inmutatum

500 5347 628 5401 sive
655 5353 1034 5418 praeceptum,
1087 5350 1278 5405 Graeci
1325 5350 1541 5405 habent
1594 5357 1788 5416 ἐντολήν
1839 5351 1945 5405 :in
1995 5369 2170 5422 quam

498 5443 708 5482 vocem
739 5427 1018 5482 observat
1051 5427 1290 5486 Grotius
1329 5431 1848 5492 ἐντέλλεσοαινθῒίθῐη
1896 5431 2032 5502 dici,
2068 5433 2170 5487 ubi

499 5509 670 5562 locus
700 5525 816 5562 non
839 5509 916 5562 sit
944 5508 1190 5580 imperio
1222 5514 1457 5580 proprie
1490 5511 1668 5566 dicto.

571 5581 683 5649 (ΞΟ)
715 5579 792 5634 ita
824 5579 1037 5636 omnes
1065 5581 1203 5635 edit.
1228 5579 1246 5654 ξ,
1279 5579 1478 5651 plures
1512 5600 1654 5641 vero
1677 5600 1752 5639 ex
1771 5599 1917 5638 mss.
1949 5599 2170 5654 expun-

501 5655 884 5726 guat‘vocem
930 5653 1384 5726 conparationis,
1437 5654 1614 5726 cujus
1664 5655 1798 5710 loco
1849 5653 2165 5711 Lentiensis

502 5721 670 5796 habet
684 5763 711 5796 ,4
732 5721 1124 5796 enumerata);
1161 5725 1464 5779 mendose.

570 5793 646 5861 (lg.
696 5793 1135 5873 Mssfaliquot,
1198 5813 1308 5853 una
1352 5798 1654 5870 essentia;
1688 5797 1916 5855 Thuan.
1969 5813 2163 5870 unus,

2363 4531 2483 4586 144.
2517 4531 2616 4586 Sic
2647 4531 2905 4587 vivificat
2935 4531 3144 4602 Filius,
3181 4537 3243 4587 ut
3281 4534 3492 4588 Pater
3527 4550 3539 4587 :
3583 4556 3607 4578 ει
3636 4532 3802 4587 Sicut
3849 4523 3972 4580 enim

2291 4622 2471 4676 Pater
2499 4621 2748 4676 suscitat
2779 4625 3044 4676 mortuos
3100 4625 3158 4676 et
3205 4621 3549 4692 vivificat',
3597 4622 3693 4676 sic
3723 4621 3779 4675 et
3821 4612 3972 4671 Filius

2289 4710 2868 4782 quosvult,viviticat
2891 4710 3143 4780 (Joan.v,
3176 4710 3299 4780 21).
3341 4736 3364 4760 n
3409 4711 3519 4766 Sic
3544 4711 3801 4766 suscitat
3820 4703 3972 4758 Filius

2287 4802 2350 4854 ut
2374 4801 2570 4854 Pater.
2591 4800 2689 4855 Sic
2713 4802 3027 4854 conservat
3049 4799 3239 4854 Filius
3278 4804 3352 4855 ut
3382 4802 3606 4857 Pater.
3626 4799 3742 4866 Qui
3761 4810 3872 4851 non
3889 4790 3972 4844 iur

2286 4905 2394 4960 par
2414 4891 2506 4944 est
2541 4889 2748 4961 gratia,
2789 4888 3084 4960 quomodo
3130 4888 3340 4958 impar
3395 4894 3502 4945 est
3537 4885 3878 4960 potestate?
3904 4879 3972 4930 Sit

2287 4978 2459 5032 etiam
2483 4994 2597 5032 non
2617 4977 2806 5049 perdit
2827 4977 3032 5046 Filius,
3050 4979 3111 5031 ut
3149 4977 3350 5032 Pater
3399 4979 3480 5033 Et
3499 4978 3644 5033 ideo
3665 4993 3738 5032 ne
3761 4971 3888 5047 quis
3906 4962 3972 5019 vel

2289 5067 2440 5122 duos
2489 5067 2600 5122 deo
2668 5066 2968 5135 crederet,
3016 5065 3109 5121 vel
3168 5065 3647 5123 discretionem
3706 5057 3972 5137 potestatis

2293 5225 2401 5263 uua
2433 5209 2790 5263 substantia.
2824 5207 3118 5280 Magisad
3149 5224 3345 5264 usum
3386 5208 3870 5265 Ambrosianum
3900 5215 3970 5253 ac-

2289 5280 2710 5336 commodatur.

2355 5352 2476 5420 ("2'2)
2510 5353 2679 5406 Fom.
2739 5351 2876 5406 edit.
2911 5351 3057 5419 sola,
3104 5373 3125 5396 ιι
3161 5350 3347 5407 Sicut
3405 5353 3572 5408 dixit
3632 5349 3779 5407 mihi
3809 5348 3965 5420 Fater

2288 5423 2378 5477 sic
2410 5423 2658 5494 loquor;
2690 5427 2745 5478 et
2785 5423 2958 5476 Pater
2991 5422 3091 5493 qui
3142 5422 3200 5476 in
3237 5440 3348 5478 me
3409 5428 3644 5493 manet,
3680 5425 3810 5494 ipse
3871 5420 3966 5470 iam

2288 5493 2548 5565 operaf»
2575 5494 2672 5548 Sic
2703 5495 2873 5549 etiam
2907 5510 3084 5563 supra
3128 5493 3168 5560 l,
3201 5510 3260 5548 ο.
3304 5512 3394 5558 ιν,
3433 5513 3498 5549 n.
3536 5495 3632 5549 68.
3710 5493 3715 5494 ν
3887 5559 3912 5565 _.

2359 5565 2472 5634 (23)
2501 5566 2694 5618 Paris.
2719 5562 2998 5639 quaedam
3019 5565 3180 5639 edit.,
3222 5566 3524 5639 arbitrio
3569 5566 3739 5639 ejus;
3786 5562 3966 5617 rectm!

2286 5637 2418 5692 aliae
2446 5653 2513 5689 ac
2537 5653 2708 5709 mss.,
2738 5635 3018 5691 iarhitria
3053 5636 3200 5709 ejus,
3269 5635 3332 5694 id
3370 5643 3474 5694 cst
3537 5635 3894 5694 voluntatem
3939 5645 3964 5678 ι’

2285 5711 2580 5780 praecepta
2612 5707 2768 5780 ejus.
