4050 6182
155 391 255 454 706

1475 378 1587 440 DE
1625 376 1821 441 FIDE
1865 376 2021 440 LIB.
2067 378 2145 439 V.
2206 434 2223 445 .

3404 384 3522 467 709

153 588 423 655 induceret,
453 600 624 640 unum
653 599 721 638 se
752 597 891 638 esse
922 597 1056 637 cum
1088 584 1258 638 Patre
1280 581 1443 636 dixit.
1470 581 1531 636 1d
1553 560 1824 651 quem-A
1867 580 2064 634 ximus
2095 580 2288 651 libris,
2321 582 2578 654 legeris:
2643 606 2663 631 α
2701 584 2886 640 Nemo
2943 587 3104 641 venit
3160 586 3231 640 ad
3263 602 3377 656 me,
3411 587 3531 642 nisi

152 676 407 732 admodum
438 674 622 744 potest
650 672 852 727 dicere
884 674 1152 727 creatura
1174 673 1203 725 ‘?
1228 671 1362 726 Non
1407 685 1552 742 ergo
1585 684 1748 723 crea-

152 772 251 821 tum
278 764 366 819 Dei
394 763 567 818 Filius
597 764 707 817 est.

208 854 304 908 145.
326 853 444 907 Non
480 852 628 906 idem
669 852 761 905 est
799 865 1051 922 regnare
1073 852 1132 905 et
1172 849 1439 904 servire:
1473 847 1749 902 Christus

154 947 302 997 autem
328 945 379 996 et
403 955 503 996 rex
531 943 621 995 est
649 943 706 993 et
737 939 895 993 ﬁlius
926 938 1125 1010 regis:
1180 954 1299 992 non
1330 953 1474 1009 ergo
1531 952 1749 991 servus

152 1035 219 1087 est
243 1031 329 1086 Dei
356 1029 548 1085 Filius.
580 1027 783 1082 Omnis
813 1030 1008 1081 autem
1059 1030 1328 1081 creatura
1385 1027 1607 1094 servit;
1642 1024 1750 1080 sed

156 1137 244 1176 non
263 1119 425 1174 servit
446 1118 541 1172 Dei
566 1117 770 1183 Filius,
799 1117 898 1188 qui
921 1133 997 1171 ex
1026 1116 1222 1172 servis
1252 1115 1408 1172 ﬁlios
1438 1115 1546 1170 Dei
1576 1114 1743 1169 facit:

152 1225 238 1265 non
257 1224 381 1280 ergo
407 1208 663 1262 creatura
697 1206 803 1260 Dei
832 1205 1038 1261 Filius.

713 1293 965 1348 CAPUT
998 1294 1125 1349 XII.

157 1386 430 1459 Superiora
459 1382 764 1459 confirmat
795 1399 874 1437 ex
910 1382 1196 1459 parabole
1227 1382 1442 1459 divitis
1467 1458 1470 1459 ν
1498 1381 1755 1459 adque?-

206 1453 418 1511 rendum
439 1455 552 1509 sibi
592 1470 842 1525 regnum
868 1453 1328 1525 proficiscentis,
1381 1453 1756 1525 ostenditque

209 1545 319 1581 eum
348 1543 567 1597 regnum
595 1496 794 1579 tra'dat
816 1496 993 1579 Patri
1016 1524 1227 1597 Filius,
1252 1496 1328 1597 at}
1348 1496 1756 1597 contumeliam

206 1615 305 1652 non
330 1595 729 1669 accipiendum,
754 1597 809 1650 si
826 1597 1017 1669 omnia
1056 1595 1188 1649 huic
1217 1595 1521 1666 subjicere
1570 1595 1760 1669 [ᾔδεεν

204 1670 421 1723 dicatur.
434 1666 571 1723 'Nos
588 1668 690 1722 llic
712 1683 848 1722 esse
866 1666 1099 1721 Christi
1121 1682 1368 1736 regnum
1386 1672 1445 1720 et
1469 1669 1530 1719 in
1556 1666 1757 1736 Chris-

207 1741 244 1793 ti
268 1755 447 1811 regno,
500 1739 737 1793 futuros
796 1736 1107 1811 aliguando
1158 1735 1218 1792 in
1248 1752 1436 1809 regno
1482 1737 1615 1806 Dei,
1660 1735 1761 1790 ubi

204 1809 382 1881 regnat
411 1828 483 1864 ex
506 1826 675 1882 aequo
698 1814 815 1863 tota
855 1809 1138 1863 Trinitas:

1864 669 2037 722 Pater
2063 670 2367 723 attraxerit
2423 685 2576 739 eum,
2610 674 2666 725 et
2721 688 2834 743 ego
2870 675 3243 728 resuscitabo
3305 691 3438 729 eum
3470 676 3529 729 in

1865 758 2194 813 novissimo
2241 759 2334 813 die
2378 760 2707 831 (Joanjvn,
2759 762 2848 832 44,
2887 786 2909 809 ››
2941 793 3011 802 -
3040 763 3142 817 lib.
3176 781 3235 832 ιι,
3270 779 3395 833 cap.
3428 764 3533 833 4)?

1864 846 1924 901 Si
1957 846 2208 901 litteram
2264 863 2604 919 sequamur,
2665 850 2800 904 vide
2840 852 3032 922 magis
3088 855 3261 922 atque
3292 852 3531 906 adverte

1863 935 2144 989 unitatem
2176 936 2677 992 honorificentia):
2740 943 2795 992 et
2827 940 3000 993 Pater
3055 938 3313 1010 subjecit
3362 939 3531 1011 Filio,

1866 1027 1922 1078 et
1951 1023 2136 1078 Filius
2172 1024 2322 1079 Patri
2374 1027 2565 1081 tradit.
2604 1028 2707 1081 Dic
2755 1028 2893 1098 quid
2928 1029 3004 1081 sit
3051 1029 3303 1098 amplius
3336 1029 3535 1083 trahe-

1865 1129 1951 1181 re,
1976 1128 2049 1166 an
2070 1115 2433 1169 resuscitare
2455 1118 2482 1169 ξ)
2514 1116 2723 1171 Nonne
2756 1117 3083 1171 secundum
3114 1133 3337 1172 morem
3358 1117 3540 1172 homi-

1867 1218 2006 1257 num
2038 1203 2431 1257 ministerium
2460 1204 2767 1274 trahentis,
2801 1209 3064 1275 potestas
3096 1209 3187 1261 est
3225 1207 3529 1261 suscitan-

1866 1291 1943 1345 tis
1964 1292 1992 1344 ‘?
2022 1290 2137 1345 Sed
2171 1293 2228 1344 et
2259 1291 2401 1345 Filis
2431 1292 2503 1345 ad
2538 1293 2767 1348 Patrem
2798 1293 2993 1362 trahit,
3025 1297 3081 1348 et
3130 1296 3302 1349 Pater
3331 1295 3400 1348 ad
3436 1293 3537 1347 Fi-

1867 1379 2011 1433 lium
2040 1379 2250 1435 trahit:
2312 1383 2369 1434 et
2426 1380 2611 1435 Filius
2644 1382 2911 1448 suscitat,
2974 1386 3030 1436 et
3062 1383 3232 1437 Pater
3288 1383 3540 1437 suscitat

1871 1449 2197 1505 Facessant
2252 1452 2566 1523 sacrilegae
2612 1458 2940 1507 commenta
3000 1454 3405 1523 discretionis,
3440 1454 3542 1509 ubi

1868 1539 2066 1593 unitas
2096 1540 2408 1609 potestatis
2438 1544 2548 1595 est.

1944 1628 2066 1682 150.
2120 1628 2333 1682 Tradat
2364 1628 2547 1699 igitur
2606 1630 2764 1685 Patri
2794 1646 3045 1702 regnum
3105 1647 3278 1687 suum
3310 1632 3498 1686 Filius
3518 1632 3547 1686 ‘.’

1873 1717 2006 1771 Non
2039 1717 2263 1786 deperit
2292 1717 2405 1787 (25)
2437 1717 2675 1772 Christo
2709 1734 2958 1790 regnum
2992 1721 3149 1790 quod
3204 1721 3399 1791 tradit,
3432 1720 3542 1774 sed

1873 1806 2124 1877 proiicit.
2179 1805 2305 1860 Nos
2337 1822 2547 1861 sumus
2603 1822 2876 1880 regnum,
2925 1809 3060 1880 quia
3092 1810 3267 1864 nobis
3325 1811 3545 1869 dictum

206 1898 303 1953 146.
334 1899 523 1953 Divine
563 1899 762 1969 itaque
820 1897 977 1952 illam
1007 1897 1347 1968 parabolam
1401 1896 1633 1952 induxit
1665 1896 1760 1950 di-
1797 1935 1847 1997 Β
1874 1898 1998 1997 est:
2038 1918 2059 1940 «ι
2099 1896 2371 1966 Regnum
2405 1896 2689 1997 Deri‘intra
2723 1913 2830 1951 vos
2862 1901 2953 1951 est
2982 1898 3139 1967 (Cuc.
3193 1916 3334 1970 xvn,
3368 1901 3478 1971 2t).
3519 1924 3542 1954 ι

152 1987 274 2056 vitis,
302 1988 390 2059 qui
416 1988 471 2041 in
492 1988 802 2059 regionem
822 1986 1208 2058 longinquam
1224 1986 1528 2058 profectus
1560 1988 1651 2041 est
1671 2001 1765 2039 ac-

155 2077 306 2147 cipere
334 2093 571 2150 regnum
606 2080 664 2131 et
692 2076 907 2131 reverti
941 2077 1108 2144 (Luc.
1141 2093 1265 2146 χιχ,
1298 2076 1408 2146 i2),
1470 2091 1537 2131 se
1566 2075 1764 2145 ipsum

1877 1984 1947 2037 Et
1969 2000 2176 2038 sumus
2200 1999 2451 2055 regnum
2472 1983 2694 2039 Christi
2725 1991 2879 2053 ante,
2913 1991 3120 2056 postea
3145 1987 3335 2043 Patris
3360 2006 3374 2059 ;
3407 1992 3546 2062 quia

1877 2073 2161 2142 scriptum
2194 2076 2321 2127 est:
2391 2096 2412 2118 «ι
2449 2073 2636 2127 Nemo
2685 2075 2846 2128 venit
2875 2075 2946 2128 ad
2981 2076 3229 2146 Patrem,
3286 2078 3403 2132 nisi
3434 2095 3542 2149 per

154 2166 421 2221 secundum
450 2166 846 2221 substantiam
876 2164 1765 2235 divinitatis'ineorporationis-
1876 2178 1968 2216 me
1999 2162 2186 2230 (Joan.
2221 2178 2341 2230 XIV,
2375 2162 2448 2230 6).
2480 2182 2501 2210 ι
2564 2161 2708 2216 Cum
2739 2163 2798 2216 in
2829 2163 2923 2216 via
2964 2179 3096 2217 sum
3159 2165 3290 2235 (26),
3325 2166 3547 2223 Christi

154 2270 239 2325 que
256 2255 605 2311 describens.
628 2254 761 2325 Ipse
784 2254 941 2309 enim
963 2254 1131 2309 dives
1162 2254 1489 2311 secundum
1512 2252 1766 2324 plenitu-

155 2342 305 2398 dinem
321 2344 656 2412 divinitatis,
682 2343 783 2414 qui
801 2359 908 2413 pro
940 2342 1115 2397 nobis
1157 2357 1380 2414 pauper
1427 2342 1618 2396 factus
1650 2344 1762 2410 est,

155 2446 255 2486 cum
272 2433 421 2488 dives
442 2436 609 2488 esset
628 2435 684 2487 et
704 2448 810 2487 rex
827 2436 1109 2500 aeternus,
1143 2435 1199 2487 et
1230 2435 1452 2487 aeterno
1473 2446 1616 2502 rege
1632 2445 1769 2501 pro-

155 2521 378 2590 genitus:
432 2536 688 2593 peregre
745 2521 1048 2592 profectus
1106 2521 1434 2576 secundum
1497 2519 1766 2590 corporis

154 2612 557 2682 susceptionem,
592 2611 732 2682 quia
762 2610 890 2664 vias
923 2610 1180 2665 hominis
1230 2614 1507 2681 tanquam
1540 2610 1649 2664 iter
1677 2609 1771 2663 in-

153 2714 356 2770 gressus
382 2701 659 2768 alienum,
717 2700 877 2753 venit
906 2700 964 2754 in
1022 2699 1180 2754 hunc
1208 2699 1513 2770 mundum,
1575 2701 1637 2754 ut
1667 2713 1767 2753 re-

155 2804 294 2858 gnum
320 2789 427 2844 sibi
453 2792 692 2860 pararet
719 2804 794 2843 ex
823 2789 1018 2844 nobis.

208 2875 305 2931 147.
335 2878 499 2932 Venit
529 2894 683 2950 ergo
717 2878 897 2933 Jesus
921 2877 979 2931 in
1011 2878 1162 2932 hanc
1191 2877 1252 2932 in
1272 2880 1489 2933 terram
1519 2892 1772 2949 regnum

153 2966 372 3036 accipere
394 2967 463 3022 de
486 2966 691 3036 nobis,
710 2965 928 3038 quibus
950 2966 1029 3021 ait
1054 2982 1065 3021 :
1106 2989 1127 3013 α
1165 2967 1437 3038 Regnum
1488 2966 1592 3021 Dei
1623 2965 1776 3019 intra

153 3067 237 3107 vos
251 3058 329 3109 est
347 3055 501 3125 (Luc.
525 3072 677 3124 xvn,
698 3055 823 3125 21)..
840 3079 861 3102 »
890 3055 1017 3110 Hoc
1041 3059 1130 3110 est
1153 3071 1403 3128 regnum
1424 3055 1580 3128 quod
1603 3053 1777 3108 Chri-

154 3145 254 3197 stus
304 3146 539 3216 accepit,
577 3145 694 3199 hoc
752 3147 864 3213 est,
914 3145 1072 3216 quod
1125 3144 1280 3198 Patri
1313 3144 1569 3200 tradidit.
1626 3143 1778 3198 Nam

156 3233 399 3300 quomodo
430 3250 685 3308 regnum
718 3233 962 3305 accepit,
1012 3234 1110 3305 qui
1142 3237 1266 3288 erat
1322 3250 1429 3288 rex
1461 3232 1779 3304 sempiter-

1879 2266 2053 2319 sum;
2087 2266 2219 2304 cum
2251 2265 2596 2320 pervenere,
2636 2251 2826 2305 Patris
2861 2268 3030 2307 sum:
3064 2254 3171 2308 sed
3201 2255 3418 2327 ubique
3441 2272 3549 2328 per

1878 2339 2138 2408 Christo,
2169 2342 2226 2393 et
2252 2339 2473 2410 ubique
2504 2340 2617 2393 sub
2645 2340 2905 2397 Christo.

1953 2428 2073 2483 151.
2099 2428 2327 2482 Bonum
2345 2431 2437 2482 est
2454 2427 2513 2482 in
2544 2444 2731 2501 regno
2752 2428 2972 2485 Christi
2995 2447 3153 2503 esse,
3177 2435 3238 2488 ut
3270 2432 3545 2490 Christus

1881 2517 2191 2574 nobiscum
2226 2518 2321 2587 sit,
2356 2518 2510 2571 sicut
2539 2517 2667 2587 ipse
2697 2519 2805 2574 ait:
2849 2542 2869 2566 «
2906 2519 3060 2576 Ecce
3091 2537 3204 2593 ego
3235 2524 3549 2579 vobiscum

1883 2623 2017 2663 sum
2074 2622 2265 2677 usque
2324 2607 2397 2661 ad
2457 2609 3022 2664 consummationem
3076 2612 3277 2666 mundi
3308 2612 3547 2681 (Matth.

1882 2713 2089 2765 xxvm,
2121 2695 2230 2764 20).
2270 2719 2291 2742 ι»
2356 2696 2473 2750 Sed
2503 2695 2715 2750 melius
2773 2701 2864 2751 est
2908 2713 3045 2752 esse
3105 2714 3238 2754 cum
3271 2700 3548 2759 Christo:

1889 2808 1912 2834 σι
1966 2784 2230 2839 Dissolvi
2261 2784 2416 2839 enim
2471 2800 2605 2839 cum
2633 2784 2870 2841 Christo
2928 2802 3067 2842 esse
3099 2788 3280 2844 multo
3334 2791 3548 2848 melius

1885 2875 2173 2947 (Philipp.
2197 2891 2235 2941 ι,
2260 2873 2371 2944 23).
2395 2898 2416 2921 »ι
2443 2873 2587 2928 Cum
2603 2875 2662 2929 in
2683 2874 2796 2929 hoc
2818 2876 3034 2930 mundo
3052 2878 3289 2948 (27)sub
3312 2874 3554 2950 peccato

1886 2980 2118 3033 sumus,
2151 2962 2426 3018 Christus
2457 2964 2770 3018 nobiscum
2814 2969 2925 3035 est,
2959 2970 3021 3020 ut
3065 2982 3171 3038 per
3200 2968 3376 3023 unius
3409 2971 3556 3026 obe-

1888 3053 2161 3108 dientiam
2179 3051 2328 3124 justi
2351 3054 2785 3108 constituantur
2803 3054 2966 3108 multi
2986 3055 3177 3124 (Rem.
3198 3074 3254 3125 v,
3279 3057 3388 3124 19).
3412 3059 3553 3115 Etsi

1886 3144 2192 3213 peccatum
2217 3139 2400 3212 hujus
2432 3142 2635 3196 mundi
2666 3157 2937 3213 evasero,
2960 3143 3234 3215 incipiam
3265 3162 3403 3200 esse
3423 3164 3559 3203 cum

1850 3292 1861 3301 ,
1889 3231 2147 3300 Christo,
2174 3224 2438 3301 Denique
2461 3230 2540 3284 ait
2564 3245 2575 3285 :
2608 3254 2628 3277 ιι
2656 3229 2899 3285 Veniam
2923 3234 3152 3298 iterum,
3181 3236 3235 3287 et
3257 3250 3559 3291 assumam

154 3323 278 3375 nus?
306 3346 326 3369 «ι
348 3301 686 3395 Venitergo
705 3301 890 3377 Filius
913 3301 1169 3377 hominis
1191 3324 1461 3394 accipere
1501 3301 1778 3395 reg—num,
1815 3301 1866 3364 ο
1890 3337 2000 3376 vos
2030 3321 2101 3374 ad
2133 3335 2225 3374 me
2255 3319 2444 3387 (Joan.
2478 3336 2599 3390 xiv,
2632 3320 2709 3388 3),
2748 3341 2768 3368 ιι
2803 3324 2859 3375 et
2890 3320 3077 3376 infra:
3118 3342 3139 3371 α
3178 3323 3326 3378 Volo
3365 3327 3428 3379 ut
3458 3325 3558 3380 ubi

155 3410 197 3460 et
220 3413 426 3467 reverti.
462 3436 484 3461 η
539 3412 876 3466 Noluerunt
931 3427 1064 3466 eum
1095 3412 1404 3482 suscipere
1462 3411 1674 3481 Judaei,
1708 3411 1780 3466 de

156 3498 332 3566 quibus
357 3504 472 3557 ait:
524 3500 619 3555 Illi
677 3501 777 3571 qui
824 3499 1138 3555 noluerunt
1194 3516 1285 3555 me
1318 3515 1568 3573 regnare
1600 3515 1785 3570 super

157 3599 224 3652 se,
251 3588 502 3645 adducite
533 3594 595 3645 et
624 3589 931 3643 interficite
955 3604 1060 3644 eos
1093 3589 1255 3659 (Luc.
1289 3606 1413 3659 χιχ,
1446 3588 1556 3659 2'7).
1598 3608 1621 3637 ι

210 3675 310 3731 148.
340 3677 674 3751 Sequemur
723 3677 1161 3747 Scripturarum
1206 3679 1492 3733 ordinem.
1551 3677 1651 3732 llle
1682 3678 1784 3748 qui

158 3765 299 3834 venit,
319 3783 564 3839 regnum
609 3767 731 3821 Deo
780 3766 937 3820 Patri
967 3765 1195 3821 tradet:
1231 3770 1287 3820 et
1316 3782 1449 3821 cum
1481 3766 1787 3821 tradiderit

158 3867 382 3925 regnum,
414 3861 554 3912 tunc
617 3859 675 3910 et
704 3855 832 3926 ipse
891 3854 1204 3926 subjectus
1237 3856 1346 3909 erit
1402 3854 1476 3924 ei,
1510 3855 1609 3926 qui
1669 3855 1789 3909 sibi

159 3942 372 4013 subjecit
398 3947 619 4016 omnia,
681 3949 742 3999 ut
772 3946 825 3999 si
859 3945 1018 3999 Deus
1076 3944 1272 3998 omnia
1304 3947 1362 3998 et
1417 3945 1477 3998 in
1509 3943 1786 3999 omnibus

160 4028 200 4093 (I
224 4029 338 4088 Cor.
367 4052 465 4105 xv,
500 4035 595 4102 24,
655 4034 764 4104 28).
799 4033 862 4088 Si
918 4037 980 4088 ut
1008 4034 1187 4089 Filius
1245 4032 1503 4088 hominis
1533 4049 1784 4105 regnum

160 4121 345 4189 accepit
370 4123 494 4192 Dei,
528 4122 720 4178 Filius
751 4122 951 4193 utique
983 4121 1240 4177 hominis
1289 4121 1463 4176 etiam
1494 4114 1641 4176 577
1662 4123 1786 4175 tra-

162 4203 351 4264 diturus
371 4216 480 4282 est,
500 4211 664 4284 quod
686 4212 943 4282 accepit:
977 4211 1029 4265 si
1062 4214 1124 4265 ut
1153 4210 1339 4265 Filius
1377 4209 1635 4265 hominis
1666 4213 1790 4263 tra-

165 4292 228 4347 dit
251 4296 370 4369 (24),
401 4317 548 4373 ergo
582 4303 729 4355 etut
766 4299 955 4355 Filius
1017 4299 1275 4354 hominis
1332 4298 1789 4369 subjectionem,

163 4384 328 4456 utique
348 4405 451 4459 per
478 4390 882 4445 conditionem
905 4389 1124 4459 carnis,
1149 4404 1266 4444 non
1285 4404 1394 4459 per
1423 4387 1795 4460 majestatem

164 4470 464 4548 divinitatis,
497 4479 796 4551 agnoscit.

218 4561 324 4619 449.
357 4566 425 4622 Et
454 4572 516 4622 tu
548 4568 621 4622 ad
656 4568 1070 4623 contumeliam
1101 4567 1339 4639 objicis,
1376 4567 1532 4639 quod
1565 4567 1617 4623 ei
1648 4567 1797 4622 sub-

1892 3425 2006 3482 ego
2038 3425 2193 3477 sum,
2229 3411 2285 3462 et
2314 3407 2413 3461 isti
2444 3409 2563 3462 sint
2594 3424 2824 3463 mecum
2856 3408 3046 3479 (Joan.
3080 3429 3224 3483 xvii,
3255 3411 3367 3485 24).
3392 3437 3413 3462 υ

1964 3496 2086 3552 152.
2123 3497 2282 3569 Ergo
2313 3512 2471 3551 nunc
2501 3497 2614 3551 sub
2647 3513 2833 3570 regno
2882 3498 3104 3554 Christi
3134 3517 3364 3574 sumus,
3424 3504 3565 3559 dum

1893 3589 1953 3642 in
1985 3602 2233 3656 corpore
2265 3601 2575 3640 versamur
2605 3587 2739 3656 (28),
2773 3591 2829 3642 et
2870 3589 3131 3644 nondum
3181 3590 3368 3647 forma
3399 3595 3565 3649 exui-

1894 3692 2027 3731 mur
2042 3676 2221 3742 servi,
2248 3691 2423 3747 quam
2444 3675 2543 3729 ille
2568 3692 2701 3730 cum
2722 3692 2788 3731 se
2808 3677 3256 3752 exinanivisset,
3299 3683 3525 3753 accepit
3550 3698 3566 3753 ;

1898 3781 2033 3820 cum
2063 3780 2207 3819 vero
2265 3764 2515 3836 gloriam
2547 3764 2681 3837 ejus
2738 3767 3085 3840 viderimus,
3132 3786 3306 3842 quam
3366 3772 3572 3827 habuit

1896 3855 2242 3924 priusquam
2275 3853 2529 3908 mundus
2563 3858 2745 3925 esset,
2780 3856 3003 3911 erimus
3036 3858 3095 3912 in
3124 3875 3310 3931 regno
3346 3860 3474 3929 Dei,
3507 3860 3569 3915 in

1898 3958 2015 4015 quo
2045 3943 2395 4014 patriarchae
2426 3946 2635 3998 suntet
2657 3945 2980 4016 prophetae,
3015 3947 3086 4002 de
3118 3950 3339 4020 quibus
3373 3950 3572 4020 scrip-

1899 4035 2021 4086 tum
2043 4035 2167 4087 est:
2209 4055 2229 4078 α
2251 4030 2398 4086 Cum
2418 4032 2689 4087 videritis
2727 4034 3046 4108 Abraham,
3081 4037 3244 4091 Isaac
3276 4041 3333 4093 et
3365 4038 3572 4109 Jacob,

1901 4124 1958 4175 et
1989 4137 2196 4176 omnes
2228 4121 2548 4191 prophetas
2580 4122 2639 4176 in
2670 4138 2857 4194 regno
2891 4124 2997 4179 Dei
3027 4127 3192 4192 (Luc.
3228 4145 3350 4197 xm,
3392 4126 3510 4199 28).
3547 4152 3569 4176 ιι

1903 4213 1967 4264 ut
1993 4209 2115 4281 jam
2148 4210 2412 4280 pleniore
2446 4211 2550 4265 Dei
2582 4213 2921 4285 cognitione
2950 4215 3260 4286 poliamur.

1978 4298 2100 4353 353.
2134 4299 2249 4353 Sed
2309 4299 2369 4353 in
2399 4298 2531 4354 Filii
2591 4317 2778 4374 regno
2810 4306 2867 4356 et
2922 4303 3096 4358 Pater
3145 4308 3372 4377 regnat,
3429 4308 3485 4359 et
3516 4305 3579 4360 in

1906 4404 2093 4461 regno
2124 4388 2316 4443 Patris
2346 4387 2532 4444 Filius
2562 4394 2790 4463 regnat,
2836 4392 2971 4463 quia
3002 4393 3175 4447 Pater
3229 4394 3288 4447 in
3320 4393 3488 4461 Filio,
3522 4396 3581 4447 et

1902 4479 1963 4532 in
1984 4479 2155 4531 Patre
2178 4476 2363 4533 Filius
2392 4495 2406 4548 ;
2439 4482 2496 4533 et
2526 4480 2584 4533 in
2617 4496 2734 4551 quo
2758 4480 2979 4534 habitat
3016 4480 3221 4552 Filius,
3273 4481 3491 4534 habitat
3521 4483 3581 4535 et

1903 4567 2099 4637 Pater,
2136 4569 2191 4622 et
2222 4567 2280 4621 in
2314 4583 2430 4638 quo
2490 4567 2711 4621 habitat
2741 4569 2933 4637 Pater,
2995 4568 3217 4623 habitat
3248 4572 3304 4623 et
3364 4568 3572 4635 Filius,

160 4645 546 4716 iecerilomnia
580 4658 777 4726 Deus;
810 4672 944 4712 cum
976 4657 1183 4711 audias
1216 4658 1376 4728 quod
1409 4673 1661 4729 regnum
1692 4655 1791 4709 Fi-
1823 4664 1878 4728 ο
1908 4656 2062 4710 sicut
2084 4655 2212 4725 ipse
2235 4656 2346 4710 ait:
2388 4679 2408 4702 α
2444 4656 2572 4728 Ego
2592 4659 2648 4710 et
2693 4656 2867 4710 Pater
2888 4657 2960 4710 ad
2993 4674 3127 4712 eum
3159 4659 3493 4725 veniemus,
3527 4660 3586 4712 et

165 4735 259 4793 lius
284 4742 535 4800 hominis
568 4747 692 4801 Deo
721 4746 933 4816 tradat,
963 4749 1021 4800 et
1049 4748 1112 4800 ut
1143 4746 1202 4800 in
1259 4746 1671 4816 superioribus
1703 4745 1796 4799 di-

221 4883 320 4963 (ξι)
340 4887 416 4942 lta
438 4892 555 4944 vet.
579 4889 717 4963 edit.
741 4904 811 4943 ac
828 4890 1030 4963 plures
1049 4904 1220 4963 mss.,
1256 4889 1371 4943 nisi
1394 4888 1551 4960 quod
1576 4888 1801 4963 eaedem

168 4952 279 5030 adit.
308 4974 413 5012 nec
442 4961 617 5030 pauci
665 4952 1064 5015 mss-habent
1114 4952 1215 5013 hic
1237 4963 1294 5014 et
1350 4952 1549 5029 su'pra,
1589 4982 1611 5006 ‹‹
1648 4959 1803 5013 sicut

170 5021 323 5101 Filius
346 5021 601 5101 hominis
626 5047 640 5086 :
679 5055 701 5081 α
729 5032 953 5086 ubinos
971 5047 1046 5085 ex
1059 5030 1388 5101 potioribus
1406 5021 1798 5098 r'estituimus,

172 5097 360 5182 fisicut
380 5100 586 5169 Filius,
603 5109 704 5182 _u_et
725 5097 1269 5182 quidamvirgulam
1285 5102 1601 5182 praeﬁgunt
1620 5097 1803 5182 verbo

170 5167 346 5245 tradit,
370 5188 545 5245 quam
567 5167 666 5227 alii
688 5167 822 5244 post
840 5174 1025 5227 tradit
1049 5167 1194 5245 ergo
1211 5167 1517 5244 reﬁciunt;
1550 5173 1803 5245 denique

170 5242 490 5298 sententiam
521 5246 656 5300 edit.
690 5242 995 5299 claudunt
1025 5242 1210 5298 verbo
1271 5242 1644 5315 agnosceret,
1700 5244 1805 5297 ubi

171 5315 407 5376 agnoscit
427 5315 751 5370 habeturin
774 5317 949 5370 dictis
974 5332 1119 5370 mss.
1140 5316 1288 5370 Tres
1302 5318 1495 5369 autem
1528 5314 1625 5367 alii
1650 5314 1805 5379 cod.,

175 5383 350 5456 mpod
372 5389 595 5456 accepit
619 5389 775 5441 sicut
812 5387 997 5441 Filius
1023 5387 1299 5441 hominis.
1341 5386 1541 5439 Tradit
1577 5400 1723 5456 ergo
1755 5388 1813 5439 et

173 5445 259 5540 ἓέί
302 5445 537 5511 Filius]
566 5458 838 5540 gpmhﬁs
880 5459 1407 5540 .s‘uscep‘tiopem,”
1447 5445 1807 5540 agnosce...»

173 5516 351 5603 {Seque
371 5542 514 5603 vero
535 5530 604 5584 ab
625 5531 719 5584 his
738 5529 997 5603 dissidet
1015 5516 1533 5603 ed‘it.ARom_.',_nisi'
1547 5528 1712 5603 quod
1738 5527 1816 5603 ita

172 5589 476 5672 distinguit,
515 5622 543 5645 «ι
594 5602 1059 5672 ῳιοάηεοοθρίιε
1124 5599 1281 5672 sicut
1310 5589 1498 5656 Filius
1555 5589 1815 5672 hominis

175 5674 297 5749 ἓνεο
326 5670 501 5749 tradit
528 5674 581 5729 et
610 5670 715 5729 Dei
748 5670 964 5729 Filius:
994 5671 1267 5731 Hominis
1299 5686 1444 5730 vero
1476 5671 1816 5749 susceptio-

176 5747 292 5796 nem
319 5739 582 5824 utique...
617 5759 901 5823 agnosce.
940 5768 962 5798 η

1908 4744 2063 4815 apud
2093 4760 2226 4799 eum
2256 4746 2625 4800 mansionem
2668 4744 2956 4801 faciemus
3009 4747 3200 4819 (Joan.
3247 4764 3370 4817 xxv,
3404 4747 3515 4813 23).
3554 4770 3575 4795 »ι

1982 4885 2095 4963 (25)
2120 4888 2290 4963 Rom.
2317 4887 2453 4963 edit.
2480 4902 2616 4963 cum
2634 4888 2841 4957 paucis
2865 4904 3036 4957 mss.,
3078 4914 3097 4936 α
3149 4890 3351 4945 Tradit
3381 4891 3583 4963 igitur.

1912 4958 2037 5012 Nec
2055 4958 2299 5027 deperit.
2325 4983 2346 5004 »
2374 4962 2485 5011 etc.
2508 4958 2719 5013 Melius
2739 4964 2939 5014 autem
2964 4965 3078 5016 vet.
3101 4962 3240 5016 edit.
3279 4958 3587 5017 cum'mss.

1911 5029 2095 5084 multo
2117 5029 2411 5098 pluribus,
2437 5029 2673 5097 Tradat,
2709 5034 2819 5085 etc.
2863 5054 2885 5078 κ
2919 5031 3133 5087 Iterum
3166 5048 3307 5088 vero
3341 5033 3589 5088 ubiom-

1914 5116 2023 5154 nes
2053 5100 2192 5154 edit.
2228 5116 2296 5154 ac
2327 5099 2531 5170 plures
2564 5117 2736 5167 mss.,
2776 5124 2797 5149 α
2855 5119 2985 5156 cum
3032 5104 3089 5156 in
3121 5104 3215 5158 via
3268 5119 3435 5171 sum;
3474 5128 3494 5153 υ
3529 5104 3590 5158 in

1914 5172 2045 5244 aliis
2079 5171 2435 5244 quibusdam
2471 5188 2619 5226 mss.
2654 5172 2897 5244 legitur,
2938 5197 2958 5220 α
2994 5191 3126 5229 cum
3157 5176 3351 5229 invita
3384 5192 3536 5230 sum.
3567 5198 3589 5224 ι»

1986 5241 2113 5310 ('26)
2133 5243 2280 5296 Mss.
2314 5242 2554 5313 aliquot,
2595 5266 2616 5290 υ
2652 5241 2800 5298 Dum
2831 5246 2892 5300 in
2922 5246 3038 5299 vita
3074 5262 3228 5302 sum.
3267 5271 3288 5294 »ι

1986 5313 2100 5381 (27)
2122 5313 2341 5367 Omnes
2373 5314 2537 5383 edit.,
2571 5332 2696 5388 eum
2725 5316 2787 5369 in
2820 5317 2993 5372 hoc...
3032 5318 3255 5383 simus;
3290 5322 3426 5388 post
3459 5332 3593 5388 quae

1917 5388 2115 5439 notato
2146 5388 2388 5454 puncto,
2422 5401 2489 5440 ea
2521 5386 2701 5440 verba
2747 5389 3043 5456 superiori
3103 5386 3412 5445 sententiae
3445 5386 3595 5443 sub-

1918 5458 2179 5522 nectunt,
2214 5472 2362 5511 mss.
2398 5471 2540 5512 vero
2572 5457 2856 5513 exhibent
2898 5475 3029 5514 eam
3088 5460 3401 5515 lectionem
3463 5473 3597 5529 quae

1920 5530 2013 5582 est
2042 5528 2102 5581 in
2134 5530 2317 5583 textu.

1991 5597 2108 5669 (28)
2167 5598 2612 5673 Messaliquot,
2676 5601 2813 5657 dum
2846 5601 2907 5658 in
2964 5617 3142 5673 opere
3175 5614 3488 5673 versamur
3523 5599 3601 5673 (et

1920 5669 2097 5800 factto,
2156 5669 2296 5731 dum
2314 5668 2606 5731 formam
2634 5674 2942 5750 sequimur
2973 5668 3153 5732 s'ervi.
3194 5696 3214 5723 η
3282 5671 3416 5730 Non
3446 5668 3594 5731 satis

1922 5757 1994 5800 an
2021 5755 2073 5800 e.
