3982 6174
507 367 626 430 707
1493 421 1497 425 .
1957 363 2024 424 s.
2071 359 2514 425 AMBROSII.
3760 369 3846 439 γεω

503 571 662 642 Ergo
676 567 955 621 sicutuna
968 565 1294 636 domus,ita
1313 567 1369 621 et
1383 581 1562 620 unum
1595 579 1866 638 regnum.
1901 563 2181 634 Eousque
2209 547 2260 609 Α
2291 564 2412 617 tum
2443 559 2556 632 (30)
2583 576 2595 615 :
2635 581 2658 610 ι
2693 558 2756 614 Si
2788 559 2848 613 in
2877 558 2988 613 hac
3009 557 3216 630 inquit,
3239 557 3354 612 vita
3371 562 3569 616 tantum
3587 564 3639 619 in
3670 566 3848 629 Christo

506 661 700 714 autem
732 671 912 710 unum
940 656 1135 710 Patris
1180 659 1237 711 et
1285 654 1416 710 Filii
1458 671 1708 727 regnum
1754 657 1864 722 est,
1916 657 1978 707 ut
2025 651 2180 723 quod
2297 652 2607 722 sperantes
2639 664 2869 717 sumus,
2920 647 3384 703 miserabiliores
3429 665 3614 707 sumus
3641 659 3847 716 omnibus

512 747 700 801 Filius
725 745 918 813 tradit,
942 745 1118 799 Pater
1163 745 1395 814 accipit,
1435 747 1492 799 et
1522 745 1676 815 quod
1708 745 1882 797 Pater
1910 743 2178 812 accipiat,
2293 738 2654 794 hominibus.
2687 737 2750 793 Si
2780 741 2974 791 autem
3009 735 3288 791 Christus
3306 741 3649 796 resurrexita
3668 751 3856 803 mortuis

514 835 701 890 Filius
730 849 849 890 non
879 834 1120 889 amittat.
1157 833 1317 905 Ergo
1347 833 1406 888 in
1466 849 1581 886 uno
1615 847 1800 904 regno
1856 832 2051 886 unitas
2081 844 2182 900 po-
2292 827 2565 899 primitiae
2617 826 3030 881 dormientium
3084 823 3139 895 (Ι
3167 824 3303 880 Cor.
3336 841 3428 894 xv,
3462 827 3541 896 19,
3571 827 3691 900 20)?
3739 856 3756 881 ι
3784 835 3855 890 vi.

507 923 738 980 testatis
795 925 906 992 est,
970 921 1156 977 Nemo
1217 922 1400 994 igitur
1431 913 1580 977 578
1609 921 1973 975 divinitatem
2032 919 2185 972 inter
2292 917 2446 972 detis
2477 915 2756 986 quoniam
2788 915 2860 969 de
2892 913 3328 969 resurrectione
3355 912 3560 970 Christi
3584 921 3863 978 tractataest

509 1013 744 1068 Patrem
772 1009 1102 1082 Filiumque
1136 1014 1427 1066 secernat.
2293 1004 2631 1076 disputatio.
2903 995 2908 1000 ’

1127 1116 1380 1172 CAPUT
1413 1117 1563 1171 Xlll.

515 1225 652 1292 Quae
687 1223 922 1280 Christi
951 1223 1243 1296 subjectio
1274 1223 1376 1294 sit,
1409 1223 1782 1296 quaesiturus,
1823 1220 1924 1276 ubi
1952 1220 2182 1296 subjec-

583 1297 777 1351 tiones
813 1296 1015 1350 varias
1038 1292 1368 1366 proposuit
1405 1292 1472 1348 ac
1505 1295 1725 1364 reiicit.
1787 1292 2166 1366 apostolicum

587 1373 810 1422 textum
833 1363 1185 1438 percurrit}
1218 1366 1372 1438 unde
1403 1363 1638 1438 impiam
1681 1363 1953 1438 exp/odit
1983 1363 2181 1418 haere-

585 1435 972 1509 ticorum—hac
999 1437 1078 1509 de
1106 1453 1177 1492 re
1207 1435 1558 1509 opinionem.
1583 1435 2026 1506 Subjectionem
2058 1451 2182 1506 quae

581 1509 782 1564 futura
811 1507 1208 1580 signiﬁcatur,
1238 1507 1589 1580 'diginitatis
1625 1523 1760 1580 esse
1809 1522 1921 1580 non
1962 1521 2182 1576 posse;

581 1597 708 1636 cum
741 1577 906 1634 inter
933 1579 1182 1633 Patrem
1218 1585 1276 1633 et
1309 1577 1534 1632 Filium
1583 1577 1903 1632 voluntatis
1960 1593 2182 1630 summa

580 1667 817 1722 semper
845 1649 1032 1722 fuerit
1059 1647 1395 1706 concordia.
1429 1649 1634 1722 Etiam
1669 1647 1860 1722 eidem
1893 1647 2054 1702 Filio
2081 1664 2182 1701 se-

582 1719 830 1803 cundum
864 1721 927 1776 di
936 1722 1244 1803 {unitatem
1271 1736 1412 1775 vere
1433 1719 1916 1803 omniasubjecla
1944 1733 2098 1787 esse,
2125 1724 2186 1772 at

2305 1733 2555 1787 :uaverit
2572 1747 2805 1787 omnem
2825 1732 3240 1803 principatum,
3264 1735 3323 1787 et
3343 1736 3681 1802 potestatem
3700 1738 3748 1788 et
3760 1738 3887 1788 virlu-

583 1793 834 1872 nondum
866 1791 1134 1864 subjecta
1167 1792 1276 1846 hoc
1306 1807 1486 1872 sensu
1515 1790 1656 1872 dici,
1682 1790 1830 1862 quod
1852 1790 1988 1870 'rjus
2018 1806 2184 1842 man-

585 1813 834 1849 Ποηαιιιη
866 1813 936 1846 SU
1006 1813 1134 1846 eam
1167 1813 1276 1846 HOC
1306 1813 1485 1845 SGUSU
1515 1813 1633 1845 ("Cl
1722 1813 1826 1844 UUU
1862 1813 1892 1842 ι’
1922 1813 1987 1843 US
2018 1813 2184 1842 Illilll-
3011 1821 3020 1832 .
3143 1821 3153 1832 .

585 1864 892 1942 deam".
914 1813 1167 1942 μῗτεξηρ
1202 1878 1405 1942 amnes
1426 1813 1729 1942 ιρίηίμιέέί
1763 1813 2181 1942 (ιυίίθρειηυμμξπ
2213 1923 2259 1942 ..
2293 1813 3086 1942 ii'I‘LETﬁfﬂffiffl‘f
3112 1821 3887 1942 ἐξῖἓξῗῖ.ἷθὲἔῗί¹’θ’λῗῗῖῗίἶέἷζ

583 1909 710 1989 illis
731 1909 1238 2008 marini—subditi,
1275 1940 1393 1986 tum
1444 1909 1724 2008 Christus
2213 1923 2262 1984 Β
2293 1912 2391 2008 ηεξ
2420 1925 2627 2008 οωξιεξε
2659 1909 2934 2008 inimico?
2965 1910 3078 2008 su‘b
3112 1909 3370 1980 Pedibus
3401 1909 3562 2008 elus:
3615 1910 3891 2008 Νοξῖῖεδίιξιθ

586 2007 798 2068 cietur,
827 2012 886 2060 et
917 1998 1648 2076 Patris‘op'usperl'cctum
1683 2003 1822 2058 erit.
2100 1998 2118 2004 ⁷
2295 2002 2487 2053 autem
2520 1998 2754 2052 inimica
2785 1999 3122 2054 destruetur
3151 2014 3316 2054 mors
3345 2015 3359 2070 ;
3408 1999 3600 2053 omnia
3629 1999 3766 2054 enim
3791 1999 3892 2052 sub-

2287 2086 2435 2159 jecit
2464 2088 2576 2142 sub
2597 2087 2852 2158 pedibus
2886 2087 3039 2158 ejus.
3085 2086 3230 2142 Cum
3259 2091 3462 2142 autem
3509 2088 3696 2156 dicat;
3744 2087 3898 2141 Omnia

2297 2176 2567 2248 subjecta
2589 2180 2727 2231 sunt
2747 2177 2820 2248 ei,
2841 2177 2972 2231 sine
2994 2176 3174 2231 dubio
3203 2180 3430 2247 praeter
3457 2192 3593 2231 eum
3623 2177 3716 2248 qui
3740 2176 3896 2247 subje-

2295 2267 2375 2320 cit
2395 2266 2446 2320 ei
2467 2267 2682 2320 omnia.
2706 2265 2850 2320 Cum
2869 2269 3062 2320 autem
3091 2264 3370 2336 subjecta
3406 2266 3492 2320 illi
3515 2265 3724 2320 fuerint
3742 2265 3903 2330 omnia,

2293 2357 2508 2410 tuncet
2543 2355 2673 2425 ipse
2695 2353 2882 2409 Filius
2915 2353 3226 2426 subjectus
3249 2355 3366 2410 erit
3411 2355 3518 2426 illi,
3553 2355 3650 2426 qui
3673 2354 3778 2408 sibi
3801 2354 3907 2407 sub-

2289 2442 2436 2515 jecit
2457 2445 2653 2500 omnia
2671 2447 2731 2498 ut
2754 2443 2831 2508 sit
2851 2444 3012 2498 Deus
3047 2445 3262 2512 omnia,
3301 2445 3364 2498 in
3396 2444 3672 2498 omnibus
3704 2467 3724 2492 »
3749 2441 3907 2509 (ICor,

2294 2549 2394 2604 xv,
2414 2533 2604 2603 20-28)
2639 2557 2661 2581 ιι
2695 2532 2863 2598 Quod
2892 2533 3067 2588 etiam
3097 2533 3168 2586 ad
3201 2533 3506 2588 Hebraeos
3537 2533 3690 2588 idem
3719 2532 3915 2602 Aposto-

2296 2623 2392 2677 lus
2423 2622 2600 2678 dixit:
2667 2645 2688 2668 «
2725 2622 2896 2676 Nunc
2925 2625 3120 2677 autem
3149 2623 3420 2677 nondum
3452 2622 3720 2676 videmus
3749 2619 3916 2686 omnia,

2297 2711 2382 2766 illi
2415 2727 2555 2766 esse
2587 2710 2858 2783 subjecta
2887 2710 3099 2781 (Hebr.
3134 2729 3194 2782 ιι,
3227 2709 3303 2783 8),
3347 2736 3371 2760 υ
3423 2713 3760 2782 accepimus
3786 2724 3922 2780 apos-

2295 2801 2490 2856 tolicae
2523 2801 2740 2856 seriem
2768 2799 3064 2856 lectionis.

2370 2908 2492 2963 162.
2523 2907 2828 2973 Quomodo
2883 2907 3066 2979 igitur
3121 2906 3479 2980 subjectum
3510 2907 3802 2962 dicimus?
3849 2905 3930 2958 Sa-

2297 2996 2540 3053 belliani
2561 3001 2618 3052 et
2665 2996 3026 3052 Marcionitae
3058 2997 3260 3074 dicunt
3292 2997 3466 3069 quod
3518 2997 3649 3052 haec
3679 2996 3850 3051 futura
3875 2995 3930 3046 sit

2361 1111 2484 1164 161.
2513 1131 2538 1160 «
2563 1109 2852 1176 Quoniam
2871 1110 3025 1165 sicut
3054 1124 3162 1180 per
3180 1125 3361 1164 unum
3398 1110 3690 1181 hominem,
3707 1115 3868 1188 inquit,

2289 1215 2472 1268 mors,
2493 1203 2550 1254 et
2570 1215 2676 1270 per
2704 1199 3002 1279 hominem
3031 1199 3390 1254 resurrectio
3411 1203 3754 1258 mortuorum.
3775 1205 3868 1260 Sic-

2288 1292 2350 1342 ut
2371 1291 2528 1342 enim
2559 1288 2618 1342 in
2649 1288 2836 1342 Adam
2858 1303 3065 1343 omnes
3095 1288 3442 1357 moriuntur,
3477 1289 3550 1343 ita
3588 1295 3640 1344 et
3668 1292 3719 1344 in
3741 1292 3870 1347 Chi-i-

2291 1379 2383 1432 sto
2418 1392 2626 1432 omnes
2655 1377 3132 1432 viviﬁcabuntur.
3180 1377 3600 1449 Unusquisque
3651 1384 3807 1435 autem
3831 1384 3870 1438 in

2291 1481 2401 1520 suo
2437 1465 2662 1534 ordine,
2697 1465 2971 1536 primitiae
2999 1465 3314 1522 Christus:
3350 1466 3554 1521 deinde
3582 1467 3642 1521 hi
3669 1468 3752 1540 qui
3777 1476 3877 1524 sunt

2290 1552 2531 1624 Christi,
2555 1554 2656 1626 qui
2688 1555 2748 1609 in
2776 1554 3092 1610 adventum
3121 1553 3257 1626 ejus
3285 1555 3670 1611 crediderunt.
3716 1557 3880 1614 Deinde

2290 1643 2448 1712 ﬁnis,
2473 1659 2606 1698 cum
2626 1643 2934 1698 tradiderit
2953 1659 3203 1715 regnum
3223 1643 3344 1698 Deo
3367 1647 3424 1698 et
3453 1645 3623 1712 Patri,
3647 1661 3760 1699 eum
3784 1662 3874 1700 eva-

587 2131 708 2186 151.
740 2127 936 2202 [Alias
965 2145 1092 2200 cap.
1125 2127 1247 2201 VL]
1275 2127 1441 2194 Quod
1472 2127 1522 2182 si
1554 2127 1710 2182 Patri
1744 2131 1800 2182 et
1821 2125 1969 2182 Filio
2005 2143 2184 2181 unum

516 2220 626 2276 Dei
682 2235 896 2275 nomen
929 2221 986 2274 et
1037 2217 1144 2290 jus
1175 2220 1286 2288 est,
1349 2233 1484 2273 cum
1516 2218 1674 2272 Deus
1727 2232 1930 2287 verus,
1965 2219 2021 2270 et
2079 2231 2186 2270 rex

517 2308 917 2380 sempiternus
949 2307 1028 2362 sit
1056 2307 1229 2362 etiam
1286 2306 1392 2361 Dei
1434 2305 1652 2375 Filius;
1713 2323 1832 2362 non
1863 2306 2064 2376 utique
2093 2321 2187 2359 se-

519 2398 776 2454 cundum
807 2397 1172 2452 divinitatem
1202 2393 1514 2466 subjectus
1544 2398 1634 2449 est
1669 2395 1772 2449 Dei
1804 2394 2010 2449 Filius.
2045 2393 2190 2448 Sub-

511 2483 739 2561 jectum
769 2487 984 2558 itaque,
1017 2484 1339 2556 Imperator
1364 2488 1638 2556 auguste,
1691 2483 2182 2556 quemadmodum

519 2575 843 2633 debeamus
875 2574 1166 2645 accipere,
1199 2571 1668 2630 consideremus.

591 2665 713 2720 155.
748 2663 1052 2730 Quomodo
1112 2664 1267 2717 enim
1316 2661 1628 2734 subjectus
1689 2661 1792 2716 Dei
1823 2661 2054 2716 Filius?
2114 2660 2190 2714 Ut

521 2755 787 2810 creatura
817 2749 1100 2807 vanitati?
1155 2749 1272 2806 Sed
1318 2751 1559 2822 impium
1619 2751 1811 2806 estde
1867 2749 2188 2805 divinitatis

525 2841 855 2898 substantia
886 2840 1000 2896 tale
1031 2840 1252 2912 aliquid
1285 2842 1599 2895 aestimare.

590 2930 713 2987 156.
751 2932 838 2985 An
876 2929 1370 3002 quemadmodum
1427 2933 1695 2984 creatura
1727 2929 1916 2984 omnis
1953 2929 2059 2983 Dei
2087 2927 2190 2981 Fi-

517 3017 622 3092 lio,
655 3019 792 3092 quia
823 3035 992 3090 aeque
1047 3018 1331 3090 scriptum
1363 3021 1489 3074 est:
1555 3042 1576 3064 ιε
1613 3019 1817 3073 Omnia
1876 3015 2194 3087 subjeeisti

523 3085 637 3165 sub
668 3085 920 3180 pedibus
952 3107 1086 3180 ejus
1117 3085 1305 3177 (ἔδεαι.
1338 3124 1462 3179 vm,
1484 3105 1585 3178 8)?
1638 3131 1660 3156 ι»
1694 3107 1810 3162 Sed
1841 3123 1958 3163 non
1980 3085 2187 3161 Chris-

2305 3086 2521 3141 Christi
2551 3086 2624 3140 ad
2655 3086 2841 3140 Deum
2871 3087 3105 3141 Patrem
3153 3086 3466 3158 subjectio
3501 3086 3640 3156 (31),
3689 3088 3749 3140 ut
3775 3085 3827 3139 in
3850 3085 3936 3138 Pa-

523 3202 622 3255 tus
655 3173 771 3254 έίδί
802 3199 930 3269 ipse
963 3173 1256 3268 s'ubjéctig
1289 3200 1399 3252 εει,
1448 3173 1458 3179 ’
1521 3173 1529 3178 ⁷
2205 3250 2213 3257 _
2298 3178 2447 3269 trem
2481 3174 2668 3230 Filius
2698 3174 3064 3269 retundatur.
3095 3175 3156 3229 Si
3187 3191 3340 3248 ergo
3373 3192 3450 3230 ea
3483 3177 3600 3232 erit
3639 3174 3808 3230 Verbi
3824 3173 3935 3228 sub-

873 3250 1370 3358 quemadmodum
1389 3250 1614 3340 mulier
1644 3287 1790 3356 viro,
1855 3287 2009 3340 sicut
2038 3250 2274 3356 legi-'C
2296 3265 2499 3337 είθθίίοι
2522 3268 2584 3318 υτ
2603 3264 2937 3358 Γθεοίνθξιιιέ
2965 3265 3026 3358 in
3054 3265 3290 3358 Ῐξξξξνθῐη
3311 3265 3802 3358 Πθιιῆγθὼυπιῖ
3831 3276 3940 3358 ειᾘθ

525 3391 692 3434 mus:
733 3399 754 3425 α
790 3352 1057 3431 Mulieris
1105 3375 1254 3430 viris
1283 3375 1413 3429 suis
1445 3375 1736 3445 subjectae
1775 3352 1914 3428 isint
1943 3352 2187 3445 (Ep/trs.

2305 3357 2358 3410 et
2415 3369 2784 3426 quaecunque
2841 3354 2999 3408 Patri
3057 3352 3332 3426 Filioque
3397 3354 3686 3426 subjecta
3716 3358 3855 3422 sunt,
3901 3352 3941 3404 in

526 3485 584 3537 v,
619 3464 730 3536 2'2),
769 3488 791 3515 ι
854 3469 909 3519 et
938 3464 1114 3520 alibi:
1185 3488 1206 3512 »
1243 3463 1456 3519 Mulier
1482 3464 1543 3518 in
1574 3465 1810 3518 silentio
1841 3463 2028 3517 discat
2060 3479 2192 3516 cum

524 3550 1141 3627 Omnisubjectione(1
1163 3551 1374 3621 Tim.n,
1392 3551 1521 3622 11)?
1549 3576 1570 3600 »ι
1589 3553 1705 3608 Sed
1729 3552 2088 3624 sacrilegum
2102 3554 2196 3606 est

523 3645 618 3700 vel
638 3645 795 3699 Patri
819 3643 1032 3713 virum,
1052 3641 1146 3697 vel
1169 3641 1275 3697 Dei
1311 3640 1459 3696 Filio
1492 3643 1796 3697 mulierem
1828 3657 2189 3712 comparare.

596 3731 720 3789 158.
753 3735 846 3788 An
876 3731 1368 3804 quemadmodum
1395 3731 1608 3786 Petrus
1636 3731 1815 3787 dixit:
1872 3753 1893 3780 α
1929 3730 2196 3802 Subjecti

529 3826 718 3878 estote
775 3822 936 3878 omni
992 3821 1264 3876 humanae
1322 3824 1608 3877 creaturae
1666 3821 1778 3891 ('29)
1831 3820 1889 3891 (Ι
1922 3819 2096 3875 Petr.
2132 3836 2192 3891 ιι,

529 3912 665 3982 13)?
696 3911 822 3966 Nec
853 3912 942 3964 sic
971 3909 1169 3982 utique
1201 3909 1498 3966 Christus.

607 3999 730 4054 159.
764 3997 871 4053 Vel
905 3998 1397 4070 quemadmodum
1428 3997 1650 4052 Paulus
1699 3997 1977 4070 scripsit:
2014 4022 2035 4047 α
2073 3997 2195 4053 Deo

530 4090 587 4145 et
615 4087 770 4143 Patri
795 4087 1324 4159 subjectiinvicem
1353 4087 1562 4143 timore
1594 4087 1813 4143 Christi
1857 4087 2101 4160 (Ephes.
2135 4103 2194 4157 v,

533 4177 670 4248 21)?
706 4199 728 4227 ι
764 4177 881 4232 Sed
911 4192 1104 4248 neque
1135 4177 1195 4230 in
1228 4193 1358 4247 suo,
1392 4192 1584 4249 neque
1613 4177 1674 4230 in
1703 4176 1948 4231 alterius
1977 4177 2197 4232 Christi

529 4268 740 4322 timore
763 4264 1076 4338 subjectus
1098 4268 1191 4320 est
1219 4262 1426 4335 Filius,
1452 4265 1586 4337 quia
1606 4281 1762 4320 unus
1784 4268 1877 4320 est
1895 4266 2192 4322 Christus.

531 4355 793 4422 Quorum
811 4354 1130 4411 verborum
1150 4354 1267 4409 vim
1286 4354 1676 4425 considerate,
1697 4355 1834 4426 quia
1862 4355 2016 4410 Patri
2046 4356 2195 4412 sub-

523 4443 667 4519 jecti
704 4461 935 4515 sumus,
960 4444 1098 4500 dum
1130 4444 1302 4500 etiam
1320 4443 1621 4499 Christum
1650 4460 1944 4500 veremur.

599 4533 722 4591 160.
747 4533 1052 4600 Quomodo
1082 4549 1227 4606 ergo
1259 4531 1595 4604 subjectum
1626 4531 2057 4606 intelligimus?
2086 4535 2198 4590 To-

530 4627 655 4720 tum
687 4623 1080 4696 apostolicum
1112 4626 1286 4694 caput
1317 4639 1736 4678 recenseamus
1762 4638 1774 4678 :
1834 4627 1896 4678 ut
1927 4623 2073 4679 nihil
2105 4625 2196 4679 vi-
2213 4657 2270 4720 Β

530 4711 738 4770 deatur
753 4712 960 4769 fraude
985 4713 1372 4784 subtractum,
1403 4717 1502 4768 aut
1532 4712 1876 4784 obreptione
1899 4715 2198 4784 praestric-

601 4855 718 4928 (29)
749 4857 847 4912 Sic
880 4871 1086 4929 omnes
1117 4856 1268 4929 edit;
1308 4859 1365 4910 at
1421 4872 1454 4912 e
1487 4856 1780 4929 contrario
1813 4872 1958 4912 mss.
2015 4873 2198 4929 prope

531 4928 602 4982 ad
637 4943 836 4995 unum,
875 4951 897 4974 α
933 4927 1092 4982 omni
1123 4927 1394 4982 humanae
1426 4928 1799 4983 ordinationi.
1839 4953 1860 4977 η

603 4999 716 5071 (80}
736 4995 1017 5071 Nonnulli
1052 5013 1224 5070 mss.,
1261 5022 1284 5046 ιι
1319 4998 1662 5071 obreptione
1709 5001 2141 5071 praescriptum.
2172 5023 2195 5051 ι

603 5070 720 5140 (31)
751 5069 997 5134 Quidam
1029 5085 1198 5139 mss.,
1237 5093 1258 5117 «
1295 5070 1614 5140 subjectio,
1658 5069 1725 5125 ut
1774 5069 2108 5126 resolvatur
2137 5073 2198 5127 in

530 5138 763 5214 Patrem
813 5141 992 5214 Deus,
1046 5138 1536 5214 Ven-bum_eijgo;
1576 5138 1606 5190 ii
1635 5141 1904 5197 nonnulli
1953 5143 2195 5199 etiam...

532 5233 554 5260 ιι
591 5210 653 5268 in
681 5213 874 5266 Patre.
906 5211 1072 5285 Deus
1103 5227 1249 5285 ergo
1282 5210 1577 5285 Verbum:
1617 5237 1638 5260 ι»
1701 5214 2068 5269 commodius
2099 5216 2200 5270 alii

527 5286 586 5340 et
615 5299 822 5339 omnes
847 5282 991 5356 edit.
1012 5282 1394 5356 utin'textu.
1456 5283 1746 5356 Caeterum
1778 5301 1912 5356 quae
1973 5285 2070 5340 hic
2100 5303 2198 5342 re-

529 5356 803 5411 feruntur
831 5354 902 5408 de
933 5353 1264 5410 Sabelliana
1297 5355 1598 5410 refusione
1633 5353 1815 5410 Verbi
1872 5357 1931 5411 in
1963 5358 2196 5414 Patrem

529 5441 648 5482 non
677 5427 997 5480 absurdam
1033 5426 1187 5498 viam
1247 5426 1422 5481 nobis
1455 5426 1831 5498 suppeditant
1886 5429 2197 5498 Epiphanii

529 5503 705 5582 atque
736 5498 1055 5582 Augustini
1087 5497 1241 5552 inter
1269 5513 1355 5582 seu
1369 5497 2194 5582 conciliandorumLDiximus

531 5568 688 5642 enim
719 5568 897 5642 supra
931 5569 1034 5624 lib.
1068 5585 1130 5637 ιι,
1163 5585 1291 5642 cap.
1319 5569 1407 5642 §,_
1435 5568 1691 5642 priorem
1723 5569 1796 5642 ab
1845 5568 1958 5624 alio
1989 5587 2195 5642 repre-

527 5638 1030 5708 hensum—fuisse,
1060 5639 1218 5725 quod
1239 5638 1282 5692 7a
1313 5638 1960 5725 Sabellian-isnl’atrem
1987 5638 2196 5725 {legari

527 5727 778 5788 passum
806 5711 1200 5788 asseveravit,
1235 5724 1370 5766 cum
1400 5710 1630 5788 scilicet
1671 5711 1925 5788 Patrem,
1987 5710 2201 5788 Filium

529 5781 804 5854 sanctum
834 5783 894 5842 in
925 5797 1104 5842 unam
1131 5796 1451 5861 personam
1481 5781 1580 5842 isti
1614 5781 2070 5852 confunderunt.
2103 5787 2201 5847 At-

2299 3445 2532 3498 Patrem
2564 3447 2622 3498 et
2651 3441 2864 3497 Filium
2895 3443 3272 3498 resolventur
3306 3460 3322 3500 :
3371 3447 3442 3500 ut
3483 3445 3567 3500 sit
3606 3443 3766 3500 Deus
3795 3440 3946 3497 omnia

2300 3534 2431 3588 etin
2462 3533 2740 3588 omnibus
2771 3532 3080 3587 creaturis.
3114 3531 3232 3587 Sed
3264 3533 3620 3594 absurdum
3650 3537 3742 3588 est
3757 3532 3945 3586 dicere:

2301 3639 2419 3679 non
2475 3623 2657 3695 igitur
2710 3637 2816 3692 per
2872 3621 3238 3678 refusionem
3287 3623 3636 3696 subjectio.
3684 3621 3807 3677 Alia
3847 3619 3952 3674 sunt

2300 3714 2456 3768 enim
2488 3728 2620 3784 quae
2653 3711 3070 3783 subjiciuntur,
3107 3727 3176 3766 ea
3198 3713 3416 3784 utique
3439 3730 3585 3785 quae
3609 3715 3799 3768 creata
3815 3712 3952 3764 sunt:

2301 3805 2358 3856 et
2385 3803 2560 3871 alius,
2595 3801 2690 3856 cui
2722 3800 2785 3854 ﬁt
2814 3801 2911 3854 illa
2943 3800 3260 3872 subjectio.
3313 3801 3758 3858 Conticescant
3801 3800 3952 3869 itaque

2301 3907 2481 3947 saevis
2514 3889 2840 3946 refusionis
2871 3891 3244 3960 interpretes.

2374 3980 2496 4036 168.
2528 3982 2718 4052 Atque
2748 3980 2969 4039 utinam
3003 3983 3061 4034 et
3108 3979 3192 4033 illi
3227 3983 3540 4053 tacerent,
3591 3980 3697 4053 qui
3725 3979 3952 4052 quoniam

2303 4069 2626 4128 resolubile
2657 4069 2762 4124 Dei
2790 4068 3060 4139 verbum,
3081 4069 3308 4140 Deique
3347 4071 3726 4141 sapientiam
3756 4068 3952 4141 probari

2303 4177 2424 4216 non
2463 4161 2736 4231 possunt,
2791 4157 3188 4213 infirmitatem
3237 4159 3561 4215 divinitati
3609 4153 3952 4231 subjectioni:

2301 4249 2628 4320 ascribunt,
2663 4247 2929 4302 dicentes
2959 4247 3095 4319 quia
3125 4247 3436 4318 scriptum
3469 4254 3572 4305 est
3617 4269 3630 4305 :
3680 4273 3704 4298 ιι
3736 4248 3870 4304 Cum
3896 4260 3951 4298 au

2300 4343 2418 4396 tem
2450 4337 2722 4411 subjecta
2751 4335 2832 4390 illi
2863 4336 3081 4391 fuerint
3111 4337 3336 4407 omnia,
3373 4342 3532 4394 tunc
3565 4342 3628 4394 et
3661 4340 3790 4410 ipse
3820 4334 3952 4389 Filiw

2303 4428 2615 4501 subjectus
2645 4427 2756 4482 erit
2785 4426 2868 4480 illi
2899 4425 2953 4492 (Ι
2980 4425 3115 4481 Cor.
3149 4443 3248 4497 xv,
3283 4427 3414 4499 28).
3462 4453 3486 4476 ι.

2373 4536 2496 4591 161.
2547 4535 2829 4590 Videmus
2871 4533 3054 4606 igitur
3093 4533 3230 4606 quia
3295 4535 3593 4591 nondum
3641 4535 3952 4608 subjectum

2302 4625 2412 4681 sed
2465 4623 2903 4696 subjiciendum
2961 4638 3101 4678 esse
3159 4622 3493 4694 Scriptura
3548 4625 3951 4683 commemorat

2302 4729 2448 4787 ergo
2469 4729 2626 4769 nunc
2649 4728 2767 4768 non
2785 4715 2877 4768 est
2897 4711 3209 4784 subjectus
3227 4713 3362 4770 Deo
3386 4715 3570 4771 Patri
3593 4715 3806 4771 Filius.
3820 4714 3876 4767 In
3887 4726 3952 4784 qu

2301 4861 2496 4913 tamen
2527 4855 2808 4912 credibile
2840 4858 2932 4910 est
2961 4855 3118 4928 illos,
3150 4857 3315 4927 quod
3337 4872 3525 4928 saepe
3547 4875 3674 4914 usu
3695 4859 3852 4913 venit
3871 4872 3952 4910 cui

2301 4931 2414 5001 etis
2445 4928 2765 4997 hmretieis,
2800 4927 3171 5001 in_opi_nione_
3197 4927 3678 5001 responsisque
3715 4931 3842 4984 suis
3877 4929 3951 4980 tiu

2300 5000 2482 5055 basse
2508 5016 2523 5070 ;
2556 5004 2730 5071 atque
2760 5003 2821 5052 ut
2851 4999 3455 5071 Patripassianorum
3477 4999 3802 5058 eluderent
3823 5014 3952 5070 appe

2301 5069 2598 5144 lationem,
2623 5069 2936 5141 aliquando
2959 5069 3270 5144 professos
3303 5071 3599 5128 Verbum
3623 5069 3952 5144 quidem’aat

2305 5140 2767 5197 incarnationem
2810 5158 2944 5196 cum
2987 5142 3159 5196 Patre
3207 5141 3381 5197 idem
3416 5140 3773 5212 exstitisse,
3805 5157 3904 5214 per
3927 5140 3952 5192 ἱ]

2305 5215 2702 5269 carnalionem
2760 5228 2901 5284 vero
2949 5227 3261 5284 emanasse
3320 5230 3410 5269 ex
3463 5218 3685 5284 Patre,
3733 5217 3794 5268 in
3843 5229 3945 5284 que

2305 5288 2708 5341 consummata
2739 5283 2973 5338 demum
3003 5282 3286 5354 passione
3325 5285 3529 5341 fuerit
3568 5282 3914 5341 resiolutuin.
3943 5283 3952 5334 1

2303 5373 2447 5412 sane
2496 5373 2615 5411 non
2662 5355 2855 5410 solum
2901 5371 3035 5409 cum
3084 5354 3197 5409 hoc
3247 5357 3691 5414 Ambrosiano
3722 5357 3874 5424 loco,
3904 5370 3952 5409 se

2303 5429 2476 5484 etiam
2525 5440 2659 5481 cum
2703 5427 2816 5482 alio
2863 5427 2966 5481 lib.
3015 5444 3055 5481 ιι
3103 5427 3178 5482 de
3223 5426 3490 5496 Spiritu
3541 5437 3762 5486 sancto
3803 5431 3951 5496 cap.‘

2301 5500 2547 5572 pulchre
2581 5498 2874 5572 concinit;
2911 5499 3213 5572 potuitque
3261 5498 3436 5572 ﬁeri,
3495 5507 3564 5557 ut
3612 5500 3952 5572 Augustinu:

2303 5569 2437 5626 cum
2463 5574 2744 5643 argueret
2775 5569 3184 5643 Epiphaniam,
3216 5569 3293 5624 ad
3326 5570 3503 5629 hanc
3535 5569 3946 5630 Sabellianoru

2297 5643 2451 5700 forte
2479 5641 2803 5720 paucorum
2826 5641 3386 5720 obscuriorumque
3424 5645 3878 5703 cavillationem
3896 5659 3952 5702 an

2297 5729 2461 5776 mum
2482 5713 2608 5776 non
2638 5713 2993 5776 adverteret.
