4050 6182
184 367 306 441 709

1562 379 1673 443 DE
1711 377 1908 443 FIDE
1947 378 2105 443 LIB.
2155 381 2233 442 V.

3506 384 3626 446 710

178 579 361 650 igitur
390 576 605 632 Filium
639 577 976 650 subjectum
1008 579 1133 635 fore
1166 580 1361 636 dicitis
1382 583 1411 636 ?
1449 581 1507 636 Si
1540 581 1598 636 in
1630 581 1846 636 divini-
1868 564 1928 629 Κ
1960 580 2257 652 subjectio
2284 596 2298 650 ;
2337 603 2358 626 α
2397 580 2473 634 Ut
2503 580 2560 635 in
2592 582 2828 636 nomine
2861 582 3005 637 Jesu
3027 598 3198 637 omne
3221 598 3379 655 genu
3402 598 3616 638 curve-

177 673 306 737 tate,
344 683 456 721 nec
490 667 841 723 inobediens
873 671 985 737 est,
1021 669 1156 739 quia
1188 687 1306 724 non
1338 675 1430 725 est
1463 688 1490 718 τι
1531 673 1699 725 Patre
1718 671 1845 724 dis-

179 774 312 811 cors
339 774 351 810 :
376 773 488 811 nec
521 756 859 827 subjectus,
897 759 1030 829 quia
1064 775 1180 813 non
1213 762 1304 813 est
1336 776 1572 829 servus,
1598 761 1704 814 sed
1727 761 1849 814 uni-

180 863 282 900 cus
317 847 562 917 proprio
598 847 748 900 Patri
782 846 988 902 Filius.
1016 849 1279 919 Denique
1304 865 1435 903 cum
1459 849 1670 903 eoalum
1691 865 1847 904 crea-

177 939 282 1003 ret,
319 940 542 990 terram
603 936 900 1005 conderet,
934 941 991 991 et
1033 941 1381 1008 potestatem
1430 939 1746 992 exercebat
1792 942 1848 993 et

176 1024 545 1078 charitatem.
583 1024 755 1078 Nulla
789 1026 970 1096 igitur
999 1025 1238 1080 servilis
1289 1027 1348 1079 in
1377 1025 1596 1081 Christi
1627 1027 1845 1081 divini-

172 1116 287 1168 tate
320 1112 643 1184 subjectio.
696 1113 759 1169 Si
790 1117 986 1168 autem
1026 1115 1186 1169 nulla
1217 1115 1534 1186 subjectio,
1568 1115 1844 1170 voluntas

171 1201 364 1257 libera
396 1207 509 1257 est.

244 1290 371 1344 165.
405 1288 572 1355 Quod
603 1291 656 1344 si
688 1305 817 1344 eam
848 1289 1283 1362 subjectioncm
1302 1295 1503 1362 putant
1535 1291 1686 1362 Filii,
1708 1293 1844 1364 quia

171 1397 304 1436 cum
335 1379 474 1451 ejus
506 1379 806 1435 voluntate
839 1381 1034 1435 omnia
1057 1381 1233 1434 faciat
1252 1381 1441 1448 Pater,
1471 1381 1704 1435 discant
1727 1382 1841 1436 hoc

171 1471 377 1541 ipsum
409 1485 543 1524 esse
573 1469 892 1524 individua;
915 1471 1224 1541 potestatis
1243 1474 1683 1542 argumentum;
1708 1471 1844 1542 quia

172 1561 381 1614 unitas
413 1558 723 1613 voluntatis
746 1562 856 1627 est,
893 1574 1026 1630 quae
1079 1575 1198 1613 nm
1246 1561 1422 1629 cmpit
1453 1576 1526 1614 ex
1556 1563 1840 1629 tempore,

169 1648 283 1702 sed
318 1651 444 1702 erat
473 1663 726 1718 semper.
753 1647 868 1702 Ubi
897 1650 1092 1702 autem
1113 1649 1306 1701 unitas
1332 1652 1611 1719 perpetua
1627 1649 1840 1704 volun-

164 1739 326 1806 tatis,
363 1752 481 1791 non
503 1736 702 1808 utique
725 1736 1065 1807 temporalis
1089 1735 1484 1807 subjectionis
1503 1738 1835 1792 infirmitas.

168 1825 228 1881 Si
246 1825 410 1880 enim
432 1842 538 1896 per
560 1828 824 1880 naturam
840 1825 1260 1896 subjiceretur,
1277 1842 1516 1896 semper
1527 1825 1839 1897 subjectus

1958 674 2053 724 tur
2075 670 2424 737 cmlestium,
2451 673 2506 723 et
2529 672 2915 739 terrestrium,
2934 675 2989 725 et
3010 671 3402 726 infernorum:
3426 677 3482 726 et
3506 689 3622 726 om-

1958 759 2051 812 nis
2083 759 2284 830 lingua
2299 760 2664 825 contiteatur,
2691 760 2824 830 quia
2849 760 3134 814 Dominus
3155 761 3331 814 Jesus
3352 762 3408 814 in
3431 762 3620 832 gloria

1959 852 2052 902 est
2078 849 2177 902 Dei
2197 849 2390 901 Patris
2414 847 2697 919 (Philipp.
2724 865 2782 917 ιι,
2819 849 2903 917 10,
2923 849 3031 918 ii).
3069 874 3090 896 »
3119 850 3254 903 Ideo
3273 855 3466 904 autem
3487 855 3618 904 ante

1957 936 2228 1007 subjecta
2260 953 2376 990 non
2407 941 2571 990 erant
2593 937 2805 1005 omnia,
2831 937 2966 1008 quia
2989 937 3248 992 nondum
3270 943 3621 1008 receperunt

1957 1026 2302 1095 sapientiam
2336 1026 2460 1095 Dei,
2496 1026 2754 1080 nondum
2814 1026 3008 1080 habile
3052 1027 3265 1098 jugum
3296 1027 3471 1081 Verbi
3503 1029 3616 1097 (3t)

1955 1115 2170 1169 mentis
2192 1115 2443 1186 quadam
2459 1117 2690 1170 cervice
2705 1115 3033 1186 portabant.
3056 1136 3077 1164 α
3094 1115 3386 1187 Quotquot
3399 1121 3614 1184 autem,

1957 1203 2112 1256 sicut
2142 1204 2429 1274 scriptum
2457 1207 2568 1273 est,
2594 1209 2943 1274 receperunt
2965 1220 3118 1275 eum,
3141 1205 3299 1260 dedit
3317 1206 3405 1260 eis
3427 1209 3620 1275 potes-

1954 1294 2130 1346 tatem
2152 1293 2306 1347 filios
2331 1294 2436 1347 Dei
2463 1293 2590 1347 fieri
2612 1294 2804 1363 (Jaan.
2841 1312 2876 1364 ι,
2915 1294 3020 1363 tt).
3059 1313 3081 1343 ι

1990 1381 2149 1464 .169.
2177 1381 2341 1436 Dicet
2364 1382 2616 1453 aliquis:
2654 1383 2813 1454 Ergo
2838 1382 2960 1454 jam
2995 1382 3306 1454 subjectus
3338 1387 3428 1438 est
3448 1383 3615 1437 Chri-

1953 1471 2104 1540 stus,
2138 1471 2272 1541 quia
2304 1471 2540 1540 plurimi
2569 1471 2945 1526 crediderunt
2966 1473 2994 1526 ἱ)
3023 1473 3281 1540 Minime,
3325 1473 3462 1543 quia
3497 1488 3614 1526 non

1951 1559 2011 1612 in
2042 1560 2248 1629 paucis
2267 1563 2358 1613 est
2378 1558 2598 1614 Christi
2619 1559 2936 1631 subjectio,
2954 1561 3060 1616 sed
3077 1562 3135 1615 in
3160 1561 3455 1615 omnibus.
3481 1561 3614 1616 Sic-

1952 1651 2014 1702 ut
2043 1647 2199 1702 enim
2230 1648 2284 1702 si
2314 1649 2374 1701 in
2404 1664 2497 1702 me
2529 1649 2912 1720 concupiscat
2941 1651 3132 1704 adhuc
3163 1666 3299 1705 caro
3323 1651 3614 1705 adversus

1953 1737 2244 1806 spiritum,
2272 1737 2518 1806 spiritus
2550 1742 2743 1791 autem
2773 1739 3065 1792 adversus
3099 1755 3357 1808 carnem,
3385 1755 3502 1794 non
3522 1741 3614 1794 vi-

1953 1825 2096 1880 deor
2127 1841 2264 1880 esse
2297 1825 2630 1896 subjectus,
2657 1826 2769 1880 etsi
2793 1842 2866 1880 ex
2887 1830 3049 1897 parte
3069 1828 3178 1880 sim
3200 1828 3503 1883 subditus:
3537 1829 3614 1883 ita

170 1919 467 1970 maneret:
496 1931 628 1968 cum
647 1929 786 1968 vero
800 1913 1214 1985 subjiciendus
1233 1915 1461 1970 dicatur
1477 1915 1536 1969 in
1555 1919 1838 1987 tempore,
1875 1943 1929 2008 Β
1951 1915 2086 1986 quia
2119 1915 2311 1969 omnis
2338 1915 2604 1970 Ecclesia
2635 1931 2814 1969 unum
2837 1931 3054 1986 corpus
3080 1919 3173 1970 est
3193 1915 3412 1970 Christi
3430 1933 3614 1988 quan-

169 2004 643 2076 dispensationis
674 2018 819 2075 ergo
849 2007 1167 2074 susceptae,
1195 2019 1311 2059 non
1342 2008 1642 2075 perpetuaa
1674 2005 1843 2060 intir-
1875 2003 1919 2008 ⁷
1950 2004 2083 2058 dius
2098 2019 2288 2075 genus
2304 2003 2566 2058 dissintit
2593 2004 2931 2074 humanum,
2956 2005 3255 2059 Christum
3270 2006 3611 2062 dividimus.

168 2093 392 2148 mitatis
423 2094 535 2147 erit
565 2093 663 2146 illa
693 2090 1024 2163 subjectio;
1057 2094 1309 2148 maxime
1333 2109 1466 2148 eum
1485 2095 1842 2164 sempiterna

170 2182 278 2236 Dei
310 2184 506 2236 virtus
537 2197 656 2236 non
688 2182 882 2252 possit
913 2185 1129 2236 statum
1163 2186 1386 2237 mutare
1418 2199 1524 2253 pro
1557 2187 1839 2254 tempore,

163 2287 277 2326 nec
307 2272 435 2326 Deo
466 2271 626 2325 Patri
655 2287 729 2326 ex
761 2275 1025 2342 tempore
1051 2271 1156 2342 jus
1199 2274 1508 2342 potestatis
1547 2273 1840 2328 accidere.

166 2360 321 2414 Nam
344 2361 401 2414 si
419 2360 604 2414 Filius
625 2361 942 2431 aliquando
965 2360 1302 2430 mutabitur,
1328 2364 1390 2416 ut
1411 2362 1739 2417 secundum
1758 2363 1842 2416 di-

165 2451 479 2504 vinitatem
508 2449 890 2520 subjiciatur:
927 2465 1072 2522 ergo
1105 2453 1160 2505 et
1190 2451 1350 2505 Deus
1373 2451 1562 2522 Pater,
1602 2452 1656 2506 si
1696 2444 1842 2507 580

162 2539 491 2610 aliquando
520 2539 654 2608 plus
685 2539 916 2609 poterit,
949 2544 1011 2593 ut
1042 2540 1381 2611 subjectum
1404 2541 1733 2596 secundum
1757 2541 1843 2596 di-

163 2628 477 2682 vinitatem
508 2627 718 2682 habeat
749 2628 974 2698 Filium,
1008 2645 1164 2683 nunc
1189 2629 1422 2683 interim
1443 2629 1640 2685 minus
1658 2647 1841 2700 posse

163 2716 506 2772 secundum
538 2717 1078 2788 interpretationem
1135 2722 1395 2773 vestram
1451 2735 1704 2774 necesse
1752 2724 1845 2775 est

168 2806 525 2860 aestimetur.

241 2896 368 2950 166.
401 2894 553 2960 Quid
584 2899 777 2950 autem
811 2896 998 2967 culpae
1021 2898 1368 2952 commeruit
1390 2897 1597 2969 Filius,
1617 2901 1680 2953 ut
1697 2914 1841 2969 pos-

164 2989 262 3040 tea
291 2985 628 3039 secundum
657 2985 1018 3040 divinitatem
1049 2986 1267 3058 subjici
1309 3003 1492 3058 posse
1524 2989 1841 3043 credatur?

162 3074 457 3145 Nunquid
489 3075 815 3128 secundum
848 3071 1083 3130 carnem
1105 3077 1217 3146 (32)
1239 3077 1310 3130 ad
1330 3077 1630 3133 dexteram
1652 3078 1840 3132 Patris

166 3165 390 3218 sedere
404 3163 729 3234 praeripuit,
751 3168 826 3232 et,
843 3165 1024 3219 invito
1039 3167 1230 3235 Patre,
1256 3166 1369 3220 sibi
1386 3168 1841 3240 praerogativam

165 3252 952 3308 Paternisoliivindicavit?
992 3254 1253 3324 Sedipse
1272 3256 1376 3311 ait:
1424 3257 1677 3312 «Omnia
1707 3275 1840 3329 quae

167 3342 393 3413 placita
425 3345 565 3396 sunt
594 3343 668 3412 ei,
695 3342 845 3397 facio
868 3359 1106 3414 semper
1125 3344 1316 3415 (Joan.
1341 3363 1464 3416 Vili,
1489 3346 1600 3417 :29).
1631 3372 1652 3395 υ
1681 3347 1839 3419 Ergo

159 3433 216 3486 si
239 3432 303 3486 in
323 3431 604 3486 omnibus
625 3432 781 3485 Patri
807 3433 1130 3503 complacet
1159 3434 1366 3506 Filius,
1405 3453 1512 3492 cur
1548 3438 1840 3510 subjicie-

157 3525 258 3576 tur
289 3521 394 3592 qui
429 3523 562 3575 ante
586 3520 897 3592 subjectus
931 3539 1048 3577 non
1080 3528 1203 3578 erat
1224 3526 1251 3578 εἶ

235 3607 365 3663 16⁵1.
402 3609 720 3664 Videamus
751 3610 944 3682 itaque
967 3628 1039 3666 ne
1073 3629 1190 3666 non
1222 3613 1544 3670 divinitatis
1579 3617 1695 3688 illa,
1731 3619 1838 3674 sed

159 3703 375 3754 nostra
397 3698 497 3751 ﬁat
516 3699 576 3752 in
596 3697 814 3754 Christi
837 3701 1045 3757 timore
1068 3702 1384 3774 subjectio,
1411 3705 1581 3775 plena
1605 3709 1832 3778 gratim,

159 3793 219 3844 et
247 3789 432 3859 plena
462 3788 744 3858 mysterii.
788 3789 986 3861 Itaque
1035 3808 1248 3847 rursus
1282 3795 1624 3864 Apostolica
1657 3798 1838 3852 verba

160 3878 523 3949 pendamus.
554 3900 575 3924 «ι
601 3875 745 3932 Cum
764 3882 957 3933 autem
972 3879 1264 3952 subjecta,
1284 3883 1496 3954 inquit,
1521 3885 1603 3939 illi
1622 3886 1840 3942 fuerint

161 3969 386 4038 omnia,
413 3970 552 4021 tunc
566 3970 622 4021 et
635 3967 762 4038 ipse
777 3967 1088 4039 subjectus
1115 3971 1226 4025 erit
1246 3972 1300 4026 ei
1317 3973 1419 4043 qui
1439 3974 1556 4028 sibi
1579 3977 1839 4048 subjecit

160 4059 404 4126 omnia;
459 4061 522 4110 ut
579 4057 658 4110 sit
693 4057 852 4112 Deus
886 4059 1080 4113 omnia
1108 4063 1165 4114 et
1212 4062 1270 4115 in
1302 4063 1579 4118 omnibus
1611 4065 1668 4134 (I
1699 4067 1835 4124 Cor.

159 4165 262 4217 xv,
299 4147 416 4216 28).
443 4169 464 4192 η
503 4146 659 4218 Ergo
683 4147 820 4217 quid
845 4147 996 4202 dicis
1013 4151 1041 4202 ?
1071 4149 1242 4204 Nunc
1260 4152 1532 4223 subjecta
1563 4171 1679 4210 non
1702 4162 1840 4212 sunt

163 4239 212 4291 ei
231 4236 476 4292 omnia?
489 4251 606 4289 non
621 4236 876 4307 subjecti
895 4242 1234 4294 sanctorum
1251 4241 1456 4298 chori?
1471 4260 1586 4299 non
1600 4248 1836 4319 Angeli,

163 4327 264 4397 qui
300 4325 364 4379 in
395 4326 574 4379 terris
624 4327 818 4395 posito
858 4327 1268 4383 ministrabant
1319 4331 1558 4400 (Matth.
1593 4352 1671 4404 ιν,
1709 4337 1842 4406 ii)?

163 4431 286 4470 non
317 4413 703 4486 Archangcli,
730 4415 1024 4486 quietiam
1055 4418 1128 4472 ad
1146 4419 1386 4474 Mariam
1406 4422 1694 4479 adventus
1720 4426 1840 4480 Do-

161 4504 368 4558 minici
404 4504 716 4574 praenuntii
750 4504 1126 4561 mittebantur
1147 4508 1308 4575 (Luc.
1330 4527 1367 4580 ι,
1399 4511 1490 4581 26)
1512 4513 1540 4566 εν
1570 4529 1688 4567 non
1711 4530 1839 4569 om-

163 4594 259 4647 nis
289 4593 499 4646 militia
532 4593 794 4647 cmlestis
816 4595 843 4647 ‘?
877 4611 993 4649 non
1033 4595 1352 4652 Cherubim
1411 4603 1468 4654 et
1504 4600 1835 4674 Seraphim,

1951 2093 2225 2147 Nondum
2240 2109 2384 2164 ergo
2401 2092 2714 2163 subjectus
2728 2096 2819 2147 est
2832 2092 3127 2162 Christus,
3154 2093 3330 2164 cujus
3345 2110 3460 2148 non
3475 2099 3615 2149 sunt

1947 2182 2140 2236 adhuc
2171 2182 2434 2236 membra
2465 2180 2757 2252 subjecta.
2785 2180 2930 2235 Cum
2950 2185 3142 2235 autem
3174 2182 3463 2236 fuerimus
3493 2199 3612 2238 non

1951 2271 2127 2324 multa
2162 2270 2442 2338 membra,
2478 2271 2582 2323 sed
2610 2286 2761 2323 unus
2781 2270 3054 2340 spiritus:
3083 2273 3219 2324 tunc
3243 2274 3299 2324 et
3321 2271 3448 2341 ipse
3463 2273 3612 2326 sub-

1945 2357 2143 2431 jectus
2185 2360 2295 2413 erit
2323 2375 2338 2429 ;
2388 2362 2450 2412 ut
2478 2375 2583 2429 per
2613 2358 2805 2429 ipsius
2837 2358 3309 2430 subjectionem:
3345 2361 3420 2414 sit.
3453 2361 3614 2417 Deus

1949 2449 2142 2504 omnia
2173 2453 2229 2503 et
2258 2448 2317 2501 in
2348 2448 2643 2502 omnibus.
2681 2472 2702 2495 η

2023 2539 2144 2594 170.
2180 2538 2549 2593 Sicutautem
2578 2538 2838 2592 nondum
2857 2537 3170 2611 subjectus
3203 2541 3295 2593 est
3312 2539 3608 2609 Christus,

1951 2628 2028 2682 ita
2068 2628 2327 2682 nondum
2359 2627 2685 2698 perfectum
2712 2631 2803 2681 est
2850 2643 3000 2698 opus
3037 2629 3268 2698 Patris;
3301 2629 3435 2699 quia
3469 2629 3616 2683 dixit

1955 2716 2140 2772 Filius
2189 2717 2323 2772 Dei:
2373 2741 2394 2764 «
2433 2716 2601 2770 Meus
2633 2716 2803 2771 cibus
2837 2721 2929 2771 est
2967 2720 3028 2771 ut
3066 2717 3279 2772 faciam
3319 2710 3456 2773 581
3507 2735 3615 2773 vo-

1954 2807 2237 2861 luntatem
2268 2805 2458 2860 Patris
2478 2805 2589 2860 mei
2613 2805 2712 2876 qui
2737 2821 2828 2860 me
2852 2806 3029 2876 misit,
3056 2810 3110 2861 et
3133 2807 3433 2877 perficiam
3465 2823 3616 2877 opus

1954 2895 2090 2967 ejus
2123 2896 2312 2966 (Joan.
2347 2912 2424 2965 1v,
2459 2895 2570 2964 34).
2609 2917 2629 2942 »
2665 2893 2815 2960 Quid
2872 2895 3054 2968 igitur
3107 2897 3458 2966 quaestionis
3503 2901 3614 2967 est,

1953 2988 2089 3058 quia
2113 2989 2170 3041 in
2203 3002 2293 3040 me
2325 2985 2435 3040 erit
2465 2984 2598 3039 Filii
2627 2983 2944 3054 subjectio,
2979 2986 3039 3038 in
3061 3001 3178 3056 quo
3203 2986 3617 3056 imperfectum

1953 3081 2046 3132 est
2062 3092 2211 3147 opus
2232 3075 2457 3146 Patris;
2493 3074 2628 3144 quia
2646 3090 2763 3128 non
2784 3089 2917 3127 sum
2940 3073 3068 3144 ipse
3086 3075 3386 3144 perfectus
3409 3077 3435 3129 ἱ)
3459 3075 3617 3147 Ergo

1954 3167 2052 3238 qui
2083 3165 2490 3236 imperfectum
2520 3180 2669 3234 opus
2688 3163 2839 3217 facio
2857 3164 3070 3232 Patris,
3089 3164 3218 3234 ipse
3241 3163 3618 3219 Filiumfacio

1955 3270 2092 3311 esse
2117 3251 2454 3326 subjectum
2471 3255 2498 3307 ‘?
2537 3252 2652 3306 Sed
2677 3268 2794 3306 non
2816 3255 2908 3306 est
2949 3251 3166 3323 injuria
3189 3253 3320 3323 ista,
3348 3253 3453 3307 sed
3477 3270 3619 3325 gra-

1957 3301 2090 3311 *νν-
2117 3301 2454 3326 ”“¹“’ὒ“’“’“”““
2478 3301 2489 3307 “
2538 3301 2652 3306 ⁷“⁷”““
2677 3301 2794 3306 —'—
2821 3301 2905 3306 ⁷⁷⁷
2949 3301 3166 3323 “““Ι“”““’”
3190 3301 3320 3323 ⁷⁷⁷⁷⁷1
3349 3301 3453 3307 ⁷⁷-
3477 3301 3584 3325 Ο“““

1874 3301 1930 3372 c
1952 3347 2030 3401 tia
2057 3361 2071 3415 ;
2105 3345 2240 3416 quia
2272 3344 2331 3398 in
2354 3359 2423 3398 eo
2446 3342 2603 3414 quod
2625 3340 3000 3413 subjicimur,
3025 3345 3229 3397 noster
3249 3343 3471 3413 utique,
3498 3359 3617 3404 non

1953 3434 2275 3490 divinitatis
2309 3436 2400 3487 est
2429 3431 2732 3503 profectus
2758 3447 2772 3501 ;
2804 3435 2867 3484 ut
2897 3430 3288 3502 subjiciamur
3319 3431 3458 3504 legi,
3485 3433 3621 3486 sub-

1944 3525 2226 3596 jiciamur
2247 3524 2473 3595 gratiae.
2499 3521 2785 3585 Quoniam
2801 3523 2955 3589 ante,
2977 3521 3128 3575 sicut
3149 3521 3276 3590 ipse
3296 3521 3441 3574 dixit
3465 3523 3619 3592 Apo-

1953 3615 2166 3683 stolus,
2227 3612 2512 3682 sapientia
2570 3611 2767 3666 carnis
2825 3610 3061 3664 inimica
3110 3613 3234 3666 erat
3283 3611 3342 3665 in
3394 3611 3614 3666 Deum:

1956 3729 1978 3757 ι
2014 3707 2158 3778 Legi
2191 3705 2348 3759 enim
2368 3718 2484 3756 non
2508 3704 2631 3755 erat
2649 3701 2881 3755 subdita
2905 3702 3091 3771 (Rom.
3125 3717 3246 3770 vm,
3281 3699 3334 3770 7)
3363 3717 3374 3756 :
3414 3725 3434 3748 η
3463 3717 3619 3756 nunc

1952 3799 2145 3851 autem
2172 3793 2296 3866 jam
2324 3807 2431 3863 per
2459 3789 2680 3845 Christi
2711 3793 2804 3844 est
2835 3790 3070 3844 subdita
3099 3789 3463 3861 passionem.

2573 3899 2825 3956 CAPUT
2851 3898 3005 3954 XIV.

1953 4011 2350 4084 Prosequitur
2372 4013 2623 4084 emptam
2646 4006 3078 4084 difficultatem,
3102 4013 3158 4084 et
3185 4007 3488 4084 Christum
3510 4023 3621 4063 non

2025 4086 2146 4138 nisi
2162 4079 2479 4138 secundum
2495 4095 2733 4134 carnem
2747 4079 3073 4151 subjectum
3087 4080 3284 4134 docet:
3311 4081 3420 4134 sed
3433 4098 3620 4151 ipsum

2023 4157 2156 4211 dum
2171 4170 2352 4209 carne
2363 4152 2786 4222 subjiceretur,
2791 4150 3127 4221 praebuisse
3143 4157 3334 4205 tamen
3354 4150 3524 4222 signa
3539 4153 3623 4205 di-

2032 4227 2320 4280 vinitatis.
2355 4225 2708 4294 Itepugnare
2739 4230 2796 4275 ut
2818 4222 3138 4276 secundum
3163 4223 3313 4276 hanc
3330 4222 3618 4293 subjicia-

2027 4305 2154 4353 tur:
2192 4293 2613 4351 humanitatem
2639 4310 2778 4347 vero
2799 4309 2964 4364 quam
2987 4293 3308 4364 adoptavit,
3335 4295 3418 4346 ita
3438 4295 3498 4346 in
3522 4311 3620 4348 uo-

2025 4370 2123 4424 bis
2144 4368 2441 4423 subditam
2461 4381 2616 4433 esse,
2643 4364 3014 4437 quepaetojn
3040 4364 3243 4418 eadem
3266 4365 3407 4437 ejus;
3422 4365 3619 4437 buma-

2028 4441 2216 4495 nitate
2239 4439 2539 4494 exaltatur
2569 4443 2627 4491 et
2651 4434 2883 4490 'uos’tra.
2914 4435 3182 4506 Denique
3215 4434 3442 4506 quando
3465 4434 3621 4488 futu-

2026 4529 2094 4566 ra
2125 4513 2206 4566 sit
2237 4511 2440 4566 eadem
2471 4509 2572 4562 illa
2608 4507 2841 4561 Christi
2857 4505 3164 4577 subjectio,
3191 4505 3542 4576 eirplicatur.

2027 4600 2148 4657 171.
2183 4601 2253 4655 Et
2284 4607 2476 4653 tamen
2506 4613 2578 4651 ne
2609 4597 2745 4668 quis
2805 4594 3210 4662 calumnietur,
3255 4594 3446 4648 videte
3477 4594 3619 4665 quid

162 4698 285 4737 non
320 4682 546 4736 Throni
578 4685 634 4736 et
663 4683 1104 4740 Dominationes
1122 4691 1178 4740 et
1205 4687 1558 4761 Potestates,
1584 4667 1717 4764 quae
1741 4667 1839 4749 ve;
1869 4667 1927 4732 D
1954 4693 2236 4751 divinitus
2269 4689 2569 4759 inspirans
2601 4667 2901 4754 Scriptura
2934 4684 3319 4753 praecaverit;
3362 4684 3620 4738 ostendit

162 4775 456 4827 nerantur
485 4773 542 4824 et
571 4771 847 4826 laudant?

238 4860 366 4915 168.
402 4858 706 4924 Quomodo
740 4877 884 4934 ergo
915 4863 1187 4936 subjecta
1235 4871 1452 4923 erunt?
1509 4871 1608 4926 Sic
1639 4873 1838 4945 utique

164 4950 668 5020 quemadmodum
690 4951 818 5020 ipse
837 4953 1122 5010 Dominus
1144 4955 1290 5010 dixit
1313 4973 1326 5012 :
1356 4981 1377 5005 u
1405 4960 1840 5035 Tollitejugum

164 5053 366 5092 meum
385 5055 571 5109 super
589 5057 700 5094 vos
724 5042 962 5110 (Matth.
988 5061 1046 5113 κ,
1067 5045 1186 5114 29);
1221 5070 1242 5093 »
1265 5063 1382 5102 non
1401 5049 1555 5103 enim
1575 5051 1838 5107 indomiti

159 5127 384 5199 jugum
418 5133 670 5198 portant,
704 5131 809 5184 sed
855 5131 1110 5187 humiles
1143 5138 1316 5206 atque
1348 5141 1660 5196 mansueti.
1697 5141 1839 5199 Haec

166 5222 262 5272 est
284 5217 458 5288 plane
477 5217 592 5287 (33)
614 5234 721 5273 nec
739 5220 888 5290 ipsis
911 5221 1250 5279 hominibus
1274 5226 1554 5297 vilis,sed
1577 5231 1841 5302 gloriosa

240 5359 356 5430 (82)
415 5359 634 5416 Omnes
695 5363 914 5443 edit.,_u
978 5368 1305 5422 secundum
1352 5371 1752 5443 divinitatem;
1809 5399 1830 5423 η

161 5446 378 5517 omnes
403 5448 584 5517 mss.,
623 5437 1006 5517 «secundum
1037 5455 1292 5517 carnem.
1334 5465 1356 5490 »
1389 5437 1838 5517 Consequenter

162 5507 366 5583 autem
403 5504 764 5583 Ro_m.__edit._
805 5522 941 5583 cum
976 5511 1201 5583 paucis
1250 5528 1421 5583 mss.,
1488 5537 1508 5564 α
1544 5504 1624 5570 ιη’
1652 5517 1834 5573 invito

161 5575 413 5701 illatae?
446 5576 790 5648 vindicaret,
829 5599 850 5629 ι
887 5575 1248 5638 ubi-caeteras
1278 5600 1346 5639 ac
1376 5575 1578 5657 plures
1597 5605 1744 5646 mss.
1778 5594 1838 5645 ut

327 5664 366 5701 χ
396 5663 453 5701 u.

165 5661 233 5702 ω
267 5661 453 5703 textu.

242 5716 358 5795 (33)
389 5718 473 5776 Ita
505 5735 652 5777 mss.
685 5720 889 5797 plures
947 5726 1004 5781 et
1049 5726 1334 5805 potiores,
1379 5729 1496 5789 nisi
1543 5733 1701 5810 quod
1733 5750 1841 5811 pro

1955 4784 2110 4840 enim
2140 4780 2315 4836 nobis
2346 4778 2406 4831 in
2438 4791 2554 4846 quo
2569 4772 2879 4844 subjectus
2910 4771 3459 4841 eritDeoChristus,
3481 4773 3621 4828 dum

1956 4875 2128 4928 docet
2147 4871 2206 4924 in
2227 4884 2343 4941 quo
2363 4866 2478 4921 sibi
2501 4864 2780 4918 universa
2804 4860 3149 4931 subjecerit.
3175 4862 3429 4932 Ideoque
3447 4863 3615 4918 dicit:

1961 4987 1982 5011 (ι
2007 4962 2179 5017 Nune
2191 4962 2384 5013 autem
2400 4971 2518 5008 non
2538 4952 2808 5006 videmus
2827 4951 3020 5005 omnia
3042 4951 3092 5004 ei
3113 4950 3382 5022 subjecta
3406 4952 3616 5020 (Hebr.

1957 5070 2017 5123 ιι,
2050 5051 2125 5122 8).
2158 5073 2178 5097 »ι
2213 5047 2360 5101 Nam
2383 5043 2556 5115 paulo
2585 5042 2783 5095 minus
2801 5056 2974 5111 quam
2996 5040 3245 5111 angelos
3268 5040 3620 5098 minoratum

1955 5142 2214 5196 vidimus
2244 5137 2448 5191 Jesum
2482 5135 2722 5204 propter
2741 5131 3080 5202 passionem
3103 5131 3330 5185 mortis.
3354 5130 3623 5188 Ostendit

1956 5231 2149 5302 itaque
2173 5226 2458 5282 minorem
2477 5222 2695 5276 factum
2712 5221 2772 5274 in
2791 5223 2988 5277 carnis
3016 5222 3415 5292 susceptione.
3448 5222 3619 5288 Quid.

1946 5372 2144 5446 plane,
2181 5371 2240 5425 in
2269 5364 2570 5423 nonnullis
2609 5364 2836 5446 legitur
2874 5364 3050 5446 plena
3075 5384 3092 5419 :
3127 5363 3348 5446 reliqui
3384 5365 3619 5446 veronut

1954 5435 2091 5500 edit.
2125 5435 2332 5497 omnes
2365 5455 2488 5510 prae
2514 5454 2581 5490 se
2605 5435 2819 5505 feriunt,
2845 5435 3018 5492 (Nec
3051 5441 3143 5492 est
3171 5435 3339 5507 plane
3358 5436 3613 5507 angelis,

1952 5532 2061 5572 nec
2093 5515 2244 5584 ipsis
2277 5510 2642 5584 hominibus,
2679 5529 2705 5558 »
2741 5512 2853 5562 etc.

2022 5578 2136 5656 (34)
2169 5578 2654 5656 Nonnulli_m_ss.,
2694 5603 2715 5656 ει
2741 5595 2870 5656 non
2901 5578 3178 5656 domabili
3207 5578 3375 5650 jugo,
3421 5601 3441 5626 »
3479 5579 3616 5656 c_tc.;

1951 5651 2190 5715 minime
2219 5655 2393 5724 male,
2427 5653 2476 5708 si
2512 5651 2795 5708 domabili
2825 5667 2960 5707 cum
2992 5653 3252 5724 cervice,
3278 5664 3395 5706 non
3424 5652 3618 5707 autem

1956 5743 2089 5790 cum
2108 5730 2259 5811 jugo
2291 5729 2537 5785 constru
2600 5737 2692 5782 ur.
