3982 6174
468 375 582 434 711

1927 371 1993 434 S.
2043 370 2170 434 AM
2184 364 2483 436 BROSII.

3733 375 3822 448 712

473 572 655 643 igitur
684 571 928 642 impedit
965 572 1107 643 quin
1165 571 1338 626 etiam
1381 570 1815 644 subjectionem
1846 573 1906 627 in
1937 572 2133 627 carnis
2161 554 2220 614 Α
2252 586 2386 626 mus
2417 573 2474 626 et
2502 571 2822 644 imaginem
2851 570 3034 644 hujus
3066 571 3326 626 caelestis
3355 573 3408 640 (Ι
3435 578 3554 630 Cor.
3585 596 3670 650 xv,
3697 582 3788 651 49).
3810 613 3825 631 ι,

473 661 855 731 susceptione
880 660 1198 733 signiﬁcet,
1223 677 1329 732 per
1358 678 1530 733 quam
1567 661 1846 732 subjiciet
1877 661 1993 716 sibi
2016 660 2144 715 omé

471 749 589 816 nia,
625 751 764 804 dum
796 750 855 803 in
888 750 1016 820 ipsa
1048 750 1206 804 Patri
1239 751 1360 805 Deo
1393 753 1484 806 est
1515 751 1642 821 ipse
1673 751 1984 822 subjectus
2007 753 2033 804 ἵ)

545 838 668 892 1'72.
702 838 1166 893 Consideremus
1224 841 1422 912 itaque
1481 840 1616 910 ejus
1667 839 2138 909 subjectionem:

480 949 502 973 ιι
538 927 732 998 Pater,
765 927 972 998 inquit,
999 943 1188 997 meus,
1214 929 1400 998 sivis,
1426 929 1686 983 transfer
1715 928 1959 982 calicem
1989 928 2145 982 hunc

478 1031 509 1069 a
543 1031 674 1070 me:
708 1031 916 1070 verum
945 1031 1064 1070 non
1093 1033 1218 1071 mea
1251 1017 1568 1083 voluntate,
1595 1018 1701 1071 sed
1724 1022 1818 1072 tua
1852 1017 1948 1070 fiat
1978 1017 2144 1086 (Luc.

479 1121 626 1174 χχιι,
641 1105 752 1175 42).
776 1129 796 1151 »
817 1104 976 1176 Ergo
1000 1107 1326 1160 secundum
1346 1106 1618 1160 humanae
1631 1109 1856 1160 naturae
1877 1121 2148 1175 assump-

479 1195 700 1250 tionem
720 1195 832 1248 erit
853 1193 948 1248 illa
963 1193 1262 1266 subjectio
1281 1211 1294 1264 ;
1315 1197 1449 1266 quia
1471 1197 1625 1249 sicut
1643 1195 1927 1265 legimus:
1959 1218 1979 1241 α
2005 1194 2148 1263 Spe-

481 1283 569 1337 cie
593 1283 868 1337 inventus
885 1283 1152 1348 uthomo,
1174 1283 1503 1338 humiliavit
1529 1284 1937 1354 semetipsum,
1956 1283 2148 1335 factus

484 1372 774 1426 obediens
804 1387 997 1442 usque
1019 1372 1089 1424 ad
1111 1377 1354 1426 mortem
1377 1373 1558 1432 (Phil.
1586 1390 1646 1441 ιι,
1672 1375 1725 1441 8)
1765 1396 1786 1419 ι»
1817 1389 1827 1426 :
1855 1371 2150 1442 subjectio

483 1461 684 1532 utique
719 1460 1071 1515 obcdientiae
1104 1465 1214 1529 est,
1250 1461 1582 1516 obedientia
1613 1461 1842 1531 mortis,
1879 1477 2042 1515 mors
2065 1475 2154 1514 as-

485 1550 842 1620 sumptionis
873 1549 1185 1618 humanae;
1227 1550 1654 1619 assumptionis
1704 1567 1848 1621 ergo
1879 1550 2150 1604 humaan

485 1639 597 1694 erit
627 1639 724 1692 illa
757 1637 1074 1708 subjectio.
1109 1639 1493 1709 Nequaquam
1513 1639 1694 1710 igitur
1715 1639 2036 1692 divinitatis
2061 1639 2150 1691 in-

487 1727 758 1796 ﬁrmitas,
792 1727 898 1780 sed
930 1727 1294 1797 dispensatio
1327 1727 1438 1781 ista
1473 1729 1705 1798 pietatis
1738 1733 1848 1782 cst.

2251 659 2416 724 Quod
2475 659 2674 730 utique
2708 659 2829 714 nisi
2885 676 2994 731 per
3031 660 3364 716 interiorem
3394 679 3501 719 non
3528 670 3696 736 potest
3719 686 3828 726 eve-

2251 749 2397 802 nire.
2452 749 2830 819 Deponentes
2889 749 3075 821 igitur
3119 750 3410 821 universa,
3464 753 3568 808 hoc
3619 763 3713 826 est,
3761 760 3833 814 illa

2251 853 2383 908 qum
2405 837 2662 908 legimus
2689 854 2700 894 :
2737 861 2759 884 α
2785 839 2955 908 Iram,
2982 839 3424 910 animositatem,
3453 842 3829 916 blasphemiam,

2249 927 2670 996 turpiloquium
2694 927 3046 998 (001053.111,
3089 928 3144 997 8)
3167 944 3182 998 ;
3210 953 3231 976 ι»
3251 932 3306 983 et
3333 931 3476 984 sicut
3505 932 3642 986 infra
3662 934 3836 991 dictum

2251 1018 2374 1069 est:
2415 1038 2435 1060 α
2473 1015 2890 1086 Exspoliantes
2922 1033 3033 1072 nos
3059 1020 3323 1072 veterem
3345 1035 3470 1074 cum
3498 1022 3703 1076 actibus
3723 1027 3838 1094 suis,

2251 1103 2566 1159 induamus
2624 1121 2864 1176 novum,
2913 1107 3015 1178 qui
3071 1110 3387 1162 renovatur
3438 1109 3493 1162 in
3522 1112 3844 1182 agnitionem,

2255 1194 2584 1248 secundum
2619 1195 2934 1267 imaginem
2969 1195 3102 1268 ejus
3135 1197 3234 1268 qui
3295 1199 3511 1252 creavit
3564 1215 3680 1253 eum
3709 1201 3846 1270 (Ibid.

2253 1283 2307 1350 9,
2342 1283 2450 1351 ιο).
2489 1306 2510 1330 ι,

2328 1371 2452 1425 1’77.
2485 1371 2556 1425 Et
2587 1375 2651 1426 ut
2681 1372 2894 1442 scires,
2929 1373 3066 1444 quia
3097 1389 3230 1429 cum
3279 1375 3452 1431 dicit:
3492 1401 3510 1420 ιι
3561 1377 3630 1431 L't
3657 1378 3703 1430 si
3730 1379 3851 1433 Deus

2256 1461 2449 1514 omnia
2481 1463 2537 1514 et
2568 1461 2626 1514 in
2657 1461 2932 1516 omnibus
2963 1462 3020 1532 (Ι
3049 1462 3185 1518 Cor.
3206 1481 3306 1532 xv,
3337 1465 3446 1535 28),
3486 1489 3505 1511 η
3537 1482 3568 1519 a
3597 1466 3705 1521 Deo
3724 1467 3852 1522 Patre

2258 1565 2376 1603 non
2406 1553 2641 1620 separet
2671 1553 2726 1604 et
2753 1549 3076 1622 Christum,
3096 1553 3225 1623 ipse
3242 1553 3316 1607 ad
3337 1553 3712 1610 Colossenses
3727 1553 3852 1610 dicit:

2266 1662 2287 1687 α
2325 1639 2440 1692 Ubi
2470 1655 2589 1693 non
2617 1639 2941 1710 masculus,
2977 1639 3185 1712 inquit,
3221 1645 3278 1696 et
3317 1642 3546 1707 femina,
3579 1644 3789 1698 Judaeus
3819 1648 3856 1697 et

2263 1728 2530 1798 Graecus,
2563 1727 2862 1792 Barbarus
2895 1731 2950 1783 ct
2980 1727 3216 1800 Scytha,
3252 1747 3467 1785 servus
3506 1735 3559 1785 et.
3586 1732 3752 1787 liber:
3783 1734 3860 1786 sed

561 1816 846 1870 i73.\'ide
863 1831 1036 1886 quam
1060 1832 1178 1870 non
1201 1816 1434 1870 timeam
1459 1833 1658 1870 eorum
1687 1817 2146 1888 propositiones.
2178 1794 2232 1857 Β
2265 1817 2459 1872 omnia
2489 1819 2546 1872 et
2574 1819 2634 1871 in
2687 1817 2964 1872 omnibus
3027 1817 3304 1874 Christus
3337 1819 3581 1890 (Coloss.
3615 1839 3688 1890 ιιι,
3735 1820 3820 1888 11).
3847 1849 3860 1866 ρ

488 1906 573 1960 Illi
609 1905 899 1976 objiciunt
929 1905 1371 1976 subjiciendum
1395 1906 1546 1960 Patri
1573 1907 1712 1974 Deo,
1739 1922 1852 1978 ego
1874 1907 2009 1978 lego
2033 1905 2152 1960 Ma-

484 1995 595 2050 riae
629 1994 929 2049 subditum
958 1996 1126 2048 matri
1155 2009 1168 2064 ;
1189 1995 1326 2065 quia
1345 1995 1628 2064 scriptum
1651 1996 1834 2050 estde
1853 1995 2074 2065 Joseph
2098 1997 2154 2048 et

491 2084 704 2153 Maria;
741 2105 762 2134 ε
799 2083 871 2137 Et
901 2087 1026 2137 erat
1056 2083 1334 2137 subditus
1366 2084 1445 2137 illi
1471 2085 1632 2152 (an.
1669 2103 1726 2154 ιι,
1759 2085 1868 2140 Si).
1907 2109 1926 2131 υ
1961 2087 2070 2137 Aut
2101 2085 2154 2136 si

489 2173 602 2228 hoc
654 2175 876 2243 putant,
929 2173 1128 2226 dicant
1185 2173 1323 2244 quia
1355 2173 1694 2227 hominibus
1727 2180 1850 2227 erat
1883 2173 2154 2244 subjecta

493 2262 793 2316 divinitas.

563 2351 685 2405 1’74.
712 2351 846 2405 Non
865 2349 1048 2422 igitur
1065 2349 1415 2422 prtejudieet
1437 2352 1571 2422 quia
1587 2351 1897 2423 subjectus
1921 2351 2152 2422 dicitur,

494 2441 587 2496 cui
621 2456 737 2494 non
756 2439 1124 2510 przejudicat,
1150 2439 1286 2510 quia
1308 2455 1522 2494 servus
1549 2441 1782 2512 legitur,
1808 2441 1942 2511 quia
1967 2441 2156 2494 cruci-

493 2530 650 2584 ﬁxus
673 2529 980 2598 asseritur,
1006 2531 1274 2582 mortuus
1292 2529 1669 2598 praedicatur.
1693 2529 1947 2594 Quicum
1970 2545 2158 2584 more-

493 2623 676 2686 retur,
709 2617 982 2685 vivebat;
1018 2633 1150 2671 cum
1210 2616 1629 2689 subjiceretur,
1673 2620 1988 2691 regnabat:
2026 2636 2158 2672 cum

495 2707 864 2778 sepeliretur,
887 2705 1282 2760 resuscitabat
1307 2722 1320 2775 ;
1345 2722 1413 2760 ac
1437 2707 1772 2778 subjectum
1797 2725 1862 2762 se
1885 2709 2158 2778 potestati

493 2796 795 2868 praebebat
813 2795 1106 2859 humanae,
1131 2795 1278 2849 alias
1297 2811 1365 2850 se
1389 2796 1694 2850 Dominum
1713 2797 2038 2868 majestatis
2053 2797 2159 2851 dc-

496 2886 755 2942 clarabat
785 2889 1042 2940 aeternae.
1081 2885 1220 2940 Erat
1250 2885 1364 2939 sub
1389 2884 1614 2957 judice,
1650 2889 1707 2940 et
1754 2887 1823 2940 ad
1859 2887 2159 2940 dexteram

498 2975 604 3031 Dei
616 2975 830 3030 solium
845 2974 960 3028 sibi
971 2973 993 3045 j
1005 2975 1158 3028 udex
1172 2977 1491 3045 perpetuus
1508 2974 2053 3045 vindicabat.Script
2065 2991 2158 3028 um

2264 1907 2424 1979 Ergo
2457 1909 2630 1960 etiam
2661 1907 2732 1960 ad
2791 1906 3130 1962 Corinthios
3187 1908 3435 1964 dicens:
3505 1932 3526 1956 ει
3576 1909 3648 1964 Ut
3673 1910 3721 1964 si
3746 1909 3867 1964 Deus

2264 1997 2458 2051 omnia
2486 1999 2544 2050 et
2571 1995 2632 2050 in
2663 1996 2960 2065 omnibus,
2997 2016 3020 2046 ιι
3059 2001 3114 2050 et
3138 1998 3418 2052 unitatem
3451 2001 3506 2052 et
3537 1998 3866 2068 aequalitatem

2263 2102 2395 2140 cum
2440 2085 2561 2140 Deo
2587 2083 2754 2138 Patre
2805 2085 3153 2156 complexus
3189 2090 3283 2141 cst
3321 2087 3540 2141 Christi
3565 2089 3722 2158 ;quia
3739 2103 3825 2140 nec
3847 2103 3869 2138 ιι

2265 2175 2434 2229 Patre
2477 2173 2663 2228 Filius
2724 2179 3053 2244 separatur.
3089 2175 3161 2230 Et
3215 2177 3494 2232 similiter
3551 2179 3696 2231 sicut
3740 2177 3874 2229 Pater

2265 2265 2460 2319 omnia
2489 2265 2546 2318 et
2576 2265 2634 2316 in
2668 2264 2964 2334 omnibus,
3000 2266 3076 2319 ita
3123 2265 3320 2320 omnia
3363 2267 3422 2320 in
3455 2265 3718 2321 omnibus
3745 2264 3876 2319 etiam

2264 2353 2538 2408 Christus
2572 2356 2869 2424 operatur.
2903 2353 2964 2408 Si
2999 2369 3112 2426 ego
3149 2355 3428 2409 Christus
3461 2371 3687 2426 quoque
3717 2355 3766 2406 in
3791 2369 3879 2406 om-

2265 2443 2443 2497 nibus
2507 2443 2701 2498 omnia
2760 2447 3039 2513 operatur
3069 2443 3124 2514 (I
3153 2443 3290 2498 Cor.
3329 2462 3432 2513 xu,
3467 2446 3543 2514 6),
3577 2460 3688 2498 non
3724 2443 3876 2512 utique

2265 2532 2326 2586 in
2356 2531 2678 2586 divinitatis
2709 2531 3017 2602 majestate
3049 2533 3366 2603 subjectus
3387 2537 3500 2602 est,
3527 2533 3630 2587 sed
3649 2534 3704 2586 in
3729 2530 3882 2584 nobis.

2266 2621 2570 2686 Quomodo
2603 2623 2793 2674 autem
2828 2621 3140 2693 subjectus
3172 2625 3228 2676 et
3250 2623 3312 2676 in
3343 2623 3542 2690 nobis,
3570 2622 3676 2675 nisi
3705 2637 3766 2675 eo
3793 2635 3882 2672 mo-

2264 2711 2338 2765 do
2371 2727 2486 2781 quo
2518 2711 2712 2765 minor
2739 2711 2971 2782 angelis
3002 2710 3196 2765 factus
3227 2715 3342 2781 est,
3379 2712 3440 2766 in
3476 2712 3672 2782 corpis
3703 2710 3890 2764 scilicet

2266 2801 2675 2854 sacramento?
2708 2799 2773 2852 In
2805 2815 2875 2854 00
2906 2801 3063 2854 enim
3122 2801 3390 2856 nondum
3424 2800 3689 2872 subjecta
3721 2799 3765 2852 ei
3793 2813 3888 2852 om-

2265 2889 2361 2943 nia
2391 2887 2762 2960 videbantur,
2797 2905 2930 2960 quae
2992 2890 3244 2944 creatori
3287 2907 3404 2945 suo
3439 2906 3471 2943 a
3505 2888 3778 2962 principio
3825 2885 3892 2940 sui

2264 2979 2466 3049 utique
2497 2978 2854 3034 serviebant.

497 3069 587 3120 est
615 3065 903 3134 denique:
951 3087 971 3108 «
999 3063 1228 3118 Amodo
1251 3063 1531 3117 videbitis
1573 3064 1757 3118 Filius
1779 3064 2035 3118 hominis
2060 3080 2160 3119 se-
2191 3049 2242 3112 Ο
2339 3067 2461 3120 178.
2495 3065 2661 3132 Quod
2693 3067 2746 3121 si
2777 3067 3095 3138 quaesieris
3119 3069 3628 3140 quemadmodum
3649 3067 3722 3124 sit
3739 3063 3900 3136 subje-

496 3155 730 3209 dentem
757 3153 830 3207 ad
861 3153 1164 3208 dexteram
1211 3153 1446 3206 virtutis
1495 3153 1618 3222 Dei,
1655 3158 1709 3206 et
1740 3155 2072 3208 venientem
2101 3155 2163 3210 in

495 3243 756 3298 nubibus
789 3241 920 3296 coeli
966 3242 1210 3311 (Matth.
1243 3258 1408 3312 xxvx,
1442 3241 1506 3295 64
1540 3285 1550 3296 .
1590 3267 1610 3289 ν
1652 3243 1968 3312 \‘apulaba‘.
1999 3263 2028 3295 ιι
2065 3244 2164 3297 Ju-

497 3333 667 3402 daeis,
702 3331 1025 3402 imperabat
1056 3331 1290 3403 angelis
1317 3347 1330 3385 :
1357 3335 1528 3384 natus
1566 3325 1710 3387 582
1743 3349 1814 3386 ex
1849 3334 2026 3386 Maria
2051 3336 2163 3388 sub

495 3423 631 3493 lege
663 3425 806 3491 erat,
839 3423 972 3475 ante
1009 3420 1306 3474 Abraham
1339 3436 1518 3490 supsa
1552 3421 1741 3489 legem
1792 3425 1912 3476 erat
1946 3422 2162 3481 (finiit.

499 3527 579 3580 1v,
609 3510 685 3579 4).
718 3509 782 3562 In
813 3525 990 3564 cruce
1047 3507 1424 3564 venerandus
1487 3516 1641 3562 natu:
1663 3529 1690 3562 ιι
1717 3527 1726 3564 :
1791 3511 2044 3581 denique
2076 3513 2168 3566 sol

499 3599 900 3670 refugit,terra
915 3598 1704 3668 contremuit,conticuerunt
1718 3601 1912 3672 angeli
1927 3601 2166 3668 (Matth.

498 3705 681 3757 xvvn,
716 3686 827 3754 51).
859 3687 1046 3758 Cujus
1079 3688 1259 3759 igitur
1288 3687 1630 3757 passionem
1649 3689 1935 3744 elementa
1964 3691 2166 3745 videre

499 3778 836 3845 timuerunt,
871 3775 1056 3846 hujus
1101 3777 1544 3848 generationem
1575 3778 1780 3833 videre
1810 3781 2168 3849 potuerunt?

503 3865 575 3919 Et
605 3865 663 3918 in
696 3880 812 3934 quo
845 3864 1280 3935 subjectionem
1331 3867 1601 3936 corporis
1640 3884 1758 3922 non
1800 3869 2076 3938 tulerunt,
2109 3870 2170 3924 in

503 3969 573 4008 eo
607 3953 1042 4024 subjectionem
1076 3957 1303 4008 naturae
1353 3955 1712 4010 venerabilis
1745 3958 2172 4013 sustinebunt?

575 4043 698 4096 1'75.
732 4042 848 4096 Sed
880 4057 1012 4096 cum
1047 4043 1222 4097 unius
1247 4047 1472 4098 naturae
1504 4044 1623 4098 sint
1645 4045 1884 4100 Pateret
1905 4047 2090 4102 Filius
2113 4051 2171 4102 et

504 4132 760 4202 Spiritus
820 4133 1086 4200 sanctus,
1144 4132 1346 4202 utique
1396 4149 1514 4187 non
1544 4134 1654 4188 erit
1689 4135 1860 4188 Pater
1889 4137 2004 4190 sibi
2037 4137 2166 4208 ipse

505 4220 839 4292 subjectus.
874 4219 945 4274 Et
972 4220 1105 4274 ideo
1137 4236 1254 4274 non
1287 4222 1396 4274 erit
1425 4222 1483 4274 in
1516 4238 1586 4276 eo
1619 4222 1930 4294 subjectus
1956 4225 2161 4296 Filius,

2268 3159 2398 3211 ctus
2437 3157 2497 3210 in
2527 3156 2721 3227 nobis,
2755 3157 2886 3228 ipse
2941 3159 3198 3212 ostendit
3225 3158 3488 3214 dicens:
3556 3183 3577 3205 «ι
3615 3159 3675 3212 in
3705 3168 3900 3210 carcere

2267 3262 2448 3314 eram,
2485 3249 2541 3300 et
2569 3247 2821 3300 venistis
2840 3247 2913 3300 ad
2935 3262 3056 3301 me:
3079 3247 3356 3303 inﬁrmus
3377 3264 3566 3318 eram,
3595 3242 3903 3302 etvisitastis

2267 3352 2381 3390 me.
2410 3335 2576 3400 Quod
2599 3336 2756 3389 enim
2776 3337 2875 3389 uni
2902 3335 3111 3390 horum
3135 3337 3528 3393 minimorum
3545 3337 3784 3404 fecistis,
3800 3333 3905 3387 mihi

2267 3425 2498 3479 fecistis
2528 3423 2766 3492 (Matth.
2809 3441 2950 3492 xxv,
2984 3425 3074 3495 30,
3109 3425 3220 3495 37).
3262 3451 3284 3474 υ
3333 3427 3646 3482 Inﬁrmum
3675 3423 3845 3489 audis,
3869 3421 3909 3473 et

2267 3529 2386 3568 non
2409 3515 2668 3568 moveris
2691 3529 2702 3568 :
2739 3513 3078 3584 subjectum
3103 3515 3298 3585 audis,
3321 3519 3382 3570 et
3404 3516 3677 3572 moveris
3703 3531 3717 3584 ;
3749 3509 3911 3566 cumin

2269 3618 2340 3658 eo
2373 3603 2664 3672 inﬁrmus,
2697 3601 2756 3654 in
2787 3617 2905 3672 quo
2937 3601 3272 3674 subjectus,
3311 3605 3373 3659 in
3401 3621 3524 3676 quo
3559 3605 3840 3676 peccatum
3857 3601 3913 3650 at-

2270 3707 2384 3763 que
2417 3690 2789 3745 maledictum
2823 3707 2930 3760 pro
2960 3691 3134 3746 nobis
3167 3692 3370 3749 factus
3406 3697 3524 3749 est.

2342 3779 2464 3835 179.
2491 3780 2654 3834 Sicut
2673 3780 2856 3852 igitur
2876 3797 2992 3835 non
3030 3785 3272 3852 prepter
3313 3799 3410 3853 se,
3444 3783 3556 3838 sed
3579 3785 3808 3854 prOpter
3831 3790 3913 3830 nos

2272 3873 2578 3942 peccatum
2602 3871 2776 3940 atque
2800 3870 3173 3924 maledictum
3203 3871 3409 3928 factus
3445 3877 3573 3928 est:
3605 3873 3680 3926 ita
3711 3885 3815 3924 non
3841 3878 3920 3936 pro

2271 3976 2358 4030 se,
2395 3959 2502 4014 sed
2560 3975 2668 4029 pro
2729 3959 2904 4014 nobis
2963 3959 3073 4014 erit
3111 3959 3395 4032 sujectus
3428 3964 3494 4016 in
3527 3961 3724 4030 nobis,
3754 3955 3921 4012 nonin

2271 4054 2476 4104 natura
2536 4047 2853 4120 subjectus
2913 4051 3161 4118 aeterna,
3221 4067 3432 4122 neque
3477 4042 3631 4107 583
3669 4051 3730 4104 in
3758 4051 3925 4102 natura

2273 4139 2626 4194 maledictus
2660 4141 2912 4192 aeterna:
2951 4161 2972 4184 «
3011 4138 3368 4195 Maledictus
3432 4141 3600 4196 enim
3642 4138 3823 4194 omnis
3850 4130 3926 4202 qui

2273 4229 2490 4300 pendet
2519 4229 2580 4282 in
2599 4226 2774 4300 tigno
2807 4225 3026 4296 (Galat.
3059 4244 3140 4296 ιιι,
3175 4227 3286 4298 13).
3333 4253 3356 4276 η
3417 4228 3795 4294 Maledictus,
3822 4220 3929 4294 quia

497 4312 559 4366 in
591 4326 708 4382 quo
739 4326 871 4364 cum
903 4309 1073 4363 Patre
1107 4325 1284 4364 unum
1319 4314 1448 4380 est;
1481 4328 1554 4366 ne
1585 4328 1690 4382 per
1716 4313 1994 4369 unitatem
2025 4316 2166 4370 divi—
2190 4309 2244 4371 D
2275 4324 2478 4375 nostra
2507 4317 2816 4372 maledicta
2847 4316 3148 4387 suscepit:
3183 4317 3521 4390 subjectus
3541 4331 3792 4390 quoque,
3823 4309 3930 4382 quia

499 4401 699 4456 nitatis
731 4399 998 4454 videatur
1017 4402 1074 4452 et
1097 4399 1266 4453 Pater
1295 4399 1440 4456 Filio
1473 4417 1610 4456 esse
1645 4403 1977 4474 subjectus.
2003 4406 2162 4479 Ergo

499 4492 655 4546 sicut
685 4491 746 4543 in
776 4489 873 4543 illa
935 4504 1111 4542 cruce
1167 4505 1286 4544 non
1343 4490 1667 4546 divinitatis
1699 4493 2020 4562 plenitudo,
2058 4498 2166 4552 sed

503 4583 708 4636 nostra
738 4577 1032 4650 fragilitas
1065 4581 1189 4632 erat
1222 4579 1493 4634 subdita:
1517 4581 1596 4634 ita
1618 4583 1790 4636 etiam
1807 4588 2011 4653 postea
2036 4587 2173 4640 sub-

495 4669 694 4740 jectus
723 4669 834 4723 erit
865 4667 1050 4722 Filius
1082 4667 1265 4737 Patri,
1303 4669 1360 4722 in
1395 4673 1615 4724 nostrae
1645 4671 1844 4743 utique
1868 4675 2172 4746 participa-

497 4759 658 4812 tione
689 4761 954 4827 naturw;
1005 4760 1087 4826 ut,
1122 4757 1417 4829 subjectis
1463 4760 1659 4814 carnis
1689 4760 2009 4833 illecebris,
2053 4780 2170 4820 non

499 4845 718 4900 divitiae
751 4847 870 4900 sint
904 4846 1066 4900 cordi
1100 4847 1234 4916 (35),
1270 4863 1388 4902 ιιοιι
1418 4849 1680 4919 ambitio,
1712 4866 1830 4905 non
1858 4852 2166 4922 voluptas:

501 4934 608 4988 sed
639 4935 833 4988 omnia
863 4935 1038 4989 nobis
1074 4936 1232 4991 Deus
1275 4939 1373 5008 sit,
1412 4939 1463 4992 si
1506 4954 1614 5009 per
1644 4941 1838 4994 omnia
1887 4946 2171 5012 quantum

503 5037 716 5092 capere
749 5039 1096 5093 possumus,
1134 5025 1206 5078 ad
1266 5025 1402 5097 ejus
1458 5027 1796 5100 imaginem,
1830 5030 2170 5087 similitudi-

505 5127 758 5182 nemque
789 5113 1080 5167 vivamus.

579 5201 702 5256 176.
733 5201 823 5256 Ad
857 5203 1328 5257 communitatem
1362 5205 1543 5276 igitur
1571 5207 1927 5264 beneficium
1959 5212 2171 5266 transi-

503 5293 588 5346 vit
617 5307 650 5345 a
683 5291 919 5362 specie;
945 5292 1082 5364 quia
1117 5293 1174 5346 in
1206 5310 1313 5348 sua
1347 5311 1523 5351 carne
1555 5303 1824 5354 naturam
1854 5301 2032 5356 totius
2073 5301 2176 5356 hu-

505 5397 694 5437 mana:
725 5381 923 5436 carnis
957 5382 1234 5445 edomuit.
1289 5383 1359 5437 Et
1389 5385 1523 5440 ideo
1567 5385 1740 5458 juxta
1781 5391 2170 5460 Apostolum:

511 5493 532 5521 ι(
577 5473 740 5528 Sicut
761 5471 1126 5544 portavimus
1158 5473 1475 5546 imaginem
1499 5475 1682 5548 hujus
1715 5480 1954 5550 terreni,
1980 5483 2174 5552 porte-

2277 4409 2711 4482 subjectionem
2744 4410 3009 4460 nostram
3038 4406 3166 4476 ipse
3184 4409 3494 4480 suscepit,
3516 4409 3631 4464 sed
3651 4409 3712 4462 in
3731 4398 3932 4460 servilis

2275 4502 2484 4556 formae
2512 4495 2940 4567 assumptione,
2975 4511 3093 4550 non
3121 4495 3182 4550 in
3215 4496 3323 4551 Dei
3351 4497 3682 4570 majestate
3707 4513 3720 4565 ;
3753 4491 3933 4549 utdum

2276 4591 2374 4645 ille
2405 4591 2628 4643 nostrae
2661 4585 3000 4658 fragilitatis
3015 4601 3080 4640 se
3113 4586 3423 4656 praeberet
3449 4589 3511 4642 in
3535 4601 3717 4642 carne
3731 4593 3934 4638 consor-

2274 4683 2413 4748 tem,
2448 4693 2559 4732 nos
2592 4677 2650 4729 in
2682 4676 2898 4729 virtute
2928 4691 3037 4729 sua
3095 4675 3317 4731 divinae
3383 4677 3619 4732 faceret
3662 4673 3936 4730 consortes

2275 4772 2500 4823 natura:
2531 4765 2617 4838 (II
2631 4764 2803 4818 Pelr.
2839 4781 2878 4833 ι,
2911 4764 2988 4834 4).
3023 4763 3154 4818 Νοιι
3185 4782 3304 4835 quo
3341 4771 3452 4820 aut
3483 4767 3600 4822 hoc
3632 4762 3802 4820 nobis
3830 4770 3940 4813 cum

2275 4872 2534 4928 superna
2563 4853 2780 4909 Christi
2835 4854 3216 4924 generatione
3247 4857 3536 4910 naturale
3583 4851 3954 4928 consortium,

2275 4950 2371 5001 aut
2403 4943 2731 5000 divinitatis
2791 4943 2852 4996 in
2907 4941 3144 4997 Christo
3204 4943 3282 4997 sit
3349 4945 3456 4998 illa
3493 4941 3821 5016 subjectio:
3854 4933 3953 4989 sed.

2277 5037 2432 5091 sicut
2463 5035 2523 5088 in
2580 5035 2680 5088 illo
2737 5049 2844 5103 per
2901 5047 3136 5087 carnem
3194 5031 3384 5102 illam,
3423 5051 3567 5106 quae
3628 5037 3720 5088 est
3757 5031 3946 5102 pignus

2277 5128 2500 5181 nostrae
2535 5123 2765 5192 salutis,
2800 5121 3011 5176 sedere
3035 5137 3146 5176 nos
3176 5122 3238 5176 in
3257 5123 3632 5178 coelestibus
3653 5116 3944 5192 Apostolus

2279 5215 2425 5268 dixit
2454 5213 2704 5286 (Ephes.
2739 5229 2798 5280 ιι,
2834 5211 2910 5280 6),
2933 5212 3134 5282 utique
3165 5227 3282 5266 non
3309 5213 3650 5281 sedentes;
3683 5211 3770 5266 sic
3791 5210 3842 5264 et
3866 5203 3945 5259 ille

2278 5321 2386 5376 per
2417 5308 2638 5358 nostrae
2669 5301 3134 5372 assumptioncm
3153 5303 3389 5358 naturae
3413 5304 3642 5358 dicitur
3661 5297 3943 5368 subjectus

2279 5395 2340 5449 in
2372 5394 2567 5449 nobis.

2359 5484 2481 5539 180.
2513 5481 2658 5548 Quis
2682 5483 2975 5538 enimtam
3013 5482 3258 5537 demens
3306 5483 3419 5554 qui
3461 5485 3653 5555 putet,
3685 5483 3746 5535 ut
3788 5486 3944 5544 supra

577 5658 690 5730 (33)
714 5659 940 5750 pmnes
971 5657 1124 5750 edit.
1145 5673 1280 5750 cum
1303 5674 1427 5750 uno
1459 5661 1718 5722 alterove
1749 5677 1922 5739 mss.,
1959 5690 1980 5715 «
2016 5682 2133 5730 non

2269 5669 2464 5730 iiditas
2495 5666 2830 5728 dominetur
2861 5667 3060 5748 cordi;
3095 5693 3118 5721 ιι
3178 5667 3276 5726 alii
3336 5685 3502 5729 mss.
3566 5667 3748 5726 multo
3767 5663 3948 5741 plures

501 5744 574 5802 ac
603 5729 996 5810 probatiores,
1031 5729 1170 5788 utin
1199 5735 1382 5792 textu.
