3982 6174
161 342 254 405 713
1435 333 1547 397 DE
1577 332 1758 397 FIDE

1937 332 2106 398 3V.

3410 337 3532 403 714

159 535 512 605 diximus(cap.
536 534 569 589 5
599 540 659 590 et
684 534 857 607 seq.),
890 534 1045 606 quod
1080 534 1150 588 ad
1182 534 1483 589 dexteram
1510 534 1609 588 Dei
1636 534 1747 588 Pa-
1772 515 1831 582 Ᾱ
1857 532 1967 588 erit
1994 533 2187 588 omnia
2217 536 2272 589 ct
2301 534 2358 588 in
2400 534 2698 605 omnibus,
2723 534 3001 592 Christus
3033 552 3046 593 :
3084 552 3217 593 cum
3246 537 3528 597 Christus

155 628 233 682 tris
268 625 421 680 sedes
471 622 581 677 sibi
631 624 993 678 venerabilis
1055 623 1370 692 debeatur;
1430 639 1561 677 cum
1610 622 1750 676 licet

149 716 283 772 etiam
308 713 405 783 (36)
431 712 749 767 secundum
792 728 1029 766 carnem
1059 710 1299 766 Christo
1360 727 1428 766 ea
1486 728 1518 765 a
1550 712 1745 779 Patre,

145 802 481 877 generationis
528 803 719 855 tamen
763 817 1041 871 supernae
1086 804 1143 855 et
1182 800 1431 872 aequalis
1472 800 1749 870 potentiae

144 891 425 947 deferatur?
451 889 659 960 Angeli
694 889 960 958 adorant,
987 892 1043 943 et
1065 892 1125 943 tu
1150 890 1252 943 tibi
1281 889 1747 959 praesumptione

144 979 386 1052 sacrilega
413 977 620 1032 solium
660 978 761 1032 Dei
794 979 1058 1033 sternis?

202 1067 302 1122 181.
348 1067 624 1137 Scriptum
673 1070 785 1136 est,
837 1067 1092 1138 inquies,
1128 1067 1263 1138 quia
1296 1088 1318 1117 α
1355 1083 1487 1121 cum
1540 1067 1755 1121 mortui

150 1171 376 1212 essemus
402 1155 673 1225 peccatis,
695 1155 1133 1209 conviviﬁcavit
1155 1172 1265 1210 nos
1284 1155 1397 1226 (3'7)
1417 1156 1477 1209 in
1491 1154 1750 1224 Christo,

150 1243 291 1315 cujus
332 1244 500 1313 gratia
544 1244 692 1298 estis
731 1243 882 1298 salvi
912 1243 1091 1313 facti;
1123 1247 1181 1298 et
1210 1244 1385 1298 simul
1417 1244 1749 1313 suscitavit,

149 1332 391 1404 simulque
419 1332 553 1387 fecit
573 1332 785 1387 sedere
808 1333 866 1387 in
890 1332 1259 1403 coelestibus,
1281 1333 1341 1386 in
1356 1331 1594 1387 Christo
1609 1332 1640 1387 J
1646 1348 1753 1388 esu

147 1422 331 1493 (pres
355 1438 408 1491 ll,
437 1422 487 1489 5,
511 1421 589 1490 6).
629 1442 651 1471 ι
686 1422 970 1493 Agnosco
1010 1423 1336 1492 scriptum:
1389 1421 1494 1476 sed
1527 1438 1644 1477 non
1691 1424 1755 1476 ut

148 1507 374 1563 homines
400 1510 604 1564 sedere
646 1508 717 1563 ad
750 1510 1051 1565 dexteram
1092 1510 1207 1564 sibi
1265 1510 1519 1580 patiatur
1570 1512 1750 1581 Deus,

146 1597 236 1652 sed
263 1601 313 1652 ut
349 1598 399 1652 in
426 1597 663 1653 Christo
693 1598 904 1653 sedere
948 1614 960 1653 :
1016 1599 1151 1670 quia
1182 1598 1312 1670 ipse
1345 1602 1438 1653 est
1490 1600 1752 1654 omnium

140 1685 545 1758 fundamentum,
584 1690 642 1742 et
679 1687 809 1758 ipse
844 1691 937 1742 est
984 1690 1159 1758 caput
1188 1687 1477 1742 Ecclesiae
1501 1688 1750 1759 (Eplies.

137 1790 181 1841 v,
210 1772 302 1845 23),
330 1775 382 1829 in
410 1791 520 1847 quo
546 1775 881 1831 communis
913 1776 1244 1831 secundum
1275 1792 1513 1831 carnem
1543 1779 1752 1831 natura

1860 622 2033 677 fuerit
2062 623 2257 677 omnia
2290 627 2342 677 et
2380 624 2436 677 in
2470 624 2767 692 omnibus,
2796 626 3117 682 critomuia
3150 630 3206 683 et
3244 629 3304 684 in
3335 633 3565 728 omni-(

1857 711 1972 765 bus
2007 711 2201 780 Deus;
2234 712 2370 783 quia
2402 712 2572 767 Pater
2605 718 2798 768 manet
2830 730 3069 786 semper
3096 717 3156 771 in
3185 716 3531 785 Filio.Quo-

1858 801 2034 855 modo
2068 816 2213 873 ergo
2263 801 2619 856 infirmitatis
2654 804 2924 875 arguitur
2965 806 3068 876 qui
3101 806 3348 863 redemit
3369 810 3529 865 infir-

1856 905 1988 943 mos
2005 890 2033 944 ?

1931 995 2052 1049 181.
2088 995 2174 1050 Ac
2213 1012 2287 1051 ne
2319 995 2469 1052 forte
2502 997 2644 1052 illud
2685 998 2758 1053 ad
2802 998 3195 1057 infirmitatem
3246 1002 3377 1059 Filii
3427 1021 3526 1061 re-

1864 1083 2047 1153 feras,
2080 1086 2239 1156 quod
2269 1086 2555 1156 scriptum
2574 1091 2667 1141 est
2697 1088 2833 1159 quia
2851 1089 3110 1161 subjecit
3140 1091 3193 1146 ei
3226 1092 3386 1149 Deus
3409 1109 3531 1149 om-

1866 1173 1997 1254 nia;
2029 1173 2193 1228 disce
2224 1175 2381 1246 quod
2415 1176 2609 1231 omnia
2639 1176 2754 1231 sibi
2787 1177 2960 1232 etiam
2983 1178 3112 1250 ipse
3141 1180 3473 1253 subjecerit
3499 1199 3515 1254 ;

1864 1246 2152 1332 scriptum
2182 1266 2273 1317 est
2294 1264 2487 1319 enim:
2528 1286 2550 1311 α
2584 1265 2803 1320 Nostra
2832 1271 3026 1323 autem
3057 1271 3432 1327 conversatio
3467 1246 3529 1327 in

1863 1351 2030 1406 cmlis
2061 1355 2187 1423 est;
2221 1353 2376 1407 unde
2406 1357 2461 1408 et
2488 1353 2851 1410 Salvatorem
2884 1362 3303 1428 exspectamus
3324 1360 3531 1415 Domi-

1860 1456 1998 1494 num
2032 1440 2259 1509 Jesum,
2313 1441 2411 1512 qui
2454 1443 2904 1516 transﬁgurabit
2935 1461 3155 1518 corpus
3184 1448 3531 1506 humilitatis

1860 1533 2105 1599 nostrae,
2124 1529 2426 1585 conformo
2458 1535 2520 1586 ut
2551 1533 2649 1587 flat
2672 1534 2903 1604 corpori
2938 1535 3148 1607 glorise
3171 1552 3298 1593 sum
3320 1554 3533 1594 secun-

1862 1618 1997 1671 dum
2040 1618 2461 1689 operationem,
2495 1636 2613 1691 quo
2644 1623 2839 1691 possit
2868 1624 3044 1678 etiam
3076 1625 3379 1697 subjicere
3414 1627 3533 1683 sibi

1863 1706 2057 1760 omnia
2114 1706 2398 1779 (Philipp.
2446 1725 2528 1778 ni,
2564 1709 2651 1778 20,
2684 1710 2796 1780 2t).
2835 1731 2858 1760 ι
2895 1711 3166 1768 Didicisti
3200 1730 3345 1787 ergo
3375 1716 3534 1787 quod

1862 1795 2056 1849 omnia
2085 1796 2278 1865 possit
2308 1796 2424 1849 sibi
2456 1796 2585 1868 ipse
2616 1798 2941 1872 subjicere,
2966 1804 3297 1859 secundum
3320 1821 3534 1877 cpera-

138 1864 538 1961 prazrogativum
576 1865 741 1920 sedis
782 1865 1045 1920 caelestis
1086 1865 1335 1919 emeruit
1367 1880 1379 1921 :
1426 1866 1487 1920 in
1516 1863 1753 1921 Christo
1786 1896 1842 1961 Β
1865 1863 2317 1956 tionem—utique
2348 1863 2693 1943 ἀίνίῇίιεηίε,

139 1951 261 2006 enim
279 1952 390 2008 Deo
410 1969 569 2025 caro,
600 1954 658 2008 in
692 1970 869 2009 carne
901 1957 1096 2008 autem
1144 1954 1382 2009 humani
1407 1958 1613 2009 natura
1645 1970 1754 2027 ge-

140 2041 268 2095 neris
293 2042 537 2097 omnium
571 2042 875 2098 hominum
896 2043 1194 2114 particeps
1216 2042 1559 2098 honoratur.

192 2127 292 2185 182.
322 2130 475 2186 Sicut
504 2146 622 2187 nos
663 2147 807 2203 ergo
846 2132 905 2186 in
928 2131 1029 2186 illo
1062 2132 1343 2187 sedemus
1361 2148 1467 2203 per
1488 2148 1755 2203 corpora:

136 2220 560 2275 communitatem
584 2223 809 2276 naturae
839 2220 973 2292 (38),
1008 2221 1086 2275 ita
1117 2224 1173 2275 et
1204 2220 1303 2276 ille
1325 2221 1426 2292 qui
1456 2238 1564 2292 per
1612 2238 1756 2277 sus-

138 2307 416 2377 ceptionem
436 2312 665 2365 nostra:
688 2309 885 2364 carnis
907 2309 1283 2364 maledictum
1314 2326 1423 2380 pro
1457 2310 1633 2365 nobis
1665 2309 1755 2365 fa-

133 2398 234 2451 ctus
260 2402 374 2466 est;
420 2414 555 2454 cum
616 2398 991 2453 maledictum
1044 2400 1249 2471 utique
1280 2398 1341 2452 in
1372 2399 1755 2455 benedictum

138 2482 306 2540 Filium
333 2486 435 2542 Dei
462 2503 586 2543 non
612 2487 777 2542 cadat
812 2488 944 2558 :ita,
977 2487 1238 2560 inquam,
1274 2490 1333 2542 et
1353 2488 1452 2543 ille
1483 2504 1589 2559 per
1609 2489 1756 2545 obe-

133 2571 365 2630 dientiam
400 2576 669 2632 omnium
715 2577 827 2632 erit
874 2575 1188 2648 subjectus
1243 2576 1303 2631 in
1352 2577 1577 2633 nobis:
1623 2594 1755 2633 cum

132 2658 335 2717 Gentilis
366 2666 705 2735 crediderit,
740 2681 875 2720 cum
924 2665 1171 2720 Judaaus
1203 2665 1532 2737 agnoverit,
1582 2682 1755 2738 quem

132 2751 405 2822 cruciﬁxit;
456 2770 598 2809 cum
646 2753 1012 2808 Manichacus
1056 2753 1410 2823 adoraverit,
1465 2770 1665 2825 quem.
1698 2756 1758 2810 in

133 2853 270 2894 carne
297 2842 531 2897 venisse
553 2858 679 2897 non
712 2843 997 2912 credidit;
1039 2858 1170 2897 cum
1204 2842 1461 2897 Arianus
1486 2844 1758 2914 omnipo-

133 2928 305 2984 tentem
344 2931 674 2986 cont‘essus
704 2931 901 3001 fuerit,
922 2947 1095 3003 quem
1129 2932 1397 3003 negavit;
1440 2948 1571 2986 cum
1620 2948 1759 3003 pos-

131 3017 278 3072 tremo
306 3019 362 3073 in
383 3020 669 3075 omnibus
694 3019 869 3075 fuerit
886 3020 1172 3091 sapientia
1197 3021 1322 3090 Dei,
1344 3019 1594 3092 justitia,
1619 3038 1755 3093 pax.

132 3102 362 3178 charitas,
386 3110 775 3164 resurrectio.
799 3110 912 3164 Per
930 3125 1039 3164 sua
1070 3109 1251 3182 igitur
1280 3126 1459 3180 opera
1482 3110 1758 3165 Christus

131 3196 173 3244 et
196 3210 391 3266 genera
423 3197 672 3253 diversa
702 3197 983 3253 virtutum
1012 3199 1124 3253 erit
1153 3199 1211 3252 in
1241 3199 1417 3254 nobis
1450 3199 1604 3253 Patri
1626 3200 1761 3254 sub-

129 3282 233 3352 tus;
262 3300 386 3341 cum
407 3287 572 3342 vitiis
612 3286 923 3356 abdicatis,
961 3291 1017 3341 et
1048 3286 1295 3342 feriente
1333 3287 1569 3358 delicto,
1602 3305 1759 3343 unus

129 3368 174 3423 in
207 3375 464 3431 omnibus
498 3376 629 3431 Deo
671 3376 918 3447 ceperit
948 3376 1007 3431 in
1037 3392 1155 3431 uno
1189 3392 1376 3432 sensu
1408 3377 1760 3448 p0pulorum

136 3462 349 3518 omnium
381 3466 634 3535 spiritus
674 3464 1002 3535 adhaerere,
1041 3468 1183 3521 tunc
1234 3466 1344 3521 erit
1375 3466 1532 3521 Dens
1566 3467 1760 3522 omnia

132 3550 244 3605 etin
270 3553 540 3609 omnibus
576 3552 634 3624 (Ι
674 3552 811 3609 Cor.
844 3571 944 3625 xv,
979 3554 1090 3625 28).

735 3730 990 3789 CAPUT
1017 3733 1142 3789 XV.

135 3866 380 3948 Superius
406 3874 717 3948 disputata
747 3876 1009 3948 strictim
1027 3877 1298 3948 resumit,
1325 3891 1402 3931 ex
1419 3876 1645 3931 unitate
1673 3876 1762 3931 (li-

186 3944 314 4020 gna?
336 3944 665 4020 potes—tatis
705 3948 778 4020 in,
799 3947 988 4001 Patre
1030 3963 1098 4020 ac
1121 3944 1291 4020 Filio
1313 3948 1763 4020 quaecunquede

183 4011 304 4090 Filii
319 4011 700 4090 sudjectione
717 4019 997 4090 dicuntur
1018 4018 1093 4072 ad
1108 4016 1299 4090 solam,
1313 4011 1636 4073 referentia
1659 4019 1762 4072 lm-

184 4085 472 4161 militatein
523 4091 686 4145 scite
730 4089 1019 4161 colligens
1077 4108 1093 4143 :
1151 4089 1302 4161 quod
1341 4096 1642 4161 praclerea
1688 4106 1767 4145 ex

186 4156 475 4232 cbaritate,
498 4178 632 4234 quae
662 4156 1193 4232 eadem'utriusque
1214 4167 1326 4226 est,
1341 4156 1690 4216 earillrmat.

188 4278 289 4336 183.
354 4282 824 4340 Conclusionem
888 4284 1070 4357 igitur
1133 4284 1312 4339 totius
1371 4284 1765 4339 absolutionis

136 4362 352 4426 breviter
394 4374 783 4446 colligamus.
826 4373 1036 4428 Unitas
1067 4374 1375 4443 potestatis
1427 4374 1766 4444 opinionem

137 4450 402 4526 injuriosaa
450 4462 860 4533 subjectibnis
910 4460 1170 4516 excludit
1211 4476 1223 4516 :
1275 4463 1577 4516 evacuatio
1619 4452 1768 4517 584

138 4548 534 4621 potestatum,et
549 4550 802 4606 victoria
818 4550 889 4605 de
908 4554 1092 4605 morte
1110 4550 1769 4622 qumsita,triumphato-

141 4631 203 4685 ris
241 4637 429 4710 utique
488 4655 617 4695 non
656 4640 870 4694 minuit
900 4643 1251 4710 potestatem
1284 4654 1296 4693 :
1334 4639 1767 4710 subjectionem

138 4731 369 4788 operatur
378 4729 726 4783 obedientia
741 4727 1409 4783 obedientiamChristus
1421 4728 1765 4799 assumpsit,

141 4806 430 4870 obedientia
451 4833 657 4890 usque
678 4816 752 4871 ad
781 4832 1040 4886 crucem,
1058 4833 1205 4871 crux
1226 4817 1297 4871 ad
1323 4817 1592 4872 salutem.
1609 4818 1768 4890 Ergo

138 4897 215 4952 ubi
239 4918 398 4974 opus,
432 4907 519 4961 ibi
562 4909 624 4961 et
653 4909 860 4961 auctor
888 4909 980 4961 est
1003 4906 1221 4977 Operis.
1255 4905 1400 4960 Cum
1433 4906 1612 4977 igitur
1642 4923 1769 4961 om-

144 4985 211 5039 nia
221 4990 443 5051 Christo
461 4995 744 5067 subjecta
763 4995 1098 5066 fuerintper
1118 4994 1512 5050 obedientiam
1527 4994 1769 5064 Christi,

143 5080 185 5128 ut
219 5080 270 5134 in
312 5085 554 5139 nomine
595 5084 732 5155 ejus
765 5099 973 5139 omnes
1005 5100 1163 5155 genu
1196 5084 1450 5153 ﬂectant,
1486 5087 1624 5137 tunc
1663 5086 1776 5139 erit

144 5161 240 5230 ίρδε
266 5174 451 5226 omnia
484 5173 548 5227 in
582 5173 903 5244 omnibus;
944 5189 1100 5227 nunc
1131 5173 1308 5242 enim,
1335 5173 1468 5244 quia
1501 5189 1617 5227 non
1652 5189 1773 5227 om-

144 5266 225 5309 nes
239 5261 496 5333 credunt,
523 5278 652 5317 non
668 5263 942 5318 videntur
957 5278 1164 5318 omnes
1183 5278 1320 5317 esse
1339 5262 1615 5333 subjecti.
1631 5262 1777 5317 Cum

148 5355 318 5402 omnus
346 5366 494 5424 ergo
515 5351 901 5423 crediderint,
926 5356 984 5407 et
1006 5353 1107 5407 Dei
1128 5352 1772 5424 fecerintvoluntatem,

198 5490 293 5567 (36)
322 5493 401 5548 lla
432 5511 591 5550 mss.
618 5510 834 5567 magno
866 5510 1203 5551 consensu:
1238 5495 1374 5551 edit.
1409 5512 1571 5567 vero,
1611 5520 1632 5543 «ι
1660 5511 1779 5551 non

150 5554 408 5634 debeatur,
442 5582 586 5622 cum
620 5554 849 5622 scilicet
876 5569 1071 5634 etiam,
1112 5588 1134 5615 ι
1167 5569 1279 5622 etc.

198 5633 292 5711 (37)
322 5636 546 5693 Omnes
570 5638 755 5711 iedit.,
791 5659 815 5688 ι
857 5633 1148 5710 inquiunt,
1180 5638 1339 5711 quod
1378 5655 1510 5694 cum
1568 5638 1778 5694 moxtui

149 5708 334 5785 "satis
348 5710 648 5785 peccatis,
673 5708 1108 5768 convivittcavit
1136 5708 1282 5785 vos;
1311 5732 1333 5762 υ
1369 5726 1576 5769 omnes
1606 5727 1777 5783 mss.,

156 5791 170 5819 ι
195 5778 428 5855 inquies,
462 5780 636 5857 quia,
673 5802 694 5831 ι
726 5784 838 5842 etc.

391 5868 666 5934 PATROL.
702 5869 854 5937 XVI.

1794 3254 1848 3321 ο
1876 3254 2063 3345 (Psal.
2116 3291 2233 3343 LXI,
2292 3274 2392 3343 2)?
2430 3298 2451 3323 η

1939 2008 2060 2063 185.
2089 2009 2263 2064 Disce
2296 2026 2452 2065 nunc
2484 2013 2760 2082 quoniam
2780 2015 3109 2070 secundum
3140 2031 3378 2073 carnem
3408 2033 3536 2074 om-

1866 2097 1963 2152 nia
2001 2097 2275 2169 subjecta
2314 2100 2582 2171 accipiat,
2628 2102 2785 2157 sicut
2839 2104 3127 2175 scriptum
3169 2108 3308 2162 est:
3366 2129 3389 2155 α
3422 2106 3533 2175 Qui

1866 2190 2144 2257 operatus
2176 2189 2268 2242 est
2304 2188 2364 2242 in
2394 2186 2651 2258 Christo,
2686 2192 2990 2247 suscitans
3024 2208 3161 2249 eum
3189 2210 3223 2248 a
3253 2196 3526 2267 mortuis,

1867 2279 1924 2330 et
1936 2275 2304 2330 constituens
2318 2291 2451 2330 eum
2476 2277 2549 2331 ad
2572 2277 2873 2334 dexteram
2892 2295 3063 2335 suam
3085 2281 3145 2337 in
3163 2283 3533 2356 caelestibus,

1868 2379 2049 2434 supra
2071 2379 2303 2420 omnem
2321 2365 2733 2437 principatum,
2750 2371 2805 2423 et
2822 2373 3172 2439 potestatem
3189 2374 3246 2427 et
3263 2373 3538 2428 virtutem

1869 2456 1925 2507 et
1938 2453 2478 2523 dominationem,et
2490 2470 2661 2511 omne
2675 2472 2889 2513 nomen
2903 2460 3058 2530 quod
3072 2461 3406 2517 nominatur
3416 2478 3538 2518 non

1871 2541 2065 2597 solum
2083 2542 2142 2596 in
2163 2541 2276 2596 hoc
2298 2543 2541 2609 saeculo,
2566 2545 2674 2599 sed
2704 2546 2879 2601 etiam
2913 2547 2975 2602 in
3005 2547 3240 2620 futuro;
3269 2553 3327 2606 et
3343 2552 3540 2606 omnia

1871 2630 2132 2702 subjecit
2151 2630 2266 2686 sub
2288 2632 2542 2703 pedibus
2574 2633 2709 2705 ejus
2740 2635 2985 2707 (Eplies.
3009 2637 3098 2709 20,
3112 2636 3223 2708 22).
3260 2662 3282 2687 υ
3318 2638 3537 2695 Secun-

1872 2720 2012 2775 dum
2044 2736 2282 2776 carnem
2312 2722 2559 2793 igiturei
2580 2723 2774 2779 omnia
2807 2724 3078 2796 subjecta
3100 2727 3423 2800 tradentur,
3444 2745 3541 2785 se-

1873 2808 2131 2864 cundum
2161 2825 2337 2881 quam
2366 2814 2426 2866 et
2463 2826 2497 2865 a
2534 2813 2787 2867 mortuis
2817 2817 3142 2871 suscitatus
3175 2821 3287 2886 est,
3341 2821 3397 2873 et
3444 2834 3542 2874 se-

1876 2899 2133 2953 cundum
2165 2899 2419 2954 animam
2450 2900 2765 2956 humanam
2782 2919 2850 2958 ac
2873 2905 3280 2961 rationabilem
3308 2907 3543 2980 subjec-

1872 2988 2114 3044 tionem.

1946 3095 2069 3151 186.
2131 3095 2339 3151 Divina
2382 3097 2648 3168 plerique
2707 3098 2820 3168 (39)
2871 3100 3328 3171 interpretantur
3382 3105 3541 3176 quod

1876 3186 2162 3255 scriptum
2180 3189 2271 3239 est
2296 3200 2310 3240 :
2348 3206 2369 3235 α
2390 3186 2598 3241 Nonne
2623 3187 2743 3242 Deo
2774 3189 3045 3260 subjecta
3065 3192 3175 3245 erit
3196 3192 3389 3247 anima
3411 3209 3541 3249 mea

2503 3276 2753 3330 animam
2787 3278 2952 3347 dixit,
2986 3295 3103 3334 non
3136 3280 3539 3353 divinitatem;

1875 3364 2149 3433 animam,
2213 3380 2331 3419 non
2378 3364 2767 3435 majestatem.
2831 3367 2901 3421 Et
2941 3372 3001 3422 ut
3054 3369 3348 3425 sciremus
3381 3373 3540 3443 quod

1877 3453 2163 3508 Dominus
2193 3469 2299 3524 per
2322 3454 2670 3525 Prophetam
2704 3455 2775 3510 de
2798 3458 3180 3528 susceptione
3198 3463 3423 3516 natura;
3448 3467 3542 3518 est

1874 3542 2109 3597 locutus
2155 3542 2446 3613 humana),
2494 3544 2760 3600 addidit:
2812 3566 2837 3594 α
2887 3545 3209 3619 Usquequo
3242 3549 3539 3621 adjicietis

1876 3647 2059 3701 super
2096 3631 2392 3687 hominem
2426 3631 2605 3702 (Ibid.
2647 3633 2701 3701 4)
2726 3635 2754 3687 ?
2792 3657 2813 3682 η
2849 3637 3176 3691 secundum
3207 3638 3349 3693 illud
3382 3641 3541 3711 quod

1877 3721 1955 3775 ait
1984 3721 2044 3775 in
2075 3720 2431 3793 Evangelia:
2461 3743 2484 3768 α
2510 3721 2660 3786 Quid
2688 3738 2780 3777 me
2795 3725 3062 3795 quaeritis
3085 3726 3417 3785 interficere
3438 3730 3541 3786 ho-

1877 3812 2096 3867 minem
2126 3811 2316 3881 (Joan.
2347 3827 2471 3880 xm,
2492 3811 2581 3881 40)
2602 3812 2630 3865 ?
2653 3833 2673 3860 ι
2703 3811 2773 3867 Et
2793 3814 3044 3871 addidit:
3074 3835 3097 3866 ι
3127 3816 3542 3876 Verumtamen

1878 3902 2131 3973 pretium
2154 3915 2349 3954 meum
2379 3901 2692 3955 voluerunt
2723 3903 3030 3975 repellere,
3056 3912 3447 3963 cucurrerunt
3478 3908 3537 3965 in

1879 3990 1999 4060 siti,
2034 4006 2135 4045 ore
2166 4004 2277 4044 suo
2310 3989 2759 4060 benedicebant,
2795 3997 2852 4047 et
2884 3994 3061 4049 corde
3093 4010 3205 4051 suo
3237 3996 3545 4054 maledice-

1878 4079 2019 4135 bant
2067 4078 2255 4149 (Psal.
2298 4095 2414 4147 LXI,
2440 4080 2515 4148 5).
2554 4100 2577 4129 ι
2606 4080 2795 4135 Judmi
2826 4083 3003 4152 enim,
3028 4088 3363 4155 reportantc
3392 4087 3543 4143 Juda

1878 4170 2150 4240 pretium,
2184 4169 2450 4239 recipere
2482 4169 2797 4225 noluerunt
2825 4172 3063 4241 (Matth.
3098 4190 3281 4245 xxvu,
3302 4175 3377 4245 6),
3413 4192 3545 4231 cur-

1880 4263 2079 4315 rentes
2098 4259 2156 4312 in
2186 4258 2286 4312 siti
2316 4259 2606 4329 amentiae,
2628 4260 2763 4331 quia
2787 4261 3072 4332 Spiritalis
3099 4266 3274 4333 potus
3297 4265 3543 4335 gratiam

1879 4351 2252 4404 recusarunt.

1954 4453 2075 4510 187.
2116 4455 2257 4510 time
2280 4459 2372 4510 est
2402 4456 2497 4527 pia
2528 4456 2923 4529 subjectionis
2948 4458 3367 4529 interpretatio.
3398 4452 3544 4516 Etc-

1883 4546 2002 4599 nim
2026 4562 2159 4600 cum
2178 4546 2501 4600 Dominicm
2520 4546 2823 4616 passionis
2853 4547 2966 4601 hoc
2991 4564 3203 4603 munus
3226 4549 3323 4617 sit,
3344 4551 3545 4623 utique

1804 4616 1861 4681 D
1885 4635 1942 4689 in
1974 4651 2091 4706 quo
2130 4646 2349 4705 passus
2380 4638 2489 4703 est,
2526 4635 2585 4688 in
2618 4634 2729 4689 hoc
2753 4637 2863 4688 crit
2910 4636 3223 4707 subjectus
3255 4616 3316 4692 in
3347 4616 3544 4696 nobis.

1884 4724 2216 4790 Quaerimus
2248 4740 2363 4795 qua
2395 4725 2619 4777 causa?
2654 4723 2727 4777 ω
2749 4740 2939 4795 neque
2969 4726 3186 4797 angeli,
3212 4743 3405 4800 neque
3425 4731 3548 4785 vir-

1883 4817 2060 4883 tutes,
2112 4829 2303 4884 neque
2358 4811 2619 4880 altitudo,
2671 4828 2863 4882 neque
2920 4814 3295 4885 profundum,
3355 4834 3550 4891 neque

1886 4904 2223 4974 praesentio,
2258 4917 2450 4972 neque
2470 4901 2682 4971 futura,
2717 4918 2907 4972 neque
2930 4908 3195 4959 creatura
3228 4907 3340 4961 alia
3381 4925 3552 4981 sepa-

1885 5009 2016 5047 rare
2052 5008 2161 5047 nos
2194 4992 2437 5061 possita
2471 4991 2751 5046 charitate
2789 4993 2911 5063 Dei,
2947 5010 3080 5065 quae
3116 4999 3208 5050 est
3237 4997 3295 5050 in
3313 4996 3552 5055 Christo

1886 5082 2031 5137 Jesu
2084 5081 2272 5147 (Itom.
2327 5096 2449 5149 vm,
2483 5080 2571 5149 38,
2620 5080 2732 5136 39).
2794 5081 3076 5139 Videmus
3117 5085 3314 5157 itaque
3347 5103 3422 5142 cx
3456 5088 3552 5143 his

1886 5188 2019 5242 quae
2078 5169 2357 5237 diximus,
2392 5169 2609 5223 nullam
2650 5176 2955 5242 exceptam
2998 5190 3137 5230 esse
3171 5181 3500 5233 creaturam
3537 5192 3550 5234 :

1888 5260 1995 5315 sed
2031 5259 2182 5326 istis,
2218 5276 2366 5329 quas
2400 5276 2580 5330 supra
2602 5260 2763 5328 dixit,
2790 5278 3044 5334 omnem,
3080 5266 3131 5319 si
3165 5282 3278 5337 qua
3311 5270 3424 5337 est,
3459 5282 3556 5321 an-

1891 5353 2255 5407 numeratam
2287 5364 2446 5404 esse.

1960 5493 2072 5563 (38)
2104 5492 2230 5547 Yet.
2281 5492 2440 5562 edit.,
2493 5514 2513 5542 ι
2550 5509 2656 5563 per
2695 5509 2999 5566 corporea)
3040 5512 3348 5551 commune
3378 5497 3555 5550 natu-

1892 5584 1971 5622 rm
2006 5582 2017 5620 :
2057 5589 2078 5614 ιι
2122 5566 2433 5620 llom.......
2474 5588 2494 5611 ιι
2535 5570 3007 5622 communionem
3041 5572 3300 5633 naturae;
3339 5590 3360 5615 ιο
3405 5581 3554 5620 mss.

1890 5638 2133 5710 aliquot,
2174 5659 2194 5685 ι
2232 5652 2346 5710 per
2388 5653 2607 5709 corpus
2655 5654 2965 5697 commune
2991 5643 3253 5710 naturis;
3291 5659 3314 5689 ι
3348 5636 3559 5710 reliqui

1892 5709 2207 5767 nobiscum
2237 5709 2478 5765 faciunt.

1964 5780 2076 5857 (39)
2106 5779 2389 5840 Nonnulli
2420 5795 2593 5857 mss.,
2624 5803 2646 5835 ι
2691 5781 2921 5843 Domini
2948 5780 3087 5863 jure
3117 5778 3406 5860 plerique.
3442 5803 3465 5835 η

3188 5868 3284 5947 23.
