3982 6174
465 311 588 377 715

1904 323 2117 389 S.Ah

2256 325 2456 394 LOSII.
2549 325 2552 330 ’
3746 359 3841 426 ἠε

545 511 694 575 503
735 519 859 577 188.
893 519 1080 578 Simul
1111 523 1284 580 etiam
1304 525 1450 582 illud
1486 531 1579 584 est
1613 531 2131 607 considerandum,
2161 513 2219 582 Α
2254 530 2414 587 tione
2431 533 2698 605 rationis,
2725 536 2833 592 sed
2848 538 3197 614 plerumque
3219 545 3845 632 secretislatentibusque

462 609 620 680 quod
652 626 786 664 cum
816 611 876 664 in
909 613 1320 682 superioribus
1357 617 1572 673 dixerit
1604 637 1616 674 :
1657 644 1678 668 α
1713 621 1858 687 Quis
1887 641 1998 679 nos
2030 641 2131 680 se-

459 698 692 770 parabit
712 715 746 753 a
765 699 1048 757 charitate
1063 702 1285 759 Christi
1299 705 1573 778 (lbid.35)
1586 711 1614 763 ‘2
1635 730 1658 759 ι
1679 711 1888 767 subter
1903 715 2128 783 posuit:

462 806 488 836 ι
521 787 732 860 Neque
764 805 948 860 mors,
981 807 1174 863 neque
1205 795 1346 865 vita,
1379 812 1490 851 nec
1520 798 1631 852 alia
1664 805 1929 856 creatura
1965 817 2136 874 sepa-

458 890 590 930 rare
621 893 734 933 nos
767 881 982 950 poterit
1011 897 1044 935 a
1067 883 1348 939 charitate
1372 885 1496 954 Dei,
1521 904 1655 959 quae
1676 893 1768 944 est
1795 891 1855 944 in
1892 890 2130 947 Christo

455 964 603 1020 Jesu
635 966 815 1037 (Ibid.
849 967 942 1039 38,
972 970 1085 1041 39).
1117 995 1139 1019 ι»
1160 971 1444 1029 Videmus
1463 990 1608 1047 ergo
1641 979 1906 1034 eamdem
1940 980 2132 1035 chari-

455 1055 632 1109 tatem
663 1056 770 1111 Dei
797 1073 957 1126 esse,
991 1075 1126 1131 quis
1147 1061 1367 1117 Christi
1391 1068 1502 1118 est.
1520 1065 1784 1138 Denique
1802 1084 1920 1122 non
1939 1070 2130 1125 otiose

452 1146 655 1214 posuit
684 1146 1027 1202 charitatem
1060 1148 1185 1218 Dei,
1226 1171 1250 1201 ι
1283 1168 1416 1222 quae
1466 1157 1558 1208 est
1605 1156 1666 1209 in
1711 1155 1948 1212 Christo
1982 1157 2129 1213 Jesu

455 1232 633 1303 (Ibid.
667 1233 779 1306 89).
805 1259 828 1284 ι»
852 1253 926 1291 ne
956 1243 1286 1308 separatam
1300 1240 1405 1295 Dei
1426 1245 1482 1296 et
1503 1241 1722 1298 Christi
1753 1245 2124 1318 intelligeres

457 1321 822 1380 cbaritatem.
875 1326 1036 1381 Nihil
1069 1333 1270 1406 autem
1295 1333 1388 1383 est
1407 1331 1564 1401 quod
1597 1332 1854 1388 charitas
1883 1334 2123 1399 dividat,

453 1411 603 1467 nihil
661 1414 821 1484 quod
881 1415 1161 1472 divinitas
1198 1419 1558 1488 sempiterna
1586 1437 1705 1476 non
1734 1423 1946 1493 possit,
1981 1424 2127 1479 nihil

452 1501 612 1572 quod
642 1501 818 1558 lateat
858 1504 1184 1577 veritatem,
1237 1506 1400 1562 fallat
1450 1507 1763 1582 justitiam,
1814 1516 2129 1584 prmtereat

451 1589 826 1662 sapientiam.

1072 1699 1325 1758 CAPUT
1364 1703 1520 1760 XVI.

447 1823 768 1905 Arianosa
805 1824 1276 1910 SpiritusanEtO
1307 1829 1656 1910 perﬂavid
1685 1832 2122 1910 condemnatos,

521 1896 738 1978 quippe
750 1896 1141 1978 scientiae
1155 1896 1403 1978 Christi
1415 1901 1711 1978 derogare
1731 1904 2004 1960 audeant.
2022 1896 2125 1960 L01
2153 1899 2204 1963 Β

521 1967 649 2048 cum
661 1967 738 2048 ad
750 1967 879 2021 illis
895 1968 970 2022 ad
987 1969 1095 2024 hoc
1107 1971 1348 2048 citatum
1366 1967 1703 2048 suspicione
1721 1977 2125 2048 corruptionis

518 2039 764 2119 minime
780 2055 992 2094 carere
1006 2059 1025 2105 ;
1181 2047 1238 2094 ut
1252 2039 1508 2119 maxime
1521 2052 1743 2119 careat,
1759 2039 2126 2119 distinguen-

519 2108 652 2182 dam
672 2125 808 2164 esse
835 2127 1028 2166 vocem
1052 2110 1272 2182 Filius;
1301 2113 1545 2169 Christo
1566 2108 1739 2170 enim'
1754 2124 1814 2172 ut
1836 2108 2125 2174 ΒθίῬιΙίο

518 2181 834 2236 scientiam
869 2183 1084 2260 deesse
1122 2200 1244 2260 non
1264 2181 1471 2260 posse,
1497 2203 1623 2240 cum
1669 2189 1754 2242 sit
1775 2190 2071 2260 sapientia
2103 2210 2122 2245 :

519 2267 631 2325 nec
653 2260 855 2324 partis
877 2253 1055 2308 ullius
1071 2253 1488 2325 cognitionem,
1510 2274 1636 2312 eum
1659 2253 1855 2314 omnia
1869 2263 2118 2316 crearit.

517 2323 670 2377 Eum
702 2325 801 2396 qui
828 2325 1041 2378 saecula
1073 2323 1311 2402 iecerit,
1338 2323 1600 2402 futurum
1630 2346 1744 2402 non
1789 2347 1968 2402 posse
2007 2350 2120 2387 non

520 2403 967 2476 cognoscez'e,et
987 2396 1166 2476 multo
1181 2399 1375 2476 minus
1395 2396 1806 2476 dicmjudicii:
1821 2403 1968 2457 Sive
1983 2404 2122 2476 quid

515 2481 788 2543 magnum
807 2467 887 2520 sit
910 2483 978 2520 ea
992 2469 1268 2543 cognitio,
1284 2469 1418 2523 sive
1437 2467 1577 2542 quid
1585 2488 1859 2543 parvum,
1877 2467 2007 2528 eain
2019 2475 2118 2528 Fi-

517 2536 628 2591 lio’
655 2536 1188 2618 nonnnegandain;
1232 2536 1356 2618 imo
1403 2536 1817 2618 neque'_etiam
1846 2536 2120 2618 Spiritui

517 2613 741 2687 sancto:
767 2608 1010 2687 Demum
1041 2609 1140 2687 his
1170 2611 1335 2687 addit
1372 2608 1737 2687 variasigna
1769 2608 1981 2687 quib-us
2008 2613 2120 2672 liae

517 2679 774 2733 scientia
799 2681 1000 2734 inesse
1034 2680 1277 2736 Christo
1298 2682 1561 2756 intelligi
1581 2679 1802 2756 potest:

517 2784 642 2840 189.
674 2783 870 2857 [Alias
900 2803 1027 2856 cap.
1081 2785 1201 2860 Vll]
1244 2787 1412 2844 Unde
1443 2793 1850 2848 exsecrabiles
1881 2809 1987 2849 eos
2017 2796 2119 2867 qui

443 2873 560 2930 ista
592 2878 1072 2945 commemorant,
1093 2883 1149 2930 et
1165 2893 1196 2930 a
1219 2876 1441 2948 Spiritu
1469 2883 1677 2936 sancto
1708 2898 1847 2937 esse
1871 2884 2116 2938 damna-

444 2966 539 3019 tos
571 2965 728 3020 scire
750 2964 1058 3020 debemus.
1093 2965 1254 3030 Quos
1285 2967 1441 3021 enim
1471 2969 1644 3039 alios,
1683 2971 1800 3025 nisi
1837 2972 2117 3042 Speciali-

443 3056 535 3108 ter
565 3053 820 3109 Arianos
867 3055 1153 3126 propheta
1198 3057 1568 3126 condemnat,
1595 3059 1693 3130 qui
1727 3060 1930 3115 dicunt
1957 3062 2116 3134 quod

443 3143 550 3204 Dei
584 3143 769 3198 Filius
788 3143 1015 3198 nesciat
1041 3148 1306 3215 tempora
1328 3149 1385 3201 et
1407 3162 1596 3203 annos
1618 3150 1646 3202 Ξ)
1675 3149 1808 3204 Νοιι
1837 3151 1992 3206 enim
2024 3154 2118 3206 est

441 3233 665 3305 aliquid
697 3233 854 3305 quod
895 3233 1322 3335 ignoret-Deus
1356 3250 1370 3292 :
1403 3241 1495 3335 est
1524 3241 1720 3291 autem
1749 3238 1910 3335 Deus
1939 3238 2114 3294 Chri-
2144 3267 2195 3335 ο

441 3326 594 3392 stus,
627 3326 685 3377 et
732 3323 1062 3378 altissimus
1108 3323 1419 3396 Christus;
1465 3327 1595 3395 ipse
1626 3331 1718 3382 est
1744 3327 1900 3383 enim
1933 3345 2117 3401 super

440 3414 638 3467 omnia
671 3413 852 3468 Deus.

511 3501 634 3556 190.
671 3501 876 3557 Videte
897 3502 1388 3574 quemadmodum
1413 3506 1657 3560 sanctus
1681 3506 1864 3561 David
1894 3506 2113 3579 hujus-

441 3590 670 3646 cemodi
703 3591 974 3646 homines
1012 3592 1112 3663 qui
1145 3592 1248 3647 Dei
1283 3592 1432 3648 Filio
1464 3595 1771 3649 scientiam
1803 3596 2110 3668 derogent,

438 3679 894 3751 perhorrescat;
925 3680 1014 3734 sic
1037 3681 1193 3735 enim
1216 3681 1438 3737 habes:
1479 3704 1501 3730 α
1520 3682 1584 3737 In
1605 3682 1910 3739 laboribus
1933 3685 2116 3740 homi-

437 3785 580 3823 num
609 3785 727 3823 non
759 3772 917 3837 sunt,
952 3772 1008 3823 et
1031 3786 1164 3824 cum
1185 3769 1526 3826 hominibus
1573 3788 1691 3827 non
1721 3773 2111 3846 ﬂagellabun-

437 3859 564 3927 tur;
612 3857 746 3914 ideo
786 3857 1037 3912 obtinuit
1081 3873 1188 3912 eos
1239 3860 1520 3930 superbia
1573 3877 1798 3932 eorum,
1847 3863 2110 3934 cooperti

438 3947 580 4000 sunt
605 3945 908 4016 iniquitate
939 3950 996 4001 et
1024 3947 1320 4016 impietate
1369 3964 1508 4018 sua;
1559 3949 1775 4020 prodiit
1823 3953 1996 4022 quasi
2034 3968 2111 4007 ex

438 4034 609 4106 adipe
629 4033 910 4105 iniquitas
939 4039 1658 4106 eorum,pertransierunt
1679 4039 1738 4092 in
1769 4039 2111 4110 dispositio-

435 4139 572 4180 nem
613 4123 812 4180 cordis
851 4123 1042 4193 (Psal.
1102 4141 1285 4195 LXXII,
1326 4127 1378 4194 5,
1411 4125 1487 4195 '7).
1527 4146 1548 4175 ι
1593 4126 1807 4198 Utique
1841 4144 1946 4184 eos
1972 4145 2110 4185 con-

435 4214 672 4269 demnat
701 4213 803 4284 qui
829 4229 904 4268 ex
934 4213 1327 4283 dispositione
1360 4215 1562 4268 cordis
1596 4216 1943 4272 aestimanda
1973 4235 2108 4290 qum

433 4303 633 4359 divina
649 4307 808 4373 sunt,
829 4302 1220 4359 arbitrantur:
1253 4319 1386 4357 nam
1410 4304 1569 4358 Deus
1602 4319 1712 4359 nec
1730 4305 2110 4377 dispositioni

433 4396 527 4449 est
556 4391 893 4464 subjectus,
940 4407 1050 4447 nec
1089 4392 1281 4447 ordini
1313 4391 1426 4462 (40)
1453 4408 1467 4463 ;
1503 4392 1740 4465 quando
1769 4395 1944 4450 etiam
1975 4397 2106 4467 ipsa

433 4499 568 4554 quae
600 4485 740 4538 sunt
769 4483 829 4536 in
867 4497 984 4536 usu
1015 4481 1338 4552 hominum,
1363 4484 1422 4536 et
1451 4482 1840 4538 successione
1862 4485 2106 4556 generis

432 4571 675 4627 humani
710 4571 844 4644 (41),
870 4588 988 4626 non
1021 4587 1260 4642 semper
1289 4569 1486 4642 aliqua
1517 4571 1804 4628 solemnis
1836 4573 2103 4645 disposi-

506 4715 619 4786 (40)
661 4715 810 4770 Mss.
845 4715 1131 4786 nonnulli,
1169 4737 1190 4764 α
1229 4713 1563 4785 subjectus,
1606 4730 1716 4770 nec
1747 4717 1931 4772 cordi.
1968 4735 1992 4766 ι

504 4784 618 4855 (41)
665 4786 748 4839 Ita
776 4790 892 4841 vet.
926 4787 1063 4841 edit.
1102 4784 1172 4841 ac
1203 4784 1407 4857 plures
1438 4802 1625 4856 mss.;
1666 4791 1724 4842 at
1759 4789 1925 4843 Rom.
1961 4787 2100 4843 edit.

436 4870 569 4909 cum
597 4857 752 4924 aliis,
803 4879 824 4905 α
861 4859 1251 4913 successione
1276 4859 1551 4912 fruuntur
1578 4858 1853 4914 humana.
1890 4884 1911 4906 υ

505 4925 616 5000 (49)
648 4925 926 5000 Quaedam
955 4930 1117 4999 edit.,
1155 4953 1175 4976 ‹ι
1215 4930 1328 4984 nisi
1352 4946 1485 5000 quae
1519 4929 1807 4984 didicerit.
1847 4954 1868 4977 ιι

505 4996 617 5070 (43)
650 4997 910 5052 Hilarius
943 5015 1070 5069 cap.
1104 4996 1189 5054 ’26
1237 5001 1296 5054 in
1354 4996 1554 5055 Matth.
1594 5023 1615 5050 α
1654 5002 1734 5056 De
1766 5002 1900 5070 fine,
1939 5021 1961 5049 ι»
2007 5001 2100 5055 in-

433 5068 577 5138 quit,
616 5090 638 5114 α
671 5071 998 5138 temporum
1021 5068 1230 5125 curam
1261 5072 1680 5127 sollicitudinis
1704 5068 1924 5127 nostrae
1954 5072 2098 5126 ade-

425 5139 558 5206 mit,
589 5138 743 5215 diem
791 5138 1206 5215 illumhdicens
1238 5144 1456 5197 nemini
1487 5160 1625 5198 esse
1660 5145 1982 5215 cognitum,
2044 5146 2100 5198 et

431 5227 550 5286 non
582 5210 775 5286 solum
804 5211 1057 5286 angelis,
1083 5213 1189 5286 sed
1232 5215 1405 5286 etiam
1437 5215 1550 5268 sibi
1577 5210 1932 5286 ignoratum.
1963 5210 1983 5262 ἑ»
2028 5217 2101 5269 At

419 5275 568 5336 licet
598 5283 673 5334 ita
706 5275 963 5335 disserat
1003 5275 1058 5336 in
1091 5284 1447 5354 Malthmum,
1471 5275 1830 5341 hincutamen
1865 5287 2100 5340 minime

429 5354 715 5430 probatur
763 5369 895 5430 eum
948 5353 1074 5407 hinc
1123 5356 1325 5430 verba,
1383 5378 1403 5404 α
1436 5353 1547 5409 nec
1585 5357 1790 5426 Filius,
1822 5381 1842 5407 »
1872 5359 2098 5430 legisse

428 5424 583 5497 apud
615 5424 886 5498 eumdem
911 5426 1364 5498 evangelistam,
1387 5443 1518 5480 cum
1539 5433 1614 5480 ιιιι
1639 5424 1972 5483 ratiOcmari
2007 5445 2102 5498 po-

415 5495 604 5553 tuerit
625 5513 700 5551 ex
721 5495 854 5550 aliis
887 5497 1042 5564 istis,
1079 5495 1103 5544 ἓν
1139 5497 1252 5550 nisi
1306 5498 1474 5550 solus
1512 5499 1714 5565 Pater;
1754 5523 1775 5548 »
1818 5501 1911 5554 vel
1943 5495 2101 5554 certe

427 5569 691 5624 alludere
720 5567 792 5621 ad
825 5568 1018 5622 locum
1045 5567 1246 5636 Marci,
1265 5568 1365 5622 ubi
1395 5568 1767 5623 exhibentur.
1797 5571 2099 5625 Verumta-

424 5657 561 5697 men
593 5657 702 5695 nec
733 5639 888 5710 apud
926 5640 1082 5694 hunc
1114 5640 1320 5694 eadem
1345 5639 1835 5711 legisseividetur
1856 5643 2099 5698 Ambro-

427 5713 596 5784 sius;
622 5711 1030 5784 alioquienim
1069 5712 1370 5784 haereticis
1407 5710 1676 5784 expedita
1707 5711 1925 5768 fuisset
1962 5730 2096 5769 res-

427 5783 642 5860 ponsio
679 5783 810 5841 haec
846 5783 979 5864 ipsa
1014 5785 1077 5845 in
1097 5783 1281 5842 Marci
1311 5783 1636 5864 Evangelia
1667 5787 1924 5841 exstare.
1955 5785 2095 5842 Hie-

2128 4641 2179 4704 D

2255 621 2509 676 decursa
2528 627 2850 696 mysteriis,
2883 631 3124 686 evenire
3143 647 3474 691 cernamus.

2326 710 2448 766 191.
2479 734 2500 761 ι
2535 712 2976 788 Cogitaverunt,
3007 721 3215 792 inquit,
3251 728 3314 778 et‘
3337 724 3507 782 locuti
3533 734 3655 787 sunt
3681 739 3848 808 nequi-

2251 798 2410 869 tiam,
2431 801 2796 874 iniquitatem
2827 807 2885 860 in
2920 807 3240 866 Excelsum
3269 812 3449 869 locuti
3503 823 3644 891 sunt,
3675 798 3850 893 pos-ue-

2253 893 2388 942 runt
2399 889 2460 944 in
2476 892 2690 947 coelum
2703 909 2774 949 os
2793 911 2967 951 suum
2980 899 3523 972 (lbid.8).Videmus
3539 889 3711 980 itaque
3725 916 3851 984 quod

2255 977 2420 1063 impii
2463 982 2767 1054 sacrilegii
2815 1001 2954 1041 reos
2999 987 3254 1059 damnet,
3295 993 3393 1063 qui
3425 1009 3495 1048 ex
3524 977 3852 1060 similitudine

2253 1057 2399 1162 58-6
2441 1067 2715 1162 humana:
2738 1077 2977 1162 natura;
3006 1057 3455 1148 dispositio—nem
3483 1084 3591 1140 sibi
3619 1057 3853 1162 arrogant

2253 1155 2518 1212 caelestis
2549 1160 2771 1216 arcani.

2329 1243 2452 1300 192.
2507 1246 2577 1301 Et
2623 1248 2899 1306 dixerunt
2931 1267 2946 1308 :
2985 1275 3008 1301 α
3042 1252 3348 1320 Quomodo
3387 1260 3557 1316 scivit
3603 1262 3782 1322 Deus?
3818 1271 3862 1326 et

2254 1333 2307 1422 si
2328 1338 2419 1388 est
2440 1335 2690 1392 scientia
2713 1341 2906 1396 omnis
2927 1343 2988 1396 in
3011 1343 3321 1403 Altissimo
3343 1348 3664 1422 (Ibid.11)?n
3688 1354 3859 1412 Nonne

2252 1420 2382 1476 haec
2402 1425 2664 1494 quotidie
2695 1433 3074 1502 prestrepunt
3123 1435 3346 1506 Ariani,
3399 1420 3638 1495 scientia
3665 1458 3857 1500 omnem

2248 1509 2310 1563 in
2339 1508 2576 1568 Christo
2626 1530 2767 1572 esse
2824 1535 2944 1574 non
2972 1524 3200 1592 posse?
3229 1523 3378 1590 Quia
3427 1527 3572 1599 ipse,
3610 1531 3856 1603 inquiunt,

2249 1598 2366 1654 dici
2395 1603 2452 1656 et
2481 1601 2644 1660 horae
2668 1621 2738 1660 se
2768 1607 3086 1677 professus
3103 1617 3196 1667 est
3223 1629 3364 1670 esse
3387 1598 3668 1688 ignarum.
3686 1598 3863 1678 Nonne

2247 1687 2496 1746 dicunt:
2537 1691 2843 1758 Quomodo
2891 1699 3089 1771 scivit,
3141 1701 3244 1774 qui
3290 1687 3433 1759 eum
3478 1723 3594 1762 non
3636 1710 3862 1778 potuisse

2248 1778 2406 1834 scire
2439 1789 2876 1856 commemorat,
2893 1787 3012 1842 nisi
3040 1805 3174 1860 quae
3195 1792 3450 1848 audierit
3463 1798 3519 1850 et
3535 1796 3869 1870 viderit(42)?

2249 1869 2306 1920 et
2334 1883 2402 1922 ea
2432 1885 2565 1940 quas
2605 1877 2873 1943 spectant
2910 1876 2982 1930 ad
3021 1877 3238 1935 divinae
3279 1883 3558 1938 unitatem
3588 1888 3790 1942 naturae
3812 1887 3868 1941 ad

2247 1955 2642 2014 inﬁrmitatem
2668 1964 2963 2037 sacrilega
2983 1967 3466 2038 interpretatione
3497 1973 3767 2030 derivant.

2317 2045 2439 2102 193.
2473 2047 2769 2120 Scriptum
2800 2056 2912 2121 est,
2936 2055 3210 2126 inquiunt
3241 2075 3254 2114 :
3294 2081 3318 2107 α
3363 2061 3447 2116 De
3479 2061 3573 2117 die
3603 2067 3776 2118 autem
3794 2063 3871 2119 illo

2244 2135 2302 2191 et
2322 2134 2468 2191 hora
2497 2154 2670 2194 nemo
2720 2142 2853 2212 scit,
2879 2159 3072 2215 neque
3105 2147 3303 2220 angeli
3337 2150 3644 2224 caalorum,
3673 2167 3773 2208 nec
3795 2151 3874 2207 Fi-

2243 2225 2382 2297 lius,
2415 2227 2532 2281 nisi
2561 2229 2730 2284 solus
2751 2231 2926 2287 Pater
2946 2234 3161 2296 (Marc.
3179 2253 3304 2308 xm,
3338 2237 3456 2310 82).
3483 2263 3506 2288 »ι
3534 2241 3778 2296 Primum
3795 2257 3872 2296 ve-

2242 2318 2402 2370 teres
2421 2332 2537 2371 non
2561 2317 2778 2374 habent
2797 2320 3034 2377 codices
3056 2323 3248 2380 Graeci
3280 2328 3422 2398 quia
3447 2345 3558 2384 nec
3588 2329 3763 2386 Filius
3789 2330 3875 2400 (43)

2242 2405 2358 2458 scit
2389 2421 2401 2460 :
2437 2406 2542 2460 sed
2574 2422 2692 2462 non
2721 2409 2936 2464 mirum
2965 2412 3017 2465 si
3039 2415 3096 2466 et
3128 2413 3241 2469 hoc
3277 2414 3596 2487 falsarunt,
3627 2420 3721 2490 qui
3748 2419 3877 2474 Scri-

2242 2498 2447 2564 pturas
2496 2495 2927 2568 interpolavere
2971 2500 3225 2558 divinas.
3286 2504 3417 2570 Qua
3455 2508 3680 2563 ratione
3718 2513 3878 2562 autem

2242 2583 2512 2638 videatur
2530 2584 2848 2656 adjectum,
2882 2590 3167 2662 proditur,
3201 2592 3344 2648 dum
3373 2595 3451 2650 ad
3484 2596 3880 2668 interpretatio-

2243 2687 2379 2727 nem
2407 2673 2550 2728 tanti
2583 2675 2886 2748 sacrilegii
2917 2677 3236 2736 derivatur.

2314 2779 2438 2835 194.
2482 2781 2642 2837 Pone
2673 2785 2867 2838 tamen
2915 2785 2989 2840 ab
3026 2789 3426 2861 evangelistis
3451 2793 3754 2863 scriptum.
3784 2789 3883 2846 Me-

2241 2870 2402 2926 dium
2419 2873 2618 2943 utique
2650 2887 2865 2928 nomen
2890 2881 2981 2928 est
3004 2875 3133 2930 Filii
3159 2893 3171 2932 :
3196 2895 3334 2934 nam
3358 2883 3419 2935 et
3449 2879 3640 2936 Filius
3662 2879 3882 2936 hominis

2213 2961 2456 3015 .dicitur
2485 2965 2547 3016 ut
2588 2962 2918 3017 secundum
2973 2965 3436 3036 imprudentiam
3493 2969 3887 3041 assumptionis

2239 3053 2462 3104 nostra:
2491 3050 2606 3122 (44)
2656 3051 2811 3106 diem
2843 3051 3022 3108 futuri
3047 3053 3261 3126 judicii
3306 3060 3598 3114 nescisse
3629 3059 3884 3113 videatur.

2239 3139 2544 3204 Quomodo
2575 3141 2733 3194 enim
2780 3142 3041 3198 nesciret
3078 3143 3235 3199 diem
3282 3145 3398 3202 Dei
3445 3147 3660 3218 Filius,
3701 3163 3819 3202 cum
3845 3145 3890 3199 in

2239 3228 2372 3298 ipso
2405 3229 2524 3282 sint
2552 3228 2817 3284 thesauri
2835 3231 3140 3302 sapientiai
3155 3237 3212 3288 et
3234 3235 3520 3292 scientiae
3544 3237 3650 3292 Dei
3672 3236 3888 3292 abscon-

2241 3317 2341 3372 diti
2375 3317 2626 3385 (Coloss.
2661 3335 2724 3389 ιι,
2747 3318 2850 3390 3)?
3677 3333 3684 3342 '

2312 3404 2434 3462 195.
2467 3407 2680 3472 Quaero
2701 3411 2895 3463 autem
2926 3412 3120 3465 utrum
3140 3427 3214 3467 ex
3247 3413 3623 3486 substantia,
3639 3431 3711 3470 an
3732 3429 3798 3470 ex
3811 3425 3892 3466 ac-

2243 3495 2742 3552 cidentihabuerit
2773 3498 3078 3554 scientiam
3102 3517 3118 3572 ;
3138 3503 3338 3558 omnis
3373 3505 3542 3560 enim
3565 3503 3893 3560 scientiaaut

2239 3601 2315 3640 ex
2351 3591 2577 3657 natura,
2619 3590 2719 3641 aut
2749 3603 2825 3642 ex
2846 3588 3159 3660 disciplina
3190 3595 3305 3647 est.
3345 3593 3443 3648 Ex
3475 3598 3686 3650 natura
3714 3606 3895 3663 suppe-

2235 3675 2322 3742 tit,
2348 3679 2409 3729 ut
2439 3691 2591 3747 equo
2614 3691 2874 3748 currere,
2891 3677 3044 3748 pisci
3065 3682 3304 3750 natare;
3350 3681 3493 3738 haec
3523 3683 3684 3738 enim
3705 3679 3894 3737 faciunt

2237 3769 2548 3836 antequam
2592 3765 2869 3822 discant:
2911 3783 2986 3822 ex
3019 3767 3341 3839 disciplina
3397 3789 3627 3828 rursus
3676 3768 3899 3841 suppetit

2236 3857 2438 3909 natare
2469 3854 2691 3910 homini
2717 3871 2732 3926 ;
2763 3871 2901 3910 nam
2938 3857 3058 3911 nisi
3089 3857 3408 3930 didicerat,
3432 3861 3600 3916 scire
3625 3876 3741 3916 non
3757 3860 3894 3930 pote-

2236 3943 2330 3998 rit.
2350 3943 2494 3998 Cum
2527 3959 2672 4016 ergo
2703 3945 2882 4000 mutis
2913 3946 3318 4002 animantibus
3342 3954 3638 4020 suppetat
3666 3966 3739 4005 ex
3765 3949 3901 4002 natu-

2235 4049 2301 4087 ra
2332 4033 2528 4088 facere
2551 4036 2610 4088 et
2637 4035 2794 4088 scire
2831 4049 2965 4106 quae
2995 4051 3114 4090 non
3142 4036 3498 4104 didicerint,
3535 4039 3679 4111 quid
3712 4047 3896 4092 censes

2237 4121 2308 4176 de
2343 4121 2448 4176 Dei
2481 4121 2648 4193 Filio,
2680 4125 2876 4178 utrum
2904 4139 2978 4178 ex
3009 4124 3418 4199 institutione,
3475 4145 3558 4184 an
3603 4145 3679 4184 ex
3726 4129 3919 4182 natura.

2237 4211 2450 4265 habeat
2480 4211 2834 4266 scientiam?
2863 4211 2927 4267 Si
2959 4228 3033 4267 ex
3075 4213 3488 4288 institutione,
3525 4235 3603 4272 an
3622 4233 3697 4272 ex
3726 4217 3917 4270 natural

2235 4299 2448 4355 habeat
2477 4300 2824 4355 scientiam?
2845 4301 2907 4356 Si
2941 4318 3014 4357 ex
3047 4303 3435 4362 institutione
3475 4323 3489 4362 :
3527 4323 3678 4380 ergo
3709 4301 3915 4360 nonest

2232 4393 2405 4444 natus
2437 4389 2742 4460 sapientia,
2778 4393 2835 4445 et
2863 4407 2938 4446 ex
2969 4407 3264 4462 processu
3311 4398 3507 4466 coepit
3529 4411 3673 4452 esse
3694 4391 3913 4466 perfec-I

2231 4481 2350 4548 tus,
2376 4495 2484 4534 nec
2515 4482 2637 4534 erat
2659 4495 2916 4550 semper.
2946 4480 3112 4546 Quod
3144 4483 3199 4536 si
3222 4485 3582 4542 naturalem
3625 4475 3911 4540 scientiam'

2231 4567 2426 4640 habet,
2446 4568 2646 4640 utique
2676 4569 2976 4640 perfectus
3009 4570 3067 4624 in
3096 4572 3409 4644 principio
3435 4577 3592 4644 erat,
3628 4565 3909 4671 perfectus;

2229 4727 2513 4782 ronymus
2554 4727 2789 4783 quoque
2847 4712 3003 4768 idem
3056 4713 3522 4784 quodammodo
3584 4716 3796 4771 indicat
3850 4709 3905 4762 illi

2230 4784 2498 4837 eumdem
2529 4799 2690 4838 vers.
2721 4782 2790 4837 36
2812 4800 2938 4854 cap.
2964 4801 3106 4838 xxiv
3139 4785 3357 4842 Matth.
3387 4804 3535 4843 cum
3556 4803 3634 4843 ex
3667 4801 3736 4840 eo
3766 4771 3903 4854 quod

2229 4858 2547 4908 memorate
2577 4854 2758 4908 verba
2781 4871 2897 4909 non
2929 4857 3312 4921 reperiantur
3353 4859 3418 4913 in
3450 4859 3689 4915 Graecis
3717 4859 3771 4911 et
3795 4859 3902 4921 mai

2229 4926 2384 4980 xime
2436 4925 2495 4978 in
2553 4926 2882 5000 Adamantii
2911 4931 2967 4980 et
3000 4925 3174 5000 Pierii
3213 4931 3711 5000 exemplaribus,
3740 4938 3872 5000 argu

2226 5000 2486 5072 mentum
2519 4997 2677 5072 elicit
2705 4998 2997 5072 adversus
3021 4999 3224 5072 Arium
3259 4997 3455 5072 atque
3500 4997 3858 5072 Eumomium

2226 5067 2444 5140 quibus
2476 5069 2676 5139 utique
2708 5073 2770 5122 ut
2799 5068 2982 5140 hujus
3004 5069 3256 5124 rationis
3281 5063 3416 5126 vim
3440 5073 3753 5136 eliderent,
3774 5063 3877 5140 sui

2227 5133 2479 5208 ticiebat,
2513 5140 2562 5192 si
2581 5133 2750 5209 apud
2783 5133 3044 5194 Marcum
3075 5141 3290 5194 eadem
3316 5133 3896 5202 habebantur.'Quod

2227 5216 2420 5288 autem
2472 5211 2754 5288 Erasmus
2787 5213 2843 5264 in
2893 5211 3499 5288 eumdem__Mattluei
3532 5213 3729 5288 locum
3758 5212 3894 5288 autin

2227 5286 2345 5336 mat
2376 5282 2480 5335 has
2513 5282 2675 5351 ipsas
2707 5297 2889 5336 voces
2923 5298 2954 5336 e
2983 5287 3141 5336 textu
3167 5283 3450 5339 Mattheei
3481 5286 3753 5340 sublatas
3783 5281 3892 5339 fuiﬂ

2228 5369 2316 5421 se,
2377 5370 2508 5408 cum
2539 5370 2571 5406 a
2605 5353 2802 5407 Marco
2833 5353 3102 5424 ejusdem
3139 5353 3418 5410 Matthzei
3451 5357 3788 5410 breviatore
3815 5363 3890 5421 r01

2226 5425 2527 5505 ferantur;
2560 5425 2621 5505 is
2649 5426 2858 5505 merito
2887 5425 3356 5505 reprehenditur
3388 5427 3668 5505 a_Grotio
3697 5427 3755 5480 in
3785 5428 3888 5505 eu!

2223 5496 2438 5570 locum,
2482 5497 2721 5570 easdem
2743 5496 2938 5570 potius
2958 5493 3045 5550 ex
3070 5496 3276 5570 Marco
3310 5497 3378 5570 in
3407 5499 3752 5552 Matthwum
3779 5511 3808 5570 ιι
3834 5493 3870 5545 li

2223 5514 2438 5558 ιοοιιιιι,
2482 5514 2721 5550 easuem
2743 5514 2938 5566 ponus
2973 5514 3045 5550 ΘΧ
3071 5514 3276 5570 marco
3310 5514 3378 5552 In
3407 5514 3752 5552 maunwum
3779 5514 3808 5546 8
3834 5514 3870 5545 ιι

2222 5567 2439 5671 Ριτξνίὶβ
2459 5568 2780 5671 ltraqslatas
2810 5568 3158 5622 affirmante.
3202 5568 3334 5622 Sed
3359 5568 3569 5640 ipsum
3603 5514 3886 5671 consumi

2219 5638 2429 5693 lectori
2458 5638 2612 5692 licet.

2297 5710 2408 5780 (44)
2441 5711 2611 5766 Rom.
2653 5710 2792 5766 edit.
2826 5709 2974 5782 sola,
3010 5731 3034 5762 ι
3067 5710 3505 5782 imprudentia
3553 5703 3882 5782 assumptioi'

2222 5798 2358 5840 nem
2387 5785 2628 5839 nostrae.
