4050 6182
249 337 358 414 717

1618 333 1967 420 DE-FIDE
2007 333 2191 419 LIB.
2217 345 2294 419 v.

3557 335 3685 421 "718'

244 567 311 607 ex
339 552 516 607 Patre
543 553 880 625 processit;
933 559 990 609 et
1022 555 1150 610 idco
1182 556 1558 626 praescientia
1589 573 1706 612 non
1738 558 1901 631 eguit
2021 573 2159 613 esse
2192 558 2492 629 prtecepit.
2528 535 2687 630 Ergo
2721 559 2818 630 qui
2852 558 2990 613 fecit
3019 575 3150 630 quae
3200 557 3393 612 futura
3425 535 3593 628 sunt,
3613 574 3684 614 eo

239 641 590 697 futurorum.

305 748 434 803 196.
467 749 599 804 Non
619 766 764 822 ergo
786 754 1039 806 nescivit
1063 753 1216 808 diem
1242 769 1255 822 ;
1276 769 1465 825 neque
1487 754 1640 808 enim
1664 755 1903 824 sapien-

235 839 330 892 tia:
363 837 469 893 Dei
493 842 585 894 est
608 855 680 893 ex
709 845 868 910 parte
895 842 1072 912 scire,
1095 845 1148 896 et
1173 859 1247 897 ex
1277 847 1439 913 parte
1470 844 1724 898 nescire.
1751 844 1898 897 Nam

236 928 536 998 quomodo
561 932 756 999 potest
787 933 1019 985 nescire
1051 935 1293 1002 partem,
1337 933 1438 1002 qui
1488 932 1625 986 fecit
1681 933 1896 1002 omnia,

239 1033 374 1071 cum
404 1018 603 1072 minus
635 1020 713 1072 sit
741 1020 918 1089 scire,
945 1036 1118 1092 quam
1142 1020 1336 1074 facere
1354 1024 1382 1075 ?
1415 1022 1590 1075 Multa
1613 1023 1768 1075 enim
1789 1022 1906 1075 sci-

234 1121 391 1175 mus,
429 1122 563 1177 quae
595 1105 792 1162 facere
824 1123 941 1162 non
971 1123 1297 1177 possumus
1323 1125 1336 1164 :
1371 1125 1480 1164 nec
1503 1111 1709 1164 eodem
1732 1110 1905 1164 modo

239 1210 452 1250 omnes
485 1195 734 1266 scimus,
767 1197 875 1250 sed
907 1213 981 1251 ex
1035 1202 1198 1268 parte
1249 1199 1694 1270 cognoscimus.
1729 1199 1908 1254 Novit

235 1285 394 1339 enim
417 1288 727 1340 ventorum
749 1285 890 1356 vim,
914 1286 1336 1358 stellarumque
1355 1303 1570 1342 cursus
1588 1288 1763 1343 aliter
1781 1305 1909 1342 rus-

228 1376 410 1444 ticus,
436 1373 605 1428 aliter
627 1375 880 1429 civitatis
900 1376 1112 1446 incola,
1151 1377 1320 1430 aliter
1351 1377 1732 1449 gubernator.
1771 1377 1902 1431 Etsi

233 1478 359 1516 non
389 1478 594 1517 omnes
626 1467 844 1518 norunt
875 1465 1088 1531 omnia,
1121 1469 1315 1520 tamen
1361 1481 1544 1521 nosse
1591 1467 1902 1522 dicuntur:

237 1551 415 1605 solus
444 1555 632 1606 autem
662 1553 834 1623 plene
865 1555 1028 1607 novit
1057 1553 1174 1622 ille,
1209 1554 1308 1625 qui
1330 1554 1470 1609 fecit
1489 1556 1703 1610 omnia.
1729 1556 1907 1610 Novit

236 1640 603 1710 gubernator
659 1645 836 1713 quota
893 1643 1096 1714 vigilia
1129 1643 1409 1712 procedat
1448 1646 1738 1698 Arcturus
1770 1645 1904 1715 (~15),

237 1721 391 1783 587
421 1729 628 1799 quales
668 1734 834 1784 ortus
884 1731 1152 1800 exploret
1199 1731 1476 1801 Orionis;
1539 1749 1657 1787 non
1714 1738 1907 1786 tamen

235 1818 656 1890 colligationes
689 1819 1086 1891 Vergiliarum
1119 1820 1251 1891 (46),
1287 1825 1752 1893 caeterarumque
1775 1823 1909 1876 stel-

231 1907 430 1962 larum
460 1913 561 1962 aut
590 1925 900 1963 numerum
931 1911 1112 1979 novit,
1146 1914 1245 1964 aut
1301 1912 1555 1976 nomina,
1600 1913 1753 1966 sicut
1785 1912 1902 1981 ille,

235 2020 254 2042 ε
289 1995 410 2060 Qui
443 2002 713 2051 numerat
744 1997 1174 2053 multitudinem
1205 2000 1528 2067 stellarum,
1551 2005 1608 2055 et
1631 2002 1906 2059 omnibus

230 2085 332 2140 his
364 2087 606 2142 nomina
641 2090 809 2142 vocat
837 2087 1032 2158 (Psal.
1069 2105 1262 2159 chvr,
1293 2089 1383 2159 4):
1424 2111 1446 2140 ιι
1501 2107 1677 2163 quem
1709 2092 1908 2163 utique

227 2190 353 2230 non
387 2174 535 2229 fallit
549 2176 748 2245 operis
779 2177 874 2231 sui
905 2178 1114 2233 virtus.
1733 2189 1744 2198 ‘

293 2282 432 2336 19⁸7.
465 2281 772 2348 Quomodo
803 2285 960 2338 enim
992 2285 1172 2340 vultis
1220 2286 1351 2341 haec
1383 2286 1607 2342 fecisse
1654 2287 1757 2342 Dei
1808 2287 1909 2342 Fi-

223 2372 379 2427 lium
402 2374 433 2426 ?
464 2372 762 2443 Numquid
795 2374 966 2444 quasi
996 2375 1278 2429 annulum
1309 2375 1442 2446 (4'7),
1476 2378 1578 2447 qui
1607 2392 1722 2431 non
1766 2392 1908 2430 sen-

224 2463 288 2516 tit
334 2461 496 2532 quod
529 2463 846 2532 exprimit?
874 2463 990 2517 Sed
1047 2465 1238 2518 omnia
1297 2464 1358 2518 in
1416 2465 1704 2535 sapientia
1740 2467 1909 2520 Pater

223 2549 378 2605 fecit
411 2550 599 2619 (Psal.
635 2567 753 2621 cm,
787 2550 898 2622 ‘24),
937 2552 996 2606 id
1027 2557 1118 2607 est
1153 2553 1284 2623 (48),
1324 2556 1520 2608 omnia
1555 2569 1662 2624 per
1696 2553 1908 2608 Filium

221 2639 397 2708 fecit,
434 2640 537 2711 qui
566 2644 657 2694 est
686 2642 876 2695 virtus
909 2642 1014 2695 Dei
1037 2645 1093 2696 et
1141 2643 1503 2714 sapientia(l
1530 2643 1666 2698 Cor.
1714 2661 1753 2714 ι,
1778 2643 1904 2714 24);

224 2729 556 2800 sapientiae
586 2734 781 2784 autem
809 2731 868 2784 id
928 2733 1222 2800 convenit,
1257 2735 1321 2786 ut
1374 2748 1619 2787 suorum
1665 2749 1909 2803 operum

221 2824 276 2879 et
322 2819 578 2873 virtutes
609 2820 763 2874 norit
794 2825 850 2874 et
881 2836 1116 2875 causas.
1154 2821 1222 2874 Et
1251 2821 1383 2876 ideo
1401 2838 1519 2876 non
1537 2823 1722 2892 potuit
1740 2839 1908 2876 crea-

223 2912 320 2964 tor
352 2909 628 2964 omnium
659 2911 936 2980 ignorare
968 2911 1125 2981 quod
1150 2910 1307 2979 fecit,
1333 2913 1568 2966 nescire
1601 2912 1758 2983 quod
1781 2916 1910 2983 ipse

222 2997 518 3066 donavit;
549 2998 711 3052 novit
743 3014 888 3069 ergo
919 2999 1074 3052 diem
1104 3015 1280 3070 quem
1313 3000 1468 3055 fecit.

298 3105 438 3160 198.
474 3104 593 3159 Sed
625 3104 801 3174 dicis,
835 3106 972 3176 quia
1001 3110 1357 3176 praesentem
1389 3109 1569 3178 novit,
1605 3109 1796 3163 nescit
1821 3108 1911 3163 fu-

222 3198 455 3249 turum.
492 3193 657 3248 Licet
696 3195 891 3264 inepta
921 3195 1001 3249 sit
1057 3197 1406 3266 prepositio,
1466 3201 1661 3252 tamen
1721 3201 1782 3252 ut
1837 3199 1909 3253 de

226 3283 568 3355 Scripturis
599 3282 962 3337 satisfaciam
991 3284 1116 3355 tibi,
1150 3285 1316 3340 disce
1365 3287 1502 3357 quia
1549 3303 1668 3341 non
1712 3288 1906 3342 solum
1932 3274 1973 3318 -’“

223 3372 540 3446 Ρνεεῑειτὶιθ
572 3372 729 3442 fecit,
765 3373 872 3427 sed
905 3374 1077 3427 etiam
1138 3390 1270 3446 quae
1328 3375 1522 3430 futura
1561 3380 1718 3445 sunt,
1756 3378 1912 3431 sicut

226 3465 532 3534 scriptum
563 3465 686 3516 est:
728 3481 752 3511 ε
788 3461 896 3525 Qui
921 3463 1058 3516 fecit
1088 3479 1221 3534 quae
1253 3464 1577 3519 adventura
1607 3470 1746 3519 sunt
1767 3466 1907 3535 (Isa.

226 3571 372 3623 xnv,
414 3551 528 3621 11).
567 3575 590 3599 ιι
626 3551 697 3604 Et
742 3550 882 3605 alibi
914 3551 993 3604 ait
1034 3551 1374 3622 Scriptura:
1441 3577 1462 3600 α
1508 3553 1621 3608 Per
1650 3571 1823 3625 quem
1856 3558 1913 3609 et

227 3642 391 3696 facta
414 3643 554 3694 sunt
576 3640 818 3709 saecula,
840 3639 1122 3710 splendor
1143 3645 1234 3696 est
1268 3642 1497 3714 gloriae,
1523 3646 1578 3697 et
1607 3644 1912 3698 character

229 3730 599 3786 substantiae
622 3728 755 3800 ejus
781 3728 994 3798 (Hebr.
1026 3747 1063 3800 ι,
1098 3731 1150 3800 2,
1184 3730 1260 3800 3).
1301 3755 1323 3777 ιι
1357 3731 1587 3786 Saecula
1645 3733 1799 3787 enim
1857 3736 1914 3787 et

227 3820 544 3892 praeterita
593 3822 648 3873 et
693 3819 1010 3888 praesentia
1069 3823 1126 3874 et
1183 3820 1378 3874 futura
1413 3826 1570 3876 sunt.
1606 3822 1911 3886 Quomodo

229 3926 387 3983 ergo
425 3909 580 3962 facta
609 3912 899 3978 suntquae
945 3907 1139 3962 futura
1180 3913 1350 3979 sunt;
1385 3911 1501 3964 nisi
1533 3912 1668 3982 quia
1701 3928 1912 3981 Opera-

233 4001 394 4054 toria
430 3999 625 4051 virtus
657 4002 712 4051 et
731 3998 978 4052 scientia
1005 3999 1448 4068 comprehendit
1469 4016 1776 4055 numerum
1800 4017 1916 4056 om-

230 4090 407 4143 nium
433 4087 839 4142 saeculorum?
871 4086 1034 4141 Sicut
1065 4088 1220 4142 enim
1254 4093 1422 4142 vocat
1451 4106 1583 4160 quae
1615 4107 1731 4144 non
1751 4094 1910 4161 sunt,

229 4183 526 4250 tanquam
549 4193 682 4248 quae
723 4179 862 4231 sunt
882 4177 1069 4246 (Rom.
1123 4194 1201 4246 iv,
1248 4175 1370 4246 1'7):
1407 4180 1495 4232 sic
1528 4184 1582 4233 et
1615 4179 1751 4234 fecit
1781 4197 1913 4251 quae

232 4268 442 4322 futura
476 4271 634 4335 sunt,
670 4269 946 4337 tanquam
976 4283 1107 4337 quae
1158 4267 1314 4336 sint;
1368 4269 1503 4338 quia
1532 4285 1650 4323 non
1682 4272 1914 4323 contin-

231 4359 323 4430 git
343 4359 410 4411 ut
434 4371 556 4410 non
581 4357 723 4427 sint,
744 4356 848 4409 sed
874 4357 1219 4410 necessario
1243 4356 1354 4426 (49)
1373 4360 1510 4410 sunt
1546 4357 1759 4429 futura,
1781 4376 1913 4430 quae

1937 1869 1992 1932 Β

2021 664 2240 719 genere
2271 665 2386 718 quo
2420 653 2557 701 sunt
2589 648 2780 702 futura
2814 651 3110 720 cognovit.

2090 735 2210 791 199.
2246 739 2305 791 Si
2340 738 2452 791 hoc
2485 738 2555 792 de
2589 737 2852 804 saeculis,
2888 737 3070 790 multo
3128 738 3319 808 magis
3379 737 3450 791 de
3477 735 3688 807 judicii

2018 826 2376 880 credendum
2411 830 2504 880 est
2533 826 2626 880 die
2655 842 2669 896 ;
2701 842 2770 880 eo
2805 826 2960 896 quod
2994 826 3391 896 cognitionem
3424 823 3557 896 ejus
3581 824 3688 879 ha-é

2017 915 2150 968 beat
2182 915 2284 969 Dei
2320 915 2506 969 Filius
2529 918 2805 986 tanquam
2828 931 2859 968 a
2881 930 2947 969 se
2982 914 3106 985 jam
3137 915 3342 984 factae;
3373 915 3511 985 quia
3532 915 3690 968 scri-

2017 1006 2179 1072 ptum
2236 1008 2366 1059 est:
2431 1027 2452 1052 «
2515 1005 2918 1075 Dispositionc
2973 1007 3071 1058 tua
3131 1003 3496 1075 permanebit
3555 1003 3686 1057 dies

2017 1094 2129 1160 (50)
2191 1093 2378 1162 (Psal.
2431 1109 2633 1163 cxvm,
2693 1093 2807 1163 91).
2866 1117 2888 1142 η
2953 1093 3078 1148 Nec
3136 1093 3330 1148 solum
3387 1093 3692 1163 permanet

2017 1181 2184 1249 dixit,
2221 1182 2325 1236 sed
2359 1183 2534 1236 etiam
2571 1183 2992 1254 permanebit;
3042 1185 3104 1236 ut
3134 1181 3268 1255 ejus
3301 1181 3693 1252 dispositione

2017 1285 2150 1341 quae
2193 1275 2441 1326 ventura
2491 1276 2649 1342 sunt,
2707 1273 3135 1344 gubernentur.
3196 1270 3340 1338 Quin
3397 1268 3695 1340 disposuit

2017 1375 2184 1431 ergo,
2220 1377 2338 1414 non
2370 1361 2584 1416 novit?
2618 1380 2640 1412 α
2674 1361 2784 1426 Qui
2840 1361 3123 1432 plantavit
3178 1375 3402 1430 aurem,
3433 1374 3552 1414 non
3584 1361 3694 1414 au-’

2019 1448 2190 1503 diet?
2242 1449 2341 1520 qui
2400 1449 2568 1504 ﬁnxit
2626 1451 2883 1521 oculum,
2936 1467 3055 1506 non
3115 1450 3454 1506 considerat
3499 1446 3690 1519 (Psal.

2020 1553 2181 1605 xcm,
2215 1537 2320 1602 9)?
2354 1561 2376 1585 ιι
3691 1537 3696 1562 λ

2093 1644 2221 1698 €200.
2259 1644 2584 1701 Videamus
2617 1649 2808 1702 tamen
2840 1663 2913 1701 ne
2943 1647 3084 1718 quid
3104 1646 3253 1702 forte
3283 1661 3564 1718 magnum
3597 1641 3696 1716 sit,

2022 1734 2190 1804 quod
2256 1739 2581 1789 creatorem
2615 1751 2789 1790 suum
2819 1737 3074 1806 potuerit
3101 1737 3446 1807 praeterire;
3505 1737 3562 1791 et
3607 1738 3697 1789 ta-

2024 1838 2156 1876 men
2189 1823 2411 1895 eligant
2443 1828 2636 1878 utrum
2667 1826 2842 1896 quasi
2872 1840 3153 1896 magnum
3184 1824 3405 1896 aliquid
3454 1828 3510 1879 et
3539 1840 3697 1895 pra}:

2025 1911 2281 1966 stantius
2312 1916 2515 1982 putent
2548 1929 2686 1968 esse
2719 1931 2893 1985 quam
2925 1917 3174 1969 caetera:
3210 1930 3285 1968 an
3316 1914 3488 1985 quasi
3519 1913 3696 1988 minis

2024 2017 2182 2055 mum
2213 2005 2386 2073 atque
2419 2001 2718 2073 abjectum
2740 2003 2769 2056 ?
2830 2002 2892 2057 Si
2925 2003 3232 2058 minimum
3273 2005 3447 2074 atque
3489 2002 3696 2074 abjec-

2022 2093 2143 2145 tum
2176 2107 2292 2145 non
2312 2095 2403 2146 est
2435 2091 2671 2162 injuria,
2705 2095 2767 2145 ut
2799 2095 3004 2146 nostro
3034 2109 3149 2146 usu
3204 2093 3434 2163 loquar,
3466 2092 3606 2146 vilia
3641 2093 3700 2148 et

2022 2180 2240 2251 exigua
2273 2181 2506 2236 nescire
2534 2197 2548 2246 ;
2581 2197 2713 2234 nam
2747 2197 2881 2234 cum
2913 2181 3190 2250 potentiae
3249 2181 3326 2235 sit
3367 2181 3523 2235 scire
3555 2197 3696 2259 quae,

2023 2269 2276 2323 maxima
2307 2273 2464 2338 sunt,
2500 2269 2854 2340 despexisse
2887 2270 3080 2341 magis
3111 2269 3344 2324 videtur
3375 2270 3696 2341 degeneris

2026 2358 2224 2429 operis
2256 2358 2558 2413 vilitatem.
2592 2359 2854 2414 Fastidio
2884 2359 3067 2431 igitur
3095 2358 3408 2414 absolutus
3437 2361 3552 2430 est,
3576 2374 3695 2438 non

2026 2451 2317 2518 potestate
2348 2447 2676 2502 fraudatus.

2094 2555 2217 2611 201.
2253 2554 2419 2620 Quod
2466 2556 2519 2609 si
2559 2571 2838 2626 magnum
2880 2558 2938 2610 et
2995 2571 3290 2610 summum
3338 2555 3696 2612 arbitrantur

2024 2643 2399 2716 scirejudicii
2421 2645 2601 2714 diem,
2627 2645 2823 2698 dicant
2845 2644 2987 2716 quid
3009 2645 3129 2700 Deo
3151 2643 3324 2700 Patre
3363 2645 3559 2716 majus
3597 2649 3697 2702 aut

2025 2734 2237 2789 melius
2259 2733 2356 2787 sit.
2379 2733 2610 2788 Patrem
2639 2733 2822 2805 igitur
2863 2734 3048 2788 Deum
3087 2734 3272 2803 novit,
3314 2736 3379 2789 ut
3425 2735 3554 2805 ipse
3574 2736 3691 2791 ait:

2030 2844 2050 2870 α
2089 2823 2276 2877 Nemo
2307 2823 2471 2876 novit
2507 2823 2738 2876 Patrem
2768 2823 2885 2876 nisi
2917 2823 3123 2892 Filius,
3183 2827 3240 2878 et
3297 2824 3392 2878 cui
3443 2824 3697 2880 voluerit

2029 2912 2218 2965 Filius
2249 2912 2514 2966 revelare
2537 2912 2775 2980 (Matth.
2806 2929 2887 2966 x1.
2917 2912 3029 2982 27).
3077 2936 3107 2993 δι
3147 2913 3400 2982 Patrem,
3423 2912 3694 2993 inquam,

2029 3000 2193 3055 novit
2223 3001 2454 3054 etdiem
2480 3001 2714 3054 nescit?
2743 3000 2840 3054 Sic
2889 3016 3032 3072 ergo
3068 2992 3310 3084 creditis
3352 2992 3500 3056 588
3557 3003 3695 3074 quia

2027 3090 2265 3144 Patrem
2297 3089 2537 3157 revelat,
2571 3093 2626 3142 et
2657 3089 2810 3144 diem
2842 3105 2957 3144 non
2991 3092 3184 3160 potest
3213 3089 3524 3144 revelare?

2103 3196 2227 3250 20'2.
2263 3196 2484 3250 Deinde
2515 3196 2650 3266 quia
2681 3195 2902 3267 gradus
2925 3186 3215 3266 quosdam
3234 3196 3429 3250 facitis
3455 3211 3470 3266 ;
3502 3197 3565 3250 ut
3593 3195 3697 3250 Pa-

2029 3289 2176 3340 trem
2211 3284 2381 3354 Filio,
2426 3283 2638 3339 Filium
2670 3285 2912 3355 Spiritui
2943 3285 3311 3354 praeferatis;
3345 3284 3520 3338 dicite
3551 3284 3696 3338 mihi

2028 3379 2221 3430 utrum
2253 3375 2509 3445 Spiritus
2559 3378 2804 3429 sanctus
2836 3374 3291 3444 noveritjudicii
3323 3373 3518 3443 diem;
3549 3373 3696 3428 nihil

2027 3465 2183 3519 enim
2214 3465 2284 3518 de
2318 3480 2388 3519 eo
2421 3464 2706 3533 scriptum
2741 3467 2833 3517 est
2861 3463 2995 3516 hoc
3026 3463 3176 3517 loco.
3212 3462 3460 3534 Negatis
3491 3461 3694 3533 profer

2027 3557 2140 3608 cto.
2175 3552 2323 3617 Quid
2355 3554 2406 3606 si
2440 3553 2626 3607 doceo
2649 3552 2807 3623 quod
2830 3552 3060 3606 noverit
3078 3551 3370 3630 ?_Lectum
3389 3555 3480 3605 est
3499 3551 3690 3607 enim:

2031 3665 2052 3689 «
2087 3642 2275 3696 Nobis
2307 3646 2498 3695 autem
2529 3641 2812 3695 revelavit
2844 3641 3002 3694 Deus
3035 3656 3140 3710 per
3169 3639 3449 3710 Spiritum
3479 3656 3692 3709 suum;

2026 3731 2280 3801 Spiritus
2313 3731 2468 3784 enim
2499 3731 2692 3784 omnia
2752 3732 3066 3798 scrutatur,
3129 3728 3302 3783 etiam
3350 3729 3466 3786 alta
3509 3727 3616 3782 Dei
3645 3727 3702 3796 (Ι

2037 3820 2176 3874 Cor.
2211 3837 2272 3888 II,
2308 3818 2416 3887 10).
2457 3842 2478 3866 ι»
2519 3819 2730 3889 Utique
2762 3819 2897 3888 quia
2919 3818 3032 3871 alta
3081 3817 3184 3872 Dei
3210 3821 3528 3885 scrutatur,
3561 3832 3695 3870 cum

2027 3909 2188 3962 Deus
2218 3907 2449 3962 noverit
2476 3907 2684 3978 judicii
2718 3908 2892 3973 diem,
2912 3907 3084 3961 etiam
3103 3906 3358 3977 Spiritus
3377 3906 3558 3961 novit.
3582 3905 3697 3960 No-

2025 3999 2111 4052 vit
2147 3999 2302 4051 enim
2337 3997 2529 4051 omnia
2563 4013 2694 4067 quae
2754 3997 2913 4050 Deus
2970 3997 3151 4061 novit,
3187 3997 3343 4049 sicut
3372 3994 3694 4065 Apostolus

2030 4087 2296 4142 declarat
2327 4087 2572 4139 dicens:
2612 4106 2633 4135 «
2668 4085 2812 4150 Quis
2864 4085 3018 4138 enim
3078 4085 3190 4138 scit
3230 4085 3531 4138 hominum
3561 4098 3694 4155 quae

2029 4181 2167 4231 sunt
2199 4176 2477 4242 hominis,
2511 4175 2624 4228 nisi
2651 4175 2896 4244 spiritus
2928 4173 3184 4227 hominis
3204 4174 3302 4244 qui
3324 4173 3384 4227 in
3405 4173 3536 4243 ipso
3558 4175 3649 4226 est
3667 4173 3695 4225 ?

2029 4265 2126 4320 Sic
2158 4269 2213 4319 et
2243 4281 2375 4335 quae
2406 4264 2512 4317 Dei
2543 4267 2700 4331 sunt,
2738 4279 2909 4317 nemo
2961 4263 3258 4333 cognovit,
3292 4261 3408 4315 nisi
3438 4260 3694 4330 Spiritus

2030 4355 2136 4409 Dei
2167 4354 2344 4424 (Ibid.
2380 4352 2489 4422 11).
2532 4375 2552 4398 n
2590 4352 2796 4405 Videte
2828 4351 3028 4422 igitur,
3064 4366 3136 4404 ne
3159 4353 3257 4404 aut
3279 4348 3549 4420 negando
3581 4346 3695 4418 (51)

309 4500 434 4571 (45)
452 4501 767 4568 Arcturus,
793 4498 893 4570 qui
918 4502 973 4553 et
995 4499 1210 4554 Bootes
1230 4501 1287 4553 et
1310 4501 1711 4571 Arctophylax
1731 4519 1908 4557 voce-
1945 4485 1999 4547 D
2101 4498 2215 4567 (49)
2247 4495 2412 4571 Cplb.
2434 4511 2624 4571 unus,
2654 4517 2688 4571 _«
2719 4510 2842 4571 non
2901 4495 3038 4571 quia
3087 4490 3402 4562 contigerit
3457 4492 3520 4545 ut
3567 4487 3694 4561 jam

233 4576 357 4641 tur,
382 4571 759 4645 constellatio
782 4571 1282 4645 septentrionalis,
1309 4571 1559 4645 primum
1584 4578 1757 4645 atque
1778 4576 1915 4629 ulti-

234 4659 408 4698 mum
439 4642 817 4716 nomenhinc
841 4643 1088 4711 adeptus
1129 4645 1238 4716 est,
1265 4643 1420 4712 quod
1462 4649 1620 4716 retro
1661 4642 1720 4699 et
1745 4648 1917 4716 quasi

234 4717 312 4768 ad
347 4715 602 4768 caudam
637 4714 810 4767 Ursae
843 4716 1073 4782 positus
1107 4713 1202 4780 sit,
1228 4714 1721 4783 quemadmodum
1741 4713 1914 4772 etiam

235 4786 472 4840 Bootes
503 4786 719 4838 dicitur
749 4785 908 4856 quod
940 4784 1109 4854 sequi
1141 4800 1209 4837 ac
1229 4801 1437 4854 regere
1460 4786 1786 4855 plaustrum
1807 4806 1918 4844 coc-

232 4857 397 4912 leste
431 4857 721 4911 videatur.
753 4857 934 4910 Orion
965 4871 996 4928 a
1055 4856 1422 4928 multitudine
1470 4873 1754 4928 aquarum
1805 4878 1918 4914 no-

236 4945 387 4983 men
419 4929 690 4996 obtinuit,
724 4927 881 4997 quod
905 4927 1127 5001 oriatur
1148 4927 1385 5001 hiemali
1413 4927 1696 4998 tempore,
1723 4935 1777 4984 et
1799 4932 1920 5001 plu.

232 5001 379 5053 vias
425 5003 928 5069 tempestatesque
979 4999 1134 5052 ciere
1185 5000 1574 5053 existimetur.
1614 4999 1917 5057 Postremo

235 5071 535 5142 Vergiliae
566 5087 599 5123 a
629 5069 854 5123 Latinis
884 5069 1128 5142 idcirco,
1163 5070 1318 5139 quod
1351 5086 1490 5124 vere
1523 5075 1712 5126 ortum
1744 5091 1918 5127 suum

234 5141 527 5208 habeant,
552 5142 790 5195 fuerunt
812 5141 1124 5195 nominatae
1150 5156 1164 5206 ;
1189 5142 1344 5194 sicut
1364 5147 1419 5194 et
1445 5142 1716 5197 aGraecis
1744 5147 1921 5198 Pleia-

237 5215 380 5279 des,
405 5214 564 5284 quod
590 5213 764 5266 simul
787 5217 1124 5282 appareant,
1146 5213 1300 5266 unde
1331 5213 1684 5268 Ambrosius
1717 5222 1920 5270 noster

236 5286 516 5339 nominat
538 5284 975 5354 colligationes,
1001 5284 1150 5356 sive,
1174 5285 1332 5356 utin
1373 5300 1520 5338 mss.
1561 5287 1917 5356 quibusdam

236 5357 490 5427 legitur,
517 5379 537 5403 ι
576 5356 1021 5426 collegiationes
1055 5355 1468 5427 Vergiliarum.
1507 5376 1529 5405 ν

319 5426 440 5500 (έᾷ)
473 5428 854 5500 Paucimss.,
893 5447 914 5476 «
953 5426 1385 5500 collegationes
1440 5427 1854 5500 Vergiliarum.
1895 5452 1915 5476 ιι

319 5499 440 5570 (4'7;
475 5499 768 5572 Annulum
803 5498 1194 5572 signator-ium
1229 5498 1512 5570 intellige,
1539 5498 1640 5572 q'ui
1671 5517 1921 5571 expres-

238 5585 386 5626 sam
415 5572 509 5625 sui
540 5573 601 5625 in
631 5571 787 5626 ceris
820 5570 1096 5642 relinquit
1124 5570 1462 5640 imaginem.

321 5643 442 5713 (48)
473 5644 620 5700 Mss.
653 5645 897 5717 aliquot,
933 5664 955 5694 ι
990 5644 1051 5698 in
1080 5643 1368 5716 sapientia
1388 5643 1658 5717 perfecit,
1683 5643 1869 5718 idest,
1895 5665 1917 5690 η

237 5719 370 5774 etc.

2033 4572 2172 4636 sint,
2199 4565 2312 4622 sed
2345 4569 2502 4638 quia,
2542 4592 2562 4614 ι»
2592 4567 2828 4638 minime
2862 4565 3031 4618 male.

2102 4631 2214 4708 (50)
2253 4631 2421 4693 Rom.
2453 4631 2590 4692 edit.
2625 4637 2772 4700 sola,
2813 4658 2834 4680 «
2868 4634 3172 4708 permanet
3194 4631 3378 4708 _di_e_s.
3409 4631 3557 4708 Nec
3597 4646 3695 4685 so-

2031 4703 2150 4767 lum
2182 4703 2502 4781 permanet,
2539 4709 2643 4761 sed
2678 4709 2849 4781 etiam
2869 4703 3253 4781 permanebit,
3277 4703 3448 4772 (dixit
3467 4706 3695 4781 autem;

2029 4774 2360 4842 Permanet.
2395 4781 2531 4850 quia
2562 4774 3074 4850 pi‘0pl1etis’_eti_am
3106 4774 3697 4850 futuraprazstosunt

2031 4857 2090 4908 in
2123 4855 2356 4923 spiritu)
2389 4844 2449 4904 ut
2479 4844 2633 4923 ejus,
2675 4844 2704 4923 ii
2731 4852 2840 4900 etc.
2875 4845 3007 4923 Sed.
3051 4844 3426 4923 manifestum
3459 4847 3552 4898 est
3581 4844 3696 4923 hu:

2027 4915 2292 4996 jusmodi
2339 4915 2823 4996 'interpolatione
2881 4916 3334 4996 Ambrosianam
3392 4915 3695 4984 corrumpi

2031 4988 2403 5060 sententiam,
2436 5008 2503 5045 ac
2535 4988 2612 5044 ’S.
2648 4991 2949 5044 doctorem
2978 4988 3292 5060 scripisse,
3328 5009 3350 5034 α
3387 5001 3696 5057 permane-

2031 5069 2116 5122 bit
2146 5067 2295 5131 dies,
2334 5086 2353 5110 υ
2391 5058 2661 5133 quamvis
2684 5062 2941 5133 ipsemet
2974 5059 3034 5113 in
3065 5058 3222 5113 Psal.
3256 5073 3395 5113 cvm
3429 5073 3698 5113 commu-

2033 5155 2166 5193 nem
2201 5131 2446 5189 secutus
2478 5133 2652 5187 fuerit
2682 5131 3017 5185 lectionem.

2105 5207 2218 5275 (ὀί)
2253 5208 2332 5259 lta
2362 5220 2508 5259 mss.
2563 5204 2764 5275 plures
2816 5219 2884 5256 ac
2943 5199 3348 5275 probatiores:
3407 5200 3505 5255 alii
3553 5212 3697 5275 vero

2034 5285 2089 5335 et
2115 5269 2252 5332 cuin
2283 5278 2372 5330 eis
2432 5269 2684 5352 Qillf‘ac
2746 5274 2915 5352 Rpm.
2944 5269 3180 5352 _edit.,ﬁ
3208 5291 3230 5321 α
3272 5289 3366 5352 “ne
3425 5269 3700 5352 pegando

2034 5357 2091 5406 et
2127 5352 2352 5403 Patrem
2386 5349 2561 5401 scire.
2595 5346 2736 5410 Quae
2789 5345 2890 5399 Dei
2927 5347 3084 5398 sunt.
3137 5341 3484 5398 Conmendo
3517 5341 3699 5410 igitur

2036 5439 2168 5493 quae
2201 5420 2523 5489 Spiritus...
2557 5419 2836 5493 Spiritum
2869 5414 3018 5493 Filio
3062 5414 3394 5493 ‘plmfertis.
3442 5435 3464 5459 η
3504 5410 3697 5493 Minup

2037 5470 2353 5548 ξιδῖρῆξῂϋᾷ
2366 5470 2553 5545 Sarro
2571 5470 2726 5560 apud
2751 5470 2996 5560 Amerb.
3023 5470 3272 5560 etEras.
3288 5484 3497 5560 lacuna
3520 5480 3608 5532 est
3625 5470 3700 5556 ab

2035 5566 2201 5619 initio
2235 5561 2417 5637 hujus
2450 5553 2836 5634 numfusque
2894 5557 2970 5614 ad
3026 5556 3222 5614 locum
3277 5553 3349 5610 de
3405 5563 3522 5630 quo
3568 5553 3705 5623 αεὶ-τ

2037 5653 2192 5695 mus.
