4050 6182
421 292 546 359 719

424 492 710 565 Spiritum
739 492 1011 547 sanctum
1054 490 1232 562 scire,
1264 488 1498 565 negetis
1543 491 1601 545 et
1628 490 1858 545 Patrem
1890 487 2046 545 scire
2070 472 2162 561 ;A

424 582 563 655 quia
592 598 727 654 quae
756 581 863 636 Dei
895 582 1053 651 sunt,
1089 581 1370 653 cognovit
1398 583 1455 635 et
1484 579 1588 635 Dei
1627 577 1881 649 Spiritus
1906 594 1919 633 :
1951 594 2085 650 quae

421 675 618 728 autem
650 686 769 728 non
803 671 1084 744 cognovit
1110 671 1366 743 Spiritus
1412 670 1537 740 Dei,
1568 669 1769 740 utique
1817 667 1921 722 Dei
1966 683 2085 721 non

422 765 596 818 sunt:
628 763 729 817 aut
757 761 1091 818 confitendo
1146 760 1285 832 quia
1312 759 1569 831 Spiritus
1600 758 1705 812 Dei
1730 758 1897 812 novit
1925 755 2084 827 quod

420 850 656 925 negatis
688 849 902 905 Filium
935 850 1113 921 scire,
1148 851 1350 906 contra
1393 852 1654 904 vestram
1690 846 2086 901 assertionem

418 939 706 1012 Spiritum
733 938 884 995 Filio
914 938 1267 1011 praeferetis.
1304 937 1522 993 Verum
1539 952 1657 992 non
1676 935 1871 991 solum
1900 933 2085 990 sacri-

418 1030 553 1103 lega
585 1030 720 1100 ista,
754 1029 861 1085 sed
891 1029 1067 1084 etiam
1096 1028 1291 1099 inepta
1321 1026 1625 1082 dubitatio.

492 1118 616 1175 203.
652 1119 824 1174 Nunc
867 1118 1318 1174 consideremus
1362 1115 1581 1189 quibus
1612 1113 1804 1170 modis
1836 1112 2085 1169 scientia

420 1207 753 1280 colligatur,
769 1210 826 1264 et
837 1208 1221 1264 ostendamus
1236 1207 1431 1277 ipsum
1455 1205 1667 1260 Filium
1689 1203 2088 1259 demonstras-

416 1313 487 1355 se
508 1298 668 1371 quod
685 1300 742 1353 et
761 1297 916 1354 diem
938 1296 1139 1352 sciret.
1159 1296 1327 1362 Quod
1348 1284 1506 1350 enim
1527 1294 1774 1361 scimus,
1809 1296 1907 1348 aut
1931 1295 2083 1346 tem-

414 1403 582 1460 pore,
602 1390 702 1444 aut
720 1387 874 1457 loco,
896 1389 995 1441 aut
1023 1386 1239 1459 signis,
1266 1388 1366 1441 aut
1386 1384 1666 1456 personis
1688 1381 2081 1453 declaramus,

415 1480 519 1533 aut
545 1476 773 1533 ordine.
806 1474 1112 1543 Quomodo
1161 1474 1345 1549 igitur
1383 1473 1639 1530 nescivit
1661 1470 1873 1544 judicii
1904 1469 2081 1540 diem,

415 1565 521 1641 qui
548 1567 607 1621 et
635 1564 1094 1639 horamjudicii,
1126 1567 1184 1620 et
1210 1563 1427 1637 locum,
1460 1564 1519 1618 et
1562 1561 1738 1635 signa
1785 1558 2088 1630 expressit

416 1659 476 1711 et
505 1670 723 1711 causas
743 1655 773 1710 ?

485 1742 613 1801 204.
638 1744 905 1817 Denique
930 1743 1020 1799 sic
1042 1741 1259 1798 habes:
1290 1766 1311 1790 α
1338 1742 1401 1797 In
1425 1739 1523 1796 illa
1544 1738 1691 1795 hora
1712 1738 1813 1811 qui
1835 1735 2086 1793 fueritin

416 1836 595 1925 tecto,
627 1850 747 1889 non
775 1833 1099 1925 descendat
1126 1831 1334 1888 tollere
1365 1846 1509 1925 vasa
1536 1829 1610 1885 de
1633 1829 1808 1925 domo
1839 1843 1948 1883 sua
1975 1842 1990 1897 ;
2030 1828 2089 1881 et
2111 1860 2167 1925 Β

415 1923 520 1997 qui
551 1923 613 1979 in
643 1938 811 1996 agro,
859 1922 1131 1977 similiter
1169 1937 1288 1977 non
1318 1920 1521 1976 redeat
1546 1921 1708 1974 retro
1740 1918 1904 1989 (Luc.
1940 1932 2084 1987 xvu,

414 2011 508 2085 31)
533 2032 582 2068 ι.
608 2011 888 2085 Eousque
912 2011 1095 2085 igitur
1113 2010 1447 2067 futurorum
1484 2011 1653 2064 norat
1688 2003 2092 2078 periculorum

415 2105 688 2175 eventus,
718 2104 783 2159 ut
811 2102 987 2158 etiam
1019 2099 1303 2173 prasidia
1330 2097 1803 2171 periclitantibus
1833 2095 2086 2152 demon-

416 2193 657 2249 straret.

487 2279 614 2339 205.
645 2283 740 2337 An
767 2283 996 2353 poterat
1016 2280 1304 2336 Dominus
1334 2278 1492 2334 diem
1512 2277 1813 2350 ignorare,
1832 2273 1935 2347 qui
1960 2274 2091 2345 ipse

419 2371 494 2429 de
515 2386 583 2427 se
605 2370 753 2426 dixit
772 2370 911 2443 quia
928 2369 1115 2426 Filius
1139 2367 1419 2426 hominus
1438 2366 1726 2423 Dominus
1742 2368 1835 2422 est
1850 2361 2094 2420 Sabbati

422 2460 664 2533 (Matth.
695 2476 800 2529 xu,
833 2458 939 2530 8)?

491 2546 620 2605 206.
652 2548 879 2605 Locum
909 2562 1145 2621 quoque
1174 2546 1349 2603 etiam
1378 2544 1521 2601 alibi
1551 2543 1908 2617 designavit,
1961 2557 2097 2597 cum

422 2637 543 2695 sibi
572 2640 906 2694 structuras
935 2636 1138 2708 templi
1159 2634 1611 2692 ostendentibus
1640 2631 1979 2703 discipulis,
2011 2630 2099 2685 di-

425 2730 624 2784 ceret:
662 2748 687 2775 α
720 2726 949 2782 Videtis
981 2725 1112 2781 haec
1134 2725 1371 2781 omnia?
1402 2725 1592 2779 Amen
1611 2722 1745 2777 dico
1764 2720 1960 2790 vobis,
1980 2735 2099 2775 non

424 2815 793 2889 relinquetur
813 2815 967 2889 lapis
989 2830 1173 2887 super
1192 2813 1470 2887 lapidem,
1494 2812 1597 2886 qui
1618 2827 1738 2870 non
1759 2810 2100 2867 destruatur

427 2905 673 2979 (Matth.
707 2921 872 2977 xxiv,
905 2905 982 2977 2).
1021 2925 1045 2956 ι

498 3012 625 3070 2οἾ.
660 3013 745 3070 De
774 3013 951 3087 signo
1003 3027 1242 3086 quoque
1270 3011 1675 3084 interrogatus
1707 3009 1781 3065 ab
1812 3006 2102 3081 apostolis

428 3102 768 3175 respondit:
836 3124 858 3152 κ
894 3101 1101 3157 Videte
1157 3117 1231 3157 ne
1294 3099 1685 3157 seducamini.
1746 3097 1914 3154 Multi
1946 3096 2105 3152 enim

428 3192 673 3248 venient
701 3192 763 3247 in
817 3192 1055 3247 nomine
1113 3206 1267 3262 meo,
1327 3189 1594 3244 dicentes
1642 3187 1780 3260 quia
1822 3201 1937 3260 ego
1969 3200 2102 3240 sum
2135 3226 2191 3292 ο

429 3281 706 3338 Christus
737 3281 901 3351 (Luc.
938 3297 1062 3350 xxx,
1095 3279 1192 3351 8);
1231 3303 1252 3327 η
1287 3282 1345 3334 et
1376 3277 1559 3334 infra:
1599 3299 1621 3327 α
1657 3277 1858 3331 Terra
1880 3278 2101 3345 motus,

429 3372 641 3445 inquit,
673 3371 873 3444 magni
903 3372 1077 3426 erunt
1104 3385 1212 3441 per
1239 3367 1372 3424 loca
1419 3366 1677 3440 singula,
1712 3369 1769 3420 et
1798 3364 2009 3435 fames,
2043 3367 2101 3419 et

430 3461 786 3535 pestilentia,
819 3464 1200 3530 terroresque
1232 3458 1305 3513 de
1338 3456 1511 3528 caelo,
1570 3458 1629 3511 et
1677 3454 1853 3528 signa
1882 3469 2101 3527 magna

433 3553 606 3607 erunt
633 3549 813 3623 (Ibid.
849 3549 960 3623 11).
995 3572 1018 3599 ιο
1068 3548 1269 3621 Itaque
1301 3549 1359 3604 et
1386 3560 1680 3619 personas
1714 3545 2016 3616 expressit
2048 3545 2107 3599 et

434 3656 632 3713 signa.

503 3745 630 3804 208.
660 3744 789 3813 Quo
818 3749 1013 3803 autem
1039 3744 1239 3814 modo,
1269 3743 1364 3799 vel
1409 3742 1884 3799 circumdaturos
1930 3755 2106 3796 exer-

436 3836 591 3893 citus
621 3835 955 3891 Jerusalem
983 3834 1139 3890 dicat
1169 3834 1342 3905 (Luc.
1381 3850 1506 3902 XIX,
1538 3831 1653 3903 43),
1686 3830 1783 3886 vel
1812 3829 2109 3901 implenda

433 3928 701 3996 tempora
731 3926 995 3997 gentium
1030 3924 1194 3996 (Luc.
1246 3939 1372 3994 xm,
1413 3921 1527 3994 24),
1588 3923 1647 3976 et
1700 3935 1818 3991 quo
1877 3918 2105 3989 ordine,

436 4011 815 4086 Evangelicm
842 4012 1045 4084 utique
1074 4011 1347 4068 lectionis
1378 4009 1752 4066 attestatione
1774 4010 2103 4064 reseratur.

437 4101 626 4162 Scivit
652 4117 798 4176 ergo
831 4101 1047 4159 omnia.

966 4253 1113 4320 589
1145 4259 1400 4318 CAPUT
1420 4259 1599 4317 XVII.

447 4409 611 4480 Quod
641 4406 923 4467 Christus
949 4405 1107 4480 diem
1121 4405 1347 4480 judicii
1407 4403 1691 4480 revelare
1736 4401 2015 4480 noluerit,
2046 4402 2113 4480 _i_n

514 4483 626 4539 hoc
657 4487 881 4538 nostrae
940 4474 1186 4534 utilitati
1232 4476 1561 4533 consultum
1621 4490 1777 4531 esse.
1812 4474 1967 4530 Illud
1998 4474 2114 4528 alia

515 4554 755 4610 Domini
791 4550 1091 4608 sententia
1122 4548 1499 4613 declaratur;
1531 4563 1640 4603 nec
1701 4562 1813 4602 non
1848 4551 1906 4602 et
1938 4544 2116 4601 Pauli

517 4625 645 4681 loco
669 4623 848 4697 plane
896 4618 1527 4697 simili.__Urgentibus
1569 4634 1710 4697 vero
1739 4633 1846 4697 cur
1883 4618 1965 4697 ita
2013 4633 2115 4697 _re-

520 4687 832 4769 sponderit
871 4691 1186 4769 discipulis
1234 4687 1301 4746 ac
1327 4691 1415 4769 “si
1433 4762 1444 4769 _
1470 4691 1810 4769 nescisset,_
1840 4687 1945 4743 alii
2004 4688 2115 4769 loci

522 4760 735 4840 q’uibus
762 4765 942 4820 Patri
988 4760 1446 4840 eadem__tribui_
1495 4760 2103 4840 videtur-ignoratio,

523 4832 931 4910 opponuntur.-
991 4850 1071 4910 ex
1125 4834 1339 4910 quihus
1384 4834 1446 4910 _si
1472 4832 1892 4910 ignorantiam
1934 4832 2115 4910 impo-

525 4902 852 4963 tentiamve
881 4907 944 4960 in
982 4902 1172 4960 Patr'e
1201 4904 1293 4959 illi
1323 4902 1658 4973 admittant,
1691 4904 1830 4958 hinc
1868 4902 1932 4957 in
1961 4902 2117 4957 Filio

525 4976 789 5051 eamdem
831 4993 957 5051 quae
1012 4978 1075 5032 in
1128 4977 1324 5051 (Patre
1372 4974 1767 5051 substantiam
1809 4974 2120 5051 admittant

523 5049 656 5105 dam
688 5045 1081 5120 esse'contra
1112 5047 1504 5120 ipsosarguit
1546 5045 1944 5120 Ambrosius,-
1997 5045 2118 5100 nisi

526 5127 720 5176 tamen
765 5118 973 5175 malint
1021 5116 1318 5174 mendacii
1374 5116 1655 5173 accusare
1702 5116 1925 5172 Filium
1940 5136 1957 5181 ;
1989 5131 2117 5171 cum

522 5206 712 5266 neque
770 5192 834 5247 in
885 5190 1037 5247 hunc
1085 5205 1273 5264 neque
1320 5190 1383 5244 in
1426 5189 1673 5245 Patrem
1733 5188 1905 5244 cadat
1949 5186 2119 5243 falle-

523 5334 764 5407 (52),N_eg
790 5334 1185 5407 cuiAvideatur
1220 5331 1544 5407 obscurum
1574 5330 1744 5407 quod
1762 5330 2118 5407 Ambrosius

453 5401 849 5476 diem'judicii
871 5402 1108 5460 Christo
1132 5403 1430 5476 c0gnitum
1446 5401 1635 5476 fuisse
1652 5401 1865 5476 exinde
1887 5403 2115 5476 probet,

416 5506 423 5509 -
453 5480 590 5553 quia
626 5472 902 5533 dominus
926 5480 1019 5553 est
1035 5472 1510 5553 etiam'Sabbati_;_
1524 5472 1943 5553 advertendum
1966 5475 2119 5553 hanc

450 5543 709 5606 mentem
741 5562 881 5604 esse
912 5546 1176 5603 doctoris
1206 5545 1415 5607 nostri,
1449 5543 1749 5598 Christum
1782 5544 2010 5598 scilicet
2049 5560 2119 5600 ea

452 5636 706 5693 quorum
719 5619 897 5675 fuerit
910 5620 1039 5698 ipse
1054 5618 1350 5698 dominus,
1367 5616 1644 5698 ignorare
1658 5613 1813 5668 haud
1825 5630 2119 5686 quaquam

495 5706 666 5748 osse:
697 5707 832 5747 eum
854 5685 1052 5745 autem
1079 5687 1196 5743 diei
1212 5685 1425 5758 judicii
1447 5685 1748 5758 dominum
1770 5700 1908 5758 esse
1928 5685 2016 5758 ex
2045 5702 2116 5742 eo

495 5706 666 5748 08802
697 5707 832 5747 eum
854 5705 1052 5745 autem
1079 5705 1196 5743 (1101
1212 5705 1425 5758 ,ιιιαιοιι
1447 5705 1748 5741 nominum
1770 5705 1908 5740 6886
1940 5705 2016 5741 ex
2045 5705 2116 5742 ΘΟ

450 5705 678 5837 1(locari,
711 5761 875 5839 quod
900 5762 980 5822 sit
1009 5758 1286 5820 dominus
1303 5756 1480 5817 etiam
1508 5755 1770 5832 Sabbati,
1792 5755 1893 5835 qui
1912 5756 2042 5814 dies
2062 5760 2120 5816 et

1861 286 1928 352 S.
1972 284 2420 353 AMBROSII.

3705 285 3814 350 720

2269 502 2359 552 re,
2390 486 2505 613 ‘sed
2533 486 2882 544 memoratis
2909 484 3060 543 locis
3090 484 3392 558 utriusque
3447 484 3628 541 unitas
3678 485 3817 542 desi-

2271 575 2384 613 ane
2416 574 2504 613 ur.

2268 574 2504 632 gnetur.

2272 701 2396 757 209.
2427 702 2545 759 Sed
2574 702 2903 774 quaerimus
2932 717 3050 774 qua
3096 701 3319 757 ratione
3366 699 3665 772 designare
3705 716 3816 756 mo-

2200 795 2394 847 menta
2433 792 2706 848 noluerit.
2768 791 2832 846 Si
2898 807 3258 863 quaeramus,
3327 805 3443 845 non
3506 789 3823 861 ignorantia

2200 880 2575 936 inveniemus
2649 896 2809 951 esse,
2872 882 2978 935 sed
3054 880 3379 951 sapientia.
3452 878 3633 933 Nobis
3686 879 3821 933 enim

2201 969 2358 1025 scire
2388 985 2508 1025 non
2563 969 2878 1041 proderat:
2937 972 3000 1025 ut
3055 969 3193 1024 dum
3250 970 3409 1024 certa
3463 967 3635 1022 futuri
3679 966 3823 1039 judi-

2200 1058 2275 1113 cii
2304 1060 2599 1114 momenta
2628 1058 2955 1128 nescimus,
2989 1073 3228 1129 semper
3253 1060 3525 1129 tanquam
3578 1057 3635 1111 in
3661 1071 3823 1111 exeu-

2198 1147 2318 1202 biis
2375 1149 2717 1219 constituti,
2786 1151 2846 1203 et
2901 1147 2963 1203 in
3019 1147 3271 1219 quadam
3327 1147 3560 1201 virtutis
3613 1145 3827 1216 specula

2200 1236 2493 1308 collocati,
2527 1237 2811 1309 peccandi
2846 1236 3338 1292 consuetudinem
3360 1234 3737 1304 declinemus;
3763 1249 3825 1289 ne

2152 1332 2159 1357 '
2200 1342 2314 1381 nos
2347 1325 2501 1382 inter
2526 1327 2668 1381 vitia
2690 1328 2821 1382 dies
2851 1326 3086 1381 Domini
3107 1324 3527 1396 deprehendat.
3548 1324 3675 1379 Non
3694 1322 3829 1378 enim

2197 1415 2444 1487 prodest
2471 1415 2649 1487 scire,
2683 1416 2792 1471 sed
2824 1419 3085 1471 metuere
3115 1415 3273 1486 quod
3291 1414 3548 1469 futurum
3569 1416 3682 1483 est;
3704 1413 3830 1467 scri-

2198 1507 2364 1576 ptum
2393 1507 2486 1560 est
2514 1505 2671 1560 enim
2695 1521 2708 1561 :
2748 1526 2771 1553 α
2807 1505 2946 1561 Noli
2976 1506 3092 1560 alta
3114 1519 3348 1576 sapere,
3381 1502 3490 1559 sed
3517 1503 3650 1559 time
3664 1500 3827 1573 (Rom.

2198 1609 2281 1665 xi,
2311 1592 2422 1665 20).
2463 1614 2486 1644 ι

2270 1700 2395 1756 210.
2431 1701 2583 1756 Nam
2600 1702 2655 1757 si
2678 1702 2831 1757 diem
2855 1701 3240 1774 designasset
3271 1714 3579 1773 expresse,
3602 1699 3682 1755 uti
3702 1697 3836 1754 aetati

2200 1789 2505 1846 hominum
2549 1807 2685 1863 quae
2720 1791 2989 1863 proxima
3029 1798 3154 1846 erat
3175 1790 3425 1862 judicio,
3454 1789 3742 1845 videretur
3766 1788 3838 1843 di-

2203 1880 2515 1951 sciplinam
2529 1881 2987 1952 praescripsisse
3005 1880 3242 1935 vivendi
3264 1896 3280 1950 ς
3296 1878 3622 1951 superioris
3637 1880 3837 1948 tempo-

2202 1969 2288 2024 ris
2310 1973 2407 2024 aut
2420 1969 2627 2041 justus
2645 1972 2809 2025 esset
2823 1970 3154 2041 remissior,
3175 1972 3275 2024 aut
3286 1971 3565 2040 peccator
3577 1967 3837 2023 securior.

2201 2058 2471 2130 Namque
2502 2059 2732 2114 adulter
2761 2058 2880 2113 nisi
2919 2059 3323 2130 quotidianam
3370 2074 3603 2129 pmnam
3632 2058 3837 2125 metuat,

2202 2162 2322 2203 non
2352 2151 2549 2219 potest
2578 2148 2652 2203 ab
2684 2148 3050 2203 adulterandi
3076 2149 3398 2218 cupiditate
3421 2147 3689 2204 desinere
3717 2145 3841 2216 (53):

2201 2252 2312 2293 nec
2351 2237 2501 2293 latro
2548 2238 2942 2294 obsessorum
3005 2238 3263 2293 saltuum
3308 2240 3541 2294 secreta
3569 2237 3840 2305 deserere,

2202 2326 2317 2382 nisi
2349 2327 2500 2382 sciat
2531 2327 2648 2383 sibi
2678 2326 2992 2384 momentis
3022 2328 3303 2384 omnibus
3326 2328 3633 2383 imminere
3655 2323 3845 2397 suppli-

2205 2417 2382 2472 cium.
2418 2416 2773 2489 Plerumque
2797 2415 2954 2473 enim
2982 2416 3203 2489 quibus
3231 2418 3598 2475 incentivum
3639 2418 3725 2471 est
3750 2416 3845 2470 im-

2208 2506 2468 2579 punitas,
2499 2507 2676 2562 timor
2690 2506 2867 2563 taedio
2899 2510 3014 2564 est.

2279 2613 2406 2670 211.
2437 2612 2577 2670 Ideo
2608 2630 2755 2688 ergo
2771 2614 2895 2669 dixi
2923 2615 3060 2688 quia
3093 2617 3252 2672 scire
3285 2632 3409 2672 non
3436 2616 3721 2688 proderat,
3749 2612 3846 2666 imo

2209 2703 2488 2775 proderat
2517 2704 2837 2776 ignorare;
2895 2709 2959 2760 ut
3013 2704 3367 2778 ignorantes
3423 2706 3772 2772 timeremus,
3799 2702 3851 2756 ut

2210 2792 2603 2849 observantes
2633 2793 3103 2865 emendaremur,
3140 2794 3295 2849 sicut
3317 2796 3454 2867 ipse
3486 2795 3663 2850 dixit:
3708 2815 3728 2838 ι
3753 2790 3849 2845 Es-

2212 2884 2330 2937 tote
2358 2882 2566 2953 parati,
2600 2883 2739 2954 quia
2768 2882 3018 2938 nescitis
3047 2899 3163 2954 qua
3195 2883 3347 2939 hora
3395 2883 3585 2939 Filius
3622 2878 3851 2938 hominis

2211 2974 2500 3026 venturus
2560 2974 2654 3026 est
2708 2971 2948 3040 (Matth.
2980 2988 3147 3043 xxiv,
3178 2972 3292 3043 44).
3331 2993 3355 3022 ι
3391 2973 3655 3044 Namque
3704 2969 3851 3025 miles

2212 3060 2332 3115 nisi
2358 3059 2663 3116 bellumin
2680 3061 2956 3117 manibus
2974 3077 3117 3117 esse
3138 3066 3495 3135 cognoscat,
3518 3058 3853 3134 praetendere

2211 3164 2332 3206 non
2361 3150 2528 3205 novit
2554 3151 2617 3205 in
2648 3151 2883 3206 castris.

2282 3273 2410 3331 212.
2443 3274 2613 3331 Unde
2643 3275 2786 3331 alibi
2828 3290 3066 3348 quoque
3114 3275 3244 3348 ipse
3291 3276 3583 3333 Dominus
3629 3277 3855 3331 interro-

2214 3367 2388 3437 gatus
2418 3364 2493 3419 ab
2525 3364 2835 3436 apostolis,
2872 3365 3132 3437 inquam,
3190 3366 3292 3437 qui
3351 3367 3556 3439 utique
3585 3382 3699 3421 non
3724 3363 3855 3419 sicut

2212 3454 2395 3509 Arius
2420 3453 2849 3527 intelligebant,
2878 3456 2984 3510 sed
3005 3454 3220 3510 Filium
3243 3454 3355 3511 Dei
3371 3456 3570 3512 futura
3589 3456 3737 3511 scire
3757 3466 3859 3508 creo

2213 3542 2466 3614 debant;
2496 3559 2632 3598 nam
2662 3543 2780 3599 nisi
2801 3543 2917 3598 hoc
2940 3544 3366 3618 credidissent,
3388 3562 3684 3619 nunquam
3705 3544 3857 3598 inter-

2214 3637 2578 3702 rogassent:
2638 3632 3042 3706 interrogatus
3071 3649 3218 3707 ergo
3250 3636 3492 3707 quando
3552 3631 3859 3691 restitueret

2214 3736 2467 3794 regnum
2497 3722 2703 3793 Israel,
2735 3739 2854 3779 non
2886 3739 2953 3779 se
2976 3724 3213 3779 nescire
3234 3724 3405 3796 dixit,
3431 3725 3540 3781 sed
3560 3726 3663 3780 ait:
3699 3746 3721 3772 ι
3745 3720 3858 3776 Non

2217 3814 2310 3865 est
2341 3814 2605 3866 vestrum
2635 3813 2793 3868 scire
2824 3818 3089 3884 tempora
3121 3816 3178 3869 et
3208 3829 3405 3871 annos
3436 3832 3572 3889 quae
3601 3814 3861 3884 Paterpo-

2218 3900 2338 3954 suit
2368 3901 2430 3954 in
2459 3916 2572 3956 sua
2626 3904 2916 3971 potestate
2973 3902 3131 3972 (Act.
3165 3920 3203 3971 ι,
3237 3900 3315 3974 7).
3353 3928 3377 3953 ιι
3444 3905 3690 3961 Attende
3740 3899 3859 3973 quid

2218 3988 2465 4045 dixerit:
2506 4012 2528 4037 α
2564 3989 2699 4045 Non
2728 3994 2820 4046 est
2849 3993 3117 4046 vestrum
3150 3993 3328 4049 scire.
3370 4018 3393 4043 η
3429 3995 3593 4069 Lege
3632 3993 3856 4048 iterum:

2222 4101 2245 4128 α
2279 4078 2415 4135 Non
2445 4082 2538 4135 est
2565 4083 2852 4136 vestrum.
2889 4101 2913 4132 ι
2981 4081 3252 4137 Vestrum
3310 4083 3483 4155 dixit,
3545 4099 3662 4140 non
3689 4093 3858 4136 meum

2214 4167 2341 4241 jam
2367 4169 2525 4225 enim
2553 4185 2672 4225 non
2702 4170 3031 4226 secundum
3062 4172 3515 4245 perfectionem,
3546 4173 3651 4229 sed
3665 4183 3860 4228 secun-

2220 4258 2361 4313 dum
2380 4259 2712 4330 profectum
2746 4260 2987 4316 humani
3022 4262 3293 4333 corporis
3328 4280 3401 4318 ac
3426 4267 3647 4320 nostra
3675 4261 3860 4318 animm

2221 4347 2594 4421 loquebatur.
2639 4349 2910 4405 Vestrum
2939 4367 3086 4424 ergo
3115 4352 3282 4423 dixit,
3306 4369 3428 4410 non
3459 4370 3672 4410 meum.

2293 4474 2418 4529 213.
2450 4473 2616 4539 Quod
2641 4476 2697 4530 et
2720 4475 3043 4547 Apostolus
3067 4480 3347 4535 secutus:
3376 4500 3400 4531 κ
3424 4480 3509 4536 De
3525 4477 3861 4552 temporibus

2140 4589 2197 4657 Β
2223 4565 2416 4618 autem
2449 4566 2505 4618 et
2533 4565 2867 4657 momentis,
2903 4565 3139 4639 fratres,
3185 4583 3304 4624 non
3362 4569 3621 4640 habetis,
3678 4566 3860 4641 inquit,

2225 4668 2377 4724 opus
2407 4656 2469 4707 ut
2489 4653 2663 4709 vobis
2687 4655 3023 4711 scribamus
3045 4655 3102 4726 (l
3125 4656 3331 4714 Thess.
3364 4675 3423 4729 v,
3451 4660 3473 4712 t
3486 4669 3526 4730 ).
3552 4684 3574 4708 ιι
3601 4660 3785 4729 Itaque
3799 4668 3861 4710 ne

2225 4742 2550 4813 Apostolus
2561 4743 2798 4815 quidem
2811 4744 2939 4815 ipse
2950 4744 3170 4800 Christi
3183 4762 3401 4803 servus
3414 4748 3564 4804 dixit
3574 4764 3641 4804 se
3654 4744 3860 4803 nescire

2227 4835 2542 4903 momenta,
2563 4833 2670 4888 sed
2695 4849 2813 4889 non
2843 4850 2993 4906 opus
3024 4850 3163 4891 esse
3197 4836 3396 4893 doceri
3433 4838 3707 4910 populum
3736 4823 3860 4889 590

2227 4923 2328 4994 qui
2361 4937 2600 4994 semper
2645 4923 3013 4994 spiritalibus
3069 4926 3452 4983 munimentis
3520 4942 3658 4983 esse
3712 4921 3863 4980 debet

2227 5014 2488 5067 armatus
2513 5028 2525 5068 :
2583 5016 2646 5067 ut
2674 5013 2863 5068 virtus
2893 5013 3115 5069 Christi
3145 5016 3205 5070 in
3253 5032 3612 5089 unoquoque
3640 5016 3863 5087 preten-

2227 5100 2342 5156 dat.
2372 5099 2517 5156 Cum
2549 5104 2742 5157 autem
2776 5101 2917 5157 dicit
2960 5103 3287 5160 Dominus:
3350 5128 3373 5154 α
3411 5106 3495 5161 De
3528 5102 3861 5176 temporibus

2227 5206 2361 5261 quae
2390 5191 2568 5246 Pater
2593 5191 2793 5262 posuit
2846 5191 2907 5246 in
2940 5206 3048 5249 sua
3105 5197 3414 5266 potestate,
3467 5216 3491 5247 ι
3534 5195 3726 5267 utique
3760 5202 3861 5245 non

2227 5333 2489 5411 aliorum
2508 5334 2768 5411 omnium
2788 5336 3354 5411 praestantissimus,
3406 5341 3465 5393 et
3495 5333 3862 5411 resurrectio-

2228 5406 2343 5482 nis,
2370 5410 2431 5460 ut
2475 5406 2628 5482 idem
2676 5404 3030 5482 Ambrosius
3081 5410 3303 5482 saepius
3340 5404 3540 5482 tradit,
3566 5404 3858 5482 {igura_est.

2228 5475 2371 5554 Quae
2400 5492 2543 5554 vero
2576 5478 3058 5554 dedestruendis
3090 5475 3860 5554 Hierosolymisisdbjiciun-

2227 5551 2342 5618 tur,
2377 5548 2763 5623 spiritualiter
2785 5549 3167 5623 intelligenda
3195 5547 3414 5609 noscas
3435 5568 3467 5608 e
3488 5552 3591 5608 lib.
3614 5547 3745 5607 x'iu
3760 5547 3862 5603 Lu-

2229 5617 2570 5694 cam,n_u_m.
2604 5617 2674 5694 15
2706 5625 2762 5677 et
2784 5617 3200 5694 sequentibus.

2298 5692 2410 5762 (53)
2444 5690 2571 5747 Vet.
2589 5692 2751 5769 edit.,
2771 5690 3153 5751 addllei'andi
3170 5696 3555 5769 cupiditatem
3579 5692 3865 5769 desinere;

2229 5760 2497 5837 R0m.,...
2526 5760 2915 5847 relinquere:
2948 5782 3097 5825 mss.
3130 5760 3272 5829 vero
3303 5771 3368 5829 ut
3397 5767 3463 5831 in
3491 5766 3775 5829 contextu.
