4050 6182
331 383 435 445 721

1717 379 1827 444 DE
1860 379 2051 444 FIDE
2089 380 2252 444 LIB.
2297 382 2379 445 V.

3651 381 3775 447 722

324 585 513 654 potest
544 596 760 638 exsors
783 597 922 638 esse
955 582 1221 638 scientiae
1252 585 1532 654 paternae,
1569 583 1746 653 cujus
1779 561 2067 654 nequa-A
2169 583 2364 638 omnia
2420 583 2579 654 novi,
2641 587 2739 638 aut
2779 599 2898 640 non
2956 584 3151 640 omnia
3194 587 3410 657 potest.
3445 585 3581 642 Non
3639 602 3776 644 sum

324 688 491 743 quam
522 687 739 726 exsors
785 675 877 727 est
931 673 1282 744 potestatis;
1316 690 1447 728 cum
1481 677 1744 743 potestas
1778 689 1853 727 ex
1885 689 1986 726 sa-

321 760 535 831 pientia
564 764 621 815 et
655 761 866 815 virtute
899 762 1198 834 gignatur,
1248 763 1403 834 quod
1438 766 1750 834 utrumque
1779 761 1988 817 Chris-

318 853 411 904 tus
445 853 558 904 est.

385 957 511 1011 214.
546 957 663 1012 Sed
713 959 979 1029 quaeritis
1037 976 1149 1032 qua
1183 977 1361 1015 causa
1395 977 1511 1016 non
1560 961 1636 1015 ita
1676 960 1988 1031 discipulis

319 1048 579 1118 negavit,
617 1048 789 1119 quasi
818 1049 998 1103 sciret
1039 1054 1096 1104 et
1142 1050 1323 1104 nollet
1372 1050 1569 1106 dicere
1603 1067 1614 1104 :
1651 1051 1758 1105 sed
1796 1066 1988 1122 neque

314 1136 604 1208 Angelos,
639 1152 830 1208 neque
863 1137 1074 1192 Filium
1125 1139 1281 1194 scire
1313 1141 1726 1194 memoraverit
1772 1140 1986 1209 (Marc.

308 1243 410 1294 xu,
443 1223 534 1294 32)
557 1228 585 1279 ‘?
617 1226 1001 1299 Interrogabo
1034 1244 1144 1282 vos
1175 1233 1232 1283 et
1254 1245 1387 1300 ego,
1424 1247 1539 1300 qua
1566 1246 1745 1284 causa
1780 1231 1840 1284 in
1869 1230 1987 1285 Ge-

311 1315 444 1370 nesi
467 1315 628 1369 Deus
662 1315 816 1369 dicat
853 1333 864 1371 :
915 1339 936 1364 «
995 1317 1364 1372 Descendam
1396 1319 1613 1390 itaque,
1666 1323 1729 1373 ut
1760 1319 1990 1374 videam

313 1404 640 1458 secundum
668 1404 989 1460 clamorem
1040 1406 1277 1462 illorum
1319 1409 1655 1463 venientem
1688 1409 1760 1462 ad
1790 1425 1903 1476 me,
1939 1409 1993 1463 si

313 1494 886 1549 consummabuntur
918 1511 930 1550 :
967 1496 1061 1550 sin
1093 1499 1307 1567 autem,
1333 1500 1394 1551 ut
1417 1498 1602 1551 sciam
1628 1497 1800 1565 (Gen.
1823 1515 1988 1567 xvm,

312 1582 410 1651 21)
428 1585 458 1636 ‘?
492 1606 512 1629 υ
547 1582 662 1648 Qua
699 1600 878 1638 causa
905 1585 1079 1639 etiam
1101 1585 1401 1656 Scriptura
1421 1587 1492 1641 de
1519 1587 1764 1641 Domino
1797 1588 1954 1642 dicat
1978 1604 1990 1643 :

315 1694 338 1717 α
376 1671 449 1724 Ει
480 1672 787 1726 descendit
817 1673 1105 1728 Dominus
1128 1675 1331 1730 videre
1362 1676 1654 1734 civitatem
1687 1677 1988 1747 etturrim,

307 1778 490 1834 quam
533 1762 892 1818 aedificarent
940 1765 1044 1819 ﬁlii
1089 1765 1393 1820 hominum
1453 1765 1627 1835 (Gen.
1688 1784 1768 1836 xx,
1829 1768 1928 1838 5)?
1965 1791 1986 1814 η

306 1849 435 1915 Qua
469 1867 650 1905 causa
672 1852 844 1906 etiam
879 1852 1031 1907 dicat
1052 1854 1345 1924 Propheta
1371 1855 1427 1908 in
1446 1855 1737 1910 Psalterio
1772 1874 1782 1911 ε
1822 1879 1844 1903 α
1871 1857 1988 1912 Do-

2100 672 2254 726 enim
2285 689 2532 727 avrarus
2552 677 2650 728 aut
2671 689 2941 746 praeceps
2957 674 3116 730 circa
3148 674 3519 744 Filiilaudes,
3555 678 3618 731 ut
3639 677 3774 748 plus

2100 762 2346 816 audeam
2404 763 2601 817 dicere
2658 762 2871 818 Filium
2929 779 3111 834 posse
3158 780 3333 836 quam
3375 766 3630 835 Patrem,
3667 767 3771 839 qui

2101 851 2320 906 nullam
2348 851 2502 907 inter
2527 852 2762 906 Patrem
2793 855 2850 907 et
2881 852 3097 908 Filium
3147 853 3568 910 discretionem
3617 855 3772 912 facio

2100 941 2432 1011 potestatis.

2171 1047 2295 1102 218.
2338 1048 2454 1103 Sed
2485 1048 2744 1104 fortasse
2761 1047 2992 1116 dicatis,
3015 1064 3134 1106 non
3164 1048 3241 1104 ita
3259 1049 3489 1106 dixisse
3509 1051 3769 1123 Patrem,

2106 1137 2212 1192 sed
2247 1138 2323 1193 de
2373 1139 2544 1194 Patre
2605 1138 2820 1192 Filium
2878 1137 3191 1194 fefellisse.
3252 1140 3384 1194 Jam
3425 1155 3570 1212 ergo
3628 1142 3766 1204 591

2105 1242 2224 1281 non
2254 1227 2446 1281 solum
2488 1227 2845 1282 inﬁrmitatis
2876 1226 3111 1297 Filium,
3137 1227 3246 1282 sed
3267 1229 3443 1282 etiam
3474 1228 3778 1298 sacrilegii

2104 1317 2162 1370 et
2191 1316 2480 1371 mendacii
2512 1316 2785 1389 arguitis.
2830 1316 3247 1372 Verumtamen
3277 1317 3329 1370 si
3381 1333 3500 1372 non
3532 1317 3775 1373 creditis

2104 1403 2176 1458 de
2206 1406 2381 1459 Patre
2414 1405 2586 1473 Filio,
2621 1421 2731 1460 nec
2760 1405 2832 1459 de
2864 1421 2933 1460 eo
2972 1405 3266 1476 credatis;
3301 1406 3352 1460 si
3385 1405 3539 1460 enim
3572 1406 3777 1464 fallere

2104 1510 2215 1550 nos
2246 1494 2450 1562 voluit,
2485 1495 2619 1567 quia
2644 1494 2789 1549 dixit
2812 1494 3119 1549 dubitasse
3149 1496 3404 1565 Patrem,
3439 1496 3613 1568 quasi
3635 1512 3780 1551 nes-

2105 1583 2250 1640 ciret
2291 1585 2451 1655 quod
2482 1587 2648 1638 esset
2681 1583 2944 1638 futurum
2977 1601 2988 1639 :
3016 1583 3222 1639 fallere
3270 1600 3415 1657 ergo
3475 1586 3649 1639 etiam
3706 1586 3779 1642 de

2104 1689 2172 1728 se
2202 1689 2314 1728 nos
2344 1673 2550 1742 voluit,
2585 1673 2684 1744 qui
2718 1673 2913 1728 futura
2943 1673 3179 1728 nescire
3201 1690 3268 1728 se
3291 1673 3456 1743 dixit,
3481 1674 3780 1747 multoque

2103 1762 2477 1818 tolerabilius
2509 1762 2583 1816 ad
2611 1763 2920 1832 pudorem,
2946 1761 2998 1816 si
3029 1761 3424 1834 ignorantiam
3457 1765 3590 1818 ante
3623 1780 3782 1835 prae-

2104 1852 2306 1916 tendit,
2341 1852 2500 1924 quod
2531 1852 2602 1906 de
2631 1867 2700 1926 se
2731 1851 2890 1922 facit,
2915 1867 3089 1922 quam
3112 1853 3166 1906 si
3197 1852 3493 1907 contrario
3524 1854 3782 1924 promis-

305 1941 509 1995 minus
542 1942 808 2011 respexit
839 1958 1023 2012 super
1053 1943 1207 1998 ﬁlios
1239 1943 1566 2014 hominum,
1603 1945 1655 1998 si
1688 1948 1780 2000 est
1810 1946 1988 2000 intel-
2019 1941 2072 2005 Β
2106 1940 2194 1996 sis
2216 1940 2389 1996 lusus
2411 1939 2525 2012 (55)
2558 1940 2829 1996 videatur
2859 1939 3094 2011 effectu,
3133 1941 3292 2014 quod
3322 1941 3395 1996 de
3417 1943 3591 1998 Patre
3621 1959 3780 2015 prm-

302 2029 532 2102 ligens,
568 2034 668 2085 aut
701 2031 1013 2102 requirens
1045 2031 1230 2086 Deum
1278 2032 1469 2102 (Psal.
1503 2051 1600 2102 ιιι,
1633 2034 1722 2104 3);
1762 2058 1782 2083 »ι
1819 2035 1993 2106 quasi

301 2122 362 2174 et
391 2119 519 2173 illic
551 2119 604 2173 si
635 2135 753 2174 non
782 2120 1175 2175 descenderet
1198 2122 1378 2191 Deus,
1405 2122 1575 2176 ethic
1594 2123 1646 2176 si
1671 2138 1788 2177 non
1820 2139 1992 2194 pros-

301 2208 540 2278 piceret
569 2209 879 2280 Dominus,
939 2213 1038 2264 aut
1088 2226 1267 2282 Opera
1324 2211 1630 2266 hominum
1688 2214 1991 2284 ignoraret

298 2302 404 2351 aut
437 2297 647 2352 merita
679 2300 707 2352 ‘?

374 2404 509 2461 215.
543 2405 660 2460 Sed
710 2405 884 2460 etiam
928 2406 990 2460 in
1040 2406 1368 2478 Evangelia
1427 2407 1614 2464 habes
1663 2408 1994 2464 secundum

296 2494 553 2558 Lucam,
589 2495 726 2566 quia
747 2496 924 2549 Pater
957 2495 1098 2550 dicit
1147 2513 1158 2550 :
1199 2519 1221 2547 ι
1273 2496 1424 2562 Quid
1460 2497 1674 2551 faciam
1696 2498 1724 2552 ‘?
1770 2497 1993 2552 Mittam

294 2582 524 2638 Filium
556 2599 754 2638 meum
804 2583 1278 2653 dilectissimum,
1333 2585 1589 2640 forsitan
1629 2587 1787 2641 hunc
1817 2602 1993 2642 vere-

292 2671 534 2727 buntur
561 2671 728 2741 (Luc.
761 2690 865 2744 xx,
913 2673 1024 2744 13).
1064 2697 1086 2721 ιι
1129 2673 1470 2730 Secundum
1515 2675 1856 2731 Matthaeum
1885 2692 1994 2732 au-

292 2765 425 2816 tem
461 2764 520 2816 et
550 2762 878 2816 secundum
911 2762 1176 2817 Marcum
1219 2763 1406 2818 habes
1441 2779 1453 2819 :
1493 2786 1515 2811 ιε
1567 2764 1856 2828 Quoniam
1888 2766 1992 2820 mi-

293 2852 382 2906 sit
415 2850 658 2906 unicum
691 2851 876 2905 ﬁlium
903 2867 1099 2923 suum,
1124 2852 1330 2908 dicens
1357 2870 1370 2908 :
1397 2853 1776 2909 Verebantur
1806 2855 1991 2911 filium

297 2956 511 2994 meum
550 2941 789 3009 (Matth.
823 2957 946 3010 xxx,
980 2940 1051 2995 3'1
1081 2941 1274 2997 Marc.
1306 2959 1410 3011 xu,
1443 2943 1518 3012 6).
1555 2966 1577 2991 ι»
1601 2944 1665 2998 In
1685 2960 1804 2998 uno
1837 2945 1989 3000 libro

297 3029 453 3084 dicit
486 3045 500 3084 :
540 3052 562 3076 ιι
599 3027 872 3084 Forsitan
894 3029 1276 3098 verebuntur,
1315 3055 1336 3078 »
1385 3035 1443 3086 et
1484 3032 1657 3103 quasi
1707 3034 1988 3089 nesciens

300 3119 580 3186 dubitat;
614 3135 750 3173 nam
779 3118 876 3173 hic
898 3135 1097 3174 sermo
1130 3120 1452 3175 dubitantis
1483 3125 1576 3176 est
1609 3138 1621 3177 :
1657 3122 1718 3178 in
1751 3123 1988 3179 duobus

299 3212 510 3263 autem
561 3208 694 3263 aliis
753 3208 973 3264 libris:
1025 3232 1046 3256 α
1099 3210 1492 3281 Verebantur,
1546 3212 1757 3282 inquit,
1809 3212 1992 3268 filium

304 3314 515 3352 meum
540 3313 552 3352 :
574 3298 688 3353 hoc
710 3301 821 3367 est,
847 3299 1557 3354 contirmatreverentiam
1581 3301 1989 3358 deferendam.
2023 3305 2078 3374 α

372 3403 505 3459 216.
541 3403 658 3459 Sed
702 3421 896 3476 neque
943 3405 1211 3460 dubitare
1272 3406 1375 3461 Dei
1421 3410 1532 3475 est,
1586 3423 1779 3480 neque
1828 3408 1994 3485 falli;

291 3494 509 3549 dubita
540 3495 716 3565 enim,
737 3494 838 3566 qui
869 3495 1104 3567 ignorat
1135 3495 1291 3566 quod
1312 3496 1571 3551 futurum
1590 3500 1682 3551 est
1709 3513 1720 3552 :
1759 3498 1983 3554 fallitur

293 3587 526 3653 autem,
582 3584 682 3654 qui
738 3583 896 3638 aliud
941 3585 1234 3654 praedixit,
1270 3588 1325 3640 et
1355 3585 1514 3639 aliud
1555 3589 1648 3640 est
1695 3591 1986 3642 secutum.

293 3672 461 3738 Quid
500 3677 694 3728 autem
725 3673 1081 3743 evidentius,
1099 3690 1274 3746 quam
1308 3675 1464 3745 quod
1487 3675 1789 3746 Scriptura
1810 3676 1990 3732 habet

293 3763 544 3818 Patrem
578 3763 810 3818 dixisse
849 3763 921 3818 de
971 3763 1119 3817 Filio
1152 3766 1209 3818 et
1257 3764 1414 3819 aliud
1453 3765 1750 3820 accidisse
1782 3766 1988 3822 eadem

293 3851 615 3923 Scriptura
645 3854 940 3908 testatur?
971 3853 1072 3907 Ille
1094 3853 1242 3907 dixit
1275 3871 1286 3908 :
1315 3877 1336 3901 α
1363 3854 1704 3909 Verebuntu
1723 3872 1754 3909 r
1778 3855 1995 3910 Filium

293 3958 526 3997 meum.
566 3965 588 3990 υ
625 3940 813 3996 Filius
852 3944 1046 3996 autem
1077 3943 1395 4013 vapulavit,
1457 3943 1672 3998 illusus
1721 3947 1832 4013 est,
1867 3959 1995 3999 cru'

297 4032 526 4086 ciﬁxus
558 4033 671 4098 est,
705 4033 974 4085 mortuus
1007 4034 1099 4085 est
1131 4031 1370 4100 (Matth.
1404 4049 1588 4102 xxvn,
1623 4033 1711 4102 29,
1747 4033 1838 4102 33,
1872 4034 1986 4104 50);

297 4121 612 4192 multoque
644 4120 762 4174 illis
795 4121 990 4175 servis
1022 4121 1124 4192 qui
1172 4121 1340 4190 prius
1395 4120 1631 4176 fuerant
1689 4123 1986 4191 destinati,

300 4212 586 4282 graviora
619 4210 949 4265 secundum
981 4225 1218 4264 carnem
1239 4226 1460 4280 passus
1483 4214 1596 4265 est.
1619 4210 1850 4267 Fefellit
1877 4213 1989 4285 igi-

298 4303 401 4354 tur
434 4302 614 4354 Pater
643 4315 718 4353 an
750 4299 1066 4371 ignoravit,
1114 4299 1208 4354 vel
1239 4300 1560 4355 subvenire
1612 4316 1731 4355 non
1759 4302 1988 4371 potuit?

299 4387 418 4444 Sed
454 4405 638 4444 verus
674 4390 866 4444 nescit
896 4389 1120 4456 fallere,
1147 4389 1432 4459 scriptum
1465 4392 1557 4444 est
1587 4389 1743 4444 enim
1778 4405 1790 4446 :
1830 4413 1852 4438 ‹‹
1890 4391 1986 4444 Fi-

301 4479 458 4534 delis
501 4479 662 4533 Deus
694 4478 793 4550 qui
826 4494 945 4533 non
986 4479 1262 4532 mentitur
1294 4479 1438 4548 (Tit.
1479 4497 1518 4549 i,
1553 4479 1629 4550 2).
1671 4502 1692 4527 υ
1725 4477 1984 4545 Quomo-

300 4569 378 4624 do
411 4571 611 4623 autem
653 4567 971 4639 ignoravit,
1021 4567 1122 4639 qui
1171 4569 1335 4622 novit
1381 4568 1575 4622 omnia
1619 4568 1791 4637 (Dan.
1855 4587 1983 4641 xm,

297 4658 391 4729 42)
415 4661 444 4714 ἱ)
477 4659 594 4713 Aut
620 4658 720 4729 qui
753 4673 870 4712 non
900 4659 1106 4728 potuit,
1151 4657 1252 4729 qui
1283 4657 1475 4712 omnia
1506 4659 1748 4729 potest?

371 4766 500 4821 217.
551 4766 772 4821 Tamen
805 4765 857 4820 si
889 4767 987 4819 aut
1017 4765 1329 4837 ignoravit,
1365 4769 1463 4820 aut
1493 4782 1610 4820 non
1646 4765 1834 4836 potuit
1861 4766 1978 4835 (fa-

302 4855 483 4910 cilius
514 4855 674 4910 enim
728 4854 1133 4926 acquiescitis,
1189 4857 1250 4908 ut
1297 4854 1506 4908 dicatis
1542 4855 1780 4910 Patrem
1810 4855 1978 4927 igno-

297 4961 495 5013 rasse,
531 4961 706 5016 quam
754 4943 1145 4999 confiteamini
1199 4942 1410 4998 Filium
1470 4944 1709 5013 scisse),
1767 4944 1982 5000 videtis

298 5035 436 5106 quia
460 5049 539 5089 ex
583 5034 698 5088 hoc
729 5035 862 5104 ipso
894 5033 1070 5087 unius
1118 5033 1468 5087 substantiae
1500 5035 1592 5088 est
1625 5032 1813 5088 Filius
1844 5049 1978 5088 cum

297 5124 510 5193 Patre;
546 5123 600 5177 si
632 5122 1122 5192 quemadmodum
1180 5122 1355 5176 Pater
1398 5121 1532 5192 (54),
1568 5121 1645 5176 ita
1669 5125 1725 5177 et
1756 5121 1940 5177 Filius
1963 5164 1977 5192 ,

297 5217 358 5268 ut
379 5211 718 5268 secundum
752 5214 1013 5265 vestram
1044 5211 1445 5281 insipientiam
1476 5210 1705 5282 loquar,
1738 5213 1838 5265 aut
1859 5227 1978 5267 non

367 5355 485 5425 (54)
524 5355 746 5410 Omnes
803 5353 940 5409 edit.
1002 5357 1058 5409 et
1095 5354 1266 5425 pauci
1307 5370 1479 5419 mss.,
1520 5377 1541 5402 α
1577 5370 1652 5408 ex
1691 5353 1806 5408 hoc
1845 5355 1976 5424 ipso

299 5429 460 5499 quod
495 5426 1056 5499 uniusisubstantize
1087 5425 1406 5499 estFilius
1450 5442 1583 5480 cum
1615 5426 1827 5499 _Patre,
1889 5427 1978 5499 sic

303 5497 820 5570 quemadmodum,
855 5500 966 5570 etc.
996 5513 1010 5565 ;
1049 5520 1070 5545 ι»
1107 5497 1317 5568 reliqui
1344 5513 1503 5570 _mss,
1534 5497 1849 5570 nobiscum
1882 5497 1972 5570 fa_-

303 5568 486 5625 ciunt.
523 5569 591 5622 Et
624 5573 781 5622 recte
803 5568 1078 5638 quidem;
1113 5585 1230 5624 non
1263 5568 1416 5623 enim
1449 5568 1978 5639 supponebantad-

303 5642 556 5697 versarii
589 5640 800 5694 Filium
835 5656 967 5693 cum
999 5641 1169 5694 Patre
1202 5640 1378 5693 unius
1411 5655 1549 5694 esse
1596 5640 1970 5708 substantiae,

305 5719 359 5768 ut
381 5714 525 5768 hinc
547 5713 840 5766 adversus
865 5726 968 5765 eos
991 5714 1269 5783 argueret
1289 5710 1503 5765 Filium
1525 5711 1766 5780 perinde
1785 5727 1852 5783 ac
1873 5712 1973 5764 Pa-

305 5790 450 5839 trem
480 5788 582 5838 aut
612 5799 730 5838 non
780 5783 972 5837 omnia
1019 5782 1286 5852 nevisse,
1335 5785 1434 5836 aut
1478 5798 1598 5836 non
1642 5782 1835 5837 omnia
1866 5797 1974 5852 po-

303 5857 491 5913 tuisse
527 5855 677 5913 :sed
713 5870 745 5912 e
792 5869 1084 5912 converso
1135 5853 1348 5911 exinde
1389 5853 1546 5930 quod
1576 5852 1661 5911 illi
1703 5853 1974 5912 eumdem

2105 2030 2341 2085 dicavit.

2175 2135 2300 2192 219.
2333 2136 2450 2192 Sed
2481 2151 2674 2208 neque
2698 2136 2918 2191 fallitur
2938 2137 3132 2208 Pater,
3157 2153 3348 2209 neque
3369 2137 3517 2193 fallit
3549 2139 3738 2196 Filius
3765 2157 3781 2196 :

2108 2241 2317 2281 verum
2370 2241 2438 2280 ea
2486 2229 2579 2281 est
2632 2226 2693 2280 in
2733 2225 3057 2296 Scripturis
3114 2228 3483 2283 consuetudo
3539 2229 3779 2301 divinis,

2106 2316 2262 2370 sicut
2291 2317 2348 2369 et
2377 2315 2708 2385 superiora,
2742 2318 2800 2370 et
2821 2315 3001 2369 multa
3030 2315 3144 2370 alia
3167 2315 3435 2387 exempla
3467 2319 3777 2385 testantur,

2105 2407 2170 2460 ut
2200 2405 2361 2459 Deus
2393 2403 2731 2458 dissimulet
2779 2419 2846 2458 se
2895 2405 3132 2460 nescire
3162 2405 3319 2476 quod
3351 2405 3516 2460 novit
3547 2422 3562 2463 :
3594 2406 3666 2462 Et
3721 2409 3782 2464 in

2105 2493 2226 2549 hoc
2259 2509 2404 2560 ergo
2436 2493 2631 2548 unitas
2663 2493 3012 2562 divinitatis,
3044 2497 3102 2549 et
3132 2495 3328 2550 unitas
3361 2495 3778 2566 dispositionis

2105 2582 2224 2653 (56)
2256 2583 2315 2637 in
2349 2582 2519 2637 Patre
2548 2582 2832 2653 probatur
2860 2585 2917 2638 et
2968 2583 3141 2651 Filio,
3184 2584 3239 2638 si
3282 2584 3780 2655 quemadmodum

2107 2671 2267 2726 Deus
2305 2673 2480 2726 Pater
2535 2672 2772 2744 cognita
2826 2671 3194 2741 dissimulat,
3236 2672 3314 2727 ita
3364 2672 3551 2737 Filius
3601 2675 3776 2729 etiam

2104 2761 2166 2816 in
2205 2761 2318 2816 hoc
2357 2761 2553 2834 imago
2593 2761 2738 2831 Dei,
2780 2776 2915 2832 quae
2969 2760 3087 2816 sibi
3126 2763 3267 2817 sunt
3296 2765 3433 2818 nota
3485 2762 3772 2820 dissimu-

2106 2849 2206 2906 let.

2677 2956 2929 3013 CAPUT
2957 2957 3162 3013 XVIII.

2107 3099 2403 3156 Dominiei
2435 3102 2512 3174 ad
2534 3100 2843 3174 apostolos
2871 3102 3148 3174 responsi
3193 3117 3424 3157 causam
3456 3101 3764 3173 allaturus,

2173 3173 2545 3246 primoAillud
2572 3173 2962 3246 indulgentiae
2973 3172 3220 3246 Christi
3235 3179 3533 3244 acceptum
3551 3172 3766 3243 refert,

2177 3243 2314 3300 mox
2333 3243 2448 3318 alia
2478 3245 2852 3318 quorumdam
2881 3244 3115 3298 ratione
3166 3243 3489 3318 proposita,
3533 3263 3775 3317 germa-

2179 3333 2311 3371 nam
2331 3314 2648 3372 banc'esse
2668 3314 3006 3387 profitetur,
3043 3316 3192 3387 quod
3213 3314 3368 3387 idem
3392 3314 3677 3386 Dominus
3693 3335 3774 3373 ex

2178 3388 2428 3443 humano
2447 3385 2898 3459 aﬂectuloeutus
2919 3385 3125 3459 fuerit.
3150 3386 3297 3442 Inde
3317 3385 3545 3459 colligit
3573 3389 3769 3444 scien-

2181 3460 2322 3514 tiam
2351 3460 2563 3514 Patris
2608 3475 2675 3513 ac
2704 3458 2850 3512 Filii
2895 3457 3176 3530 aequalem
3222 3473 3394 3530 esse,
3427 3457 3601 3530 atque
3631 3461 3778 3516 adeo

2178 3547 2292 3604 non
2321 3533 2607 3587 minorem
2628 3530 2816 3604 Patro
2831 3529 3073 3584 Filium.
3099 3529 3317 3604 Postea
3335 3529 3435 3604 ubi
3443 3529 3649 3604 textui
3665 3547 3774 3604 quo

2179 3603 2403 3658 dicitur
2432 3604 2644 3671 minor,
2679 3601 2859 3674 altum
2874 3617 2988 3674 quo
3009 3600 3256 3674 aequalis
3288 3601 3572 3674 traditur,
3604 3600 3771 3674 appo—

2178 3675 2298 3729 suit
2322 3691 2339 3738 ;
2371 3675 2735 3751 Arianorum
2757 3673 2831 3726 de
2859 3671 3024 3751 _£_.‘_i1io
3038 3671 3437 3751 judicantium
3471 3671 3778 3751 temerita-

2181 3752 2295 3800 tem
2319 3745 2592 3815 castigat,
2620 3751 2824 3799 etcum
2846 3743 3008 3796 illum
3033 3743 3210 3815 impie
3230 3744 3518 3798 minorem
3541 3750 3772 3801 astrue-

2176 3822 2335 3887 rent,
2363 3813 2548 3889 ipsum
2572 3816 2674 3888 pie
2703 3815 2960 3887 lapidem
2983 3813 3093 3868 abs
3112 3813 3196 3870 ’se
3228 3815 3350 3869 dici
3379 3816 3664 3872 ostendit.

2174 3943 2300 3999 220.
2335 3941 2621 3997 Edoctum
2644 3943 2736 3995 est
2765 3940 2950 4012 igitur
2986 3956 3105 3994 non
3153 3939 3471 4012 ignorasse
3517 3941 3621 3996 Dei
3672 3941 3774 3996 Fi-

2101 4032 2245 4088 lium
2277 4048 2410 4103 quae
2443 4031 2638 4086 futura
2671 4033 2829 4085 sunt.
2863 4030 3032 4095 Quod
3061 4029 3116 4084 si
3148 4029 3424 4097 fatentur,
3459 4035 3516 4086 et
3545 4047 3682 4104 ego,
3715 4034 3778 4086 ut

2094 4103 2220 4194 jam
2253 4121 2646 4192 respondeam
2678 4136 2794 4192 qua
2823 4119 3050 4175 ratione
3070 4134 3263 4190 neque
3285 4120 3556 4192 angelos,
3582 4103 3774 4192 neque

2100 4211 2336 4280 Filium,
2371 4211 2478 4265 sed
2517 4211 2752 4265 Patrem
2799 4209 2957 4264 scire
3008 4209 3354 4264 memoravit
3392 4210 3606 4278 (Marc.
3649 4209 3774 4278 xiii,

2095 4299 2208 4370 32),
2245 4301 2574 4355 solemnem
2597 4298 2735 4370 ejus
2769 4298 2830 4353 in
2861 4299 3192 4370 discipulos
3225 4299 3567 4353 charitatem
3599 4299 3775 4353 etiam

2095 4390 2156 4444 in
2191 4390 2304 4445 hoc
2334 4389 2466 4444 loco
2497 4392 2554 4444 et
2577 4389 2825 4461 gratiam
2858 4403 3232 4460 recognosco
3254 4430 3268 4458 ,
3318 4388 3476 4459 quod
3525 4403 3599 4441 ex
3657 4386 3772 4441 fre-

2095 4481 2333 4552 quentia
2364 4480 2495 4550 ipsa
2543 4479 2719 4534 debet
2762 4477 3037 4532 omnibus
3088 4493 3226 4532 esse
3257 4476 3384 4548 jam
3443 4477 3768 4548 cognitum.

2093 4569 2314 4624 Mavult
2343 4569 2499 4624 enim
2526 4568 2814 4623 Dominus
2861 4567 3042 4621 nimio
3088 4567 3146 4620 in
3179 4565 3510 4635 discipulos
3559 4579 3764 4620 amore

2001 4676 2057 4742 ι)
2093 4675 2464 4731 propensus,
2525 4657 2862 4728 petentibus
2920 4655 3016 4710 bis
3084 4671 3218 4726 quae
3277 4653 3518 4726 cognitu
3579 4653 3773 4708 inuti-

2090 4748 2163 4802 lia
2193 4748 2504 4820 judicaret,
2562 4745 2750 4800 videri
2777 4744 3052 4816 ignorare
3093 4743 3248 4814 quod
3281 4745 3544 4813 noverat,
3581 4759 3757 4815 quam

2089 4853 2330 4909 negare,
2388 4836 2642 4907 plusque
2673 4837 2824 4888 amat
2856 4836 3118 4887 nostram
3165 4832 3472 4887 utilitatem
3502 4831 3768 4888 instrue-

2089 4942 2173 4992 re,
2208 4941 2382 4997 quam
2414 4939 2582 4978 suam
2603 4923 2920 4994 potentiam
2944 4922 3370 4976 demonstrare.

2159 5013 2286 5069 221.
2319 5013 2468 5068 Sunt
2498 5015 2693 5067 tamen
2720 5011 2988 5082 plerique
3019 5027 3138 5066 non
3179 5011 3256 5064 ita
3315 5011 3669 5084 timidiores,
3702 5015 3768 5067 ut

2087 5137 2232 5193 ego,
2283 5119 2436 5174 malo
2475 5119 2632 5173 enim
2663 5118 2775 5172 alta
2816 5117 3042 5188 timere,
3076 5133 3252 5190 quam
3302 5134 3514 5189 sapere
3561 5135 3574 5177 ε
3618 5121 3762 5174 sunt

2086 5213 2284 5266 tamen
2314 5209 2585 5281 plerique
2615 5223 2686 5264 eo
2727 5206 2881 5278 freti,
2931 5207 3089 5280 quod
3118 5207 3408 5279 scriptum
3438 5211 3530 5264 est
3568 5226 3580 5264 :
3623 5230 3645 5259 α
3682 5207 3754 5263 Et

2089 5352 2354 5409 scientiae
2385 5367 2453 5406 ac
2499 5350 2773 5422 potentiae
2820 5349 3445 5422 defectumrianatre
3477 5349 3751 5422 admitte:

2087 5427 2248 5492 bant,
2280 5439 2455 5494 quem
2486 5420 2917 5478 contendebant
2945 5437 3083 5476 esse
3115 5421 3174 5475 in
3200 5421 3368 5490 Filio,
3391 5421 3528 5474 hinc
3555 5420 3758 5494 _sequi

2087 5491 2340 5551 afﬁrmat
2359 5511 2536 5549 unam
2564 5510 2633 5548 ac
2664 5494 2929 5549 eamdem
2961 5493 3192 5564 utrique
3224 5494 3428 5547 inesse
3479 5491 3756 5545 substan-

2087 5571 2270 5708 ῑιῆῐέέ)
2292 5636 2571 5702 Quaedam
2602 5636 2762 5705 edit.,
2792 5659 2812 5686 «
2838 5635 3131 5708 contrario
3154 5633 3487 5708 promissus
3508 5631 3700 5685 lusus.
3731 5654 3752 5678 ιι

2157 5702 2270 5781 (56)
2292 5709 2440 5763 Mss.
2473 5709 2609 5777 duo,
2648 5731 2669 5755 α
2694 5702 2757 5762 et
2771 5708 2964 5762 unitas
2990 5702 3486 5778 dispensationis;
3524 5722 3544 5750 ιο
3574 5717 3751 5772 unus,

2092 5804 2113 5828 α
2151 5781 2586 5853 disputationis.
2629 5803 2649 5826 n
