3982 6174
398 313 527 405 .723

1788 350 1829 408 ρ
1849 309 1928 404 ε.
1960 306 2407 403 AMBROSII.

3662 331 3759 421 724.

408 512 588 571 Jesus
617 510 964 583 proficiebat
993 512 1162 568 aetate
1192 512 1250 567 et
1288 509 1580 583 sapientia
1619 512 1679 566 et
1704 509 1894 582 gratia
1923 508 2080 580 apud
2261 511 2385 568 225.
2428 511 2723 584 Scriptum
2771 518 2882 585 est,
2932 515 3205 588 inquiunt
3238 534 3249 573 :
3289 540 3308 569 α
3356 517 3605 585 Quoniam
3625 527 3769 587 Pater

405 594 599 656 Deum
623 604 680 656 et
708 600 980 657 homines
1007 600 1170 671 (Luc.
1203 618 1263 668 ιι,
1299 601 1411 670 52),
1447 624 1469 648 υ
1520 600 1619 672 qui
1652 600 1849 655 dicant
1892 599 2081 655 confi-

404 690 613 746 denter
641 688 799 763 quod
830 690 1159 746 secundum
1191 689 1554 745 divinitatem
1576 689 1815 761 quidem
1846 705 1915 744 ea
1943 706 2078 761 quae

398 774 600 835 futura
632 782 792 849 sunt,
855 779 1134 851 ignorare
1189 795 1307 834 non
1338 779 1544 849 potuit,
1586 778 1695 833 sed
1751 779 2079 834 secundum

404 862 628 924 nostra:
650 868 1008 924 conditionis
1022 868 1490 940 assumptionem
1509 868 1786 940 ignorare
1820 883 1886 921 se
1909 869 2083 939 quasi

405 957 595 1012 Filius
627 958 887 1013 hominis
909 961 1040 1013 ante
1086 974 1323 1013 crucem
1354 957 1520 1012 dixit.
1548 957 1781 1012 Etenim
1811 973 1946 1011 cum
1979 957 2082 1011 Fi-

406 1046 548 1101 lium
581 1046 741 1117 dicit,
766 1062 883 1102 non
913 1047 1085 1119 quasi
1113 1047 1186 1102 de
1215 1046 1330 1101 alio
1362 1046 1540 1115 dicit;
1570 1061 1705 1101 nam
1737 1046 1867 1116 ipse
1902 1049 1995 1100 est
2025 1050 2084 1101 et

402 1135 691 1191 Dominus
723 1139 930 1191 noster
962 1136 1067 1191 Dei
1093 1136 1299 1206 Filius,
1327 1139 1383 1191 et
1404 1136 1591 1191 Filius
1614 1135 1881 1207 Virginis
1917 1155 1934 1189 .-
1968 1136 2079 1190 sed

403 1225 597 1280 medio
628 1224 814 1281 verbo
847 1229 1118 1280 nostrum
1153 1225 1431 1280 informat
1459 1223 1752 1294 affectum,
1803 1227 1865 1279 ut
1910 1224 2081 1296 quasi

401 1313 661 1369 hominis
693 1314 851 1370 filius
879 1315 1208 1369 secundum
1247 1314 1690 1385 susceptionem
1721 1316 1944 1368 nostrae
1967 1314 2079 1368 im-

399 1402 750 1474 prudentiae,
792 1403 885 1458 vel
932 1402 1262 1474 profectus,
1317 1419 1437 1458 non
1477 1404 1625 1468 592
1675 1402 1848 1474 plene
1888 1403 2082 1459 adhuc

403 1490 601 1547 scisse
631 1492 826 1546 omnia
867 1492 1245 1562 crederetur;
1278 1508 1396 1547 non
1436 1491 1592 1546 enim
1663 1494 1756 1546 est
1811 1495 2082 1547 nostrum

401 1579 560 1635 scire
600 1597 733 1652 quae
780 1580 977 1636 futura
1006 1584 1145 1637 sunt
1177 1582 1311 1649 (5'7).
1358 1580 1578 1636 Eadem
1628 1581 1813 1653 igitur
1842 1581 2076 1636 videtur

399 1656 680 1742 ignorare
722 1670 1076 1737 conditione,
1120 1685 1234 1740 qua
1277 1670 1512 1740 proficit
1549 1686 1562 1725 :
1597 1686 1731 1724 nam
1782 1671 2079 1740 quomodo

399 1760 730 1814 secundum
756 1759 1119 1814 divinitatem
1149 1759 1400 1830 proficit,
1442 1759 1503 1813 in
1534 1775 1650 1830 quo
1692 1759 1913 1812 habitat
1936 1759 2067 1829 ple-

402 1847 605 1902 nitudo
644 1847 967 1902 divinitatis
999 1847 1249 1916 (Co/oss.
1272 1864 1332 1916 ιι,
1357 1848 1456 1917 9)?
1479 1851 1591 1902 Aut
1629 1848 1770 1918 quid
1803 1851 1895 1902 est
1917 1848 2076 1920 quod

402 1937 633 1992 neseiat
671 1936 775 1992 Dei
835 1936 1024 1991 Filius
1063 1937 1164 2008 qui
1203 1936 1436 1991 dicebat
1486 1951 1499 1991 :
1553 1956 1575 1986 σι
1619 1935 1768 2001 Quid
1802 1938 2079 2009 cogitatis

404 2027 555 2080 mala
595 2027 656 2081 in
714 2026 997 2081 cordibus
1035 2026 1258 2081 vestris
1298 2025 1537 2095 (Matth.
1591 2042 1671 2094 1x,
1719 2025 1825 2093 4)?
1865 2047 1891 2075 »
1926 2024 2080 2091 Quo-

405 2116 579 2171 modo
618 2102 869 2186 nesciat,
895 2115 968 2170 de
1000 2131 1118 2186 quo
1150 2114 1292 2169 dicit
1320 2113 1623 2185 Scriptura
1655 2129 1668 2170 :
1708 2136 1729 2164 α
1766 2114 1948 2170 Jesus
1980 2132 2083 2171 au-

403 2207 520 2261 tem
550 2207 720 2261 norat
758 2204 1151 2276 cogitationes
1197 2218 1404 2259 eorum
1442 2204 1705 2274 (Laevi,
1730 2203 1835 2269 8)?
1878 2225 1900 2253 ι

475 2311 600 2368 222.
628 2311 776 2367 Haec
806 2313 1004 2366 tamen
1036 2309 1136 2365 alii
1164 2309 1399 2365 dicant:
1427 2325 1541 2383 ego
1571 2312 1765 2365 autem
1800 2312 1859 2365 ut
1883 2310 1956 2365 ad
1986 2326 2088 2366 su-

384 2402 639 2474 periora
678 2401 938 2470 redeam,
979 2400 1081 2471 qui
1132 2399 1553 2472 proposuerim
1600 2399 1890 2470 scriptum
1951 2401 2088 2471 quia

403 2493 571 2562 pater
601 2489 748 2544 dixit
778 2505 791 2545 :
821 2510 843 2539 ι
879 2489 1165 2545 Fortasse
1205 2488 1638 2544 reverebuntur
1667 2487 1854 2543 filium
1884 2487 2083 2544 meum

408 2579 571 2649 (Luc.
606 2595 707 2648 xx,
740 2578 870 2648 i3);
910 2598 932 2629 ι
998 2577 1158 2648 quod
1207 2578 1409 2649 utique
1460 2576 1593 2632 ideo
1643 2576 1900 2632 arbitror
1928 2578 2089 2648 posi-

406 2669 528 2722 tum
564 2670 628 2721 ut
666 2666 803 2739 quia
842 2666 914 2721 de
961 2666 1303 2721 hominibus
1345 2666 1698 2737 loquebatur
1744 2666 1934 2734 Pater,
1970 2667 2084 2722 hu-

407 2771 583 2812 mano
611 2755 847 2811 locutus
879 2754 1150 2810 videatur
1195 2753 1449 2812 atl'ectu:
1490 2755 1674 2809 multo
1704 2756 1896 2828 magis
1936 2755 2091 2811 arbi-

409 2847 538 2901 tror
565 2844 703 2917 quia
734 2844 922 2899 Filius
971 2844 1070 2916 qui
1117 2860 1251 2899 cum
1296 2844 1640 2900 hominibus
1696 2850 2090 2902 conversatus

410 2937 522 3003 est,
555 2937 613 2990 et
643 2934 941 2989 hominem
969 2933 1112 3007 egit,
1143 2935 1201 2989 et
1229 2949 1469 2989 carnem
1491 2932 1779 3004 suscepit,
1818 2938 2088 2990 nostrum

408 3023 753 3094 assumpsit
788 3022 1061 3079 affectum
1086 3039 1102 3093 ;
1134 3026 1199 3078 ut
1226 3026 1428 3078 nostra
1460 3022 1831 3095 ignoratione
1853 3024 2087 3079 nescire

416 3128 484 3168 se
532 3113 778 3183 diceret,
810 3128 930 3168 non
985 3111 1122 3184 quia
1178 3111 1400 3184 aliquid
1444 3111 1575 3179 ipse
1629 3111 1908 3167 nesciret.
1940 3112 2091 3167 Nam

412 3202 528 3259 etsi
556 3201 735 3258 homo
763 3202 825 3257 in
872 3202 1119 3257 veritate
1167 3201 1438 3271 corporis
1480 3200 1810 3267 videbatur,
1846 3205 1970 3256 erat
1999 3206 2090 3256 ta-

410 3307 547 3349 men
584 3290 725 3363 vita,
766 3294 895 3347 erat
941 3290 1065 3362 lux,
1136 3293 1195 3344 et
1230 3289 1422 3344 virtus
1470 3289 1670 3344 exibat
1699 3289 1772 3344 de
1811 3305 1904 3359 eo,
1948 3289 2113 3363 quasi.

410 3381 659 3438 vulnera
698 3380 1038 3437 sauciorum
1067 3378 1401 3452 majestatis
1440 3394 1569 3434 suae
1607 3378 1957 3435 auctoritate
1987 3395 2090 3435 sa-

412 3470 591 3527 nabat
620 3470 783 3542 (Luc.
817 3486 896 3539 vx,
922 3468 1033 3541 19).

482 3577 609 3634 223.
642 3576 923 3634 Advertis
962 3592 1110 3648 ergo
1141 3574 1534 3649 quaestionem
1561 3575 1737 3631 vobis
1771 3590 1912 3631 esse
1940 3575 2089 3632 sub-

384 3669 399 3744 ’δ
412 3667 608 3737 latam,
632 3682 769 3723 cum
784 3668 841 3723 et
859 3665 993 3721 Filii
1014 3665 1235 3721 dictum
1264 3665 1339 3719 ad
1360 3665 1807 3736 susceptionem
1831 3664 2089 3737 integrae

415 3756 774 3812 conditionis
820 3754 1115 3810 referatur
1162 3754 1457 3824 humanm,
1501 3757 1559 3809 et
1599 3754 1671 3809 de
1720 3753 1890 3809 Patre
1956 3754 2089 3810 ideo

415 3845 704 3916 scriptum
732 3844 830 3914 sit,
880 3846 944 3898 ut
971 3842 1065 3899 vel
1096 3842 1185 3897 sic
1218 3842 1563 3898 calumniari
1585 3842 1737 3898 Filio
1778 3842 2086 3898 desinatis.

485 3951 610 4007 224.
644 3951 806 4007 Nihil
838 3965 983 4023 ergo
1017 3950 1124 4005 fuit
1150 3950 1310 4022 quod
1340 3950 1706 4023 ignoraverit
1736 3950 1842 4006 Dei
1874 3949 2087 4020 Filius,

413 4040 562 4098 nihil
592 4040 749 4095 enim
790 4038 899 4094 fuit
956 4039 1113 4110 quod
1171 4038 1535 4111 ignoraverit
1585 4038 1775 4093 Pater.
1810 4039 1977 4103 Quod
2036 4040 2087 4093 si

413 4128 560 4187 nihil
592 4131 651 4185 et
687 4127 876 4184 Filius
906 4126 1221 4200 ignoravit,
1264 4130 1327 4181 ut
1350 4124 1472 4197 jam
1507 4126 1954 4197 concludamus,
1997 4127 2089 4182 di-

417 4222 555 4276 cant
576 4219 636 4274 in
657 4233 775 4291 quo
799 4232 932 4273 eum
960 4217 1250 4271 minorem
1278 4214 1461 4270 velint
1490 4213 1708 4270 videri.
1721 4214 1783 4271 Si
1806 4215 2091 4272 minorem

411 4308 720 4383 generavit
751 4306 910 4362 Deus
949 4305 1185 4376 Filium,
1227 4304 1423 4359 minus
1455 4304 1740 4374 contulit;
1797 4306 1849 4360 si
1889 4306 2086 4362 minus

411 4398 678 4469 contulit,
718 4398 820 4453 aut
858 4397 1054 4451 minus
1082 4393 1289 4464 voluit,
1322 4395 1423 4448 aut
1451 4393 1651 4448 minus
1701 4392 1888 4463 potuit
1922 4409 1934 4450 :
1978 4395 2085 4449 sed

409 4504 521 4545 nec
552 4487 824 4543 inﬁrmus
854 4501 965 4541 nec
986 4483 1226 4539 invidus
1257 4484 1470 4553 Pater;
1510 4481 1649 4554 quia
1671 4497 1782 4537 nec
1811 4481 2086 4538 voluntas

410 4581 545 4634 ante
603 4576 842 4645 Filium,
894 4590 1005 4629 nec
1034 4575 1299 4644 potestas
1333 4588 1348 4643 ;
1381 4571 1443 4626 in
1490 4587 1608 4643 quo
1666 4570 1824 4626 enim
1869 4570 2081 4642 minor,
2119 4607 2173 4671 Β

408 4668 510 4738 qui
560 4666 756 4722 omnia
795 4664 973 4721 habet
1001 4679 1134 4736 quae
1170 4663 1347 4717 Pater
1377 4660 1553 4716 habet
1585 4660 1774 4729 (Joan.
1797 4677 1918 4733 xvr,
1944 4661 2034 4732 15)
2056 4663 2085 4716 ‘?

410 4754 560 4810 Nam
607 4759 665 4810 et
706 4754 902 4811 omnia
931 4769 964 4807 a
995 4754 1165 4808 Patre
1190 4751 1328 4825 jure
1385 4750 1790 4825 generationis
1834 4751 2080 4833 accepit,

409 4845 467 4898 et
494 4845 680 4898 totum
712 4843 939 4899 Patrem
978 4842 1168 4915 gloria
1218 4857 1346 4897 suae
1394 4839 1726 4913 majestatis
1758 4839 2078 4910 expressit.

478 4984 592 5055 (5'7)
619 4984 838 5041 Omnes
867 4985 1005 5040 edit.
1030 5000 1098 5039 ac
1116 5000 1262 5042 mss.
1295 4983 1537 5055 aliquot.
1572 5002 1603 5055 «ν
1641 4982 1778 5037 Non
1807 4982 1901 5036 est
1931 4996 2076 5036 ves-

406 5054 565 5111 trum
588 5057 744 5111 scire
778 5072 791 5111 :
830 5079 852 5106 ι
897 5057 1095 5111 caeteri
1125 5071 1298 5122 mss.,
1326 5076 1349 5105 ι
1379 5054 1495 5110 non
1514 5054 1672 5109 enim
1695 5057 1787 5108 est
1807 5055 2080 5107 nostrum

407 5127 585 5183 scire.
611 5148 632 5175 ιι
661 5126 842 5181 Multo
861 5127 1211 5181 concinnius
1233 5142 1248 5193 ;
1274 5130 1366 5181 est
1386 5127 1603 5197 quippe
1630 5125 1777 5179 ratio
1800 5123 2079 5197 superio-

407 5198 494 5254 ris
541 5197 721 5264 illius,
769 5218 791 5247 ι
836 5200 1103 5252 nostrum
1131 5194 1738 5261 informat—affectum,
1786 5198 1849 5249 ut
1880 5194 2074 5266 quasi,

407 5272 520 5325 etc.
583 5290 605 5318 ιι
674 5268 839 5323 Illam
895 5283 1071 5338 porro
1122 5268 1510 5338 quorumdam
1569 5267 1905 5338 opinionem
1963 5282 2080 5336 qua

403 5340 705 5397 Christum
735 5344 998 5410 tempore
1031 5354 1157 5410 suae
1204 5338 1514 5410 missionis
1546 5338 1875 5410 secundum
1905 5341 2077 5392 natu-

404 5429 532 5468 ram
588 5409 903 5468 humanam
962 5409 1035 5464 de
1084 5409 1236 5463 facto
1295 5409 1574 5481 nonnulla
1635 5409 1987 5481 ignorasse.
2008 5424 2078 5481 ac

403 5501 546 5540 vere
602 5483 849 5540 scientia
896 5481 1229 5553 profecisse
1287 5478 1685 5553 affirmabant,
1723 5483 1786 5553 ut
1842 5481 1912 5553 in
1959 5478 2076 5553 fide

403 5555 837 5628 quodammodo
867 5550 1279 5628 p'ericolosam,
1306 5551 1423 5606 sibi
1459 5566 1576 5628 non
1614 5551 1851 5628 prqbari
1883 5550 2077 5628 decla-

402 5620 494 5682 r'at
557 5620 935 5707 Ambrosiiis.
985 5623 1354 5707 Quapropter
1396 5620 1497 5694 qui
1559 5621 1824 5707 eamderm
1887 5621 2077 5707 vulgo

402 5703 736 5768 sequuntur
791 5692 1189 5768 heterodoxi,‘
1227 5692 1379 5768 quin
1416 5692 1706 5768 isanctum
1759 5692 2077 5746 Doctorem

405 5712 736 5768 sequuntur
792 5712 1173 5765 DOIOPOUOXI,
1280 5712 1379 5749 ιιιῑι
1437 5712 1706 5747 SBDCIUIII
1760 5712 2067 5746 UOCIOI‘BII]

405 5766 517 5823 hac
559 5773 722 5842 parte
769 5769 1129 5826 contrarium
1178 5712 1451 5837 hacbeant,
1493 5778 1714 5837 negare
1745 5778 1863 5818 non
1920 5778 2067 5835 pos-

2190 601 2383 673 major
2410 618 2500 657 me
2532 607 2622 657 est
2652 604 2832 672 (Joan.
2867 622 2986 675 xiv,
3018 606 3127 678 28).
3177 631 3198 654 »
3230 608 3340 663 Sed
3384 601 3631 683 scriptum
3656 622 3765 675 est:

2196 713 2217 737 ιι
2252 691 2386 747 Non
2415 692 2679 763 rapinam
2699 693 3017 751 arbitratus
3050 700 3142 751 est
3164 712 3231 751 se
3252 713 3381 754 esse
3401 702 3652 773 aequalem
3674 707 3773 763 Deo

2191 779 2433 852 (Pilipp.
2468 799 2528 851 ιι,
2570 781 2645 852 6).
2698 804 2718 831 υ
2769 782 3062 855 Scriptum
3097 788 3189 839 est
3218 788 3367 856 quod
3396 794 3666 861 propterea
3689 812 3774 851 vo-

2189 867 2386 923 lebant
2416 870 2579 945 illum
2611 871 2803 927 Judaei
2834 874 3127 944 occidere,
3164 877 3300 946 quia
3330 876 3523 934 Filium
3557 897 3615 936 se
3648 883 3779 940 dice-

2186 957 2288 1037 bat
2337 958 2461 1029 Dei,
2515 961 2803 1031 mqualem
2865 978 2931 1017 se
2983 962 3206 1018 faciens
3258 965 3375 1020 Deo
3420 968 3780 1038 (Joan.v,18).

2189 1046 2480 1117 Scriptum
2513 1052 2605 1103 est
2646 1066 2658 1103 :
2697 1070 2719 1099 ι
2756 1049 2882 1121 Ego
2914 1054 2970 1105 et
3006 1052 3177 1106 Pater
3206 1069 3380 1109 unum
3408 1072 3596 1112 sumus
3629 1060 3782 1129 (Joan.

2190 1153 2250 1203 x,
2292 1135 2402 1207 39).
2444 1158 2465 1186 ιο
2501 1137 2693 1193 Unum
2743 1139 2968 1211 legunt,
3010 1141 3188 1195 multa
3244 1159 3358 1197 non
3401 1143 3609 1217 legunt.
3637 1148 3788 1205 Num-

2192 1225 2330 1296 quid
2362 1240 2507 1299 ergo
2538 1231 2595 1281 et
2618 1228 2809 1283 minor
2829 1232 2884 1283 et
2906 1230 3152 1296 aequalis
3182 1248 3288 1302 per
3307 1236 3554 1289 naturam
3571 1239 3789 1294 eamdem

2193 1317 2390 1384 potest
2435 1318 2623 1371 esse?
2660 1316 2779 1372 Sed
2816 1318 2975 1373 aliud
3027 1319 3101 1374 ad
3161 1321 3513 1378 divinitatem
3546 1325 3794 1400 refertur,

2194 1403 2350 1457 aliud
2373 1404 2443 1458 ad
2468 1420 2725 1461 carnem.

2264 1492 2388 1546 226.
2433 1493 2717 1549 Minorem
2758 1495 2960 1551 dicunt
2993 1513 3006 1551 :
3039 1514 3241 1570 quacro
3291 1502 3424 1572 quis
3468 1518 3694 1559 mensus
3726 1504 3800 1574 sit,

2193 1582 2328 1654 quis
2358 1585 2474 1636 tam
2505 1584 2738 1639 exaltati
2791 1586 3022 1656 cordis,
3081 1589 3178 1659 qui
3228 1590 3385 1645 velut
3423 1596 3549 1647 ante
3592 1593 3803 1649 tribunal

2191 1686 2366 1725 suum
2408 1673 2642 1727 Patrem
2672 1674 2859 1729 Deum
2916 1680 2972 1730 et
3019 1676 3228 1733 Filium
3265 1682 3574 1736 constituat
3619 1700 3632 1738 :
3667 1686 3722 1737 ut
3751 1683 3808 1739 de

2189 1760 2531 1831 praelatione
2599 1762 2931 1835 dijudicet?
2991 1788 3011 1815 α
3074 1766 3206 1821 Non
3249 1772 3340 1823 est
3378 1770 3675 1826 exaltatum
3730 1787 3810 1827 cor

2115 1874 2163 1935 Β
2191 1864 2406 1920 meum,
2438 1867 2631 1923 neque
2670 1853 2729 1906 in
2759 1870 2975 1910 vanum
3007 1855 3293 1911 clatisunt
3325 1859 3629 1928 oculimei,
3661 1883 3681 1909 υ
3717 1861 3812 1915 Da-

2190 1937 2288 1993 vid
2320 1938 2460 1993 dicit
2487 1938 2678 2011 (Psai.
2720 1958 2901 2012 cxxx,
2937 1944 3010 2015 1).
3057 1946 3186 2002 Rex
3237 1946 3424 2001 David
3470 1948 3711 2004 exaltare
3737 1964 3818 2004 cor

2191 2028 2396 2082 metuit
2433 2029 2493 2083 in
2522 2029 2705 2085 rebus
2735 2031 3032 2104 humanis,
3068 2050 3179 2091 nos
3212 2036 3542 2092 exaltemus
3567 2038 3818 2093 adversus

2190 2116 2388 2170 divina
2421 2122 2671 2174 secreta.
2723 2118 2866 2185 Quis
2923 2124 3106 2195 igitur
3150 2124 3382 2197 judicat
3430 2127 3502 2182 de
3533 2127 3635 2182 Dei
3662 2126 3823 2183 Filio?

2187 2204 2432 2276 Throni,
2470 2208 2931 2280 Dominationes,
2969 2214 3202 2286 Angeli,
3242 2215 3741 2271 Fotestates?Sed
3765 2215 3829 2270 fa-

2190 2294 2488 2351 mulantur
2517 2299 2663 2362 593
2703 2303 2759 2354 et
2797 2302 3065 2357 serviunt
3097 2304 3485 2378 Archangeli,
3522 2305 3627 2360 sed
3652 2306 3829 2360 minis-

2189 2387 2344 2439 trant
2370 2384 2690 2443 Cherubim
2747 2393 2803 2445 et
2849 2391 3179 2464 Seraphim,
3245 2397 3358 2451 sed
3414 2397 3667 2452 laudant:
3710 2394 3828 2460 Quis

2191 2472 2377 2545 igitur
2397 2474 2627 2547 judicat
2671 2478 2743 2534 de
2774 2480 2881 2535 Dei
2913 2481 3082 2553 Filio,
3134 2500 3270 2539 cum
3331 2485 3550 2558 legerit
3578 2485 3707 2558 quia
3730 2486 3835 2556 ipse

2195 2563 2375 2618 Pater
2403 2567 2634 2621 noverit
2672 2567 2903 2640 Filium,
2956 2587 3072 2625 non
3101 2572 3372 2644 judicet;
3410 2597 3433 2626 ι
3480 2575 3663 2630 Nemo
3708 2574 3835 2629 enim

2192 2653 2356 2707 novit
2386 2652 2618 2726 Filium,
2653 2657 2770 2711 nisi
2806 2660 2982 2714 Pater
3037 2662 3280 2732 (.tlauh.
3337 2681 3424 2734 χι,
3457 2664 3572 2735 21).
3610 2687 3631 2712 η
3663 2663 3841 2731 Novit,

2193 2741 2401 2813 inquit,
2429 2759 2547 2798 non
2578 2744 2825 2816 judicat.
2860 2749 3035 2803 Aliud
3077 2753 3170 2805 est
3199 2768 3417 2824 nosse,
3452 2753 3613 2808 aliud
3636 2752 3841 2823 judica-

2192 2845 2277 2885 re.
2313 2831 2504 2887 Habet
2536 2834 2708 2890 Pater
2745 2837 2803 2891 in
2843 2853 2910 2893 se
2959 2840 3294 2909 scientiam,
3360 2842 3557 2898 Filius
3586 2856 3758 2914 supra
3792 2855 3847 2894 se

2191 2934 2310 2982 non
2352 2921 2530 2979 habet
2576 2929 2943 2996 potestatem.
2981 2927 3050 2982 Et
3101 2946 3365 2987 rursus:
3410 2954 3433 2980 α
3470 2932 3658 2987 Nemo
3713 2930 3852 2984 novit

2193 3016 2452 3092 Patrem,
2486 3014 2605 3092 nisi
2635 3015 2860 3092 Filius;
2898 3038 2919 3065 α
2957 3017 3084 3088 ipse
3136 3021 3308 3075 novit
3373 3021 3655 3092 Patrem,
3712 3018 3848 3075 sicut

2192 3102 2326 3142 eum
2387 3087 2428 3140 P
2442 3090 2568 3140 ater
2627 3087 2811 3142 novit.

2263 3158 2394 3230 227.
2424 3157 2582 3230 ASedA
2631 3158 2787 3212 didis
2843 3160 2978 3230 quia
3039 3163 3338 3218 minorem
3391 3179 3465 3219 se
3498 3164 3650 3220 dixit
3676 3162 3847 3228 (Joan.

2117 3241 2171 3305 ε
2195 3246 2314 3297 xxv,
2377 3228 2469 3298 28)
2504 3244 2516 3284 :
2553 3228 2720 3299 dixit,
2746 3232 2801 3285 et
2832 3228 3105 3302 lapidem.
3152 3234 3305 3290 Plus
3358 3235 3521 3291 dicis
3547 3279 3566 3307 ,
3611 3237 3669 3290 et
3709 3231 3861 3303 impie

2194 3318 2538 3373 calumniari
2573 3334 2585 3374 :
2639 3319 2835 3376 minus
2880 3320 3033 3392 dico,
3068 3325 3125 3377 et
3174 3324 3272 3393 pie
3315 3328 3558 3380 astruo.
3601 3323 3861 3378 Minorem

2166 3403 2367 3480 5dicis,
2400 3410 2457 3463 et
2499 3423 2679 3479 supra
2735 3409 2985 3482 angelos
3034 3413 3349 3469 confiteris
3385 3429 3399 3470 :
3436 3429 3558 3488 ego
3603 3412 3867 3468 minorem

2193 3497 2426 3570 angelis
2466 3496 2620 3567 dico,
2653 3500 2855 3553 etnon
2895 3500 3161 3572 derogo;
3200 3504 3349 3573 quia
3383 3519 3512 3559 non
3531 3502 3865 3558 divinitatem

2192 3601 2403 3659 arguo,
2428 3587 2536 3642 sed
2567 3587 3037 3645 misericordiam
3069 3591 3364 3661 pracdico.

2846 3713 3097 3770 CAPUT
3135 3716 3300 3773 XIX.

2196 3819 2318 3876 Con
2330 3834 2541 3895 versus
2552 3819 2627 3874 ad
2638 3820 2824 3875 Deum
2841 3821 3087 3876 Patrem
3125 3822 3224 3877 vir
3246 3831 3539 3895 sanctus,
3559 3840 3670 3881 cur
3682 3821 3877 3895 Filium

2266 3907 2334 3946 eo
2367 3890 2651 3946 minorem
2686 3908 2798 3946 non
2839 3898 3079 3966 statuat,
3139 3898 3403 3966 exponit
3442 3917 3462 3952 .-
3506 3890 3631 3952 tum
3677 3892 3879 3950 asserit

2266 3979 2428 4036 suum
2464 3978 2574 4036 non
2606 3978 2742 4017 esse
2766 3969 2824 4016 ut
2839 3964 3119 4036 metiatur
3135 3964 3253 4021 Dei
3274 3966 3514 4023 Filium
3529 3987 3549 4032 ;
3581 3984 3711 4023 cum
3729 3978 3881 4036 ange-

2264 4033 2321 4108 Ιρ
2350 4034 2556 4108 metiri
2584 4034 3167 4108 tantu1n_Jernsalezn
3200 4038 3421 4093 datum
3458 4039 3675 4108 fuerit,
3701 4033 3819 4092 imo
3836 4039 3885 4108 et

2265 4104 2424 4159 forte
2443 4104 2687 4159 Christo
2718 4111 2777 4159 ut
2806 4106 3030 4160 homini
3062 4127 3078 4160 :
3111 4109 3223 4161 sed
3241 4110 3480 4164 Arium
3504 4104 3751 4166 Satanae
3765 4107 3886 4161 imi-

2267 4181 2616 4254 tatoremse
2648 4175 3002 4254 praebuisse.
3047 4178 3303 4234 Temere
3338 4182 3549 4254 igitur
3571 4182 3652 4238 de
3695 4178 3886 4254 divina

2264 4249 2653 4318 generatione
2684 4247 2980 4318 disputari
3011 4269 3027 4303 :
3058 4267 3184 4305 cum
3223 4247 3477 4308 tandm:
3508 4255 3783 4308 humanae
3812 4250 3888 4303 si-

2264 4317 2439 4399 gnum
2449 4334 2573 4399 per;
2582 4317 2794 4399 Isaiam
2917 4322 3292 4399 propositum
3308 4343 3329 4386 ;
3356 4340 3479 4380 nec
3502 4325 3727 4381 debeat
3755 4336 3887 4399 com-

2258 4387 2495 4469 paratio
2532 4387 2670 4469 fieri
2810 4387 3056 4445 divinis.
3088 4392 3439 4469 _Postre_mo
3497 4402 3780 4469 quantum
3811 4390 3891 4447 fu-

2264 4460 2584 4538 giendas”
2615 4461 2757 4514 Arii
2786 4464 3151 4538 arrogantia,
3193 4460 3530 4521 variorum
3573 4468 3893 4538 Scriptura

2267 4530 2664 4603 exemplorum
2697 4530 3058 4604 oppositione
3090 4535 3517 4594 demonstrat.

2264 4654 2387 4711 228.
2421 4654 2508 4709 Ad
2540 4658 2595 4710 te
2619 4671 2794 4725 nunc,
2831 4657 3203 4728 omnipotens
3236 4660 3461 4731 Pater,
3509 4678 3654 4718 cum
3712 4661 3896 4728 lacry-

2190 4744 2304 4799 mis
2337 4744 2517 4798 verba
2549 4750 2849 4801 converto.
2879 4746 3076 4818 Egote
3101 4749 3359 4818 quidem
3382 4748 3897 4813 inaccessibilem,

2189 4834 2796 4905 incomprensibilem,
2842 4836 3336 4893 inaestimabilem
3400 4846 3694 4913 prompte
3751 4840 3904 4893 dixe-

2189 4979 2347 5051 suut.
2378 4976 2593 5051 Neque
2633 4993 2775 5051 vero
2814 4978 3133 5051 timendum
3166 4979 3367 5037 fuerit
3392 5026 3408 5051 ,
3466 5000 3549 5039 ne
3604 4984 3708 5038 illa
3735 4979 3908 5037 dissi-

2189 5048 2429 5125 mulatio
2469 5064 2643 5125 quam
2675 5049 2939 5115 admittit,
2966 5050 3237 5125 videntur
3278 5048 3635 5125 conjuncta
3670 5052 3906 5125 menda-

2191 5120 2304 5174 cio.
2341 5118 2567 5196 Etenim
2601 5125 2993 5196 praeterquam
3024 5123 3177 5196 quod
3199 5118 3691 5196 Aattem'perabat
3723 5140 3790 5180 se
3836 5122 3906 5175 iis

2188 5206 2343 5262 quos
2372 5191 2799 5260 alloquebatur,
2834 5192 3052 5262 quibus
3075 5193 3280 5247 debita
3311 5191 3447 5250 non
3484 5203 3622 5252 erat
3654 5199 3771 5252 ista
3813 5210 3911 5248 co-

2187 5262 2414 5335 gnitio;
2463 5263 2712 5331 ipsemet
2770 5263 3044 5335 utihomo
3104 5265 3514 5335 loquebatur,
3578 5269 3638 5321 id
3693 5271 3805 5333 est,
3849 5266 3905 5317 ut

2188 5333 2473 5404 praeditus
2511 5335 2704 5387 anima
2753 5334 3044 5404 rationali,
3088 5333 3196 5389 cui
3235 5339 3629 5395 naturaliter
3676 5338 3913 5393 minimc

2185 5404 2553 5474 competebat
2610 5404 2801 5459 futura
2862 5421 3275 5475 cognoscere,
3346 5410 3501 5464 licet
3577 5412 3796 5466 eadem
3843 5423 3912 5461 ex

2187 5475 2363 5529 Verbi
2397 5476 2612 5529 unione
2645 5492 2762 5529 non
2807 5476 3129 5546 ignoraret.
3181 5482 3324 5541 Quo
3371 5496 3581 5536 sensu
3616 5483 3799 5536 etiam
3831 5479 3911 5531 in-

2183 5546 2494 5621 terpretari
2518 5547 2726 5621 possis
2768 5548 2979 5621 Athan.
3003 5554 3128 5603 orat
3158 5549 3382 5605 dcunt.
3410 5553 3651 5608 Anan.
3682 5570 3698 5621 ;
3734 5551 3913 5606 Hilar.

2186 5616 2293 5698 lib.
2322 5635 2382 5671 1x
2414 5617 2488 5698 de
2515 5616 2728 5698 Ίρλίηἰι.
2756 5619 2988 5698 ;__Basil.
3018 5621 3188 5689 epist.
3227 5621 3339 5674 39!
3359 5665 3374 5692 ,
3414 5628 3480 5678 et
3500 5616 3770 5698 Gregor.
3797 5623 3913 5676 Na-

2186 5691 2334 5744 zian.
2370 5692 2513 5744 orat.
2541 5689 2629 5757 36,
2665 5690 2913 5746 etalios.
