4050 6182
274 335 381 400 725

1650 329 1762 396 DE
1803 330 1999 403 FIDE
2042 331 2202 396 LIB.
2237 335 2315 396 V.

3591 327 3720 396 726

263 536 404 592 rim:
443 535 553 591 sed
569 534 784 591 Filium
813 539 979 592 tuum
1007 537 1296 593 minorem
1342 553 1460 592 non
1478 536 1671 592 ausim
1703 537 1921 591 dicere.
1956 526 2004 587 A
2043 534 2155 604 14).
2184 558 2206 583 »
2235 534 2395 607 Ergo
2412 535 2652 607 signum
2665 535 2985 591 divinitatis
3002 536 3206 592 videre
3223 551 3342 593 non
3356 551 3704 607 possumus,

252 625 400 679 Nam
432 641 567 680 cum
598 626 762 681 illum
796 627 1174 697 splendorem
1224 628 1451 700 gloriae,
1487 631 1544 682 et
1602 627 1925 698 imaginem

255 715 608 769 substantiae
639 718 753 770 tuae
788 715 1035 787 legerim
1094 715 1308 784 (Hebr.
1368 733 1406 784 ι,
1441 716 1532 785 3);
1592 730 1805 769 vereor
1854 729 1927 767 ne

254 804 549 858 minorem
580 804 896 876 imaginem
927 808 1043 859 tuae
1063 806 1311 859 dicendo
1336 804 1707 869 substantiae,
1734 804 1925 857 mino-

252 908 380 948 rem
416 893 809 947 substantiam
847 896 1004 948 tuam
1042 895 1238 949 dicere
1262 894 1485 957 videar,
1520 893 1695 964 cujus
1730 893 1925 963 imago

251 982 334 1036 sit
362 981 570 1048 Filius,
608 998 743 1036 cum
774 983 1074 1052 plenitudo
1111 986 1223 1037 tuae
1255 983 1577 1037 divinitatis
1639 982 1831 1036 omnis
1866 982 1926 1035 in

249 1069 405 1126 Filio
438 1070 532 1126 sit.
567 1071 923 1127 Immensum
966 1075 1023 1126 te
1068 1071 1397 1142 Filiumque
1443 1075 1606 1126 tuum
1637 1073 1693 1124 et
1736 1070 1925 1140 Spiri-

241 1162 375 1214 tum
405 1163 697 1231 sanctum,
758 1161 1355 1231 incircumscriptum,
1414 1160 1922 1229 inaestimabilem,

248 1248 710 1303 inenarrabilem
755 1249 875 1322 legi
928 1249 1288 1321 frequenter,
1341 1250 1519 1304 credo
1551 1249 1822 1304 libenter.
1856 1247 1928 1303 Et

244 1338 385 1393 ideo
418 1339 713 1393 mstimare
742 1354 860 1393 non
888 1355 1157 1409 possum,
1192 1343 1253 1393 ut
1301 1338 1637 1394 examinare
1669 1337 1921 1409 possim.

325 1427 450 1483 229.
474 1427 618 1481 Esto
640 1431 853 1496 tamen,
889 1429 1100 1498 spiritu
1132 1444 1399 1499 ausaque
1448 1428 1763 1482 temerario
1794 1442 1923 1481 me-

247 1517 355 1571 tiri
386 1519 441 1570 te
470 1517 686 1587 velim;
720 1517 894 1586 unde,
930 1533 1155 1589 quaeso,
1192 1521 1248 1573 te
1278 1518 1528 1572 metiar?
1572 1516 1924 1571 Funiculum

251 1606 755 1679 agrimensorium
774 1606 919 1661 vidit
953 1607 1237 1677 propheta
1286 1607 1536 1678 (Ezech.
1565 1624 1660 1675 XL,
1695 1605 1772 1675 3),
1807 1621 1925 1677 quo

246 1695 608 1749 metiebatur
636 1695 888 1767 angelus
919 1696 1272 1750 Jerusalem.
1330 1695 1677 1750 Metiebatur
1731 1699 1926 1749 tamen

240 1784 529 1857 angelus,
565 1801 683 1839 non
714 1785 929 1839 Arius:
985 1786 1335 1840 metiebatur
1392 1785 1745 1848 Jerusalem,
1808 1800 1926 1838 non

2042 640 2382 679 mensuram
2415 625 2739 695 quaerimus
2761 628 2789 679 ἱ)
2820 626 2922 680 Vae
2953 627 3173 681 misero
3193 627 3357 696 mihi,
3378 625 3554 696 impie
3586 624 3707 679 dis-

2045 717 2244 769 cutere
2303 714 2611 784 audemus,
2644 730 2819 785 quem
2878 715 3056 788 digne
3085 731 3299 787 rogare
3356 731 3476 771 non
3504 714 3707 786 possi-

2041 804 2259 857 mus?‘

2110 891 2233 961 233,
2269 892 2535 947 Viderint
2563 896 2759 948 tamen
2776 892 2890 963 (60)
2924 893 3065 964 quid
3088 893 3303 948 faciant
3332 893 3567 949 Ariani:
3593 908 3707 967 ego

2037 983 2114 1050 te,
2152 981 2341 1050 Pater,
2378 981 2431 1036 si
2480 982 2767 1054 majorem
2814 983 3089 1037 omnibus
3135 983 3363 1053 dixero,
3415 982 3709 1054 injuriose

2037 1072 2094 1124 te
2125 1070 2242 1123 tuis
2266 1071 2547 1141 operibus
2600 1073 2973 1143 comparavi:
3011 1073 3061 1125 si
3108 1071 3393 1143 majorem
3442 1071 3614 1141 Filio,
3646 1073 3712 1126 ut

2038 1159 2218 1212 Arius
2250 1160 2487 1229 asserit,
2521 1161 2699 1231 impie
2725 1161 3012 1232 judicavi.
3050 1161 3132 1215 De
3162 1164 3219 1215 te
3273 1161 3437 1232 prior
3468 1161 3580 1216 erit
3608 1161 3710 1215 illa

2039 1248 2350 1317 sententia,
2388 1265 2521 1302 nam
2553 1266 2746 1321 neque
2778 1251 2896 1306 ulla
2927 1251 3056 1306 fieri
3086 1253 3282 1321 potest
3311 1250 3430 1305 nisi
3459 1265 3535 1305 ex
3549 1266 3712 1305 com-

2036 1337 2338 1407 paratione
2371 1339 2657 1409 prmlatio,
2691 1356 2883 1411 neque
2914 1340 3185 1411 praeferri
3214 1340 3552 1412 quisquam,
3586 1339 3707 1395 nisi

2038 1426 2111 1481 de
2142 1442 2258 1497 quo
2290 1427 2461 1498 prius
2494 1427 2674 1482 fuerit
2694 1428 3045 1500 judicatum.

2108 1515 2232 1570 235.
2254 1516 2465 1571 Jurare
2487 1517 2662 1572 nobis
2696 1534 2804 1589 per
2836 1519 3050 1574 coelum
3072 1534 3189 1573 non
3219 1518 3357 1572 licet
3384 1517 3625 1589 (Matth.
3647 1534 3707 1588 v,

2036 1603 2149 1674 34),
2176 1604 2449 1676 judicare
2472 1606 2543 1661 de
2577 1607 2700 1661 Deo
2758 1606 2870 1676 (61)
2917 1608 3087 1662 licet:
3122 1607 3231 1662 sed
3262 1606 3411 1662 Filio
3462 1610 3561 1662 tuo
3593 1606 3710 1662 soli

2032 1693 2326 1766 judicium
2355 1695 2428 1748 de
2460 1695 2736 1750 omnibus
2770 1697 3052 1751 detulisti.

2108 1783 2233 1838 235.
2258 1784 2520 1839 Joannes
2540 1800 2776 1840 carnem
2798 1785 3030 1840 Domini
3063 1785 3360 1856 baptizare
3392 1785 3708 1857 metuebat,

244 1873 463 1971 Deum.
502 1873 572 1927 Et
621 1873 886 1971 fortasse
918 1890 1027 1971 nec
1063 1875 1420 1971 “Jerusalem
1452 1874 1642 1971 metiri
1702 1876 1929 1971 poterat
1961 1909 2010 1971 Β
2038 1872 3002 1971 Joannes‘p‘rohibebatdicensia
3030 1874 3159 1971 Elge
3191 1891 3225 1929 a
3257 1875 3714 1971 tedebeobap-

237 1962 544 2035 angelus;
578 1963 670 2016 vir
699 1963 855 2018 enim
885 1966 1027 2018 erat.
1062 1963 1329 2034 Denique
1370 1963 1459 2017 sic
1494 1963 1719 2017 habes:
1788 1984 1809 2011 α
1849 1961 1922 2015 Et

242 2053 515 2108 allevavi
548 2052 814 2122 occulos,
847 2055 903 2106 et
944 2052 1097 2107 vidi:
1147 2055 1204 2106 et
1235 2066 1373 2105 ecce
1405 2051 1515 2121 vir,
1556 2055 1613 2106 et
1660 2052 1720 2105 in
1754 2067 1928 2106 manu

242 2141 395 2212 ejus
430 2140 731 2195 funiculus
763 2141 1235 2212 agrimensorius
1283 2140 1509 2210 (Ibid)
1567 2164 1589 2188 »ι
1645 2139 1750 2193 Vir
1780 2142 1925 2210 erat,

243 2231 394 2302 quia
426 2233 604 2301 typus
635 2230 998 2300 suscipiendi
1032 2228 1305 2299 corporis
1363 2229 1791 2284 declarabatur.
1824 2229 1931 2283 Vir

230 2323 367 2375 erat
401 2319 527 2388 ille,
561 2319 633 2373 de
669 2335 784 2390 quo
815 2323 907 2373 est
937 2320 1220 2391 dignum:
1260 2340 1282 2366 «ι
1318 2320 1464 2373 Post
1493 2335 1585 2372 me
1616 2318 1780 2372 venit
1814 2319 1923 2388 vir,

233 2407 427 2480 cujus
458 2425 576 2463 non
607 2424 741 2463 sum
777 2409 996 2480 dignus
1028 2408 1263 2463 solvere
1309 2409 1627 2479 corrigiam
1685 2408 1917 2462 calcea-

224 2497 423 2553 menti
454 2496 598 2569 ejus
632 2497 822 2567 (Joan.
861 2515 900 2567 ι,
941 2496 1052 2567 2'7).
1102 2520 1123 2544 »
1162 2496 1320 2568 Ergo
1373 2496 1648 2551 Christus
1699 2497 1759 2551 in
1790 2500 1926 2568 typo

223 2586 590 2643 Jerusalem
623 2587 878 2655 metitur,
915 2586 1093 2640 Arius
1128 2586 1312 2640 Deum
1346 2586 1478 2655 (58).

320 2674 449 2729 230.
472 2675 544 2729 Et
563 2675 811 2730 Satanas
841 2676 1226 2747 transfigurat
1256 2691 1323 2729 se
1356 2676 1418 2729 in
1465 2674 1740 2747 angelum
1773 2674 1925 2729 lucis

227 2764 325 2834 (Ι)
352 2764 495 2819 Cor.
524 2782 607 2833 χι,
641 2764 766 2835 14);
798 2764 940 2836 quid
968 2764 1180 2819 mirum
1212 2764 1265 2818 si
1298 2764 1477 2818 Arius
1528 2780 1702 2818 suum
1732 2764 1926 2818 imita-

235 2857 339 2910 tur
369 2856 698 2923 auctorem,
732 2855 795 2908 ut
826 2856 1071 2924 usurpet
1102 2853 1303 2908 illicita
1323 2855 1352 2907 ‘?
1412 2853 1577 2908 Licet
1631 2854 1789 2924 quod
1819 2869 1926 2924 pa-

228 2947 333 2999 ter
366 2959 525 2998 suus
557 2943 830 2998 diabolus
860 2959 967 3013 per
996 2942 1384 3012 semetipsum
1414 2958 1533 2997 non
1564 2942 1723 3011 fecit,
1775 2943 1924 2998 into-

228 3029 588 3089 lerabiliore
644 3023 792 3088 594
850 3033 962 3087 iste
1029 3032 1349 3103 sacrilegio
1417 3032 1753 3087 divinorum
1810 3033 1904 3087 sib

231 3124 557 3179 scientiam
616 3123 1003 3191 secretorum,
1066 3123 1124 3175 et
1181 3137 1458 3192 supernae
1517 3122 1922 3193 generationis

228 3228 457 3268 arcana
488 3214 830 3283 presumat;
862 3211 1135 3266 diabolus
1166 3211 1322 3265 enim
1338 3225 1545 3265 verum
1575 3210 1683 3266 Dei
1705 3211 1916 3266 Filium

227 3301 555 3370 fatebatur,
588 3301 767 3355 Arius
799 3303 995 3373 negat.

304 3390 445 3447 231.
471 3389 535 3445 Si
548 3406 693 3462 ergo
708 3390 897 3445 metiri
916 3389 1156 3459 te,omni
1162 3392 1374 3461 potens
1385 3390 1580 3459 Pater,
1599 3405 1717 3445 non
1730 3405 1922 3461 quaee,

225 3495 567 3553 possumne
589 3480 719 3535 sine
756 3480 1074 3553 sacrilegio
1107 3480 1179 3534 de
1226 3482 1343 3534 tuae
1374 3479 1780 3552 generationis
1828 3479 1915 3533 di-

226 3573 482 3642 sputare
514 3570 797 3624 secreto?
852 3570 1190 3624 Possumne
1222 3568 1420 3623 dicere
1470 3567 1627 3639 quod
1687 3566 1914 3638 aliquid

223 3660 468 3716 interte
490 3662 547 3714 et
567 3658 778 3713 Filium
807 3661 969 3714 tuum
999 3659 1133 3729 plus
1164 3658 1438 3712 minusve
1473 3657 1551 3711 sit
1576 3673 1591 3727 ;
1625 3673 1760 3711 cum
1783 3658 1915 3728 ipse

226 3751 331 3821 qui
368 3764 447 3804 ex
479 3751 533 3803 te
564 3751 738 3803 natus
766 3752 879 3818 est,
912 3748 1159 3803 dixerit:
1197 3747 1402 3801 Omnia
1434 3763 1567 3818 quae
1599 3748 1776 3801 Pater
1816 3745 1917 3800 ha-

224 3838 327 3895 bet
362 3853 498 3892 mea
528 3841 667 3892 sunt
720 3837 913 3905 (Joan.
962 3854 1083 3906 xvr,
1120 3836 1253 3906 13)?
1303 3858 1324 3884 ι»
1376 3835 1520 3901 Quis
1554 3852 1646 3890 me
1689 3836 1915 3891 consti-

222 3929 339 3982 tuit
354 3926 624 3997 judicem
642 3929 744 3981 aut
759 3926 1083 3980 divisorem
1108 3926 1179 3980 de
1199 3925 1385 3980 rebus
1430 3924 1706 3979 humanis
1723 3926 1752 3980 ἱ)
1786 3925 1914 3980 Hoc

226 4016 423 4071 Filius
458 4015 618 4084 dicit,
653 4019 709 4070 et
738 4031 849 4070 nos
882 4016 1036 4070 inter
1069 4015 1297 4069 Patrem
1331 4017 1388 4069 et
1416 4013 1630 4068 Filium
1661 4014 1913 4069 divisio-

232 4122 374 4161 nem
406 4104 583 4160 nobis
615 4107 671 4160 et
698 4105 990 4177 judicium
1038 4104 1459 4158 vindicamus?
1509 4104 1669 4158 Bona
1720 4105 1910 4174 pietas

2037 1962 2223 2030 tizari,
2258 1965 2315 2017 et
2345 1966 2408 2017 tu
2436 1964 2609 2017 venis
2641 1964 2715 2018 ad
2745 1979 2837 2018 me
2870 1964 3110 2033 (Matth.
3136 1982 3220 2034 ιιι,
3276 1963 3411 2035 14)?
3444 1988 3466 2013 ιι
3505 1967 3563 2020 et
3592 1980 3707 2037 ego

2037 2049 2341 2106 Christum
2366 2051 2597 2122 judicio
2625 2068 2758 2107 meo
2790 2053 3042 2107 subdam
3060 2054 3089 2108 ε)

2108 2139 2232 2194 235.
2267 2140 2513 2213 Moyses
2535 2144 2783 2195 excusat
2800 2141 2911 2211 (62)
2934 2142 3355 2210 sacerdotium,
3378 2144 3592 2198 Petrus
3612 2143 3716 2198 im-

2038 2232 2306 2299 peratum
2341 2229 2400 2282 in
2434 2230 2765 2284 ministerio
2798 2230 3053 2285 declinat
3084 2231 3477 2302 obsequium:
3528 2233 3710 2288 Arius

2038 2319 2339 2372 scrutatur
2368 2318 2544 2372 etiam
2574 2318 2689 2371 alta
2720 2319 2873 2373 Dei‘?
2903 2319 3018 2373 Sed
3064 2336 3183 2375 non
3215 2320 3395 2374 Arius
3453 2319 3708 2391 Spiritus

2038 2409 2317 2462 sanctus:
2353 2407 2459 2462 sed
2492 2406 2633 2461 Ario
2664 2409 2720 2461 et
2749 2408 3090 2464 hominibus
3123 2409 3346 2464 dictum
3376 2412 3507 2464 est:
3546 2432 3569 2458 α
3610 2409 3712 2465 ΛΙ-

2036 2496 2186 2551 tiora
2218 2498 2274 2550 te
2306 2511 2379 2549 ne
2409 2496 2725 2566 quaesieris
2759 2496 2973 2566 (Eccli.
3008 2515 3089 2568 ιιι,
3122 2497 3234 2561 22).
3272 2521 3293 2546 η

2108 2583 2233 2639 236.
2267 2585 2511 2657 Moyses
2559 2585 2785 2640 vultum
2834 2586 3065 2640 Domini
3114 2586 3465 2657 prohibetur
3507 2585 3711 2644 videre

2039 2674 2256 2744 (Exod.
2279 2691 2489 2743 xxxm,
2528 2674 2653 2745 23):
2689 2675 2870 2729 Arius
2900 2676 3114 2730 meruit
3140 2677 3342 2731 videre
3387 2680 3704 2732 secretum.

2039 2763 2280 2835 Moyses
2313 2766 2370 2818 et
2400 2765 2597 2818 Aaron
2627 2764 2686 2817 in
2718 2765 3132 2821 sacerdotibus
3163 2764 3320 2836 ejus,
3345 2766 3585 2838 Moyses
3608 2767 3710 2837 qui

2040 2869 2175 2908 cum
2206 2853 2454 2908 Domino
2485 2855 2725 2924 apparet
2753 2854 2812 2908 in
2843 2854 3073 2926 gloria;
3126 2855 3369 2927 Moyses
3399 2871 3545 2928 ergo
3606 2856 3717 2922 ille

2036 2943 2368 3014 posteriora
2396 2943 2796 2998 tantummodo
2854 2944 2958 2998 Dei
2988 2945 3049 2999 in
3106 2947 3243 3015 typo
3277 2944 3460 3000 vidit:
3520 2944 3704 3001 Arius

2036 3034 2222 3087 totum
2256 3032 2441 3086 Deum
2472 3032 2623 3087 facie
2652 3033 2725 3086 ad
2756 3032 2967 3088 faciem
3017 3033 3482 3105 comprehendit.
3523 3056 3545 3084 α
3586 3034 3705 3089 Sed

2035 3137 2231 3192 nemo,
2265 3122 2475 3193 inquit,
2506 3122 2710 3178 videre
2740 3126 2936 3194 potest
2965 3121 3178 3179 faciem
3208 3140 3417 3195 meam,
3454 3125 3512 3180 et
3559 3124 3707 3180 vivit

2034 3211 2252 3282 (Exod.
2286 3228 2497 3281 xxxm,
2532 3211 2644 3281 20).
2683 3234 2704 3259 ι»

1954 3263 2006 3333 σ
2038 3263 2251 3356 Ἑέ-ιῗ
2289 3263 2513 3356 iam;
2534 3263 2736 3356 Etiam
2766 3301 2838 3356 de
2891 3301 3281 3357 inferioribus
3314 3301 3494 3359 dicit:
3559 3324 3581 3350 ι.
3614 3301 3706 3357 Ex

2033 3392 2198 3462 parte
2228 3390 2654 3462 cognoscimus
2684 3395 2748 3446 ut
2777 3408 2852 3446 ex
2880 3395 3044 3462 parte
3076 3391 3249 3447 etiam
3280 3391 3703 3463 prophetamus

2032 3479 2092 3550 (Ι
2111 3478 2247 3535 Cor.
2271 3497 2397 3549 χιιι,
2419 3479 2497 3550 9).
2528 3504 2550 3528 ι»
2585 3481 2764 3536 Arius
2794 3481 2966 3537 dicit:
3000 3481 3089 3536 Ex
3108 3484 3229 3537 toto
3249 3482 3454 3546 Deum,
3488 3496 3607 3537 non
3627 3497 3717 3548 exp

2029 3571 2195 3639 parte
2227 3569 2503 3641 cognovi.
2538 3569 2790 3625 Inferior
2821 3586 2966 3643 ergo
2998 3571 3238 3641 Paulus,
3272 3586 3447 3643 quam
3478 3571 3700 3642 Arius;

2030 3660 2086 3712 et
2104 3674 2211 3712 vas
2236 3658 2544 3714 electionis
2563 3675 2637 3713 ex
2663 3663 2827 3730 parte
2850 3661 2981 3730 scit,
3015 3676 3123 3715 vas
3144 3661 3493 3731 perditionis
3513 3663 3701 3716 totum

2029 3746 2177 3801 scit:
2210 3746 2368 3817 Scio,
2402 3747 2610 3818 inquit,
2646 3748 2965 3817 hominem,
3001 3749 3129 3803 sive
3161 3749 3222 3803 in
3255 3765 3524 3820 corpore,
3550 3741 3698 3805 595

2028 3834 2158 3891 sive
2191 3837 2359 3890 extra
2390 3851 2606 3907 corpus
2638 3837 2864 3907 nescio,
2898 3837 3057 3892 Deus
3091 3839 3222 3907 scit,
3258 3839 3534 3910 quoniam
3558 3855 3697 3909 rap-

2025 3926 2124 3979 tus
2156 3927 2249 3978 est
2275 3925 2335 3978 in
2366 3926 2725 3996 paradisum,
2761 3928 2818 3980 et
2875 3927 3098 3981 audivit
3144 3928 3328 3982 verba
3376 3926 3697 3982 ineffabilia

2024 4013 2112 4084 (Il
2140 4013 2276 4068 Cor.
2298 4031 2399 4082 χιι,
2433 4014 2486 4083 3,
2519 4014 2596 4083 4).
2631 4014 2851 4069 Paulus
2882 4020 3086 4086 raptus
3116 4032 3308 4088 usque
3338 4018 3409 4071 ad
3459 4017 3696 4072 tertium

2026 4103 2260 4171 coelum,
2295 4119 2362 4157 se
2393 4103 2587 4173 ipsum
2619 4104 2869 4158 nescivit
2896 4121 2907 4159 :
2944 4105 3123 4159 Arius
3155 4106 3215 4159 in
3233 4107 3693 4161 stercore'volu-

225 4196 492 4251 arbitros
524 4194 742 4266 refugit
773 4194 947 4248 etiam
980 4195 1040 4248 in
1071 4193 1366 4248 divisione
1389 4193 1743 4263 patrimonii.
1783 4193 1909 4248 Nos
2020 4193 2178 4246 tatus
2208 4193 2393 4247 Deum
2423 4193 2618 4247 scivit.
2652 4194 2872 4249 Paulus
2903 4195 3044 4249 dicit
3076 4195 3147 4250 de
3171 4211 3236 4249 se
3268 4196 3400 4266 ipso
3428 4210 3440 4250 :
3478 4217 3501 4242 α
3529 4195 3690 4250 Deus

227 4300 379 4357 ergo
410 4283 637 4338 erimus
668 4283 892 4351 arbitri,
928 4286 989 4337 ut
1018 4282 1171 4336 inter
1201 4285 1258 4337 te
1290 4286 1348 4336 et
1378 4281 1589 4336 Filium
1620 4284 1783 4335 tuum
1816 4282 1908 4336 in-

228 4376 450 4429 creatae
482 4371 855 4443 majestatem
889 4370 1241 4426 substantiae
1271 4371 1385 4442 (59)
1417 4371 1752 4425 dividamus
1773 4372 1802 4424 ?

2022 4282 2153 4344 scit,
2193 4304 2214 4328 »ι
2252 4281 2431 4336 Arius
2462 4283 2533 4336 de
2568 4283 2688 4337 Deo
2721 4283 2894 4338 dicit:
2932 4284 3058 4355 Ego
3089 4284 3248 4338 novi.

2089 4369 2212 4424 238.
2248 4369 2365 4425 Sed
2418 4386 2536 4425 non
2593 4374 2767 4427 Arias
2825 4375 3030 4443 raptus
3087 4374 3148 4427 in
3190 4374 3424 4442 coelum,
3486 4388 3689 4443 quam-

295 4461 425 4518 232.
456 4483 479 4513 ι
524 4461 855 4531 Generatio,
896 4461 1106 4532 inquit,
1150 4460 1279 4516 haec
1314 4460 1617 4532 generatio
1654 4476 1907 4531 nequam
2017 4459 2110 4513 vis
2178 4474 2314 4513 eum
2379 4462 2623 4515 secutus
2700 4462 2777 4515 sit
2835 4462 2936 4532 qui
2987 4460 3307 4532 jactatione
3367 4461 3687 4517 damnabili

227 4556 354 4607 est:
391 4552 637 4622 signum
655 4551 885 4622 quaerit,
913 4553 969 4604 et
992 4551 1232 4622 signum
1272 4565 1391 4604 non
1412 4549 1646 4604 dabitur
1683 4549 1757 4618 ei,
1789 4549 1906 4604 nisi

2018 4548 2217 4603 divina
2277 4552 2685 4619 praesumeret,
2745 4549 2991 4604 dicens:
3048 4572 3069 4597 ‹‹

3137 4551 3351 4604 Ponam
3405 4549 3685 4605 thronum

228 4641 478 4713 signum
510 4639 677 4694 Jonas
739 4640 1045 4710 prophetae
1094 4640 1256 4709 (Luc.
1316 4656 1397 4707 χι,
1430 4636 1543 4706 29).
1576 4658 1598 4687 ν
1654 4638 1904 4710 Signum
1935 4629 1993 4692 D
2018 4654 2210 4692 meum
2259 4653 2443 4708 super
2481 4638 2693 4705 nubes,
2739 4640 2795 4691 et
2831 4652 2932 4691 ero
2973 4638 3186 4692 similis
3219 4637 3509 4693 altissimo
3540 4638 3679 4709 (Isa.

228 4730 436 4800 utique
499 4729 669 4783 datur
728 4744 846 4783 non
904 4728 1250 4797 divinitatis,
1287 4728 1396 4783 sed
1455 4728 1898 4783 incarnationis.

2012 4743 2134 4793 xxv,
2170 4726 2278 4796 14),
2317 4750 2337 4774 η
2374 4727 2529 4781 sicut
2558 4726 2714 4780 enim
2744 4725 2840 4780 ille
2872 4726 3056 4781 dixit:
3095 4748 3117 4777 α
3153 4726 3267 4781 Ero
3302 4727 3515 4782 similis
3578 4728 3681 4783 Al-

230 4816 501 4890 Denique
533 4818 605 4873 de
636 4818 1040 4872 incarnatione
1073 4818 1341 4872 dicturus
1392 4818 1507 4873 ait:
1549 4839 1571 4865 «
1622 4818 1763 4872 Pete
1794 4818 1901 4871 tibi
2012 4815 2288 4870 tissime:
2349 4815 2437 4868 sic
2471 4818 2529 4868 et
2584 4813 2764 4867 Arius
2796 4814 3149 4869 altissimum
3206 4816 3310 4869 Dei
3342 4815 3553 4871 Filium
3585 4819 3681 4873 sui

230 4907 475 4980 signum
495 4906 635 4978 (Isa.
663 4924 763 4975 vn,
790 4905 899 4977 11).
929 4932 951 4954 »ι
991 4907 1061 4961 Et
1091 4923 1224 4962 cum
1257 4907 1354 4962 ille
1395 4906 1678 4961 dixisset:
1718 4928 1740 4953 «
1768 4906 1901 4960 Non
2012 4904 2267 4959 similem
2297 4904 2421 4957 vult
2450 4902 2638 4957 videri
2664 4918 2676 4957 :
2713 4918 2889 4973 quem
2917 4920 3036 4958 non
3065 4905 3126 4959 in
3159 4905 3486 4960 divinitatis
3507 4909 3678 4962 mter-

229 5000 448 5067 petam,
467 5012 660 5069 neque
681 4997 918 5051 tentabo
942 4996 1254 5051 Dominum
1272 4995 1449 5064 (Ibid.
1472 4994 1583 5065 12),
1614 5018 1636 5043 ιι
1661 5010 1902 5065 respon-

233 5100 367 5140 sum
416 5088 541 5141 est:
612 5108 633 5134 α
689 5084 843 5140 Ecce
894 5084 1066 5156 virgo
1116 5086 1178 5139 in
1223 5088 1390 5140 utero
1422 5084 1672 5155 accipiet
1719 5083 1897 5153 (Ibid.

301 5227 415 5298 (58)
463 5227 593 5283 νει.
656 5226 817 5292 edit.,
850 5226 983 5282 Non
1039 5226 1229 5281 Arius
1274 5226 1496 5292 Deum,-
1559 5227 1727 5282 Rom.
1764 5242 1897 5281 cum

231 5314 381 5355 mss.
409 5298 908 5379 aliquotusustulit
938 5298 1332 5379 negationem,
1394 5298 1549 5379 quod
1583 5301 1667 5379 et.
1697 5298 1897 5379 sequi-

232 5387 383 5426 mur.
409 5368 693 5425 Nonnulli
724 5372 916 5424 tamen
946 5368 1041 5422 alii
1074 5386 1221 5424 mss.
1247 5371 1620 5441 negationem
1654 5368 1893 5441 habent,

234 5442 342 5496 sed
397 5458 605 5496 vocem
664 5442 848 5494 Deum
913 5456 1032 5495 non
1089 5439 1455 5514 agnoscunt,
1528 5439 1683 5493 haud
1744 5440 1895 5495 malo

234 5527 437 5567 sensu.

303 5585 413 5653 (59)
446 5583 595 5639 Mss.
628 5583 868 5655 aliquot,
906 5607 928 5629 α

234 5655 391 5709 tiam.
427 5676 451 5706 ι

300 5725 407 5796 (60)
431 5727 512 5781 Ita
554 5728 725 5783 Rom.
764 5743 898 5783 cum
939 5729 1101 5798 parte
1152 5742 1337 5796 mss.;
1371 5728 1485 5795 vet,
1521 5727 1714 5780 autem
1746 5724 1884 5798 edit.

235 5812 367 5875 cum
392 5798 524 5855 aliis
555 5799 687 5855 cod.
749 5796 1012 5873 scriptis,
1050 5824 1072 5847 ‹‹
1135 5799 1349 5855 Videre
1392 5801 1677 5870 tamen...,
1729 5796 1800 5853 de
1832 5798 1888 5854 te

966 5584 1240 5639 increatae
1261 5582 1589 5655 majestatis
1614 5581 1895 5635 substan-

2008 5008 2101 5049 nae
2132 4992 2443 5065 majestate
2472 4995 2809 5064 veneratur,
2841 4993 2950 5048 sed
2980 5009 3056 5049 ex
3113 4995 3310 5050 carnis
3341 4996 3676 5053 inﬁrmitate

2006 5082 2262 5139 metitur.

2004 5225 2172 5296 prius
2207 5224 2336 5294 erit,
2373 5247 2395 5272 η
2432 5230 2542 5279 etc.

2076 5296 2427 5365 (61)Omnes
2445 5296 2605 5369 edit.,
2648 5319 2670 5343 α
2716 5294 2985 5366 judicare
3026 5298 3097 5353 de
3119 5299 3220 5353 Dei
3261 5300 3431 5369 Filio,
3460 5323 3482 5348 η
3519 5314 3668 5354 mss.

2005 5372 2209 5440 contra
2240 5384 2420 5438 prope
2450 5367 2522 5420 ad
2554 5383 2755 5440 unum,
2796 5391 2816 5417 κ
2846 5369 3117 5440 judicare
3152 5372 3223 5426 de
3256 5367 3461 5425 Deo.)

2076 5439 2337 5507 (62)Vet.
2366 5440 2525 5511 edit.,
2557 5462 2578 5486 ‹‹
2622 5439 2863 5511 Moyses
2915 5447 3181 5510 excusat,
3222 5467 3242 5490 n
3302 5444 3470 5497 Rom.
3504 5440 3664 5505 edit.,

2010 5532 2032 5556 «
2066 5526 2132 5564 se
2162 5514 2426 5571 excusat,
2470 5510 2699 5580 Petrus,
2728 5510 2761 5561 “»
2798 5516 2933 5581 etc.,
2967 5530 3115 5567 mss.
3147 5517 3340 5567 autem
3374 5511 3662 5579 nonnulli,

2007 5581 2306 5653 «Moyses
2367 5597 2433 5635 se
2466 5586 2712 5636 excusat
2769 5585 3121 5638 sacerdotio.
3171 5586 3465 5649 Petrus,»
3529 5586 3664 5653 etc.,

2002 5652 2205 5722 plures
2237 5669 2305 5707 ac
2326 5653 2588 5721 potiores
2620 5657 2681 5707 ut
2711 5670 2822 5708 nos
2853 5655 2912 5708 in
2942 5659 3123 5708 textu.
3177 5654 3334 5707 Infra
3392 5667 3533 5705 vero
3567 5652 3669 5706 ubi

2003 5740 2210 5780 omnes
2236 5724 2372 5779 edit.
2396 5740 2465 5777 ac
2486 5724 2689 5793 plures
2722 5740 2869 5779 mss.
2904 5726 3185 5779 exhibent
3222 5747 3243 5770 α
3276 5724 3335 5777 in
3393 5723 3666 5778 ministe-

2001 5796 2111 5870 rio,
2150 5820 2172 5845 »
2206 5796 2444 5870 quidam
2473 5795 2572 5850 alii
2601 5795 2731 5851 cod.
2766 5796 3106 5868 praeferunt,
3146 5816 3167 5845 ι(
3203 5795 3262 5848 in
3293 5796 3597 5865 mysterio.
3639 5816 3661 5846 »
