4050 6182
327 257 454 323 727
1769 265 1839 328 S.
1879 258 2324 326 AMBROSII.
3245 264 3250 274 ’
3683 277 3793 342 728

372 460 3768 504 mm

688 603 803 686 IN
899 607 1332 687 LIBROS
1426 609 1552 687 DE
1636 607 2117 690 SPIBI'l‘U
2197 611 2673 688 SANtl'l‘O
2745 612 3458 694 ADMONl'l‘IO.

402 834 719 890 Gratianus
751 835 1083 907 Augustus,
1118 852 1252 892 eum
1281 837 1507 908 primos
1537 838 1690 893 duos
1709 837 1898 894 libros
1921 837 1996 894 de
2025 837 2182 894 Fide
2211 837 2284 892 ab
2320 838 2634 894 Ambrosio
2664 855 2772 910 per
2817 841 3042 897 litteras
3072 844 3312 914 peteret,
3348 859 3486 898 eum
3530 843 3714 912 etiam,
3743 847 3799 898 ut

334 923 394 978 in
427 924 843 980 Admonitione
875 925 948 979 ad
981 925 1124 980 illud
1156 941 1307 998 opus
1339 926 1794 983 observavimus
1823 925 2025 998 (Supr.
2058 945 2195 1000 pag.
2226 927 2374 999 439),
2408 932 2740 1002 rogaverat,
2775 947 2849 986 ne
2887 929 2960 988 de
2991 933 3245 1004 Spiritus
3285 933 3480 988 sancti
3521 933 3800 989 divinitate

335 1014 888 1070 commentationem
919 1031 1155 1088 quoque
1186 1017 1453 1072 scribere
1485 1019 1855 1090 gravaretur.
1888 1016 2030 1070 Tam
2059 1017 2154 1088 pia
2183 1017 2443 1071 Caesaris
2474 1016 2757 1073 voluntati
2789 1035 3014 1075 morem
3046 1037 3162 1076 non
3195 1019 3406 1094 gerere
3429 1025 3633 1077 sancto
3660 1037 3800 1092 prm-

336 1103 455 1157 suli
485 1118 604 1158 non
634 1102 887 1174 licebat;
921 1120 1146 1160 moram
1178 1108 1400 1161 tantum
1425 1106 1831 1178 postulaverat
1859 1106 2070 1177 (Epist.
2104 1107 2176 1161 ad
2204 1106 2512 1176 Gratiam),
2545 1111 2608 1162 ut
2637 1108 2988 1165 destinatam
3019 1111 3478 1182 disputationem
3509 1111 3696 1184 magis
3711 1125 3801 1166 se-

335 1191 426 1247 rio
457 1191 854 1258 meditaretur,
889 1193 1052 1248 Illam
1087 1194 1268 1268 igitur
1295 1196 1358 1250 in
1385 1198 1509 1251 tres
1540 1195 1729 1251 libros
1759 1193 1870 1250 abs
1899 1210 1968 1250 se
2001 1194 2276 1266 divisam,
2321 1211 2600 1267 suprema
2632 1213 2809 1253 manu
2850 1199 3145 1271 imposita,
3178 1199 3613 1273 quamprimum
3663 1199 3806 1255 misit

217 1326 238 1338 ,
336 1279 410 1334 ad
441 1280 874 1351 imperatorem.

413 1369 608 1425 Primo
637 1370 790 1427 libro
820 1372 1119 1442 praemittit
1149 1373 1459 1430 exordium
1485 1373 1750 1447 (Prolog.
1782 1391 1841 1430 n.
1877 1374 1903 1430 1
1939 1382 1998 1429 et
2027 1376 2177 1448 seq.)
2209 1391 2326 1448 quo
2357 1375 2695 1432 Gedeoncm
2723 1392 2842 1432 non
2871 1379 3093 1433 tantum
3136 1377 3358 1433 Christi
3388 1379 3640 1450 ﬁguram
3665 1377 3800 1435 libe-

337 1461 464 1514 rato
495 1475 607 1515 suo
634 1461 874 1532 populo,
905 1479 1029 1533 pra
1059 1479 1127 1520 se
1159 1465 1392 1533 tulisse,
1425 1481 1632 1520 verum
1663 1465 1838 1520 etiam
1868 1463 2093 1535 ingenti
2125 1463 2224 1520 illo
2256 1464 2530 1538 prodigio
2572 1465 2730 1520 roris
2763 1465 2937 1521 modo
2969 1466 3028 1520 in
3058 1465 3273 1536 vellus,
3331 1466 3508 1521 modo
3537 1465 3597 1520 in
3625 1481 3802 1522 aream

339 1548 688 1618 decidentis,
722 1549 1074 1608 etfusionem
1104 1553 1295 1608 sancti
1325 1553 1581 1624 Spiritus
1611 1569 1644 1607 a
1675 1553 1900 1608 Judaeis
1932 1553 2004 1606 ad
2035 1552 2409 1608 Christianos
2440 1554 2794 1626 quandoque
2825 1554 3316 1623 transferendam,
3353 1558 3411 1612 et
3441 1554 3617 1627 cujus
3648 1571 3804 1626 opera

338 1638 666 1694 novissime
697 1641 780 1694 tot
811 1640 1116 1696 hominum
1145 1641 1326 1696 millia
1355 1642 1418 1697 in
1475 1640 1763 1696 Ecclesiae
1796 1641 2086 1711 gremium
2143 1643 2402 1697 revocati
2433 1647 2657 1713 essent,
2716 1645 3097 1714 expressisse
3137 1643 3384 1714 pulchre
3443 1644 3789 1698 demonstrat

339 1727 517 1797 (Ibid.
552 1744 712 1783 num.
744 1730 797 1799 5,
836 1729 945 1800 1'7).
981 1731 1134 1786 Hinc
1162 1734 1576 1803 argumentum
1607 1747 1781 1786 suum
1811 1746 2124 1804 egressus,
2157 1748 2338 1802 supra
2385 1733 2753 1788 conditarum
2781 1747 2984 1788 rerum
3032 1733 3322 1802 ordinem,
3354 1749 3427 1788 ac
3470 1748 3611 1788 vere
3642 1734 3810 1788 Deum

340 1833 479 1872 esse
509 1817 792 1888 Spiritum
822 1823 1091 1876 sanctum
1123 1821 1334 1892 probat
1363 1821 1514 1891 (cap.
1550 1821 1600 1888 1,
1633 1819 1708 1889 3),
1742 1836 1818 1875 ex
1849 1836 1920 1876 eo
1950 1820 2344 1891 potissimum,
2380 1821 2540 1893 quod
2571 1821 2630 1876 in
2663 1821 2988 1893 Evangelia
3025 1844 3047 1868 «
3067 1825 3378 1891 peccatum
3411 1821 3472 1876 in
3501 1822 3769 1892 Spiritum
3789 1844 3808 1868 -
3897 1809 3908 1818 ’

340 1909 592 1979 negatur
624 1909 685 1962 in
714 1907 828 1964 hoc
861 1908 1135 1964 futurove
1165 1909 1390 1965 seculo
1422 1910 1854 1965 remittendum.
1889 1909 2067 1964 Addit
2094 1909 2365 1964 eumdem
2392 1911 2454 1964 in
2485 1910 2678 1965 sacris
2713 1911 3022 1966 codicibus
3051 1911 3336 1982 appellari
3391 1910 3499 1965 Dei
3533 1909 3814 1981 Spiritum,

340 1995 602 2051 locutum
632 2013 772 2052 esse
805 2013 914 2068 per
938 1997 1261 2069 prophetas
1289 2002 1464 2070 atque
1493 1999 1820 2070 apostolos,
1845 1997 2250 2070 inﬁnitamque
2280 1999 2471 2069 ipsius
2502 1999 2822 2054 bonitatem
2849 1998 3017 2070 juxta
3051 1999 3110 2053 in
3143 1997 3618 2054 sanctiﬁcatione
3666 2013 3811 2053 crea-

339 2087 605 2140 turarum
636 2086 1034 2158 innotescere,
1067 2104 1138 2142 ac
1168 2087 1228 2143 in
1259 2088 1354 2144 sui
1385 2087 1676 2144 effusione
1732 2103 1840 2159 per
1869 2103 2077 2143 omnes
2108 2087 2276 2142 locos
2334 2091 2507 2160 atque
2539 2086 2812 2142 homines
2867 2087 3042 2142 simul
3077 2087 3280 2156 didita,
3340 2087 3804 2156 immensitatem,

341 2173 894 2245 immutabilitatem,
928 2178 1315 2234 aeternitatem
1343 2177 1496 2250 (cap.
1529 2178 1584 2248 4,
1620 2177 1728 2248 10).
1761 2177 1833 2232 Et
1874 2176 1990 2233 hoc
2021 2177 2254 2248 mystici
2287 2177 2594 2251 unguenti,
2647 2177 2720 2232 de
2749 2193 2866 2248 quo
2915 2176 3218 2246 Scriptura
3251 2177 3542 2247 loquitur,
3599 2175 3814 2246 exposi-

341 2264 502 2320 tione
535 2265 898 2332 conflrmato,
933 2267 1382 2324 substantialem
1414 2267 1549 2340 ejus
1583 2283 1716 2323 cum
1775 2267 1910 2322 aliis
1941 2267 2172 2322 duabus
2226 2268 2502 2338 personis
2536 2267 2816 2321 unitatem
2870 2266 3057 2336 aperit
3088 2265 3242 2335 (cap.
3304 2265 3400 2335 11)
3429 2281 3444 2330 ς
3479 2263 3576 2319 cui
3631 2263 3815 2318 unitati

343 2353 694 2410 missionem
721 2357 1050 2412 adversarii
1081 2357 1321 2412 omnino
1351 2360 1530 2430 negat
1559 2359 1710 2428 (cap.
1743 2357 1854 2428 19.),
1889 2373 2024 2411 cum
2050 2357 2206 2412 inter
2233 2356 2465 2411 divinas
2498 2371 2706 2411 omnes
2736 2370 3026 2427 personas
3059 2354 3254 2409 unitas
3286 2353 3618 2410 intercedat
3644 2353 3813 2424 pacis,

342 2442 574 2514 gratim.
607 2444 929 2512 charitatis,
964 2461 1034 2501 ac
1065 2449 1415 2502 cceterarum
1446 2447 1647 2502 dotum
1677 2449 1734 2502 et
1765 2446 2108 2519 qualitatum
2139 2445 2290 2515 (cap.
2326 2443 2390 2498 13
2422 2451 2479 2500 et
2509 2448 2682 2517 seq.).

418 2531 482 2586 ln
513 2531 643 2604 ipso
672 2533 809 2588 libri
841 2535 1089 2590 secundi
1121 2535 1389 2604 exordio,
1423 2536 1727 2607 proposita
1757 2552 1876 2590 non
1907 2535 2107 2590 multis
2139 2534 2342 2588 verbis
2371 2533 2681 2588 Samsonis
2711 2532 2981 2600 historia,
3017 2533 3188 2588 docet
3216 2530 3515 2604 (l’ralog.)
3548 2545 3810 2603 prospere

347 2618 511 2673 illum
542 2621 682 2676 dum
719 2620 976 2692 Spiritus
1007 2626 1252 2678 sanctus
1281 2625 1333 2680 ei
1356 2623 1562 2694 adfuit,
1597 2639 1835 2695 semper
1863 2623 2106 2696 egisse:
2163 2623 2534 2694 improspere
2565 2625 2779 2690 autem,
2846 2622 2945 2677 ubi
2981 2623 3231 2692 primum
3279 2621 3499 2676 eodem
3552 2619 3810 2692 prmsidio

347 2708 668 2764 destitutus
698 2713 811 2766 est.
847 2711 1061 2768 Postea
1089 2712 1385 2770 declarato
1419 2714 1609 2786 ipsam
1639 2713 1792 2768 hanc
1847 2712 2103 2784 Spiritus
2137 2713 2327 2768 sancti
2357 2713 2634 2766 virtutem
2691 2711 2955 2766 eamdem
2988 2727 3127 2766 esse
3186 2727 3318 2780 quae
3353 2708 3554 2764 Patris
3583 2711 3640 2764 et
3689 2707 3818 2776 Filii,

348 2812 460 2852 nec
491 2799 794 2856 diversum
826 2801 1018 2873 ipsius
1049 2805 1222 2876 atque
1253 2803 1490 2859 illorum
1519 2803 1860 2872 consilium,
1891 2804 2102 2857 astruit
2131 2805 2395 2857 nostram
2430 2801 2690 2862 omnium
2719 2801 2897 2854 vitam
2929 2815 3046 2854 non
3069 2799 3260 2871 magis
3293 2798 3352 2852 in
3376 2798 3498 2854 hoc
3529 2813 3662 2853 esse
3681 2797 3822 2868 posi-

347 2889 486 2956 tam,
519 2891 584 2944 ut
613 2889 750 2946 illos
781 2906 1242 2964 cognoscamus,
1274 2909 1455 2966 quam
1504 2896 1566 2948 ut
1596 2893 1813 2964 ipsum,
1865 2891 2044 2964 cujus
2075 2890 2415 2962 operatione
2445 2888 2688 2960 perinde
2734 2891 2908 2959 atque
2937 2887 3245 2941 amborum
3287 2887 3664 2942 viviticamur
3689 2888 3820 2956 (cap.

349 2974 401 3045 1,
432 2977 510 3047 4).
545 2978 667 3033 Sub
698 2979 828 3034 haec
855 2983 1172 3054 postquam
1202 2997 1336 3038 eum
1366 2997 1565 3037 rerum
1597 2981 1982 3048 conditorem,
2021 2984 2196 3052 atque
2225 2979 2372 3034 adeo
2404 2977 2743 3034 adoratione
2803 2977 3114 3032 colendum
3149 2992 3286 3031 esse
3345 2977 3556 3032 multis
3585 2974 3820 3031 asseruit

349 3065 502 3140 (cap.
537 3066 614 3140 5),
645 3067 1086 3140 objectionibus
1115 3070 1472 3144 quibusdam
1504 3071 1818 3142 expeditis,
1852 3071 1912 3124 in
1945 3068 2213 3124 Ecclesia
2247 3066 2658 3122 constituenda
2707 3081 2878 3120 unam
2930 3065 3171 3135 Spiritui
3205 3081 3336 3118 cum
3386 3065 3564 3120 Patre
3595 3081 3661 3119 ac
3691 3063 3820 3118 Filio

349 3155 711 3214 voluntatem
741 3159 1134 3230 vocationem,
1168 3163 1226 3216 et
1255 3160 1713 3232 praeceptionem
1747 3159 1936 3214 fuisse
1968 3159 2207 3230 planum
2257 3157 2398 3212 facit
2426 3158 2576 3226 (cap.
2611 3156 2664 3221 6,
2700 3155 2808 3224 10).
2854 3154 3076 3209 Deinde
3109 3155 3264 3208 hunc
3308 3153 3513 3224 ipsum
3545 3169 3652 3208 nec
3684 3151 3817 3208 Patri

351 3261 463 3302 nec
490 3246 640 3302 Filio
671 3247 920 3304 scientia
949 3249 1237 3306 decedere
1270 3249 1373 3304 ubi
1405 3250 1698 3305 firmatum
1727 3251 1819 3304 est
1846 3249 1998 3320 (cap.
2033 3247 2144 3318 11),
2190 3245 2609 3316 nonnullasque
2659 3243 2816 3298 circa
2847 3259 2974 3298 eam
3006 3259 3128 3298 rem
3177 3241 3564 3298 difﬁcultates
3594 3241 3821 3298 evoluta:

352 3335 504 3408 (cap.
537 3336 650 3408 12),
682 3337 875 3394 eidem
903 3338 1331 3395 institutionem
1364 3339 1689 3411 prephetiaa
1720 3341 1894 3410 atque
1925 3337 2292 3408 apostolatus
2324 3339 2598 3407 tanquam
2633 3333 2748 3404 ipsi
2807 3348 2939 3388 cum
2969 3331 3199 3386 duabus
3259 3331 3548 3402 personis
3577 3345 3821 3387 commu-

353 3441 488 3482 nem
518 3426 779 3482 vindicat
806 3429 960 3499 (cap.
997 3426 1119 3497 13):
1153 3429 1309 3484 unde
1341 3445 1516 3484 unum
1549 3444 1689 3484 esse
1719 3427 1896 3483 trium
1929 3427 2163 3482 illarum
2193 3425 2594 3496 operationem
2627 3423 2774 3477 scite
2807 3421 3052 3492 colligit.

423 3513 814 3573 Continuatur
843 3518 904 3574 in
933 3519 1105 3574 tertio
1135 3518 1290 3574 libro
1322 3521 1577 3590 coeptum
1607 3517 1667 3572 in
1697 3517 2006 3588 superiore
2035 3516 2470 3588 argumentum,
2504 3514 2560 3567 et
2592 3527 2710 3566 non
2743 3510 2935 3566 solum
2967 3509 3387 3580 prephctarum
3421 3509 3822 3582 apostolorum-

353 3619 490 3677 que,
521 3605 631 3662 sed
661 3609 715 3662 et
747 3606 940 3678 ipsius
969 3623 1205 3680 quoque
1236 3607 1469 3664 Domini
1515 3607 1866 3664 missionem
1895 3606 1967 3660 ad
2025 3603 2305 3676 Spiritum
2339 3599 2715 3656 referendum
2763 3614 2902 3654 esse
2932 3598 3208 3652 statuitur
3267 3600 3425 3670 (cap.
3463 3597 3516 3666 1,
3548 3599 3622 3667 2),
3681 3593 3818 3650 unde

353 3695 548 3750 tamen
577 3711 694 3751 non
725 3697 1047 3767 putandum
1077 3701 1169 3753 est
1199 3697 1376 3752 ullam
1421 3698 1494 3753 ad
1526 3697 1737 3753 Filium
1791 3696 1986 3752 redire
2018 3692 2473 3764 subjectionem,
2535 3705 2665 3744 cum
2699 3689 2949 3758 ipsemet
3005 3687 3260 3758 Spiritus
3289 3689 3471 3743 etiam
3529 3688 3770 3742 mittatur
3793 3697 3822 3735 a

353 3781 528 3838 Patre
558 3787 616 3840 et
644 3783 815 3841 Filio.
848 3787 912 3840 In
942 3786 1056 3842 hoc
1087 3787 1282 3859 itaque
1315 3786 1460 3842 nihil
1491 3786 1988 3858 praeterunitatem
2021 3781 2344 3838 divinitatis
2376 3777 2844 3850 intelligendum,
2879 3778 3034 3832 sicut
3077 3793 3186 3831 nec
3221 3777 3278 3830 in
3307 3777 3482 3833 hisce
3532 3771 3818 3832 locutioni-

356 3868 494 3936 bus.
527 3871 699 3942 queis
733 3895 755 3921 α
791 3873 1034 3946 digitus,
1059 3875 1321 3940 dextera,
1357 3879 1412 3929 et
1443 3891 1652 3930 manus
1688 3898 1709 3923 »
1745 3875 2056 3942 vocitatur,
2093 3887 2209 3926 non
2241 3886 2422 3925 secus
2453 3873 2628 3940 atque
2658 3866 2738 3920 ibi
2777 3888 2796 3915 ει
2861 3881 3136 3937 arguere,
3164 3865 3460 3937 judicare,
3522 3864 3819 3926 vindicare,

361 3959 722 4030 contristari,
753 3963 1040 4018 tentarive
1076 3988 1098 4012 η
1135 3964 1510 4037 significatur
1540 3964 1692 4035 (cap.
1725 3964 1778 4032 8,
1808 3963 1887 4032 9).
1921 3961 2136 4017 Fusior
2183 3958 2456 4031 exsurgit
2486 3959 2637 4027 (cap.
2673 3956 2740 4010 10
2773 3997 2786 4025 ,
2821 3955 2911 4026 11)
2943 3955 3260 4025 disputatio
3291 3955 3364 4008 de
3427 3953 3672 4010 Joannis
3701 3964 3822 4004 ver-

358 4045 478 4118 bis,
513 4068 536 4098 ‹
571 4048 827 4120 Spiritus
859 4054 951 4107 est
981 4051 1160 4123 Deus,
1197 4076 1219 4102 ι»
1255 4069 1388 4124 quae
1421 4051 1727 4124 Evangelii
1761 4049 2058 4120 diptychis
2091 4047 2384 4119 sacrilega
2419 4045 2742 4100 temeritate
2774 4047 3218 4114 expunxerant:
3279 4058 3398 4113 quo
3429 4043 3664 4115 quidem
3707 4039 3822 4093 loco

361 4151 480 4192 non
497 4128 690 4194 'secus
745 4155 816 4196 ac
871 4141 1227 4214 quibusdam
1283 4141 1418 4196 aliis
1474 4157 1627 4214 quos
1657 4140 2033 4211 suppeditant
2067 4137 2324 4192 Paulinae
2355 4134 2643 4206 epistolae,
2676 4133 2931 4204 Spiritus
2963 4131 3241 4186 divinitas
3282 4131 3650 4188 validissime
3679 4141 3824 4182 com-

361 4227 648 4300 probatur
676 4230 828 4302 (cap.
863 4229 950 4301 1‘2,
986 4231 1095 4301 14).
1127 4231 1472 4287 Ostenditur
1499 4234 1693 4286 autem
1728 4229 1880 4300 (cap.
1915 4227 2003 4296 13,
2039 4227 2130 4296 15)
2160 4241 2234 4282 ne
2263 4229 2386 4280 tres
2418 4224 2506 4278 Dii
2535 4223 2627 4278 vel
2659 4221 2892 4278 Domini
2923 4221 2998 4276 ob
3032 4220 3143 4276 hoc
3177 4221 3468 4292 dicantur,
3517 4217 3819 4292 periculum

363 4333 482 4372 non
512 4335 652 4375 esse
678 4334 691 4376 :
724 4321 1201 4394 quandoquidem
1229 4321 1446 4376 divinae
1477 4323 1600 4376 tres
1631 4335 1906 4391 personae
1935 4317 2141 4373 eadem
2170 4316 2444 4370 constent
2473 4312 2780 4368 sanctitate
2809 4314 2983 4382 atque
3015 4313 3219 4364 natura
3252 4311 3404 4380 (cap.
3442 4308 3530 4380 16,
3565 4307 3672 4376 1'7).
3697 4303 3824 4358 Pos-

300 4402 310 4411 ’
362 4409 550 4464 tremo
579 4411 876 4467 revocatis
905 4415 1182 4484 tanquam
1209 4411 1270 4466 in
1303 4410 1526 4466 fascem
1556 4408 1875 4481 praecipuis
1905 4407 2086 4462 totius
2117 4403 2629 4460 commentationis
2663 4401 2976 4472 capitibus,
3014 4399 3316 4454 nonnullis
3387 4399 3618 4454 illorum
3649 4395 3819 4449 denuo

364 4498 629 4555 tractatis
662 4503 719 4556 et
743 4501 1017 4572 assertis,
1050 4517 1200 4572 epus
1233 4503 1550 4556 coronatur
1577 4500 1729 4569 (cap.
1764 4497 1832 4552 18
1862 4502 1920 4551 et
1949 4495 2120 4567 δεμ).
2293 4503 2302 4511 '
2978 4579 3007 4580 η
3253 4577 3263 4580 Α
3672 4570 3706 4580 __

445 4587 595 4644 Illud
643 4609 786 4650 vero
846 4609 964 4648 non
992 4569 1162 4646 aliter
1220 4589 1571 4660 inscriptum
1600 4590 1893 4659 oportere,
1953 4599 2127 4656 quam
2165 4604 2188 4634 ε
2227 4583 2310 4637 De
2340 4580 2559 4652 Spiritu
2590 4582 2794 4634 sancto
2819 4600 2840 4627 ιν
2879 4594 2952 4632 ex
2975 4579 3067 4646 iis,
3095 4595 3226 4650 quae
3252 4577 3537 4631 hactenus
3559 4569 3822 4643 explicata

369 4688 526 4754 sunt,
561 4683 786 4755 liquido
817 4684 1068 4748 constat,
1121 4678 1392 4752 quamvis
1449 4681 1643 4733 tamen
1677 4675 2061 4731 conﬁteamur
2115 4674 2172 4726 et
2201 4671 2350 4741 apud
2411 4669 2700 4742 quosdam
2730 4667 3061 4737 scripturos
3118 4667 3263 4736 (lvo,
3299 4666 3538 4755 (heret.
3597 4662 3735 4755 part:
3765 4671 3815 4722 ιι,

370 4746 585 4843 cap."l,
624 4746 800 4828 .Grat.
835 4771 974 4840 etc.)
1031 4746 1267 4824 citatum
1299 4767 1548 4840 reperiri
1604 4766 1717 4822 sub
1747 4764 1912 4820 titulo
1949 4785 1970 4812 α
2035 4761 2118 4816 De
2150 4761 2452 4828 Trinitate,
2524 4780 2545 4808 υ
2581 4761 2638 4812 et
2678 4758 2737 4811 in
2796 4755 3104 4847 codicibus
3152 4771 3267 4808 non
3323 4753 3528 4824 paucis
3583 4746 3820 4847 eamdem

369 4833 602 4933 prieﬂgi
651 4860 842 4914 tribus
872 4833 969 4914 his
1000 4859 1193 4928 libris,
1227 4875 1345 4912 non
1368 4833 1558 4912 secus
1589 4873 1658 4911 ac
1693 4855 1954 4928 quinque
1987 4851 2402 4924 superioribus
2427 4847 2894 4918 inscriptionem.
2919 4846 2980 4899 In
3007 4849 3257 4916 utroque
3280 4859 3455 4914 opere
3470 4833 3820 4933 cumgeisdem

369 4924 734 5004 adversariis
765 4948 1122 5019 conﬂigitur,
1155 4924 1432 5001 videlicet
1487 4961 1621 5000 cum
1655 4924 1914 5013 Arianis,
1973 4943 2076 5015 qui
2108 4941 2390 5012 Spiritum
2446 4937 2797 4992 asserebant
2836 4933 2982 4989 Filio
3017 4933 3357 4988 interim-em
3414 4945 3570 4997 esse,
3602 4924 3806 4980 tametSI

370 5054 556 5110 puros
583 5035 1156 5093 Pneumatomachos
1187 5035 1366 5090 certis
1397 5034 1546 5090 locis
1579 5034 1962 5107 aggrediatur
1993 5031 2116 5098 (lib.
2148 5046 2230 5099 ιιι,
2265 5045 2392 5099 cap.
2429 5026 2496 5082 15
2526 5030 2582 5082 et
2611 5026 2734 5094 al.).
2768 5024 2893 5078 Hos
2923 5023 3112 5077 libros
3144 5039 3262 5076 non
3294 5021 3409 5075 nisi
3461 5019 3592 5089 post
3619 5022 3819 5110 mettio-

370 5098 535 5184 ratos
566 5127 826 5199 quinque
859 5125 933 5181 de
961 5124 1120 5179 Fide
1145 5125 1490 5179 lucubratos
1520 5098 1862 5179 essevncmo
1892 5138 2009 5177 non
2041 5098 2222 5188 videt,
2253 5119 2311 5174 id
2342 5098 2486 5190 ergo
2536 5131 2715 5170 unum
2745 5112 3220 5178 superaddimus,
3255 5123 3581 5183 quanquam
3627 5098 3821 5199 Gotho-

372 5234 504 5274 rum
535 5195 642 5272 rex
673 5195 1088 5281 Athanericus,
1123 5213 1223 5284 qui
1251 5212 1762 5283 ConstantinOpoli
1790 5211 1935 5267 obiit
1965 5228 2065 5266 vm
2099 5207 2228 5264 Kal.
2264 5206 2438 5262 Febr.
2471 5222 2546 5259 an
2573 5205 2698 5272 381,
2746 5202 2871 5275 jam
2897 5205 3020 5256 tum
3049 5216 3081 5255 e
3114 5200 3266 5253 vivis
3321 5195 3816 5284 excesserat,_cum

373 5307 518 5364 illud
549 5304 749 5376 operis
773 5302 953 5357 edidit
983 5278 1227 5358 sanctus
1261 5302 1499 5370 Doctor,
1552 5318 1685 5356 eum
1717 5304 1910 5355 tamen
1967 5298 2257 5354 nihildum
2288 5295 2553 5350 rescisse
2613 5294 2684 5348 de
2715 5294 2900 5346 morte
2957 5289 3110 5344 l‘clri
3137 5284 3542 5381 fidenam-irini,
3593 5278 3813 5381 sedati-<3

374 5399 448 5454 de
477 5373 752 5468 Gregorii
780 5391 1170 5461 abdicatione,
1206 5408 1320 5463 qua
1354 5406 1524 5444 nova:
1559 5390 1761 5444 Romae
1792 5387 2190 5459 patriarchatu
2248 5385 2431 5439 cessit
2462 5385 2518 5438 in
2553 5381 2780 5454 synodo
2839 5396 2878 5433 ιι
2913 5377 3175 5468 generali
3236 5373 3580 5468 illiif‘habita
3602 5383 3635 5468 εἰ
3659 5373 3820 5468 fuit}?

376 5451 756 5560 svnodiucum
785 5483 945 5539 nulla
1001 5483 1061 5537 in
1092 5451 1261 5536 hisce
1309 5478 1480 5535 libris
1513 5481 1707 5533 exstet
1758 5451 1993 5543 mentio,
2027 5476 2194 5530 ‘illos
2225 5473 2338 5530 sub
2372 5451 2626 5527 medium
2657 5485 2872 5524 annum
2932 5467 3027 5522 381
3067 5467 3138 5520 ad
3196 5464 3544 5519 umbilicum
3573 5451 3820 5510 adductos

374 5579 578 5646 liquet.

465 5595 578 5632 uet.
3729 5625 3740 5636 .

421 5595 671 5722 qurum
701 5664 857 5720 enim
887 5678 1031 5718 vero
1090 5657 1550 5729 Hieronymiana
1581 5669 1836 5710 censura
1889 5653 2174 5708 librorum
2199 5653 2271 5707 de
2301 5651 2520 5722 Spiritu
2553 5653 2780 5717 sancto,
2840 5663 2992 5719 quos
3024 5645 3201 5700 tacito
3258 5634 3586 5730 scriptoris
3602 5635 3820 5730 ueluti-1:.

379 5753 553 5829 paulo
581 5721 916 5814 Severt'iore
935 5750 1107 5813 obelo
1125 5747 1296 5824 fodit,
1322 5721 1502 5808 nobis
1533 5743 1688 5809 haud
1718 5741 1956 5820 paulum
1984 5741 2231 5800 facessit
2260 5721 2502 5815 negotii.
2537 5738 2746 5795 Volunt
2781 5735 3043 5818 plerique
3075 5749 3190 5790 non
3225 5730 3404 5791 alium
3433 5730 3537 5789 hic
3555 5721 3818 5791 designaﬂ
