4050 6182
173 383 298 448 729
1123 386 1234 448 DE
1278 384 1615 450 SPIRITU
1657 384 2008 448 SANCTO.
2062 421 2133 432 —
2172 383 2683 449 ADMONITIO.
3534 382 3654 448 730

169 610 347 668 quam
378 593 782 666 Ambrosium,
817 612 929 669 qua
952 595 1021 651 de
1048 613 1107 650 re
1133 599 1191 651 ut
1214 596 1409 668 quivis
1427 597 1607 651 tutius
1631 594 1784 651 ferre
1807 594 1994 651 valeat
2012 595 2319 667 judicium,
2344 610 2492 653 neve
2518 597 2755 653 eludere
2778 596 3139 653 difﬁcultatis
3166 598 3385 653 nodum
3408 594 3650 669 ipsimet

175 683 514 755 videamur,
550 684 744 741 locum
775 686 1069 760 integrum
1101 686 1198 740 hic
1230 685 1584 758 subjicimus
1610 702 1620 741 :
1661 709 1681 733 ιι
1709 685 1883 739 Malui
1915 684 2085 751 alieni
2113 686 2311 756 operis
2340 686 2631 757 interpres
2655 686 2967 753 exsistere,
3002 703 3176 757 quam
3206 687 3283 746 (ut
3300 686 3533 757 quidam
3562 684 3654 739 fa-

171 775 353 836 ciunt)
386 774 661 829 informis
694 776 992 829 cornicula
1025 774 1235 830 alienis
1270 790 1360 829 me
1394 774 1693 829 coloribus
1724 775 2033 829 adornare.
2069 775 2216 847 Legi
2245 775 2464 830 dudum
2498 775 2810 846 cujusdam
2841 775 3077 830 libellos
3109 774 3180 829 de
3225 774 3445 846 Spiritu
3475 789 3653 828 sanc-

168 864 246 931 to,
281 867 339 918 et
366 863 540 935 juxta
572 864 783 919 comici
814 864 1162 919 sententiam
1195 881 1269 919 ex
1289 864 1516 919 Graecis
1550 864 1724 919 bonis
1758 865 1961 918 Latina
1992 864 2109 917 vidi
2143 881 2258 919 non
2291 865 2462 920 bona.
2499 864 2658 919 Nihil
2692 864 2773 919 ibi
2834 864 3227 934 dialecticum,
3282 864 3426 918 nihil
3458 863 3649 934 virile,

169 948 318 1006 nihil
350 950 706 1023 districtum,
740 954 896 1025 quod
929 954 1209 1008 lectorem
1239 954 1332 1008 vel
1363 954 1422 1007 in
1456 953 1664 1025 gratiis
1696 953 1767 1006 ad
1799 969 2115 1007 assensum
2148 954 2361 1009 trahat:
2420 954 2527 1008 sed
2560 957 2743 1009 totum
2792 954 3124 1023 flaccidum,
3169 954 3369 1018 molle,
3404 953 3653 1008 nitidum

166 1044 346 1113 atque
381 1041 725 1111 formosum.
767 1045 822 1097 et
856 1043 1171 1114 exquisitis
1203 1042 1342 1097 hinc
1359 1042 1494 1097 inde
1516 1042 1801 1097 odoribus
1820 1043 2261 1114 pigmentatum.
2291 1044 2575 1114 Dydimus
2598 1060 2738 1098 vero
2765 1059 2931 1098 meus
2954 1043 3188 1099 oculum
3208 1043 3435 1098 habens
3468 1057 3653 1112 spon-

165 1146 323 1185 sae...
358 1130 531 1186 Certe
561 1132 662 1203 qui
693 1132 850 1186 hunc
882 1132 1111 1204 legerit,
1134 1133 1471 1186 Latinorum
1494 1132 1647 1186 furta
1671 1135 2016 1204 cognoscet,
2040 1135 2095 1185 et
2136 1135 2469 1187 contemnet
2491 1134 2738 1201 rivulos,
2760 1149 2890 1187 cum
2917 1133 3161 1203 cceperit
3182 1132 3417 1186 haurire
3437 1130 3507 1185 de
3533 1130 3657 1185 fon-

164 1219 330 1274 tibus
351 1220 567 1292 (Epist.
601 1220 677 1277 ad
706 1221 1043 1276 Paulinian.
1077 1221 1215 1277 huic
1237 1221 1413 1293 Operi
1434 1221 1716 1293 praeﬁxa).
1749 1244 1770 1268 »
1804 1220 1949 1287 Quis
1980 1221 2528 1277 commentationem
2561 1222 2747 1277 ullara
2777 1222 3118 1278 durioribus
3158 1221 3363 1277 verbis
3396 1235 3652 1293 unquam

161 1309 432 1364 traduxit
451 1312 479 1365 ε)

240 1399 519 1471 Ruﬁnus,
546 1416 678 1455 cum
709 1401 981 1457 simultas
1016 1403 1170 1457 inter
1201 1404 1395 1474 ipsum
1427 1406 1601 1476 atque
1629 1404 2050 1477 Hieronymum
2072 1404 2273 1459 oborta
2298 1406 2478 1472 esset,
2505 1420 2732 1458 summa
2757 1420 2892 1459 cum
2915 1401 3316 1476 indignatione
3339 1400 3399 1455 in
3422 1415 3555 1455 eum
3578 1398 3652 1454 ob

162 1485 333 1540 illam
365 1488 553 1558 ipsam
584 1492 935 1545 sententiam
966 1493 1319 1565 insurgens:
1362 1516 1383 1541 ιι
1420 1493 1533 1547 Sed
1564 1494 1840 1565 quoniam
1874 1495 2118 1566 polliciti
2150 1511 2379 1564 sumus,
2412 1494 2618 1565 inquit,
2653 1494 3007 1564 probaturos
3037 1508 3149 1547 nos
3172 1490 3466 1563 quomodo
3498 1489 3653 1543 lace-

161 1580 261 1631 ret
294 1578 485 1631 virum
519 1580 777 1633 omnium
808 1580 1191 1637 admiratione
1221 1582 1464 1655 dignum
1497 1584 1876 1638 Ambrosium
1911 1585 2276 1655 episcopum,
2312 1583 2410 1655 qui
2442 1600 2561 1638 non
2604 1583 2796 1637 solum
2837 1581 3300 1638 Mediolanensis
3340 1578 3650 1646 Ecclesiae,

160 1680 379 1719 verum
410 1667 582 1721 etiam
613 1670 872 1723 omnium
908 1670 1309 1726 Ecclesiarum
1343 1673 1613 1727 columna
1671 1675 1961 1745 quaedam,
1997 1676 2051 1727 ct
2082 1673 2263 1727 turris
2312 1675 2371 1727 in
2402 1673 2820 1744 expugnabilis
2870 1671 2979 1726 fuit
3037 1666 3167 1735 (lib;
3193 1687 3232 1723 ιι
3264 1668 3330 1723 In
3346 1668 3557 1723 vectiv.
3591 1667 3654 1720 in

159 1753 567 1826 Hieronym.),
608 1780 627 1805 ι
666 1758 733 1811 Et
768 1758 965 1814 multis
998 1760 1325 1832 interjectis
1356 1764 1550 1834 pergit
1580 1764 1638 1817 in
1668 1763 1824 1817 hunc
1859 1762 2127 1818 modum:
2186 1784 2207 1810 «
2244 1762 2476 1816 Auditis
2507 1761 2999 1834 quemadmodum
3033 1774 3208 1831 quem
3243 1773 3487 1813 corvum
3521 1758 3653 1811 ante

160 1842 396 1897 dixerat
428 1848 484 1898 et
517 1849 698 1901 totum
727 1847 1131 1918 tenebrosum,
1164 1867 1320 1905 nunc
1353 1851 1605 1906 interum
1641 1853 1999 1907 corniculam
2024 1852 2175 1906 dicat
2197 1852 2409 1906 alienis
2440 1867 2506 1905 sc
2528 1850 2739 1921 pennis
2768 1850 2862 1927 vel
2884 1849 3186 1905 coloribus
3210 1847 3649 1919 depingentem,

159 1934 217 1985 et
244 1948 428 2003 quam
457 1936 705 2005 turpiter
736 1937 971 2007 laceret,
1006 1941 1063 1993 et
1093 1940 1237 1994 nihil
1270 1940 1439 1995 virile
1472 1941 1626 1995 dicat
1657 1942 1873 1997 habere
1906 1941 2116 2010 virum,
2150 1941 2248 2013 qui
2282 1940 2353 1994 ad
2385 1938 2788 1994 Ecclesiarum
2818 1938 3040 1994 Christi
3069 1937 3319 2011 gloriam
3367 1935 3591 1991 electus
3621 1949 3654 1987 a

158 2019 285 2074 Deo
315 2025 432 2091 est,
460 2038 561 2093 qui
579 2040 641 2078 in
661 2025 1017 2081 testimoniis
1041 2027 1273 2082 Domini
1295 2028 1529 2083 locutus
1552 2033 1645 2083 est
1667 2029 1725 2083 in
1745 2034 2067 2100 conspectu
2088 2031 2536 2100 persecutorum
2557 2045 2785 2101 regum,
2825 2031 2880 2083 et
2907 2043 3026 2082 non
3048 2029 3139 2082 est
3169 2024 3480 2081 confusus.
3517 2024 3654 2078 Am-

156 2107 408 2166 brosius
441 2116 686 2168 sanctus
706 2114 777 2169 de
795 2114 1016 2186 Spiritu
1038 2120 1243 2172 sancto
1265 2133 1383 2172 non
1406 2117 1599 2173 solum
1624 2119 1824 2173 verbis
1841 2119 1946 2172 sed
1969 2122 2025 2172 et
2046 2119 2338 2191 sanguine
2363 2134 2473 2172 suo
2493 2118 2734 2188 scripsit
2752 2116 2971 2171 Obtulit
2992 2115 3146 2170 enim
3165 2112 3652 2185 persecutoribus

157 2199 520 2270 sanguinem
543 2216 715 2256 suum
738 2219 912 2275 quem
936 2205 993 2259 in
1017 2220 1083 2260 se
1105 2204 1271 2275 fudit,
1300 2207 1406 2260 sed
1430 2223 1461 2260 a
1486 2207 1606 2261 Deo
1630 2208 1702 2260 ad
1724 2208 1875 2262 alios
1892 2208 2083 2262 adhuc
2104 2207 2521 2262 reservabatur
2549 2206 2807 2260 labores.
2832 2204 2997 2270 Quod
3027 2204 3256 2259 etiamsi
3289 2205 3533 2257 secutus
3557 2204 3649 2256 est

155 2285 408 2343 Grzecos
441 2290 765 2348 catholicos
797 2296 1134 2349 nostrorum
1165 2296 1511 2365 scriptores,
1538 2299 1594 2350 et
1610 2295 1829 2367 aliquid
1852 2295 1922 2350 de
1946 2311 2151 2351 eorum
2174 2295 2415 2366 scriptis
2437 2294 2838 2365 praesumpsit,
2861 2308 2979 2347 non
3002 2294 3281 2346 continuo
3300 2291 3430 2345 haec
3452 2288 3653 2343 debuit

158 2378 259 2430 tua
294 2392 531 2434 summa
561 2395 699 2436 esse
734 2398 894 2453 cura,
928 2381 1024 2439 hic
1051 2383 1239 2455 labor,
1273 2385 1387 2440 hoc
1417 2386 1695 2455 studium,
1729 2388 1791 2440 ut
1822 2400 1928 2456 pro
1983 2385 2093 2440 hac
2150 2400 2330 2439 causa
2388 2383 2865 2453 interpretareris
2897 2382 3114 2437 librum
3144 2379 3374 2452 Didymi
3404 2379 3475 2434 de
3506 2378 3642 2449 Spi-

152 2467 273 2521 ritu
305 2471 539 2534 sancto,
570 2473 630 2523 ut
659 2469 818 2526 illius
850 2472 1002 2527 furta
1034 2477 1653 2545 cognoscerentur.....
1688 2475 1750 2529 Si
1782 2490 1926 2547 ergo
1958 2490 2148 2544 neque
2181 2476 2336 2528 tanto
2368 2489 2435 2527 ac
2466 2473 2565 2527 tali
2595 2473 2721 2526 viro
2755 2470 3071 2526 Ambrosio
3103 2468 3444 2540 pepercisti,
3470 2473 3585 2523 etc.
3617 2486 3639 2515 »

233 2555 551 2625 Baronius,
586 2574 719 2612 cum
751 2575 1106 2629 persuasum
1135 2562 1379 2617 haberet
1410 2563 1789 2617 Ambrosium
1820 2579 1938 2617 non
1972 2563 2250 2636 exiguam
2279 2562 2487 2633 Operis
2521 2562 2613 2616 sui
2647 2565 2869 2632 partem
2899 2576 2932 2614 a
2963 2559 3182 2614 Basdio
3202 2562 3525 2613 mutuatum
3546 2572 3644 2611 es-

152 2658 243 2711 se,
285 2644 567 2700 Ruﬁnum
596 2648 959 2704 insimulavit
986 2650 1108 2720 (Ad
1135 2668 1270 2706 ann.
1304 2652 1428 2721 381)
1454 2653 1839 2707 calumnizein
1864 2653 2305 2723 Hieronymum,
2338 2652 2554 2723 quippe
2586 2651 2742 2723 quod
2800 2650 2896 2705 hic
2953 2650 3121 2720 prius
3153 2665 3281 2703 suaa
3311 2643 3644 2717 Didymiani

151 2731 295 2786 libri
328 2733 816 2806 interpretationi,
842 2755 1016 2810 quam
1038 2740 1110 2795 ab
1130 2740 1229 2796 illo
1254 2742 1650 2796 conderentur
1672 2743 1770 2796 isti
1787 2745 1909 2797 tres
1928 2742 2083 2811 libri,
2109 2758 2343 2796 manum
2366 2741 2709 2795 admoverit.
2740 2740 2959 2795 Verum
2982 2743 3045 2794 ut
3071 2738 3408 2794 omittamus
3433 2736 3647 2791 Hiero-

153 2820 317 2891 nymi
340 2822 683 2878 versionem
704 2842 821 2880 non
844 2827 961 2881 nisi
980 2831 1113 2898 post
1137 2829 1368 2884 Damasi
1394 2829 1618 2885 obitum
1641 2830 1971 2885 absolutam
1993 2845 2151 2898 esse,
2170 2834 2343 2902 atque
2359 2831 2506 2885 adeo
2530 2834 2664 2900 post
2687 2829 2984 2901 vulgatam
3002 2828 3075 2883 ab
3096 2828 3270 2883 annis
3284 2825 3408 2899 jam
3424 2825 3650 2896 aliquot

153 2909 465 2964 Ambrosii
485 2911 975 2987 lucubrationem,
994 2919 1130 2989 quis
1154 2934 1410 2989 unquam
1433 2920 1632 2974 credat
1656 2921 1933 2974 Ruﬁnum
1952 2922 2067 2973 tam
2091 2923 2348 2974 atrocem
2362 2919 2819 2987 accusationem,
2850 2918 2968 2973 nisi
2991 2933 3115 2973 rem
3150 2916 3340 2987 ipsam
3376 2913 3647 2969 certissi-

154 3013 311 3052 mam
345 3000 1004 3077 exploratissimamque
1031 3007 1362 3076 habuisset,
1396 3011 1552 3062 tanta
1590 3008 1939 3064 conﬁdentia
1979 3009 2398 3064 intentaturum
2448 3009 2638 3064 fuisse
2674 3009 3117 3080 Hieronymum,
3152 3022 3268 3078 qua
3314 3006 3438 3061 erat
3468 3002 3647 3058 vehe-

149 3088 374 3142 mentia
434 3094 490 3143 et
544 3092 738 3147 animo
796 3111 1004 3165 parum
1073 3097 1146 3150 ad
1210 3097 1490 3167 injuriam
1564 3097 2055 3152 dissimulandam
2123 3101 2279 3167 nato,
2340 3097 2457 3150 sibi
2527 3099 3016 3166 temperaturum,
3089 3095 3232 3167 quin
3304 3092 3641 3147 accusatori

149 3191 262 3231 suo
297 3180 570 3234 meritam
601 3182 908 3240 calumniae
940 3188 1136 3240 notam
1168 3186 1478 3260 iutligeret,
1514 3191 1870 3243 cumtamen
1911 3186 2251 3258 impositum
2301 3186 2415 3241 sibi
2466 3185 2578 3241 hoc
2610 3189 2833 3241 tantum
2891 3186 3115 3240 crimen
3174 3197 3467 3255 nusquam
3528 3181 3637 3237 de-

151 3267 375 3335 pellat?

218 3359 299 3409 At
332 3356 491 3411 enim
524 3359 668 3415 nihil
701 3376 851 3431 opus
882 3365 972 3417 est
1001 3362 1096 3417 his
1128 3362 1511 3435 conjecturis,
1546 3381 1681 3420 nam
1713 3366 1987 3437 quisquis
2021 3381 2153 3420 cum
2203 3365 2435 3436 Didymi
2484 3367 2730 3419 tractatu
2761 3363 3222 3419 Ambrosianum
3252 3359 3639 3430 contenderit,

151 3447 485 3516 comperiet
514 3465 632 3503 non
663 3466 846 3520 pauca
878 3467 952 3506 ex
983 3450 1081 3507 illo
1112 3453 1169 3507 in
1200 3452 1357 3508 hunc
1387 3454 1668 3508 translata
1702 3471 1863 3526 esse,
1897 3458 1958 3510 ut
1987 3458 2122 3527 puta
2156 3471 2286 3527 quae
2319 3456 2389 3510 de
2432 3455 2687 3526 Spiritus
2729 3454 2916 3509 sancti
2950 3451 3240 3508 eﬁ‘usione
3274 3451 3399 3521 (lib.
3435 3468 3477 3520 ι,
3511 3466 3639 3520 cap.

148 3533 200 3601 5,
232 3534 319 3605 Ἴ),
353 3538 820 3594 sanctiﬁcatione
853 3540 976 3607 (lib.
1009 3559 1070 3610 ιι,
1096 3558 1202 3612 cap
1235 3543 1321 3611 11,
1356 3542 1464 3613 12),
1500 3544 1768 3613 scientia,
1800 3543 2093 3615 donisque
2125 3545 2248 3613 (lib.
2284 3563 2321 3612 ι,
2358 3560 2484 3615 cap.
2523 3544 2589 3598 t3
2636 3549 2695 3599 et
2754 3544 2907 3615 seq.)
2965 3543 3359 3613 disputantur,
3422 3539 3643 3612 quibus

151 3624 333 3678 etiam
363 3625 561 3681 locum
590 3629 915 3698 prophetiae
948 3632 1130 3686 Amos
1164 3632 1288 3699 (lib.
1322 3634 1383 3703 ιι)
1409 3632 1632 3704 jungas
1662 3633 1883 3689 licebit.
1918 3633 2122 3704 Neque
2152 3636 2345 3687 tamen
2400 3634 2478 3687 ita
2511 3632 2757 3704 Didymo
2813 3631 3084 3685 addictus
3141 3630 3247 3685 fuit
3277 3628 3638 3683 Ambrosius

150 3714 382 3781 noster,
418 3718 478 3768 ut
508 3731 639 3786 quae
671 3717 730 3771 in
758 3717 1007 3773 aliorum
1041 3720 1280 3791 scriptis
1311 3724 1658 3795 argumento
1693 3738 1802 3777 suo
1835 3738 2166 3793 congruere
2225 3722 2618 3781 existimabat.
2655 3723 2974 3791 decerpere
3024 3720 3179 3787 inde,
3215 3718 3496 3790 operique
3530 3731 3641 3773 suo

150 3799 427 3857 inserere
460 3803 768 3861 fastidiret.
806 3807 1005 3879 Itaque
1038 3825 1171 3863 cum
1202 3826 1334 3864 eum
1366 3811 1574 3865 Patres
1606 3811 1926 3866 Florentini
1960 3810 2144 3876 (sess.
2175 3812 2260 3877 2-2,
2298 3827 2424 3880 cap.
2460 3811 2513 3879 6)
2548 3810 2793 3879 plurima
2857 3808 3074 3863 Basilio
3134 3808 3351 3862 debere
3382 3805 3643 3861 animad~

150 3890 481 3944 vertissent
510 3892 632 3960 (lib.
667 3910 730 3963 ιι,
763 3910 888 3965 cap.
923 3896 955 3949 8
988 3902 1044 3950 et
1075 3899 1247 3969 scq.),
1283 3914 1399 3952 non
1432 3888 1650 3971 injuria
1683 3899 2127 3954 afﬁrmaverunt
2155 3900 2350 3971 ipsum
2396 3903 2520 3953 tres
2551 3899 2738 3954 libros
2789 3898 2992 3952 Basilii
3027 3897 3115 3952 De
3152 3896 3389 3968 Spiritu
3439 3900 3645 3949 sancto

151 3981 554 4047 exposuisse:
589 3999 839 4053 quorum
887 3986 1237 4040 sententiam
1270 3990 1539 4042 secutum
1597 3990 1868 4043 videmus
1902 4005 2180 4060 magnum
2240 3990 2578 4044 Baronium.
2610 3988 2946 4043 Occurrunt
2993 3990 3281 4059 praeterea
3337 3987 3538 4056 petitae
3569 3998 3645 4038 ex

152 4068 392 4135 Athan.,
426 4068 714 4141 Gregorio
748 4072 929 4143 Nyss.
965 4075 1383 4146 nonnullisque
1414 4076 1546 4130 aliis
1579 4077 1999 4147 probationes;
2032 4082 2092 4132 ut
2122 4095 2239 4133 non
2261 4079 2521 4133 absurde
2553 4077 2990 4149 quivisjudicet
3014 4078 3315 4132 doctorem
3339 4077 3634 4141 nostrum,

151 4154 292 4209 dum
323 4158 632 4228 scriptioni
666 4177 793 4216 suae
823 4178 1060 4232 operam
1092 4165 1274 4225 daret.
1308 4167 1838 4234 praestantissimas
1871 4183 2139 4240 quasque
2170 4168 2721 4237 commentationes,
2756 4183 2889 4239 quae
2933 4168 2995 4223 in
3044 4167 3309 4222 eamdem
3340 4164 3643 4221 materiam

152 4244 327 4298 edita:
361 4246 611 4316 fuerant,
646 4250 720 4303 ob
746 4252 952 4306 oculos
985 4252 1101 4306 sibi
1130 4255 1541 4324 proposuisse.

220 4332 569 4406 Quanquam
601 4343 792 4393 autem
824 4356 955 4411 quae
990 4342 1047 4396 in
1079 4357 1201 4396 rem
1236 4359 1403 4396 suam
1431 4344 1622 4399 facere
1648 4347 1827 4415 putat,
1853 4344 1991 4399 hinc
2013 4345 2147 4401 inde
2171 4348 2389 4418 carpit:
2416 4364 2535 4403 non
2560 4351 2754 4403 tamen
2776 4349 2996 4403 temere
3019 4362 3087 4400 ac
3111 4344 3452 4417 promiscue
3484 4343 3643 4398 dela-

152 4437 317 4491 psas,
343 4429 405 4477 ut
436 4432 632 4480 narrat
659 4428 1074 4501 Hieronymus,
1108 4432 1180 4485 ab
1204 4431 1335 4486 aliis
1354 4433 1565 4488 avibus
1590 4434 1896 4505 Alsopicaz
1922 4436 2242 4492 corniculae
2265 4438 2452 4492 instar
2471 4437 2669 4508 diripit
2690 4437 2948 4508 plumas:
3001 4435 3109 4490 sed
3143 4435 3340 4505 potius
3386 4433 3515 4503 apis
3555 4431 3644 4486 in-

154 4510 400 4567 dustria:
422 4530 489 4568 ac
523 4515 824 4588 diligentis
848 4535 1031 4587 more,
1054 4521 1260 4574 ﬂorum
1289 4522 1756 4593 pluntarumque,
1781 4523 1936 4579 unde
1959 4524 2131 4578 mella
2152 4541 2260 4579 sua
2298 4526 2556 4598 colligat,
2589 4541 2807 4579 succos
2848 4524 3291 4595 distinguentis,
3329 4522 3440 4576 alia
3470 4520 3639 4591 tollit,

153 4601 263 4655 alia
286 4604 534 4674 respuit,
558 4608 826 4677 quaedam
853 4610 1133 4677 immutat,
1162 4611 1429 4681 quaedam
1452 4614 1803 4684 transponit,
1831 4630 1947 4667 non
1971 4630 2153 4683 pauca
2179 4615 2410 4668 demum
2433 4615 2658 4684 profert
2674 4614 2745 4667 de
2767 4629 2899 4679 suo,
2922 4628 3055 4683 quae
3070 4612 3222 4681 apud
3238 4610 3485 4664 aliorum
3505 4624 3642 4666 auc.

152 4692 341 4746 torum
378 4694 671 4749 neminem
702 4699 987 4767 reperias.
1024 4700 1239 4755 Verum
1272 4704 1464 4755 tamen
1497 4703 1730 4756 etiamsi
1760 4702 1903 4756 nihil
1937 4702 2256 4757 haberetur
2285 4705 2342 4757 in
2376 4704 2541 4758 hisce
2571 4702 2760 4771 libris,
2787 4700 2943 4773 quod
2975 4701 3035 4753 in
3058 4699 3307 4753 aliorum
3329 4714 3446 4753 non
3472 4699 3642 4770 lege-

151 4784 346 4850 retur;
381 4783 535 4838 haud
568 4790 872 4855 pr0pterea
908 4789 1207 4843 videretur
1238 4792 1672 4845 consectarium
1704 4792 1898 4846 omnia
1939 4808 2013 4847 ex
2045 4792 2257 4846 alienis
2289 4792 2528 4862 scriptis
2561 4792 2867 4860 desumpta
2897 4776 3056 4844 esse.
3090 4786 3234 4853 Quis
3253 4788 3409 4842 enim
3445 4788 3640 4845 nescit

154 4870 379 4939 srepius
411 4874 775 4946 contingere,
812 4880 866 4930 ut
893 4878 988 4947 qui
1025 4879 1080 4931 in
1115 4879 1320 4933 eodem
1350 4880 1641 4934 desudant
1666 4883 2035 4953 argumento,
2058 4882 2171 4936 etsi
2202 4898 2500 4951 nunquam
2535 4881 2684 4933 inter
2716 4895 2781 4934 se
2812 4879 2990 4933 animi
3023 4877 3276 4950 cogitata
3309 4877 3641 4934 communi-

156 4961 437 5029 caverint,
475 4963 725 5032 plurima
757 4970 948 5019 tamen
980 4965 1223 5021 efferant
1251 4968 1429 5039 longe
1458 4968 1773 5036 simillima,
1813 4970 2063 5025 maxime
2093 4986 2235 5025 vero
2295 4971 2348 5024 si
2379 4969 2791 5041 unusquisque
2824 4966 3203 5040 probationes
3237 4981 3381 5021 suas
3413 4981 3489 5022 ex
3530 4966 3641 5025 iis-

155 5048 286 5103 dem
318 5050 604 5122 t‘ontibus,
641 5058 699 5107 ut
730 5058 864 5125 puta
900 5071 929 5109 e
960 5056 1280 5126 Scriptura;
1311 5058 1528 5112 divina:
1559 5045 1838 5126 oraculis,
1874 5059 2064 5128 ducat,
2099 5062 2273 5130 atque
2304 5058 2551 5113 hauriat.

227 5138 597 5211 Quam-apter
642 5144 898 5214 ingenue
955 5145 1209 5200 fatemur
1267 5147 1544 5202 Ruﬁnum
1602 5149 2002 5220 indignatione
2060 5165 2166 5202 sua
2222 5149 2369 5201 ultra
2414 5163 2588 5219 quam
2649 5164 2752 5217 par
2806 5147 2932 5216 fuit,
2966 5146 3273 5216 abreptum
3306 5161 3466 5216 esse,
3505 5162 3639 5202 cum

156 5225 578 5300 Hieronymum
611 5232 953 5289 criminatus
986 5239 1095 5303 est,
1129 5237 1296 5307 quasi
1329 5252 1398 5292 eo
1432 5240 1653 5291 tantum
1686 5238 1956 5307 consilio,
1993 5238 2223 5309 Didymi
2255 5238 2441 5293 libros
2472 5239 2532 5292 in
2583 5238 2848 5291 Latinam
2896 5237 3159 5309 linguam
3219 5235 3635 5306 convertisset,

158 5322 217 5368 ut
255 5318 437 5386 illius,
476 5321 777 5375 Ambrosii
807 5322 1055 5391 scilicet,
1091 5323 1250 5378 furta
1271 5332 1774 5396 cognoscet-eatur
1806 5328 1940 5392 (loc.
1966 5328 2114 5393 cit.).
2149 5326 2263 5381 Sed
2297 5343 2507 5381 rursus
2540 5343 2657 5382 non
2705 5326 3216 5381 dissimulabimus
3258 5327 3637 5387 memoratam

154 5404 493 5480 Hieronymi
526 5425 860 5479 censuram,
896 5413 949 5465 si
976 5430 1115 5467 vere
1151 5414 1425 5469 Ambros.
1462 5414 1557 5468 illa
1586 5415 2043 5487 perstringebat,
2080 5415 2560 5486 exaggerationis
2594 5415 2831 5470 modum
2867 5415 3023 5469 haud
3052 5431 3259 5485 parum
3319 5429 3457 5468 esse
3488 5428 3638 5481 prae~

155 5498 541 5569 tergressam.
576 5499 701 5553 Nec
732 5515 875 5553 sane
909 5501 1004 5555 hic
1053 5502 1473 5557 dissensurum
1529 5520 1559 5556 a
1592 5504 1765 5557 nobis
1797 5504 1989 5559 fuisse
2047 5506 2321 5573 putamus
2380 5505 2574 5574 ipsum
2634 5505 2969 5571 Baroniuzn,
3005 5502 3481 5575 quandoquidem
3513 5499 3635 5567 (Ad

155 5600 285 5641 ann.
317 5588 447 5656 385)
469 5590 525 5642 in
558 5591 956 5657 accusatione,
990 5608 1100 5660 qua
1125 5593 1278 5645 idem
1312 5592 1708 5663 Hieronymus
1744 5595 2065 5648 Romanam
2100 5592 2314 5647 ibidem
2371 5593 2623 5647 traducit
2682 5593 3031 5661 Ecclesium,
3093 5595 3354 5661 apertam
3413 5589 3629 5658 hyper-

154 5673 324 5730 bclen
365 5694 697 5749 agnoscere
729 5696 844 5732 non
878 5680 1180 5735 dubitavit.
1216 5681 1386 5734 Enim
1418 5698 1558 5736 vero
1592 5698 1783 5753 neque
1815 5682 2060 5736 concedi
2113 5685 2304 5751 potest
2353 5686 2621 5736 sanctum
2652 5681 2968 5752 praesulem
3028 5679 3429 5750 Didymianam
3462 5692 3625 5731 coma

156 5768 563 5822 mentationem
597 5784 667 5823 eo
701 5769 872 5823 modo
905 5770 1225 5840 expilasse,
1261 5786 1377 5841 quo
1410 5770 1549 5825 illud
1582 5774 1775 5826 actum
1821 5771 2080 5825 indicare
2110 5770 2341 5825 videtur
2402 5771 2611 5825 citatus
2676 5771 2907 5825 Doctor.
2973 5768 3044 5822 Et
3100 5769 3258 5821 certe
3315 5770 3379 5819 ut
3433 5767 3625 5838 magis

158 5851 521 5941 dialecticum
554 5874 691 5916 sese
726 5859 1009 5932 Didymus
1038 5863 1300 5933 praestet,
1334 5876 1509 5936 quam
1542 5860 1916 5933 Ambrosius,
1952 5860 2134 5935 hujus
2164 5862 2358 5919 tamen
2391 5860 2567 5917 dictio
2626 5858 2880 5914 nobilior
2909 5858 3020 5926 est,
3083 5854 3268 5910 oratio
3302 5854 3626 5937 copiosiorll
