3964 6168
467 319 583 381 731
1913 315 1980 377 S.

2246 312 2479 377 ROSII.
3718 330 3811 395 733

463 515 607 572 ordo
637 514 1000 584 concinnior,
1034 514 1255 587 quique
1285 514 1828 587 argumentationes
1849 513 2159 586 utriusque
2189 512 2498 568 attentiore
2515 512 2710 568 animo
2727 512 3122 585 perpenderit,
3147 511 3316 569 facile
3337 519 3736 589 agnoscetbunc
3750 542 3835 583 non

460 603 658 659 minus
677 603 866 659 valide
896 604 1264 674 propositum
1297 620 1472 658 suum
1501 604 1747 675 assequi
1776 607 1950 675 atque
1983 602 2297 671 conficere,
2338 616 2513 675 quam
2556 602 2887 673 Didymum.
2922 602 3057 657 Non
3086 603 3267 675 igitur
3295 603 3586 664 absurdum
3612 610 3771 677 fuerit,
3799 618 3835 670 si

353 715 357 718 ν
461 692 883 765 Hieronymum
915 693 1068 748 idem
1102 693 1430 749 dixerimus
1463 693 1575 747 hoc
1604 693 1736 748 loco
1766 709 2035 763 passum,
2071 693 2229 765 quod
2269 692 2463 747 solent
2495 692 2534 746 ii
2566 693 2665 764 qui
2695 695 2970 746 auctores
3000 692 3059 746 in
3091 708 3243 764 quos
3274 693 3480 766 aliquid
3506 698 3681 767 studii,
3708 707 3838 775 atque

460 795 656 850 operae
688 785 1034 850 posuerunt,
1068 782 1267 836 nimiis
1301 781 1588 837 encomiis
1621 782 1959 837 cumulasse
1989 782 2226 836 minime
2261 783 2538 852 contenti,
2563 782 2736 837 etiam
2759 781 2946 837 editas
2969 781 3042 836 ab
3074 781 3208 837 aliis
3241 782 3312 838 de
3340 784 3529 839 eadem
3553 790 3755 844 materia
3779 792 3840 850 lu-

461 869 860 939 cubrationes,
896 870 1048 925 infra
1079 887 1252 942 quam
1283 874 1503 925 veritas
1534 874 1706 943 atque
1739 872 1991 942 aequitas
2023 871 2183 940 sinit,
2218 870 2571 940 deprimunt.

530 956 672 1023 Quae
704 974 837 1013 cum
868 960 943 1013 ita
974 960 1112 1029 sint,
1146 960 1422 1032 quisquis
1456 974 1661 1015 verum
1687 976 1757 1014 ac
1789 959 2116 1032 legitimum
2146 959 2218 1014 de
2250 959 2359 1014 hac
2394 960 2695 1015 Ambrosii
2747 960 3177 1015 commentione
3218 959 3495 1032 judicium
3526 962 3663 1019 ferre
3687 967 3846 1023 volue-

458 1046 553 1117 rit,
586 1048 882 1119 aequiores
917 1049 1309 1104 aastimatores
1342 1049 1457 1103 sibi
1492 1049 1677 1103 duces
1709 1050 1770 1103 in
1801 1049 1914 1103 hoc
1938 1049 2135 1121 eligat,
2169 1064 2339 1103 sacra
2370 1048 2600 1104 scilicet
2618 1048 2867 1104 concilia
2890 1048 3185 1118 (Floreat.
3212 1065 3367 1104 sess.
3386 1050 3470 1119 22,
3496 1054 3547 1106 et
3567 1055 3719 1121 eaet),
3739 1057 3847 1111 mul-

455 1138 670 1208 tosque
701 1137 1084 1193 doctissimos
1106 1137 1269 1193 viros
1302 1137 1592 1207 (Cassiod.
1627 1138 1687 1192 in
1719 1137 2075 1201 Instit.div.
2109 1136 2226 1193 Iitt.
2262 1153 2389 1208 cap.
2427 1138 2493 1193 16
2521 1142 2577 1192 et
2605 1138 2726 1208 al.),
2761 1138 2861 1209 qui
2892 1138 3291 1193 testimonium
3322 1142 3493 1210 atque
3521 1142 3854 1199 auctoritatem

459 1225 693 1280 illorum
724 1230 1143 1297 proponentes,
1179 1228 1380 1299 quanti
1410 1243 1517 1282 eos
1546 1227 1830 1297 facerent,
1865 1227 2272 1282 ostenderunt.
2307 1228 2381 1280 At
2412 1226 2701 1297 imprimis
2735 1229 2954 1298 praesto
2986 1227 3161 1282 nobis
3191 1229 3305 1296 est,
3338 1244 3505 1299 quem
3534 1229 3854 1286 Stridoniensi

463 1314 834 1386 praesbytero
866 1331 1253 1386 opponamus,
1289 1316 1693 1387 Hipponensis
1722 1315 1966 1386 praesul,
2000 1315 2175 1388 cujus
2207 1316 2267 1369 in
2297 1315 2604 1386 polemicis
2637 1316 2917 1387 operibus
2950 1330 3094 1371 sane
3125 1332 3303 1388 quam
3330 1317 3730 1373 exercitassimi
3754 1336 3859 1374 sen-

464 1404 641 1459 tentia
672 1404 768 1458 illa
803 1407 895 1459 est
924 1405 995 1460 de
1029 1405 1143 1460 hoc
1172 1420 1386 1475 opere:
1424 1426 1447 1455 ι
1482 1404 1736 1460 Sanctus
1767 1405 2144 1475 Ambrosius,
2180 1420 2313 1459 cum
2345 1408 2482 1478 agat
2511 1420 2635 1460 rem
2668 1420 2944 1477 magnam
2969 1405 3041 1460 de
3071 1405 3290 1475 Spiritu
3321 1409 3541 1476 sancto,
3572 1410 3629 1461 ut
3655 1423 3765 1462 eum
3788 1409 3861 1462 Pa-

463 1491 537 1546 tri
569 1496 626 1547 et
656 1493 800 1548 Filio
833 1493 1198 1549 demonstret
1226 1493 1537 1567 aequalem,
1570 1493 1875 1552 submisso
1907 1497 2103 1548 tamen
2132 1493 2365 1548 dicendi
2399 1510 2617 1566 genere
2649 1495 2849 1563 utitur,
2882 1495 3159 1566 quoniam
3181 1510 3280 1550 res
3312 1498 3583 1566 suscepta
3602 1511 3708 1553 non
3724 1497 3781 1551 ad
3797 1513 3863 1552 or-

463 1585 735 1636 namenta
764 1582 1101 1650 verborum,
1137 1586 1236 1638 aut
1264 1583 1336 1637 ad
1370 1583 1693 1638 ﬂectendos
1723 1584 1975 1652 animos,
2009 1598 2206 1638 rerum
2238 1582 2587 1639 documenta
2619 1582 2915 1637 desiderat
2942 1581 3067 1653 (lib.
3087 1599 3147 1635 xv
3176 1583 3265 1637 De
3282 1582 3482 1639 Doctr.
3510 1583 3716 1642 Christ.
3737 1600 3779 1638 c.
3799 1585 3861 1653 21,

463 1685 521 1724 n.
544 1668 656 1731 46).
694 1692 716 1718 ι
753 1670 919 1736 Quod
949 1672 1185 1743 quidem
1210 1671 1521 1743 judicium,
1556 1686 1672 1743 quo
1701 1672 1804 1727 vix
1836 1672 1994 1726 aliud
2026 1688 2158 1727 cum
2192 1671 2651 1743 Hieronymiano
2680 1672 2873 1744 magis
2903 1685 3169 1743 pugnare
3199 1674 3415 1743 potest,
3447 1687 3612 1727 nemo
3649 1673 3869 1728 dixerita

463 1757 755 1829 discipulo
789 1760 860 1814 ad
889 1761 1274 1831 praeceptoris
1306 1761 1553 1832 gratiam
1584 1761 1798 1816 latum:
1832 1761 2065 1833 quando
2099 1764 2155 1816 et
2184 1777 2291 1832 per
2321 1776 2388 1815 se
2419 1775 2794 1830 summopere
2825 1760 3189 1814 moderatum
3214 1763 3351 1829 'est,
3383 1763 3439 1814 et
3496 1761 3794 1832 Augustino
3818 1776 3871 1814 ex

462 1847 767 1903 Ambrosii
795 1849 1139 1904 tractatibus
1169 1848 1268 1903 alii
1298 1853 1463 1903 erant
1493 1848 1566 1903 ad
1598 1864 1851 1918 manum,
1886 1864 2038 1920 quos
2094 1848 2153 1904 in
2213 1849 2535 1904 submissae
2592 1848 2868 1904 dictionis
2919 1848 3222 1923 specimen
3283 1853 3653 1924 proponeret,
3681 1850 3730 1904 si
3751 1849 3870 1906 hunc

468 1956 489 1985 ι
523 1936 852 2010 fta-acidum,
887 1938 1081 2010 molle,
1117 1938 1364 1993 nitidum
1393 1940 1567 2011 atque
1600 1938 1927 1996 formosum
1961 1960 1983 1988 ι
2018 1938 2444 1996 existimasset.

1065 2292 1964 2469 SANCTI
2101 2297 3332 2473 AMBROSII

1635 2587 2330 2651 MEDIOLANENSIS
2378 2588 2767 2651 EPISCOPI

1383 2763 1581 2877 DE
1679 2764 2317 2882 SPIRITU
2413 2764 3031 2882 SANCTO

1893 2990 2121 3053 LIBRI
2151 2990 2367 3054 TRES
2405 2993 2514 3072 (1).

1354 3177 1499 3257 AD
1596 3174 2289 3256 GRATlANUM
2388 3118 3052 3266 AUGUSTiUM.

1738 3473 2098 3555 LIBER
2156 3472 2619 3559 PRIMUS.

914 3820 1199 3885 596-99
1229 3827 1650 3885 PROLOGUS.
2153 3805 2213 3868 Α
2252 3826 2427 3881 tatem
2457 3824 2564 3879 Dei
2617 3824 2899 3896 populum
2929 3824 3282 3881 vindicaret.
3321 3825 3466 3881 Nec
3519 3824 3745 3880 mirum
3773 3820 3820 3876 si
3849 3817 3925 3874 est

452 3908 520 3966 In
546 3911 845 3987 Gedepnis
865 3916 1154 3973 electione
1177 3918 1501 3973 Ποιηίηίοω
1523 3916 1962 3973 incarnationis
1980 3914 2118 3987 [ἱρη-
2250 3914 2476 3969 electus
2506 3914 2577 3968 ad
2610 3914 2878 3986 gratiam,
2904 3930 3037 3968 cum
3068 3914 3182 3969 sub
3207 3915 3440 3970 umbra
3457 3914 3594 3986 jam
3612 3917 3737 3967 tum
3767 3922 3927 3965 sacrae

524 3984 909 4075 ζηθιιῖζξιξξξιῖθῖ
940 3990 1003 4043 in
1041 3988 1201 4070 Ιιέῑῖάί
1241 3989 1568 4075 ρθοτίῦςίο,
1590 3995 1977 4075 ,ρθεοθιοζιιιη
2004 3984 2121 4075 ῥθιέ
2250 4003 2448 4058 crucis
2481 4006 2539 4058 et
2574 3984 2931 4057 venerabilis
2961 4003 3277 4074 sapientiae
3303 3984 3931 4075 praedestinatoincar-

527 4054 761 4110 Christi
773 4073 983 4129 corpus
998 4059 1444 4131 expiandorum:
1461 4061 1521 4112 in
1544 4054 2087 4130 rikuli,prol'anoruz

522 4141 826 4201 sacrorum
850 4130 1299 4186 abolendornm:
1336 4132 1398 4185 in
1422 4132 1715 4184 trecentis
1745 4130 2000 4201 denique
2022 4146 2087 4183 m.

2368 4054 2445 4058 ν-
2488 4054 2535 4058 --
3304 4054 3747 4075 tu"---qu

2364 4092 2505 4147 .onis
2524 4092 2736 4146 futurae
2759 4091 3042 4162 mysterio
3056 4093 3466 4162 constitutus,
3487 4093 3720 4147 feracis
3735 4086 3929 4160 segetis

2366 4181 2549 4201 -3L312A
2582 4182 2640 4201 Α-
2675 4181 2935 4201 ιᾼιξιμιξ-
2962 4181 3246 4201 p____..-_4-
3279 4199 3390 4201 μη-
3425 4183 3483 4201 1,,
3510 4198 3525 4201 -
3550 4184 3670 4201 -Α,ι
3726 4177 3910 4201 -ι--οέΑ

520 4177 2085 4273 mni;nigagaten3153635525;sinebant

2368 4181 2556 4236 sibilia
2574 4182 2645 4235 de
2675 4181 2938 4236 latibulis
2962 4181 3253 4236 frumenta
3278 4183 3695 4252 produceret,
3719 4177 3933 4236 electio-

522 4270 850 4345 repetierit
865 4270 1207 4345 signaidem
1224 4272 1485 4342 Gedeon,
1503 4270 1784 4345 mystcrii
1795 4270 2124 4345 fuisse,per
2244 4285 2497 4342 nemque
2533 4272 2873 4324 sanctorum
2904 4285 2936 4323 a
2968 4271 3400 4341 purgamentis
3428 4271 3643 4326 inanis
3666 4270 3845 4340 paleae
3865 4279 3942 4318 se-

528 4340 774 4433 ζθλζςνίε
806 4340 970 4433 θμιλζὶζ
996 4344 1328 4433 ἧξφξταεθιη
1358 4340 2121 4433 θοιζηᾶθθίθοείςὶηοξζὶνυιι·
2244 4340 2612 4433 questraret:
2648 4359 2748 4429 qui
2782 4361 3057 4429 tanquam
3096 4340 3181 4427 7(2)
3215 4359 3407 4432 virga
3473 4360 3758 4415 veritatis
3788 4368 3939 4411 exer-

522 4413 2121 4521 ῗῖἳτὲἓρίῗθῖἶέίέξῗέηέἑζῗέξέυέῗκῖθ..νῖἓῖἰῗῖἶίέηὲἔῖἷ
2245 4449 2365 4519 citi.
2405 4448 2724 4519 superﬂua.
2757 4447 2979 4502 veteris
3036 4446 3308 4502 hominis
3376 4466 3529 4504 cum
3563 4449 3709 4521 eius
3737 4444 3943 4501 aclibus

517 4484 893 4559 significatas
906 4502 1056 4559 per
1070 4502 1270 4559 rorem
1285 4484 1477 4541 autem
1492 4484 1658 4559 pelvi
1677 4492 2005 4559 exceptum,
2013 4501 2121 4559 pe-
2245 4484 2387 4559 ζξῖζ
2400 4484 2724 4559 Yffi”:

519 4535 654 4612 (Irim
685 4535 1097 4630 apostolorum
1154 4535 1534 4613 ablutioneni.
1583 4557 1707 4612 Hac
1750 4535 1879 4630 sibi
1905 4535 2082 4630 ρθᾶςιι

2379 4540 2629 4606 mentes,
2665 4536 2835 4607 quasi
2868 4536 2929 4590 in
2958 4535 3264 4606 torculari,
3306 4539 3394 4592 ita
3433 4539 3499 4592 in
3526 4536 3806 4592 Ecclesia
3826 4545 3944 4586 cono

519 4620 794 4701 mandari
809 4630 1025 4685 sordes
1038 4637 1168 4685 orat
1182 4630 1560 4701 Ambrosius,
1581 4629 1872 4701 simulque
1886 4620 2121 4701 Christi
2242 4629 2597 4700 gregantur:
2624 4625 2892 4680 Ecclesia
2905 4624 3059 4680 enim
3079 4626 3364 4680 torcular
3387 4633 3495 4683 est
3520 4629 3716 4684 fontis
3739 4620 3942 4687 aeterni,

518 4698 953 4787 genig'nitatem
973 4701 1391 4787 Ιαυάξιτρᾳςζιη
1424 4700 1669 4784 utilesit
1686 4698 1838 4787 lianc
1852 4699 2121 4787 imitari]
2242 4698 2302 4770 {n
2338 4698 2453 4787 dua
2483 4714 2748 4770 οωιθειίε
2778 4713 2916 4768 vius
2939 4713 3170 4769 τιιυοιηε
3203 4717 3525 4772 exundat.

668 4768 682 4771 -
1186 4775 1195 4784 .
1276 4774 1333 4785 ..
1455 4773 1465 4783 .
1648 4774 1658 4784 .
1952 4771 1961 4781 .
2091 4771 2101 4781 .
2244 4768 2621 4787 ﬁ~._--w-
3112 4768 3524 4772 κκνίηηνμη

516 4768 1367 4874 Εῗῗῗῗῖῗηῗῗίέῗζῖῗίῖῗζὲἶίέίῖ
1382 4788 1622 4874 "35.53?
1636 4770 2122 4874 '."..-‘,’."1.’f.-’.’3f-";'ff.'
2314 4805 2368 4859 2.
2401 4806 2527 4870 Quo
2559 4807 2755 4859 motus
2789 4803 3028 4857 oraculo
3060 4803 3135 4874 (3)
3168 4804 3470 4874 Gedeon.
3511 4822 3660 4863 cum
3701 4802 3946 4860 audisse|

517 4840 608 4895 les
636 4840 1063 4899 conversiones
1094 4844 1366 4915 operari:
1398 4843 1507 4899 sed
1535 4843 1610 4897 ab
1643 4843 1761 4915 alio
1798 4842 2113 4915 mittinon
2248 4840 3470 4915 Mfffjj'n‘jﬁfjgfffjtjjg‘z:ﬁ’jffj‘;

511 4926 710 4983 posse,
740 4930 866 4987 cam
889 4916 970 4969 sit
990 4888 1204 4970 eﬂ‘uéio
1234 4915 1503 4987 Spiritus
1527 4914 1741 4983 sancti,
1774 4930 1868 4983 qu:
1902 4911 2076 4968 alieni

2380 4893 2401 4947 1
2445 4892 2860 4948 deﬁcientibus
2916 4892 3052 4947 licet
3108 4894 3504 4964 p0pulorum
3567 4888 3945 4987 millibus...

511 4966 1495 5058 potestatiadigis-nim?""
1996 4966 2007 4968 ⁷
2094 4966 2101 4967 “
2242 4998 2360 5037 uno
2392 4982 2520 5036 viro
2544 4980 2831 5036 Dominus
2853 4980 3084 5051 plebem
3107 4996 3285 5035 suam
3340 4983 3427 5038 ab
3482 4983 3785 5040 hostibus
3826 4966 3946 5035 600

518 5070 571 5124 1.
605 5071 920 5128 Hierobaal
954 5090 1086 5128 cum
1120 5074 1232 5129 sub
1249 5075 1483 5143 arbore,
1515 5076 1579 5128 ut
1606 5072 1863 5146 legimus
1886 5073 2106 5140 (Judic.
2151 5069 2204 5131 B
2243 5070 2523 5127 liberaret
2552 5069 2732 5141 (Ibid.
2767 5068 2876 5141 14),
2912 5069 3122 5124 obtulit
3152 5069 3420 5127 haedum
3477 5087 3830 5144 caprarum,
3863 5083 3946 5120 cu‘

445 5175 526 5228 vx,
563 5161 670 5231 11),
704 5177 948 5232 quercu,
983 5163 1435 5217 triticimessem
1449 5162 1615 5234 virga
1636 5162 1911 5232 caederet,
1932 5178 2108 5218 acce-
2238 5159 2343 5233 jus
2375 5174 2631 5229 carnem,
2666 5158 2996 5213 secundum
3016 5163 3407 5229 praeceptum
3432 5162 3677 5236 angeli,
3700 5164 3759 5217 et
3776 5169 3946 5229 azymt

444 5250 530 5322 pit
545 5249 870 5322 oraculum,
900 5254 1012 5306 uta
1034 5253 1322 5322 potestate
1357 5251 1821 5323 alienigenarum
1843 5252 1902 5306 in
1924 5252 2108 5307 liber-
2245 5266 2424 5321 supra
2454 5252 2679 5321 petram
2708 5247 2909 5318 posuit
2937 5251 2994 5303 et
3026 5264 3093 5303 ea
3119 5248 3262 5319 jure
3309 5251 3611 5321 perfudit
3670 5252 3779 5322 (1):
3839 5260 3946 5317 qua

542 5394 593 5463 1)
625 5393 842 5465 Scripti
871 5411 1026 5449 anno
1056 5392 1182 5450 381.
2244 5408 2392 5447 mss.
2424 5392 2602 5465 longe
2638 5390 2891 5465 plurimi,
2928 5413 2949 5437 α
2984 5389 3109 5456 Quo
3168 5392 3392 5465 motus
3429 5395 3698 5450 oraculo
3728 5410 3744 5463 ;
3783 5418 3804 5440 ιο
3841 5390 3946 5465 qui-

542 5394 593 5463 1)
625 5394 842 5465 Scripti
871 5411 1026 5449 anno
1056 5394 1182 5450 381.
2244 5408 2392 5447 mss.
2424 5394 2602 5464 longe
2676 5394 2891 5457 lurimi,
2928 5413 2949 5437 α
2984 5394 3109 5456 Quo
3168 5394 3392 5447 motus
3429 5395 3698 5450 oraculo
3728 5410 3744 5463 ;
3783 5418 3804 5440 ιο
3841 5394 3946 5461 qui-

515 5394 594 5536 EQ)
623 5467 949 5544 Sicomnes
971 5466 1108 5521 edit.
1157 5482 1226 5544 ac
1270 5481 1443 5544 mss,
1469 5465 1612 5544 nisi_
1619 5466 1777 5544 quod
1813 5466 1872 5520 in
1899 5465 2105 5536 paucis
2244 5465 2375 5544 dam
2412 5463 2531 5529 alii,
2572 5485 2592 5509 ιι
2627 5408 2766 5544 (Suo.
2808 5462 3020 5544 doctus
3080 5463 3362 5544 oraculo,
3412 5489 3438 5513 ι»
3481 5470 3546 5544 et
3607 5481 3764 5544 sane
3819 5461 3946 5515 intra

441 5534 549 5610 pro
576 5534 606 5586 'a
641 5538 744 5608 qui
786 5541 1083 5608 tanquam,
1122 5561 1144 5585 ι»
1206 5537 1440 5608 legitur,
1479 5560 1500 5587 α
1568 5534 1656 5610 Et:
1694 5534 2005 5610 tanquam;
2077 5560 2099 5586 ν
2241 5535 2479 5610 Gedeon
2512 5534 2866 5610 nominatur,
2905 5557 2926 5581 «
2962 5534 3055 5610 vir
3112 5534 3366 5610 doctus,
3411 5560 3436 5584 ι)
3478 5540 3552 5592 ut
3583 5538 3772 5594 etiam
3821 5549 3946 5606 aput

412 5604 500 5666 et
530 5611 589 5664 in
621 5604 790 5665 Hom.
825 5604 963 5666 edit.
998 5604 1104 5679 pro
1141 5631 1163 5656 α
1198 5604 1369 5681 virga
1399 5609 1684 5678 veritatis,
1722 5632 1743 5655 η
1780 5604 2107 5679 repositum
2241 5606 2556 5731 Origenem
2587 5605 2745 5659 hom.
2780 5605 2841 5659 in
2871 5604 3161 5672 eumdem,
3189 5626 3210 5655 ι
3251 5604 3363 5661 vir
3398 5610 3724 5664 eruditus.
3764 5632 3788 5656 ιι

444 5686 555 5731 est-
594 5703 616 5731 «
650 5682 818 5731 virga
850 5680 1104 5731 virtutis.
1145 5703 1166 5728 ι
2311 5678 2330 5731 (
2374 5680 2390 5731 i
2423 5676 2569 5731 MSS.
2602 5676 2845 5731 aliquot.
2884 5696 2912 5727 «
2945 5679 3002 5731 et
3033 5690 3227 5731 super“
3277 5692 3430 5731 eam
3503 5679 3612 5731 ius
3674 5676 3857 5731 effudi

444 5686 555 5753 est,
594 5703 616 5731 «
650 5682 818 5753 virga
850 5676 1104 5735 virtutis.
1145 5703 1166 5728 ι
1298 5676 1324 5681 ⁷
1671 5676 1676 5678 ⁷
1714 5750 1727 5753 _
1849 5676 1868 5679 “
2094 5752 2097 5753 ν
2260 5676 2390 5753 __(_1)
2423 5676 2569 5731 Mss.
2602 5676 2845 5753 aliquot,
2884 5679 3002 5753 «et
3033 5690 3227 5753 super“
3274 5692 3430 5753 eam
3492 5679 3612 5751 jus
3674 5676 3905 5741 effudit,
3938 5696 3946 5718 ι

514 5744 591 5825 (3)
622 5744 793 5812 Ριοιιῖ.
853 5753 1016 5825 edit.,
1071 5773 1094 5807 α
1129 5753 1473 5810 Commotus
1529 5750 1803 5824 oraculo;
1839 5770 1862 5801 ι
1898 5753 2014 5808 vet.
2051 5752 2107 5809 et
2242 5744 2436 5807 Albin.
2470 5763 2646 5821 unus,
2685 5744 2723 5797 ςῖ
2744 5750 2802 5803 et
2828 5763 2898 5804 ea
2926 5744 3376 5805 thure'etl‘udit.
3405 5774 3432 5801 υ
