4050 6182
183 339 314 402 733

1352 341 1463 403 DE
1504 341 1844 408 SPIRITU
1877 343 2210 408 SANCTO
2256 347 2414 410 LIB.
2463 350 2511 411 Ι.

3516 348 3635 453 734

176 538 360 593 simul
413 542 473 592 ut
519 538 703 612 virgae
738 541 1062 607 cacumine,
1095 557 1268 611 quam
1302 542 1547 613 gerebat
1596 544 1855 615 angelus
1889 528 1945 588 Α
1971 550 2165 617 potest
2192 549 2379 604 videri
2411 553 2582 623 quasi
2613 553 2928 626 ambiguus
2951 553 3330 625 incertusque
3346 555 3632 624 tentasse,

181 628 314 694 Dei,
348 628 615 700 contigit,
663 628 733 682 de
775 633 939 698 petra
982 630 1141 702 ignis
1175 633 1398 702 erupit;
1432 636 1605 703 atque
1651 635 1723 687 ita
1767 651 1860 688 sa-

185 717 480 772 criﬁcium
522 717 678 790 quod
730 716 1106 788 offerebatur,
1141 720 1516 791 absumptum
1558 725 1648 775 est
1680 722 1855 789 (Ibid.

185 804 256 862 19
289 813 347 863 et
379 808 552 879 seq.).
587 806 712 874 Quo
760 808 981 862 indicio
1032 809 1391 863 declaratum
1424 811 1654 864 videtur
1705 812 1863 882 quod

181 898 350 967 petra
396 896 494 949 illa
542 899 738 966 typum
783 896 1054 950 habuerit
1112 899 1383 968 corporis
1420 899 1676 968 Christi;
1727 900 1862 970 quia

183 985 476 1055 scriptum
510 989 600 1038 est
627 1001 637 1038 :
663 1007 684 1031 «
723 985 1014 1040 Bibebant
1046 987 1116 1040 de
1143 989 1532 1058 consequenti
1555 1004 1658 1042 eos
1679 992 1862 1057 petra,

184 1078 355 1144 petra
385 1077 580 1128 autem
611 1076 733 1128 erat
762 1074 1037 1129 Christus
1072 1074 1129 1145 (Ι
1158 1076 1293 1131 Cor.
1328 1093 1384 1140 x,
1419 1077 1498 1145 4).
1541 1076 1704 1142 Quod
1748 1079 1864 1130 uti-

185 1178 304 1235 que
337 1178 455 1217 non
485 1161 558 1216 ad
593 1162 953 1218 divinitatem
985 1163 1138 1236 ejus,
1175 1165 1283 1220 sed
1315 1165 1388 1218 ad
1429 1181 1667 1220 carnem
1707 1167 1862 1220 rela-

183 1255 311 1305 tum
348 1253 460 1318 est,
495 1267 626 1324 quae
658 1251 979 1306 sitientium
1030 1254 1208 1308 corda
1248 1253 1599 1325 populorum
1623 1255 1867 1324 perenni

184 1340 320 1394 rivo
345 1339 440 1394 sui
464 1341 778 1412 sanguinis
811 1341 1136 1396 inundavit.

256 1447 314 1500 3.
368 1446 497 1500 Jam
545 1449 682 1501 tunc
720 1448 903 1518 igitur
941 1450 1001 1502 in
1042 1449 1325 1521 mysterio
1363 1449 1719 1504 declaratum
1753 1453 1865 1518 est,

185 1535 338 1606 quia
390 1536 668 1590 Dominus
716 1537 897 1590 Jesus
932 1538 988 1591 in
1041 1555 1214 1592 carne
1273 1554 1382 1592 sua
1438 1539 1614 1592 totius
1667 1540 1866 1593 mundi

185 1628 438 1695 peccata
470 1625 791 1679 cruciﬁxus
830 1626 1129 1682 aboleret:
1167 1643 1276 1681 nec
1308 1627 1501 1682 solum
1535 1628 1745 1680 delicta
1779 1628 1868 1681 fa-

185 1717 447 1779 ctorum,
474 1714 577 1768 sed
602 1715 775 1768 etiam
795 1715 1144 1785 cupiditates
1163 1717 1513 1771 animorum.
1540 1715 1688 1770 Caro
1713 1717 1868 1771 enim

185 1802 349 1858 haedi
379 1802 454 1855 ad
486 1803 715 1874 culpam
744 1803 880 1858 facti
915 1805 1169 1859 refertur
1193 1805 1297 1876 jus
1320 1806 1392 1859 ad
1417 1806 1732 1860 illecebras
1767 1823 1866 1860 cu-

1973 640 2070 710 qui
2105 643 2381 711 mysteria
2405 642 2798 714 loquebatur?
2846 644 2979 699 Non
3009 660 3155 716 ergo
3188 643 3284 699 ille
3316 643 3634 716 ambiguus

1973 731 2078 786 sed
2110 732 2414 801 providus,
2449 749 2522 788 ne
2552 750 2663 787 nos
2685 734 3144 805 ambigeremus.
3168 735 3316 788 Nam
3339 733 3635 804 quomodo

1968 820 2066 874 ille
2113 822 2451 892 ambiguus,
2503 823 2679 894 cujus
2726 824 2984 894 precatio
3017 823 3271 878 habebat
3304 821 3575 877 effectum
3607 824 3636 877 ?

1970 909 2138 964 Unde
2195 915 2387 965 autem
2433 928 2686 967 securus
2717 913 2972 968 adorsus
3021 927 3159 966 esse
3189 912 3480 983 praelium,
3514 911 3634 966 nisi

1969 999 2362 1055 intellexisset
2393 1002 2695 1056 oraculum
2731 1018 2742 1057 :
2780 1018 2882 1056 ros
2913 1002 3068 1056 enim
3115 1001 3175 1056 in
3222 1001 3442 1056 vellere
3483 1001 3634 1054 ﬁdes

1969 1091 2093 1142 erat
2126 1089 2183 1143 in
2215 1090 2422 1158 Judae;
2455 1092 2612 1162 quia,
2668 1091 2824 1147 sicut
2872 1107 2995 1162 res,
3032 1091 3139 1147 Dei
3167 1091 3350 1146 verba
3379 1090 3636 1145 descen-

1970 1177 2112 1232 dunt
2143 1179 2337 1245 (Deut.
2373 1198 2562 1249 xxxn,
2596 1181 2671 1249 2).

2039 1268 2091 1322 '7.
2129 1267 2286 1340 Ergo
2307 1271 2539 1340 quando
2564 1273 2721 1324 totus
2746 1270 2910 1326 orbis
2929 1270 3298 1325 infructuose
3324 1271 3472 1323 aestu
3487 1283 3638 1340 gen-

1971 1357 2090 1411 tilis
2121 1357 2563 1428 superstitionis
2597 1361 2816 1428 arebat,
2843 1363 2980 1414 tunc
3012 1363 3259 1415 eratres
3289 1358 3386 1412 ille
3421 1357 3636 1412 coeles-

1971 1447 2046 1500 tis
2071 1447 2427 1502 visitationis
2458 1449 2516 1502 in
2551 1449 2789 1504 vellere.
2841 1450 3054 1503 Postea
3088 1464 3230 1504 vero
3280 1463 3454 1520 quam
3487 1462 3632 1501 oves

1972 1553 2104 1606 quae
2130 1537 2653 1606 perieruntdomus
2672 1537 2853 1592 Israel
2868 1539 3213 1606 (Matthxv,
3233 1537 3324 1607 ‘24)
3343 1535 3520 1606 (unde
3541 1551 3641 1604 pu-

1972 1628 2028 1679 to
2062 1625 2310 1696 ﬁguram
2335 1626 2562 1680 Judaiei
2584 1627 2823 1681 velleris
2855 1627 3303 1694 adumbratam),
3344 1641 3510 1693 oves,
3545 1624 3638 1678 in-

1975 1729 2168 1784 quam,
2196 1714 2310 1767 illae
2342 1715 2559 1768 fontem
2599 1731 2768 1786 aquae
2799 1715 2950 1769 vivaa
2982 1719 3272 1786 negarunt
3301 1715 3547 1783 (Jerem.
3574 1730 3634 1783 ιι,

1977 1803 2202 1871 l3),ros
2239 1803 2373 1857 ﬁdei
2407 1803 2703 1858 humentis
2731 1804 3029 1858 exaruitin
3045 1803 3386 1875 pectoribus
3407 1803 3637 1857 Judaeo-

183 1891 521 1962 piditatum,
574 1893 728 1946 sicut
775 1893 1060 1964 scriptum
1091 1897 1184 1948 est
1218 1910 1230 1948 :
1281 1916 1301 1942 «
1337 1893 1481 1959 Quia
1533 1895 1867 1964 concupivit
1901 1869 1949 1929 Β
1977 1909 2126 1960 rum,
2161 1896 2504 1964 meatusque
2537 1909 2684 1948 suos
2717 1893 2852 1947 fons
2912 1893 3008 1947 ille
3066 1893 3303 1947 divinus
3351 1893 3410 1946 in
3460 1891 3639 1946 corda

178 1981 445 2052 populus
477 1981 853 2052 cupiditatem
885 1983 1226 2053 pessimam,
1259 1987 1315 2038 et
1347 1985 1623 2038 dixerunt
1658 2000 1669 2038 :
1707 1985 1854 2050 Quis

187 2085 304 2125 nos
349 2070 573 2125 cibabit
605 2087 778 2126 carne
810 2072 1008 2142 (Num.
1044 2089 1122 2140 χι,
1160 2071 1257 2141 4)Ῡ
1285 2095 1303 2120 n
1342 2073 1498 2143 quod
1549 2074 1730 2145 igitur
1758 2090 1865 2128 ex-

184 2159 379 2214 tendit
429 2159 682 2231 angelus
712 2161 966 2232 virgam,
1003 2163 1058 2216 et
1105 2161 1296 2233 tetigit
1326 2165 1569 2232 petram,
1621 2163 1692 2216 de
1748 2179 1862 2234 qua

185 2249 354 2320 ignis
379 2249 564 2303 exivit
593 2249 808 2317 (Judic.
842 2267 920 2318 v1,
953 2248 1064 2318 2t),
1103 2251 1359 2305 ostendit
1387 2251 1544 2322 quod
1578 2268 1713 2305 caro
1749 2253 1866 2306 Do-

186 2338 335 2393 mini
385 2338 609 2407 Spiritu
649 2338 869 2409 repleta
901 2339 1122 2408 divino,
1159 2343 1397 2409 peccata
1430 2341 1623 2393 omnia
1658 2340 1868 2394 huma-

186 2443 282 2481 nae
341 2426 700 2481 conditionis
758 2431 1053 2483 exureret.
1110 2428 1275 2482 Unde
1320 2432 1376 2482 et
1426 2429 1712 2483 Dominus
1743 2430 1873 2483 ait:

189 2538 211 2562 -
255 2515 469 2587 ignem
499 2515 634 2569 veni
659 2517 886 2571 mittere
911 2518 968 2572 in
999 2519 1216 2572 terram
1246 2518 1432 2587 ((Luc.
1469 2535 1570 2587 xu,
1605 2518 1716 2586 49).
1759 2542 1780 2565 η

261 2640 320 2695 4.
357 2639 624 2694 Advertit
673 2641 855 2712 igitur
904 2642 995 2695 vir
1027 2642 1238 2697 doctus
1259 2645 1316 2696 et
1347 2658 1661 2714 praesagus
1694 2643 1872 2698 futuri

187 2743 459 2800 superna
493 2731 791 2800 mysteria,
824 2733 881 2784 et
916 2731 1046 2785 ideo
1079 2732 1406 2785 secundum
1439 2733 1675 2786 oracula
1709 2733 1874 2786 occi-

187 2819 276 2872 dit
305 2818 557 2873 vitulum
588 2835 620 2872 a
666 2823 828 2889 patre
861 2836 972 2874 suo
1023 2820 1199 2874 idolis
1258 2820 1616 2890 deputatum,
1652 2823 1708 2876 et
1738 2822 1870 2892 ipse

191 2912 549 2978 septennem
569 2908 745 2962 alium
764 2909 1014 2963 vitulum
1046 2908 1368 2963 immolavit
1392 2911 1512 2964 Deo
1545 2911 1759 2978 (Judie.
1786 2928 1865 2980 vx,

187 2995 308 3066 25‘).
345 2995 472 3061 Quo
506 2997 658 3051 facto
683 2998 1169 3052 manifestissime
1191 2998 1477 3053 revelavit
1500 3004 1633 3069 post
1654 3000 1873 3054 adven-

189 3091 321 3140 tum
357 3087 585 3140 Domini
617 3089 811 3141 omnia
844 3087 1190 3159 gentilitatis
1226 3088 1514 3142 abolenda
1554 3089 1868 3161 sacriﬁcia,

193 3175 516 3245 solumque
546 3176 903 3230 sacriﬁcium
930 3177 1052 3231 Deo
1086 3176 1408 3231 Dominieae
1426 3177 1729 3246 passionis
1763 3193 1869 3248 pro

193 3265 602 3334 redemptione
625 3265 822 3335 populi
841 3265 1245 3320 deferendum.
1282 3265 1511 3320 Etenim
1530 3266 1750 3320 vitulus
1773 3266 1870 3321 ille

193 3359 323 3408 erat
347 3354 407 3407 in
437 3357 573 3424 typo
595 3353 894 3423 Christus,
912 3356 968 3408 in
992 3371 1108 3426 quo
1135 3358 1361 3424 septem
1380 3355 1732 3425 spiritalium
1750 3356 1872 3425 ple-

195 3442 408 3498 nitudo
439 3444 739 3512 virtutum,
773 3444 930 3498 sicut
958 3444 1143 3497 Isaias
1173 3445 1320 3517 dixit
1344 3445 1483 3514 (Isa.
1516 3461 1555 3511 ι,
1589 3444 1664 3512 2),
1698 3443 1871 3497 habi-

193 3532 380 3587 tabat.
419 3532 588 3586 Hunc
629 3533 875 3588 vitulum
927 3536 982 3586 et
1028 3533 1325 3587 Abraham
1359 3533 1586 3601 obtulit,
1639 3532 1874 3603 quando

197 3622 355 3676 diem
374 3621 605 3676 Domini
620 3623 782 3686 vidit,
806 3627 860 3676 et
875 3622 1153 3694 gravisus
1172 3625 1263 3676 est
1279 3622 1470 3689 (Joan.
1490 3639 1612 3691 vm,
1631 3621 1740 3682 56).
1764 3622 1874 3676 Hic

198 3711 421 3782 estqui
451 3726 608 3764 nunc
639 3712 697 3765 in
726 3711 881 3765 haedi
913 3714 1070 3782 typo,
1115 3703 1250 3766 601
1293 3711 1532 3765 nuncin
1552 3711 1875 3781 ovis,nunc

199 3801 258 3854 in
291 3800 464 3854 vituli
495 3798 872 3854 offerebatur.
909 3801 1098 3866 Haedi,
1141 3801 1298 3870 quod
1357 3801 1714 3854 Sacriﬁcium
1768 3815 1874 3870 pro

199 3889 441 3943 delictis
491 3889 608 3956 sit;
659 3890 811 3959 ovis,
847 3890 1003 3960 quod
1034 3889 1363 3944 voluntaria
1395 3889 1625 3959 hostia;
1684 3888 1874 3960 vituli,

200 3978 363 4049 quod
393 3978 766 4032 immaculata
799 3979 876 4032 sit
908 3979 1162 4032 victima.

267 4087 323 4139 5.
358 4085 644 4139 Praevidit
674 4101 818 4157 ergo
850 4087 1193 4155 mysterium
1216 4085 1736 4140 sanctusGedcon.
1761 4085 1871 4138 De-

202 4175 384 4246 nique
417 4178 717 4229 trecentos
748 4175 926 4246 elegit
958 4175 1029 4228 ad
1059 4174 1325 4244 praelium
1359 4173 1574 4243 (Judie.
1618 4191 1718 4243 vn,
1767 4173 1821 4244 6)
1859 4188 1875 4244 ;

206 4269 266 4317 ut
299 4263 644 4318 ostenderet
691 4280 808 4318 non
839 4263 898 4317 in
927 4279 1172 4318 numero
1221 4263 1632 4331 multitudinis,
1666 4264 1772 4317 sed
1813 4262 1875 4317 in

205 4355 583 4406 sacramento
617 4369 812 4406 Cl‘UClS
845 4354 1126 4407 mundum
1160 4353 1232 4406 ab
1267 4353 1508 4406 incursu
1533 4353 1874 4422 graviorum

204 4440 467 4495 hostium
502 4441 891 4495 liberandum.
915 4442 984 4495 Et
1011 4445 1203 4495 tamen
1235 4441 1372 4494 licet
1405 4441 1576 4494 fortis
1607 4443 1664 4494 et
1698 4440 1872 4509 ﬁdus,

205 4531 470 4600 pleniora
512 4530 704 4584 adhuc
745 4530 815 4585 de
859 4531 1107 4584 Domino
1143 4530 1351 4583 futurae
1384 4529 1646 4583 victoria:
1689 4529 1876 4584 docu-

206 4624 403 4674 menta
434 4619 758 4690 quaerebat,
785 4621 992 4674 dicens
1019 4635 1030 4674 :
1064 4641 1084 4668 ι
1121 4618 1182 4673 Si
1209 4619 1409 4672 salvas
1440 4620 1499 4671 in
1533 4634 1708 4672 manu
1750 4633 1878 4672 mea

207 4708 414 4777 Israel,
430 4709 922 4778 quemadmodum
947 4709 1180 4763 locutus
1199 4723 1286 4777 es,
1307 4707 1578 4760 Domine:
1601 4722 1740 4760 ecce
1765 4722 1878 4778 ego

207 4813 361 4868 pono
414 4797 565 4851 lanae
622 4798 817 4851 vellus
861 4798 918 4850 in
950 4814 1083 4851 area
1121 4813 1132 4851 :
1177 4805 1232 4852 et
1263 4797 1315 4850 si
1348 4813 1450 4850 ros
1483 4795 1672 4850 factus
1707 4795 1882 4849 fuerit

207 4885 873 4957 supervellus,ctsupcr
894 4901 1123 4938 onmem
1145 4887 1359 4938 terram
1379 4885 1642 4951 siccitas,
1659 4899 1882 4954 cogno-

209 4992 370 5028 scam
396 4975 533 5045 quia
559 4976 616 5028 in
654 4991 824 5028 manu
843 4991 967 5028 mea
992 4974 1321 5028 secundum
1345 4974 1640 5043 promissa
1664 4975 1759 5025 tua
1781 4988 1881 5041 po-

208 5066 410 5133 pulum
435 5063 739 5117 liberabis.
765 5064 832 5117 Et
855 5065 927 5116 ita
954 5063 1170 5116 factum
1189 5067 1279 5116 est
1297 5063 1510 5129 (Judic.
1527 5078 1604 5128 γι,
1624 5061 1712 5128 36,
1729 5061 1875 5130 33).»

209 5152 320 5207 Sed
354 5153 578 5223 adjecit
607 5157 812 5222 postea
847 5157 905 5206 ut
948 5168 1184 5206 rursum
1217 5167 1318 5206 ros
1349 5152 1668 5221 protlueret
1699 5165 1882 5220 super

209 5244 386 5297 totum
429 5247 667 5311 terram,
691 5246 747 5296 et
768 5242 1008 5296 siccitas
1040 5246 1202 5296 esset
1231 5241 1290 5294 in
1314 5241 1556 5296 vellere.

277 5369 330 5422 6.
364 5366 589 5431 Quaerit
635 5367 890 5421 fortasse
922 5367 1138 5438 aliquis
1187 5369 1522 5420 utrumnam
1563 5363 1736 5435 quasi
1786 5363 1880 5416 in-

212 5457 492 5511 credulus
511 5472 650 5511 esse
675 5457 958 5525 videatur,
977 5457 1074 5527 qui
1098 5455 1507 5526 frequentibus
1528 5453 1879 5507 informatus

213 5545 450 5600 indiciis
480 5547 671 5600 adhuc
703 5546 867 5615 plura
892 5545 1216 5616 poscebat?
1247 5545 1362 5600 Sed
1385 5542 1876 5614 quemadmodum

284 5709 360 5774 (5)
402 5707 685 5761 Nonnulli
721 5723 892 5774 mss,
931 5730 952 5753 ιι
987 5707 1244 5777 Spiritus
1276 5721 1378 5760 ore
1411 5705 1634 5759 divino.
1664 5724 1687 5753 ι

1976 1982 2239 2052 gentium
2261 1981 2546 2036 derivavit
2578 1983 2715 2043 (lsa.
2751 1999 2852 2050 xu,
2877 1981 2952 2050 3).
2995 1983 3135 2036 Inde
3163 1984 3256 2036 est
3287 1981 3444 2052 quod
3481 1994 3638 2034 nunc

1975 2071 2109 2124 ﬁdei
2140 2087 2274 2125 rore
2305 2074 2462 2126 totus
2485 2073 2648 2126 orbis
2671 2071 2965 2126 humescit
2997 2086 3010 2125 :
3044 2075 3101 2124 at
3132 2086 3273 2124 vero
3289 2069 3477 2125 Judaei
3503 2085 3637 2139 pro-

1973 2160 2181 2230 phetas
2215 2175 2359 2214 suos
2391 2165 2445 2215 et
2476 2161 2831 2214 consiliaros
2863 2159 3266 2230 perdiderunt.

2044 2267 2098 2320 8.
2135 2267 2257 2321 Nec
2308 2269 2519 2321 mirum
2569 2268 2623 2322 si
2664 2267 2928 2338 perﬁdiae
2988 2266 3239 2320 subeant
3288 2265 3634 2334 siccitatem,

1975 2372 2126 2427 quos
2147 2356 2431 2410 Dominus
2465 2357 2623 2410 Deus
2645 2355 2968 2426 prophetici
2994 2354 3202 2408 imbris
3225 2354 3490 2408 ubertate
3522 2354 3640 2424 pri-

1976 2446 2152 2515 vavit,
2187 2445 2392 2499 dicens
2430 2461 2442 2500 :
2492 2468 2513 2492 η
2553 2445 2839 2499 Mandabo
2871 2443 3130 2498 nubibus
3164 2443 3310 2497 meis
3343 2459 3416 2497 ne
3441 2443 3643 2514 pluant

1978 2536 2392 2606 supervineam
2410 2534 2582 2588 istam
2607 2534 2744 2603 (Isa.
2765 2551 2821 2600 v,
2841 2533 2916 2603 6).
2939 2555 2960 2581 ιι
2991 2533 3261 2587 Estenim
3279 2532 3642 2602 prophetica

1978 2626 2154 2680 nubis
2185 2625 2380 2694 pluvia
2405 2623 2702 2691 salutaris,
2738 2623 2892 2678 sicut
2923 2625 2980 2678 et
3009 2623 3194 2676 David
3225 2623 3372 2676 dixit
3409 2637 3422 2677 :
3461 2641 3484 2671 ι
3530 2621 3642 2676 De-

1979 2716 2210 2769 scendit
2239 2715 2393 2768 sicut
2415 2713 2611 2783 pluvia
2630 2714 2688 2767 in
2711 2713 2922 2781 vellus,
2947 2715 3004 2766 et
3021 2712 3176 2766 sicut
3199 2709 3497 2765 stillicidia
3521 2710 3644 2764 stil-

1977 2804 2154 2859 lantia
2203 2819 2384 2873 super
2430 2806 2644 2857 terram
2676 2800 3144 2872 (Psal.i.xxi,6).
3182 2821 3202 2849 ι
3259 2799 3426 2854 Hanc
3468 2798 3642 2853 nobis

1978 2894 2299 2963 Scriptura:
2331 2893 2546 2946 divinae
2571 2892 2750 2946 totius
2773 2891 2972 2944 mundi
2997 2889 3251 2960 pluviam
3275 2888 3644 2960 polliceban-

1979 2985 2092 3045 tur,
2135 2999 2268 3053 quae
2319 2981 2541 3053 rigaret
2594 2981 2798 3035 orbem
2856 2979 2970 3034 sub
3021 2979 3250 3033 Domini
3319 2977 3644 3032 Salvatoris

1979 3073 2233 3127 adventu
2289 3071 2544 3142 Spiritus
2589 3085 2722 3124 rore
2780 3068 2960 3124 divini
2991 3069 3090 3138 (5).
3131 3067 3305 3122 Venit
3349 3082 3495 3139 ergo
3523 3065 3647 3137 jam

1980 3162 2286 3229 Dominus,
2320 3161 2480 3214 venit
2509 3163 2564 3213 et
2593 3159 2810 3229 pluvia,
2835 3158 2996 3212 venit
3025 3157 3312 3212 Dominus
3343 3155 3642 3210 stillicidia

1978 3267 2182 3306 secum
2203 3250 2464 3304 coelestia
2489 3249 2800 3315 deferens;
2823 3249 2880 3302 et
2908 3247 3040 3301 ideo
3067 3245 3191 3316 jam
3215 3260 3327 3300 nos
3350 3245 3635 3312 bibimus,

1977 3342 2076 3412 qui
2097 3344 2230 3395 ante
2253 3339 2619 3404 sitiebamus,
2646 3340 2702 3392 et
2722 3337 2985 3391 divinum
3007 3335 3172 3390 illum
3195 3333 3478 3406 Spiritum
3500 3332 3640 3388 hau-

1977 3435 2074 3486 stu
2106 3431 2384 3486 interiore
2417 3432 2709 3500 potamus.

2046 3538 2098 3592 9.
2125 3537 2251 3591 Hoc
2271 3551 2416 3607 ergo
2437 3535 2709 3606 praevidit
2729 3536 2974 3589 sanctus
2995 3531 3256 3600 Gedeon,
3279 3529 3416 3603 quia
3436 3545 3646 3586 verum

1978 3630 2034 3681 et
2063 3625 2386 3697 spiritalem
2431 3639 2626 3678 rorem
2667 3624 2838 3678 etiam
2869 3622 3132 3694 gentium
3173 3621 3444 3676 nationes
3475 3621 3647 3674 erant

1978 3716 2111 3770 ﬁdei
2136 3714 2510 3785 perceptione
2527 3713 2820 3778 bibiturze,
2843 3715 2898 3766 et
2919 3711 3051 3766 ideo
3073 3710 3423 3782 diligentius
3445 3707 3650 3779 explo-

1979 3807 2160 3872 ravit;
2194 3807 2284 3858 est
2301 3805 2457 3858 enim
2489 3802 2831 3856 necessaria
2875 3801 3100 3855 cautela
3151 3802 3512 3854 sanctorum.
3546 3796 3637 3852 Si-

1979 3894 2216 3965 quidem
2247 3893 2419 3948 etiam
2442 3893 2622 3947 Jesus
2656 3891 2819 3945 Nave
2849 3907 2980 3945 cum
3018 3889 3268 3944 vidisset
3289 3888 3500 3942 ducem
3532 3885 3642 3940 mi-

1979 3983 2118 4037 litiae
2149 3983 2434 4051 caelestis,
2467 3981 2885 4052 interrogavit:
2925 4000 2947 4030 ι
2983 3979 3205 4033 Noster
3232 3993 3320 4045 es,
3345 3993 3418 4030 an
3437 3976 3648 4030 adver-

1981 4073 2274 4126 sariorum
2305 4072 2444 4132 (Jos.
2478 4089 2535 4138 v,
2599 4070 2687 4140 13)
2705 4073 2732 4124 '?
2769 4092 2788 4118 η
2845 4085 2916 4123 ne
2974 4067 3123 4123 forte
3153 4066 3451 4138 aliquibus
3504 4056 3650 4120 602

1983 4161 2308 4216 adversarii
2334 4159 2657 4232 praestigiis
2690 4159 3009 4214 falleretur.

2059 4270 2144 4323 10.
2178 4269 2310 4322 Non
2342 4271 2533 4322 tamen
2585 4267 2772 4321 otiose
2805 4266 2962 4337 quod
3010 4264 3204 4320 vellus
3262 4277 3380 4318 non
3424 4261 3519 4316 vel
3587 4261 3647 4314 in

1903 4383 1958 4444 D
1989 4375 2194 4429 campo
2225 4359 2442 4429 posuit,
2476 4358 2570 4412 vel
2599 4357 2657 4410 in
2689 4359 2854 4427 prato
2889 4355 3034 4410 :sed
3067 4353 3345 4444 posuit‘in
3377 4349 3653 4444 area,ubi

1991 4450 2209 4504 messis
2256 4451 2348 4503 est
2387 4447 2561 4502 tritici
2595 4462 2607 4502 :
2659 4469 2679 4493 α
2718 4445 2939 4499 Messis
2969 4444 3124 4498 enim
3165 4441 3364 4509 multa,
3397 4437 3653 4509 Operarii

1989 4543 2182 4595 autem
2214 4539 2384 4608 pauci
2415 4537 2577 4606 (Luc.
2603 4553 2661 4590 x.
2693 4535 2780 4604 ‘2);
2809 4556 2829 4582 ιι
2867 4549 2937 4588 eo
2969 4532 3124 4603 quod
3144 4546 3248 4601 per
3266 4529 3441 4584 ﬁdem
3465 4525 3654 4582 Domi-

1990 4631 2047 4684 ni
2083 4629 2274 4682 futura
2307 4629 2470 4681 esset
2497 4624 2717 4679 messis
2743 4621 2990 4676 fecunda
3013 4620 3312 4673 virtutum.

2063 4735 2148 4790 li.
2191 4736 2316 4788 Nec
2364 4732 2506 4786 illud
2554 4732 2742 4786 otiose
2775 4728 2932 4800 quod
2966 4725 3292 4781 exsiccavit
3321 4723 3514 4778 vellus
3545 4722 3652 4777 Ju-

1991 4825 2242 4890 daicum,
2269 4826 2324 4876 et
2354 4837 2548 4876 rorem
2582 4818 2715 4890 ejus
2748 4818 2908 4871 misit
2936 4817 2993 4870 in
3028 4815 3264 4885 pelvim,
3299 4818 3361 4868 ut
3389 4812 3656 4883 replere-

1990 4919 2084 4969 tur
2113 4930 2262 4984 aqua
2293 4911 2509 4980 (.Iudic.
2537 4925 2614 4976 vi,
2646 4908 2736 4974 39,
2771 4905 2880 4974 40),
2906 4922 3024 4960 non
3054 4908 3247 4959 tamen
3270 4904 3400 4974 ipse
3429 4918 3500 4958 eo
3523 4916 3656 4957 rore

1988 5004 2172 5074 pedes
2272 5000 2432 5055 lavit.
2523 4997 2637 5052 Alii
2720 4995 3048 5050 debebatur
3129 4994 3272 5047 tanti
3357 5007 3660 5063 praeroga-

1988 5094 2104 5146 tiva
2182 5088 2467 5161 mysterii.
2549 5085 3018 5155 Exspectabatur
3091 5083 3186 5137 ille
3267 5083 3366 5154 qui
3444 5081 3658 5136 sordes

1991 5182 2249 5236 omnium
2314 5178 2480 5232 solus
2528 5178 2733 5245 posset
2790 5174 3051 5228 abluere.
3097 5173 3230 5227 Non
3281 5174 3406 5226 erat
3461 5173 3659 5224 tantus

1989 5271 2250 5338 Gedeon,
2302 5269 2402 5339 qui
2452 5267 2563 5320 hoc
2623 5265 2738 5319 sibi
2803 5265 3151 5334 mysterium
3197 5261 3525 5316 vindicaret
3555 5260 3652 5328 (6).

1991 5361 2123 5415 Non
2156 5359 2312 5412 enim
2341 5355 2600 5425 Gedeon,
2635 5354 2740 5409 sed
2777 5377 2798 5400 «
2835 5353 3021 5407 Filius
3055 5351 3314 5406 hominis
3345 5351 3506 5403 venit
3537 5362 3656 5401 non

1993 5446 2335 5515 ministrari,
2363 5445 2469 5500 sed
2494 5444 2828 5498 ministrare
2852 5442 3090 5510 (Matth.
3125 5457 3226 5507 xx,
3263 5439 3376 5507 9.8).
3402 5461 3421 5484 ι·
3458 5437 3656 5506 Itaque

1997 5551 2435 5610 cognoscamus
2468 5536 2525 5588 in
2548 5551 2663 5606 quo
2696 5532 2823 5586 haec
2857 5530 3134 5601 mysteria
3167 5528 3476 5581 videantur
3515 5537 3654 5578 esse

404 5760 482 5833 ita
507 5779 646 5834 edit.
679 5760 892 5834 omnes
917 5795 986 5832 ac
1003 5760 1436 5852 pluresmss.;
1487 5779 1547 5831 at
1576 5791 1694 5831 non
1727 5773 1878 5829 male
1917 5771 2140 5848 aliquot
2168 5769 2287 5839 alii,
2327 5792 2346 5815 «
2377 5764 2768 5823 ministerium
2798 5760 3146 5816 vindicaret.
