3964 6168
429 330 546 398 735

1857 344 1922 408 s.
1983 344 2434 409 AMBROSII.
3678 362 3767 428 ηδ

426 533 733 606 completa.
788 537 920 595 Non
963 540 1022 596 in
1054 546 1260 599 sancto
1312 544 1669 615 Hierobaal;
1707 546 1901 601 adhuc
1930 546 2089 602 enim
2124 528 2176 592 Α
2208 544 2421 602 affectu
2452 546 2627 618 (Gen.
2658 565 2822 618 xvm,
2855 548 2932 619 5).
2982 548 3227 605 Volebat
3272 552 3327 606 et
3366 550 3575 610 Gedeon
3618 557 3773 617 lavare

426 628 593 679 erant
622 624 717 679 illa
745 629 1053 700 principia.
1103 632 1241 688 Ideo
1287 638 1499 706 gentes
1555 636 1749 704 victas,
1803 636 1939 707 quia
1963 636 2089 691 sic-

427 714 574 768 citas
606 720 731 770 erat
751 718 942 773 adhuc
966 720 1023 775 in
1046 723 1324 793 gentibus
1350 740 1362 779 :
1398 724 1530 780 ideo
1553 725 1735 780 Israel
1766 726 1925 795 vicit,
1953 725 2090 798 quia

427 818 529 857 ros
558 806 699 859 tunc
731 809 1001 863 manebat
1032 809 1091 864 in
1120 812 1361 868 vellere.

504 893 589 947 12.
624 894 943 951 Veniamus
975 899 1048 953 ad
1083 900 1188 955 Dei
1231 901 1636 975 Evangelium.
1696 903 1936 959 Invenio
1969 903 2089 959 Do-

425 984 648 1038 minum
670 987 1018 1056 spoliantem
1050 1005 1117 1044 se
1137 990 1508 1063 vestimenta,
1540 996 1597 1047 et
1626 993 2090 1065 prwcingentem

427 1088 495 1128 se
526 1073 724 1143 linteo,
774 1076 1092 1133 mittentem
1150 1096 1360 1152 aquam
1407 1082 1468 1136 in
1517 1081 1753 1152 pelvim,
1797 1083 2090 1138 lavantem

425 1162 610 1233 pedes
641 1164 1067 1235 discipulorum
1112 1169 1301 1237 (Joan.
1342 1188 1466 1241 xm,
1524 1172 1698 1241 4-10).
1763 1172 1905 1227 Haec
1964 1176 2091 1228 erat

427 1266 581 1322 aqua
631 1268 732 1306 ros
783 1254 880 1309 ille
939 1256 1222 1327 cmlestis,
1255 1259 1368 1315 hoc
1416 1260 1878 1331 prophetabatur
1931 1263 2090 1334 quod

426 1339 528 1395 illo
561 1357 692 1396 rore
716 1342 1037 1414 coelesti('7)
1070 1346 1493 1418 discipulorum
1526 1366 1769 1405 suorum
1804 1350 2090 1405 Dominus

428 1428 609 1484 Jesus
658 1431 841 1501 pedes
897 1432 1137 1489 lavaret.
1181 1435 1252 1490 Et
1288 1453 1445 1492 nunc
1490 1440 1879 1494 extendantur
1904 1440 2088 1510 pedes

428 1518 757 1575 animorum
776 1524 1136 1578 nostrorum.
1172 1525 1309 1580 Vult
1337 1527 1625 1582 Dominus
1655 1528 1834 1584 Jesus
1861 1531 1919 1584 et
1950 1546 2090 1584 nos-

426 1608 553 1661 tros
584 1607 780 1664 lavare
813 1610 1035 1680 pedes;
1078 1630 1196 1668 non
1228 1615 1383 1669 enim
1426 1616 1598 1672 Petro
1645 1617 1780 1688 soli,
1815 1618 1923 1673 sed
1955 1619 2090 1674 uni-

429 1695 640 1766 cuique
662 1696 802 1752 dicit
834 1698 991 1755 fideli
1015 1717 1028 1755 :
1065 1723 1088 1748 κ
1127 1702 1260 1757 Nisi
1282 1703 1481 1760 lavero
1500 1705 1602 1761 tibi
1624 1706 1830 1778 pedes,
1855 1724 1974 1763 non
1992 1708 2093 1763 ha-

426 1784 601 1839 bebis
634 1801 863 1841 mecum
886 1791 1107 1858 partem
1139 1791 1315 1859 (Ibid.
1339 1793 1414 1864 8).
1452 1816 1474 1842 ιι

500 1872 586 1929 13.
619 1874 764 1974 Veni
797 1878 1232 1974 ergo,_Domine
1252 1882 1415 1953 Jesu,
1450 1898 1602 1939 exue
1640 1888 1697 1939 te
1718 1886 2089 1958 vestimenta,
2121 1911 2175 1974 Β

428 1977 561 2034 quae
589 1968 830 2035 prapter
852 1983 943 2022 me
967 1968 1242 2026 induisti:
1286 1975 1415 2027 esto
1438 1973 1652 2043 nudus,
1670 1977 1731 2029 ut
1752 1976 2092 2031 misericor-

428 2052 521 2106 dia
552 2055 648 2107 tua
681 2055 925 2111 vestias.
961 2056 1271 2132 Praecinge
1300 2064 1355 2115 te
1385 2067 1627 2133 propter
1657 2079 1768 2118 nos
1799 2064 1999 2132 linteo,
2031 2067 2096 2120 ut

428 2156 539 2195 nos
596 2142 676 2197 tui
729 2145 993 2201 muneris
1038 2146 1469 2205 immortalitate
1513 2153 1872 2225 praecingas.
1932 2154 2093 2210 Mitte

427 2245 640 2301 aquam
662 2231 721 2287 in
752 2234 969 2304 pelvim
993 2251 1006 2290 :
1032 2236 1163 2290 lava
1191 2254 1309 2292 non
1340 2239 1532 2294 solum
1556 2241 1763 2312 pedes,
1790 2243 1897 2298 sed
1921 2228 2094 2299 etiam

429 2322 638 2390 caput:
671 2338 781 2377 nec
811 2323 1008 2378 solum
1043 2326 1313 2397 corporis
1342 2329 1550 2398 nostri,
1588 2330 1696 2385 sed
1727 2332 1899 2386 etiam
1933 2348 2095 2387 men-

426 2408 503 2463 tis
535 2411 810 2483 vestigia.
854 2412 1002 2468 Volo
1034 2430 1254 2471 exuere
1285 2433 1493 2473 omnes
1523 2419 1600 2490 (8)
1625 2423 1846 2475 nostrae
1877 2422 2091 2477 sordes

427 2496 801 2570 fragilitatis;
850 2505 913 2556 ut
951 2518 1065 2575 ego
1113 2504 1305 2585 dicam
1339 2521 1352 2561 :
1392 2530 1414 2554 α
1453 2508 1637 2564 Nocte
1668 2510 1802 2565 exui
1833 2510 2095 2569 tunicam

425 2601 635 2656 meam,
677 2590 972 2659 quomodo
1011 2592 1248 2648 induam
1279 2597 1448 2651 eam?
1498 2597 1642 2652 Lavi
1684 2598 1868 2669 pedes
1901 2615 2088 2671 meos,

427 2678 724 2747 quomodo
752 2677 1073 2749 inquinabo
1103 2681 1238 2737 illos
1269 2684 1463 2753 (Cant.
1490 2703 1547 2757 v,
1572 2685 1674 2757 3)?
1705 2711 1728 2736 η

499 2762 586 2819 14.
618 2765 839 2830 Quanta
863 2768 973 2823 ista
1014 2771 1297 2843 majestas
1319 2773 1442 2830 est!
1475 2774 1657 2841 Quasi
1693 2776 1965 2833 minister
1984 2794 2093 2849 pe-

426 2852 535 2908 des
565 2853 917 2912 famulorum
959 2860 1194 2915 tuorum
1252 2862 1437 2933 lavas,
1474 2867 1647 2936 quasi
1696 2866 1854 2921 Deus
1894 2883 2091 2923 rorem

425 2942 663 2999 mittise
695 2945 866 3001 coelo.
905 2947 1030 3002 Nec
1063 2950 1255 3006 solum
1288 2953 1471 3023 pedes
1519 2954 1706 3025 lavas,
1749 2956 1858 3010 sed
1914 2956 2090 3012 etiam

427 3034 493 3085 ut
520 3034 714 3088 tecum
744 3038 1159 3095 recumbamus
1190 3041 1426 3113 invitas,
1448 3048 1504 3098 et
1534 3046 1808 3116 exemplo
1839 3062 1950 3101 nos
1971 3049 2088 3102 tuae

428 3120 790 3194 dignationis
847 3125 1104 3183 hortaris
1153 3130 1360 3187 dicens
1395 3148 1406 3188 :
1445 3155 1468 3181 σε
1506 3134 1745 3190 Vocatis
1775 3151 1867 3191 me
1899 3136 2091 3191 domi-

425 3226 568 3266 num
598 3216 657 3268 et
692 3215 1063 3287 magistrum,
1089 3222 1146 3273 et
1173 3220 1325 3275 bene
1354 3220 1584 3293 facitis;
1618 3240 1751 3278 sum
1773 3227 2008 3280 etenim.
2029 3224 2089 3281 Si

427 3315 573 3374 ergo
605 3319 719 3376 ego
741 3305 857 3360 lavi
886 3309 1072 3378 pedes
1086 3312 1323 3365 vestros
1340 3311 1615 3367 dominus
1630 3316 1686 3367 et
1706 3315 2010 3387 magister,
2036 3319 2092 3371 et

426 3406 536 3446 vos
555 3392 808 3450 invicem
829 3396 1018 3453 lavate
1036 3399 1219 3469 pedes
1232 3403 1468 3455 vestros
1485 3402 1676 3471 (Joan.
1695 3420 1821 3472 xm,
1847 3403 2083 3475 13,14)»

498 3481 585 3537 15.
622 3482 764 3539 Volo
795 3501 940 3559 ergo
980 3491 1036 3542 et
1067 3504 1182 3561 ego
1212 3490 1396 3560 pedes
1424 3490 1623 3547 lavare
1655 3491 1898 3549 fratrum
1930 3509 2089 3549 meo-

424 3585 576 3641 rum,
609 3573 744 3628 volo
796 3574 1026 3631 Domini
1055 3577 1300 3649 implere
1332 3580 1686 3650 mandatum,
1726 3582 1862 3637 volo
1895 3583 1955 3637 in
1997 3598 2089 3639 me

424 3674 545 3714 non
573 3663 961 3719 verecundari
994 3666 1092 3737 (9),
1121 3684 1241 3723 non
1271 3668 1579 3742 dedignari
1599 3671 1756 3742 quod
1774 3672 1903 3742 ipse
1921 3673 2088 3743 prius

426 3745 585 3803 fecit.
636 3750 864 3807 Bonum
908 3757 1257 3825 mysterium
1313 3758 1697 3828 humilitatis;
1757 3762 1894 3832 quia
1949 3761 2089 3816 dum

425 3835 650 3892 alienas
710 3841 921 3896 sordes
967 3843 1121 3913 lavo,
1174 3862 1337 3901 meas
1377 3847 1572 3903 abluo.
1633 3848 1751 3904 Sed
1810 3865 1927 3904 non
1976 3849 2090 3904 hoc

427 3940 636 3981 omnes
692 3928 929 3986 haurire
984 3936 1254 4003 poterant
1298 3934 1411 4005 (10)
1460 3939 1826 4008 mysterium.
1864 3939 2089 3993 Lavare

426 4012 613 4070 voluit
639 4017 876 4087 quidem
901 4024 957 4075 et
988 4022 1282 4078 Abraham
1316 4025 1521 4095 pedes,
1547 4026 1652 4080 sed
1673 4026 2089 4097 hospitalitatis

596 4158 744 4238 Mss.
778 4163 1063 4238 nonnulli,
1093 4186 1115 4211 ιι
1143 4166 1297 4236 quod
1323 4165 1423 4221 illo
1456 4183 1634 4238 opere
1657 4168 1904 4236 caelesti,
1927 4194 1947 4218 »ι
1975 4174 2087 4227 etc.

497 4229 574 4310 (8)
605 4229 824 4286 Omnes
850 4234 1000 4310 edit.
1025 4229 1098 4310 ac
1126 4229 1271 4291 mss.
1305 4253 1423 4292 non
1467 4229 1636 4309 pauci
1680 4262 1701 4286 a
1731 4229 1922 4310 caput.
1964 4241 2091 4297 Nec

425 4301 716 4380 solum...
731 4305 984 4380 vestigia
1006 4307 1162 4380 volo,
1178 4324 1418 4374 exuere,
1435 4301 1641 4365 omnes
1663 4326 1678 4380 ;
1698 4301 1916 4365 sed'alii
1938 4329 2087 4369 mss.

426 4375 796 4452 commodius
827 4378 1010 4452 verba
1034 4378 1424 4452 distinguunt,
1457 4386 1519 4436 ut
1548 4383 1606 4436 in
1628 4375 1812 4437 textu.
1849 4408 1871 4431 »

496 4446 574 4515 (9)
609 4446 755 4502 Mss.
790 4448 1030 4519 aliquot,
1070 4473 1093 4498 α
1118 4446 1301 4506 νοιῖιίῑ
1331 4468 1423 4507 me
1455 4469 1573 4508 non
1609 4455 2019 4510 verecundari.
2061 4477 2084 4506 ιι

424 4515 566 4595 item
597 4523 731 4595 post
760 4521 870 4595 tria
889 4515 1081 4575 'verba
1114 4524 1377 4595 nonnulli
1411 4524 1529 4595 alii,
1566 4548 1588 4571 α
1627 4525 1853 4580 Bonum
1884 4526 2088 4581 minis-

422 4589 638 4668 terium
666 4590 1036 4668 humilitatis.
1075 4618 1097 4642 »ι
1136 4594 1463 4667 Utrobique
1517 4589 1750 4668 reliqui,
1787 4602 1843 4652 et
1880 4613 2087 4653 omnes

425 4659 547 4714 edit
583 4661 897 4717 nobiscum
922 4664 1163 4721 faciunt.

497 4730 609 4809 (ιο)
646 4731 891 4809 QU_idam
925 4752 1071 4791 mss.
1111 4759 1133 4785 α
1168 4739 1372 4793 audire
1395 4742 1663 4809 poterant
1689 4761 1738 4807 ι,
1771 4743 1881 4794 etc.
1922 4739 2089 4804 Quod

426 4804 620 4883 aptem
650 4803 972 4883 subjicitur
988 4809 1324 4864 Gedeonem
1357 4803 1624 4883 voluisse
1654 4803 1866 4883 angelo
1896 4803 2082 4883 pedes

427 4870 828 4953 ablue_re,_hoc
857 4879 1151 4953 undenam
1181 4885 1479 4952 sumptum
1521 4882 1714 4950 fuerit,
1733 4870 1941 4936 “nobis
1973 4898 2090 4937 non

426 4941 652 5025 liquet.“
665 4944 892 5025 Etenim
923 4964 992 5003 ea
1040 4951 1112 5006 de
1158 4968 1221 5007 re
1266 4941 1589 5023 in'Bibliis,
1651 4941 1784 5025 quae
1834 4956 2087 5025 exstant,

429 5012 589 5067 nulla
619 5014 681 5068 tit
708 5019 946 5073 mentio.

500 5083 613 5165 (11)
636 5084 716 5139 Ita
746 5092 860 5167 vet.
895 5090 1031 5167 edit.
1067 5094 1124 5146 et
1152 5096 1347 5149 cuncti
1376 5111 1524 5151 mss.
1559 5098 1825 5167 exceptis
1856 5096 2084 5166 paucis,

427 5154 536 5238 pbi
550 5170 654 5225 pro
677 5177 698 5205 α
720 5159 981 5238 caelestis
1002 5166 1288 5238 mysterii,
1307 5190 1329 5214 ι)
1356 5167 1606 5222 habetur
1623 5191 1645 5214 ‹‹
1673 5154 1915 5223 caeleste
1938 5154 2090 5238 mysi

428 5228 696 5308 teriam.»
724 5231 804 5308 At
825 5231 992 5286 Rom.
1030 5228 1166 5289 edit.
1217 5228 1307 5291 sic
1352 5238 1546 5292 locum
1573 5237 1759 5306 etl‘ert,
1788 5262 1811 5286 ιι
1842 5239 1967 5293 Hoc
1997 5228 2090 5293 est

430 5300 585 5373 enim
618 5300 887 5373 semplex
914 5318 1085 5373 aqua,
1121 5308 1227 5361 sed
1259 5308 1500 5363 caeleste
1534 5300 1900 5373 mysterium.
1941 5334 1962 5356 ι»

501 5370 776 5451 (12)ltiss.
801 5370 1046 5451 'I‘Aheodq
1074 5370 1095 5424 ξι
1132 5378 1348 5432 inimici
1382 5381 1495 5435 mei
1529 5370 1886 5436 calcaneum.
1908 5406 1928 5429 η
1958 5381 2090 5436 Non

430 5444 580 5495 satis
612 5447 791 5524 recte.
823 5444 1182 5524 Quidpqrro
1214 5465 1320 5519 per
1339 5452 1519 5524 animi
1548 5452 1887 5524 calcaneum
1919 5451 2089 5524 ejus-

411 5528 544 5601 -gue
575 5515 935 5601 ablutionem
958 5515 1308 5601 designetur
1328 5522 1400 5601 ab
1435 5523 1769 5601 Ambrosio,
1805 5540 1920 5601 non
1951 5515 2089 5595 per-

458 5587 722 5666 unctorie
743 5588 813 5641 ad
865 5605 992 5666 cap.
1016 5590 1051 5645 6
1079 5587 1181 5646 lib.
1218 5593 1292 5647 de
1322 5593 1631 5665 Mysterii,
1665 5611 1824 5650 num.
1854 5587 2087 5666 3'2,'ex-

429 5655 707 5729 plicatum
729 5655 1014 5729 reperies.

502 5726 612 5806 (13)
634 5726 851 5806 Omnes
883 5733 1020 5789 edit.
1054 5751 1122 5790 ac
1146 5737 1315 5806 pauci
1346 5752 1493 5792 mss.
1530 5759 1553 5785 α
1597 5752 1800 5793 muros
1832 5738 2089 5793 circum-

428 5801 910 5878 ﬂonabatarmis;
950 5828 971 5855 ι»
996 5807 1097 5863 alii
1128 5801 1587 5882 nonnullimss.,
1622 5831 1644 5860 α
1678 5824 1885 5866 muros
1905 5810 2088 5867 armis

2120 3270 2173 3338 Ο

2111 4634 2167 4694 D

2206 637 2390 707 pedes
2419 637 2633 709 angelo
2651 638 2997 710 Dominiqui
3020 639 3287 709 apparuit
3307 640 3410 694 sibi
3440 657 3450 696 :
3472 644 3563 698 sed
3588 647 3773 703 volebat

2208 727 2329 795 uni,
2361 726 2595 781 volebat
2624 727 2795 798 quasi
2826 726 2878 781 is
2907 727 3009 799 qui
3028 727 3285 783 deferret
3312 729 3641 803 obsequium,
3689 753 3778 792 non

2208 816 2306 887 qui
2362 816 2608 871 donaret
2660 816 3046 871 consortium.
3116 808 3263 872 603
3325 817 3442 872 Hoc
3503 823 3779 892 mysterium

2207 920 2486 976 magnum
2525 907 2638 975 est,
2672 904 2829 976 quod
2860 920 3034 960 nemo
3056 906 3352 978 cognovit.
3386 906 3624 979 Denique
3647 911 3784 967 Petro

2209 992 2387 1048 dixit:
2415 1017 2437 1040 α
2465 992 2631 1058 Quod
2651 1009 2765 1065 ego
2795 993 2949 1048 facio
2980 997 3041 1048 tu
3059 993 3283 1064 nescis,
3300 1010 3604 1067 cognosces
3626 1004 3785 1069 postea

2209 1082 2399 1153 (Joan.
2414 1099 2538 1151 xm,
2553 1082 2629 1151 ’7).
2642 1103 2663 1132 ι
2676 1083 2821 1151 Hoc,
2839 1083 3098 1154 inquam,
3118 1083 3375 1138 divinum
3389 1087 3692 1155 mysterium
3705 1093 3789 1158 est,

2208 1171 2365 1242 quod
2396 1171 2568 1225 etiam
2619 1171 2720 1243 qui
2770 1171 3039 1242 laverint,
3075 1172 3393 1244 requirent.
3439 1173 3561 1228 Non
3581 1179 3791 1249 estergo

2208 1260 2463 1330 simplex
2474 1276 2624 1331 aqua
2639 1261 2902 1315 caelestis
2916 1262 3182 1332 mysterii
3205 1262 3443 1332 (11),per
3456 1279 3617 1334 quam
3630 1279 3794 1321 conse-

2208 1350 2463 1421 quimur,
2496 1354 2557 1403 ut
2584 1353 2809 1420 partem
2832 1366 2965 1405 cum
2995 1348 3233 1405 Christo
3265 1350 3477 1406 habere
3507 1368 3794 1409 mereamur.

2280 1437 2367 1492 16.
2411 1438 2517 1492 Est
2543 1441 2600 1493 et
2628 1438 2897 1510 quaedam
2927 1455 3078 1510 aqua
3110 1454 3286 1510 quam
3315 1439 3594 1495 mittamus
3620 1442 3673 1495 in
3698 1441 3796 1512 pel-

2208 1527 2324 1581 vim
2346 1528 2556 1582 animae
2588 1531 2830 1596 nostrae,
2863 1544 3014 1600 aqua
3037 1528 3108 1582 de
3158 1528 3378 1583 vellere
3421 1532 3476 1584 et
3509 1529 3646 1585 libro
3675 1530 3802 1585 ludi-

2209 1632 2361 1684 cum,
2403 1633 2554 1688 aqua
2611 1616 2683 1671 de
2739 1616 2892 1671 libro
2940 1617 3315 1671 Psalmorum
3363 1616 3543 1687 (Psal.
3581 1635 3707 1687 χχιι,
3743 1618 3801 1686 2).

2206 1708 2374 1776 Aqua
2388 1709 2479 1760 est
2499 1721 2600 1760 ros
2619 1705 2881 1760 caelestis
2905 1705 3149 1760 oraculi.
3184 1705 3592 1778 Veniatigitur,
3613 1707 3810 1762 Domine

2206 1795 2373 1863 Jesu,
2390 1793 2518 1849 haec
2535 1810 2687 1865 aqua
2711 1795 2769 1848 in
2788 1810 2975 1848 meam
2999 1794 3274 1863 animam,
3302 1794 3362 1849 in
3383 1811 3563 1849 meam
3585 1810 3809 1850 carnem:

2206 1886 2271 1938 ut
2308 1882 2490 1954 hujus
2513 1883 2761 1938 humore
2792 1882 3008 1953 pluviae
3030 1886 3369 1938 nostrarum
3387 1884 3673 1938 convalles
3691 1900 3815 1940 men-

2205 1972 2349 2026 tium
2378 1975 2551 2043 atque
2584 1971 2770 2025 intimi
2823 1972 3022 2027 cordis
3045 1987 3188 2026 arva
3222 1972 3597 2029 viridescant.
3616 1973 3818 2027 Veniant

2203 2078 2264 2116 ιιι
2314 2077 2405 2116 me
2455 2060 2752 2115 stillicidia
2783 2063 2881 2115 tua
2909 2060 3098 2130 (Psal.
3133 2078 3294 2127 LXXI,
3330 2061 3408 2132 6),
3468 2062 3697 2134 gratiam
3736 2061 3823 2116 im-

2205 2150 2733 2221 mortalitatemque
2790 2149 3069 2205 rorantia.
3129 2149 3301 2205 Dilue
3348 2166 3598 2223 gressus
3646 2152 3818 2205 mentis

2204 2255 2372 2309 meae,
2390 2255 2461 2294 ne
2475 2240 2684 2293 iterum
2703 2254 2966 2309 peccem.
2986 2238 3178 2294 Ablue
3200 2240 3385 2294 animi
3400 2240 3514 2294 mei
3529 2239 3823 2294 calcaneum

2204 2329 2337 2398 (1‘2),
2371 2332 2433 2382 ut
2469 2329 2698 2399 possim
2721 2327 2960 2382 abolere
2996 2328 3379 2383 maledictum
3397 2328 3570 2400 (Gen.
3602 2345 3677 2396 ιιι,
3717 2329 3826 2395 1ὂ);

2204 2433 2277 2473 ne
2311 2433 2573 2472 morsum
2607 2417 2907 2487 serpentis
2936 2416 3219 2495 interiore
3250 2417 3406 2488 pede
3440 2417 3700 2484 sentiam,
3728 2415 3831 2483 sed,

2202 2507 2359 2562 sicut
2398 2507 2526 2577 ipse
2568 2506 2813 2577 jussisti
2846 2505 3240 2576 sequentibus
3275 2509 3356 2576 te,
3390 2509 3453 2560 ut
3482 2510 3769 2576 serpentes
3792 2508 3835 2558 et

2203 2597 2557 2666 scorpiones
2591 2595 3033 2671 illaasopossim
3060 2594 3296 2650 calcare
3327 2594 3589 2667 vestigio
3616 2594 3762 2665 (Luc.
3786 2609 3834 2662 ι,

2202 2685 2313 2754 19).
2335 2684 2663 2740 Redemisti
2686 2684 2986 2752 mundum,
3012 2683 3241 2741 redime
3264 2684 3451 2740 unius
3473 2684 3715 2739 animam
3733 2698 3841 2754 pec-

2204 2774 2447 2830 catoris.
3336 2813 3340 2817 -

2276 2861 2364 2917 17.
2398 2862 2543 2917 Haec
2575 2864 2669 2917 est
2701 2862 2982 2933 specialis
3021 2864 3139 2918 tum
3169 2863 3581 2935 prwrogativa
3625 2860 3843 2933 pietatis,

2203 2968 2321 3024 qua
2349 2955 2532 3008 totum
2564 2951 2846 3007 mundum
2875 2951 2936 3005 in
2965 2951 3227 3023 singulis
3259 2951 3597 3007 redemisti.
3620 2950 3768 3006 Elias
3793 2948 3849 3002 ad

2203 3057 2380 3097 unam
2412 3041 2638 3096 missus
2659 3043 2752 3096 est
2780 3040 3019 3095 viduam
3037 3039 3156 3111 (III
3180 3040 3339 3113 Reg.
3367 3041 3611 3111 xvu,9),
3629 3038 3853 3095 Elisseae

2203 3130 2509 3186 mandavit
2536 3146 2717 3185 unum
2748 3128 2859 3197 (IV
2884 3129 3032 3201 Reg.
3064 3146 3122 3197 v,
3156 3129 3250 3199 14)
3288 3145 3302 3185 :
3329 3132 3395 3184 tu
3418 3129 3620 3197 nobis,
3643 3128 3854 3182 Domine

2206 3220 2371 3289 Jesu,
2405 3219 2519 3275 hos
2561 3219 2736 3275 hodie
2769 3218 2929 3273 mille
2959 3218 3282 3273 mandasti.
3318 3217 3598 3284 Quantos
3645 3217 3704 3271 in
3736 3214 3861 3271 urbe

2204 3310 2411 3379 Roma,
2442 3310 2693 3381 quantos
2749 3306 3144 3378 Alexandriae,
3204 3311 3479 3379 quantos
3522 3304 3847 3368 Antiochiae,

2204 3402 2459 3471 quantos
2489 3398 2664 3453 etiam
2720 3395 3262 3467 Constantinopoli!
3299 3396 3465 3451 Nam
3496 3396 3676 3452 etiam
3706 3392 3865 3448 Cons-

2203 3487 2586 3559 tantinopolis
2612 3486 2737 3558 jam
2767 3486 2873 3542 Dei
2902 3486 3153 3541 verbum
3207 3486 3473 3556 recepit,
3508 3488 3569 3541 et
3603 3481 3867 3541 evidentia

2203 3578 2418 3634 meruit
2472 3576 2556 3633 tui
2616 3577 2966 3631 documenta
3017 3573 3256 3646 judicii.
3324 3574 3577 3631 Etenim
3642 3568 3872 3645 quandiu

2202 3682 2432 3723 venena
2460 3665 2815 3721 Arianorum
2844 3665 2974 3720 suis
2997 3663 3236 3719 fovebat
3260 3664 3515 3719 inclusa
3537 3660 3871 3725 visceribus,

2200 3757 2378 3812 bellis
2409 3755 2674 3811 ﬁnitimis
2695 3755 2975 3826 inquieta,
3004 3769 3212 3809 muros
3255 3754 3457 3810 armis
3491 3753 3872 3808 circumsona-

2201 3846 2303 3901 bat
2331 3845 2443 3916 (13)
2462 3844 2800 3900 hostilibus.
2838 3844 3050 3898 Postea
3096 3858 3243 3898 vero
3279 3859 3475 3914 quam
3497 3842 3639 3898 fidei
3663 3838 3880 3896 exsules

2203 3935 2516 4002 abdicavit,
2537 3934 2770 3989 hostem
2788 3932 3265 4004 ipsumjudicem
3288 3948 3543 4003 regum,
3560 3946 3737 4004 quem
3754 3941 3882 3981 sem-

2202 4040 2311 4095 per
2340 4024 2453 4095 (14)
2486 4024 2689 4078 timere
2723 4024 3134 4093 consueverat,
3168 4021 3457 4076 deditum
3490 4021 3663 4089 vidit,
3680 4014 3885 4088 suppli-

2204 4167 2640 4237 circumdabat;
2678 4190 2700 4216 »
2735 4166 2843 4221 sed
2873 4165 3225 4221 cancinnius
3262 4165 3563 4221 caeteri...
3601 4163 3884 4237 _cirumso-

2206 4241 2425 4316 nabat,-
2458 4235 2664 4316 eodem
2694 4238 2849 4316 enim
2890 4237 3073 4316 modo
3096 4237 3216 4316 dici
3248 4240 3470 4316 potest
3520 4235 3887 4316 urbsumuros

2202 4312 2386 4366 armis
2422 4312 2838 4377 circumsonat,
2871 4324 2988 4380 quo
3019 4308 3239 4380 dicitur
3274 4308 3472 4363 homo
3519 4308 3888 4380 sagittaperf

2204 4398 2424 4438 cussus
2457 4384 2648 4452 caput,
2684 4385 2740 4435 et
2770 4374 3280 4452 si'milia.Videtu_r
3299 4374 3892 4452 autemhicindicari

2201 4448 2768 4523 Constantinopolim
2801 4455 3113 4522 antequam
3147 4450 3431 4523 Arianos
3457 4448 3736 4523 ejiceret,
3770 4459 3892 4517 per-

2200 4530 2375 4597 petuo
2393 4520 2808 4597 metupmpter
2837 4520 3160 4597 Gothorum
3180 4522 3615 4597 etiamyicina
3638 4520 3765 4573 loca
3794 4529 3889 4597 p_o-

2201 4588 2524 4668 palantium
2548 4588 2925 4668 incursiones
2951 4592 3320 4668 trepidasse.
3355 4593 3493 4647 Has
3516 4597 3721 4647 autem
3751 4588 3894 4668 cala—

2204 4660 2434 4723 mitates
2459 4666 2814 4721 Ambrosius
2846 4660 3062 4720 haeresi
3090 4664 3342 4719 Arianae
3370 4669 3677 4734 exceptas
3700 4660 3884 4715 refert.

2201 4739 2506 4812 Siquidem
2534 4737 2947 4812 postquamin
2990 4735 3158 4790 Pauli
3197 4735 3594 4812 patriarchae
3627 4749 3735 4812 per
3755 4744 3897 4785 sum-

2203 4808 2665 4883 mamginjuriam
2689 4809 2992 4883 dignitate
3030 4823 3138 4883 sua
3170 4808 3354 4861 exuti
3390 4809 3631 4883 sedenl
3648 4809 3900 4883 intrusus

2202 4882 2312 4937 fuit
2341 4876 2640 4936 Eusebius
2689 4876 3188 4954 Nicomediensis,
3227 4879 3538 4954 eamdem
3581 4876 3900 4954 Ecclesiam

2203 4954 2328 5008 fere
2357 4968 2464 5022 per
2494 4967 2683 5006 annos
2714 4952 2783 5005 40
2811 4953 3175 5021 occuparunt
3194 4948 3899 5022 perditissimibaaretici

2202 5041 2273 5078 ac
2305 5019 2757 5091 hmi‘esiarchm;
2789 5019 2981 5094 quoad
3013 5022 3325 5094 exstincto
3362 5022 3635 5094 Valente
3667 5019 3904 5094 impera-

2202 5098 2351 5165 tore,
2412 5095 2485 5149 ad
2541 5086 2936 5168 pascendum,
2962 5092 3389 5168 curadumqpe
3422 5092 3727 5168 afﬂictum
3758 5086 3908 5168 illum

2204 5160 2450 5239 gregem
2481 5160 2726 5220 vocatus
2766 5168 2865 5239 est
2887 5164 2960 5218 ab
2993 5160 3374 5239 orthodoxis
3420 5163 3628 5239 Greg.
3672 5160 3902 5239 Naziaa2

2247 5231 2377 5293 uein
2407 5240 2682 5309 quantam
2712 5236 2989 5309 continuo
3029 5234 3292 5309 auxerit,
3337 5231 3636 5309 ipsemet
3678 5231 3906 5301 exponit

2247 5255 2377 5293 uem
2407 5255 2682 5309 quamam
2712 5255 2989 5290 continuo
3029 5255 3292 5301 auxeru,
3357 5255 3423 5304 1p

2202 5255 2393 5364 Carm.
2419 5309 2493 5363 de
2539 5308 2666 5362 Vita
2689 5324 2813 5376 sua,
2850 5310 2907 5361 et
2926 5307 3082 5362 Orat.
3116 5306 3184 5359 32
3218 5308 3285 5358 et
3320 5306 3423 5360 48.

2273 5380 2387 5451 (14)
2424 5381 2592 5435 Rom.
2628 5379 2788 5453 edit,
2828 5400 2848 5427 α
2886 5379 3117 5453 hostem
3157 5376 3400 5453 ipsum,
3442 5387 3906 5453 quem_regnum

2204 5446 2460 5522 semper,
2484 5474 2505 5499 »ι
2541 5453 2653 5505 etc.
2677 5446 2861 5522 Quam
2892 5449 3201 5522 lectionem
3228 5449 3321 5522 ita
3341 5446 3612 5518 exponit
3636 5446 3900 5522 valesius

2202 5523 2261 5577 in
2291 5517 2455 5577 notis
2483 5521 2556 5576 ad
2588 5521 2878 5576 Ammiani
2938 5519 3193 5574 Marcell.
3255 5518 3375 5574 lib.
3432 5517 3592 5582 xxix,
3626 5541 3648 5566 ιι
3685 5517 3907 5572 hostem

2202 5594 2396 5665 ipsum
2428 5594 2507 5651 (id
2533 5597 2624 5647 est
2672 5592 3092 5665 Athanaricum
3122 5605 3345 5665 regem
3385 5608 3533 5665 cum
3559 5590 3720 5665 suis)
3742 5599 3905 5658 quem

2199 5661 2451 5741 regnum
2481 5664 2562 5734 (id
2594 5667 2686 5741 est
2704 5662 3025 5741 imperium
3047 5663 3200 5741 Rom.
3214 5663 3288 5741 in
3307 5661 3596 5741 OIiente)
3615 5671 3899 5741 semper,-

2201 5731 2312 5792 eté.
2348 5731 2567 5791 Verum
2584 5731 2931 5791 dostissimo
2952 5734 3081 5788 viro
3111 5731 3303 5788 editio
3340 5733 3534 5789 Rom.
3571 5748 3697 5786 non
3729 5731 3905 5798 impo-

2203 5808 2449 5883 suisset,
2497 5807 2552 5867 si
2596 5822 2773 5884 quam
2802 5821 2877 5862 ex
2905 5809 3023 5862 vet.
3047 5804 3316 5864 edit.aut
3338 5820 3506 5861 mss.
3541 5805 3732 5860 ullum
3765 5814 3902 5854 con-
