4050 6182
159 301 282 370 737

1341 299 1454 367 DE
1483 302 1825 367 SPIRITU
1854 300 2188 367 SANCTO
2218 303 2380 368 LIB.
2414 304 2464 367 Ι.

3505 313 3626 378 738

170 522 301 562 cem
330 506 577 578 recepit,
611 506 958 561 morientem
982 505 1199 576 obruit,
1233 507 1530 578 sepultum
1554 506 1840 578 possidet.
1871 488 1923 552 Ᾱ
1954 508 2051 562 tus
2083 507 2170 562 sis
2201 507 2468 578 proxime
2499 506 2868 579 delectatum,
2900 513 2962 564 ut
2995 511 3302 568 basilicam
3332 513 3621 572 Ecclesia;

154 593 420 663 Quantos
461 611 608 667 ergo
649 599 707 650 et
736 594 1271 666 ConstantinOpoli,
1317 599 1572 668 quantos
1605 601 1843 667 postre-

158 701 258 739 mo
288 689 408 739 toto
441 684 620 739 hodie
652 686 714 738 in
745 685 890 739 orbe
921 685 1218 740 mandasti
1257 683 1270 740 l

235 773 317 828 18.
362 773 499 828 Νοιι
530 775 834 828 mandavit
865 774 1178 843 Damasus,
1214 790 1333 829 non
1371 775 1679 829 mundavit
1720 776 1843 828 Pe-

158 867 310 932 trus,
347 861 484 933 (15),
520 879 639 917 non
669 864 971 917 mundavit
989 863 1366 934 Ambrosius,
1390 879 1507 918 non
1540 864 1845 918 mandavit

156 952 531 1024 Gregorius;
590 955 793 1006 nostra
853 952 1010 1006 enim
1067 953 1331 1022 servitia,
1395 953 1503 1007 sed
1550 956 1647 1006 tua
1697 951 1846 1016 604

159 1045 303 1096 sunt
352 1045 744 1096 sacramenta.
795 1040 1002 1110 Neque
1052 1042 1208 1095 enim
1249 1041 1522 1097 humanae
1562 1042 1694 1112 opis
1755 1044 1847 1096 est

157 1130 272 1200 (16)
305 1130 507 1183 divina
539 1128 832 1200 conferre,
868 1129 976 1184 sed
1000 1133 1182 1199 tuum,
1218 1131 1487 1200 Domine,
1529 1148 1745 1186 munus
1778 1133 1834 1185 et

163 1211 360 1264 Patris
391 1214 503 1275 est,
537 1210 635 1280 qui
668 1209 903 1265 locutus
952 1214 1046 1265 est
1073 1227 1182 1281 per
1208 1212 1554 1282 prOphetas,
1589 1213 1796 1266 dicens
1830 1227 1845 1268 :

168 1324 192 1346 ιι
230 1298 544 1353 Effundam
574 1299 648 1352 de
678 1298 900 1368 Spiritu
938 1314 1070 1354 meo
1102 1316 1286 1371 super
1317 1317 1552 1356 omnem
1585 1317 1844 1371 carnem,

163 1393 224 1444 et
253 1387 695 1460 prophetabunt
741 1387 849 1442 ﬁlii
905 1392 961 1443 et
991 1389 1128 1444 ﬁlim
1173 1388 1287 1459 (t7)
1319 1405 1524 1445 eorum
1581 1389 1750 1459 (Joel.
1783 1407 1848 1458 ιι,

157 1477 276 1546 28).
321 1501 344 1526 ιι
381 1477 492 1532 Hic
539 1481 633 1532 est
660 1478 721 1531 in
754 1480 1008 1548 typoros
1037 1478 1134 1532 ille
1158 1478 1461 1535 caelestis:
1497 1478 1628 1534 haec
1649 1478 1848 1550 pluvia

158 1566 520 1636 voluntaria,
546 1566 699 1621 sicut
729 1565 1024 1637 legimus:
1075 1590 1096 1615 ιτ
1134 1567 1408 1622 Pluviam
1456 1568 1848 1623 voluntariam

156 1671 502 1728 segregans
534 1655 694 1710 Deus
727 1655 1055 1710 haereditati
1087 1674 1213 1711 sure
1244 1657 1432 1728 (Psal.
1459 1674 1638 1726 vau,
1683 1658 1791 1728 10).
1821 1677 1846 1709 ι

165 1744 374 1817 [Alias
406 1761 541 1814 cap.
581 1744 645 1808 1.]
678 1745 812 1799 Non
844 1747 1000 1800 enim
1032 1745 1292 1816 Spiritus
1322 1751 1568 1802 sanctus
1613 1750 1711 1802 aut
1741 1763 1848 1817 po-

161 1836 364 1888 testati
397 1834 608 1888 alienae
631 1838 723 1888 est
743 1833 1056 1906 subjectus
1079 1840 1177 1890 aut
1203 1835 1323 1907 juri
1352 1852 1368 1906 ;
1392 1837 1500 1891 sed
1530 1852 1658 1891 suae
1680 1836 1852 1890 liber-

160 1924 307 1977 tatis
341 1924 585 1993 arbiter,
622 1923 817 1978 omnia
834 1940 941 1994 pro
973 1925 1322 1979 auctoritate
1355 1926 1608 1996 propria
1638 1924 1851 1980 volun-

161 2013 306 2065 tatis
339 2010 637 2081 dividens,
678 2012 836 2067 sicut
883 2012 1166 2084 legimus,
1214 2014 1472 2086 singulis
1522 2018 1696 2086 prout
1729 2014 1855 2070 vult

164 2099 242 2169 (Ι.
281 2099 423 2156 Cor.
458 2117 563 2172 xu,
597 2099 706 2172 11).

700 2188 956 2245 CAPUT
985 2189 1313 2247 PRIMUM.

159 2279 607 2351 Argumentum
637 2295 804 2334 suum
835 2296 1163 2352 aggressus
1190 2280 1567 2348 Ambrosius,
1601 2282 1856 2352 impera-

247 2356 441 2424 tprem
463 2367 588 2424 cum
613 2351 1091 2424 propter'lidem,
1131 2357 1248 2406 tum
1263 2359 1514 2424 prapter
1541 2351 1855 2424 basilicam

241 2422 544 2477 Ecclesiae
576 2428 918 2476 restitutam
951 2422 1152 2478 laudat
1193 2443 1210 2477 .-
1243 2422 1388 2478 liinc
1429 2423 1531 2477 ubi
1560 2424 1718 2478 dixit
1749 2423 1857 2478 ad-

251 2495 585 2567 versarios,
621 2493 677 2567 si
707 2493 999 2565 Spiritum
1031 2500 1301 2567 sanctum
1321 2496 1565 2567 servire
1595 2511 1858 2567 negave-

244 2567 399 2633 rint,
436 2565 572 2636 quin
614 2565 701 2637 psit
747 2581 929 2636 super
959 2567 1171 2635 omnia,
1207 2565 1468 2621 difﬁteri
1499 2583 1612 2620 non
1640 2565 1818 2637 posse
1839 2585 1858 2632 ;

245 2637 420 2692 addit
453 2636 743 2706 Spiritum
793 2637 1078 2704 eumdem,
1114 2653 1239 2691 cum
1288 2638 1446 2692 dixit
1491 2658 1507 2691 :
1567 2636 1859 2692 universa

243 2708 522 2763 serviunt
550 2707 871 2780 tibiisatis
892 2709 1163 2762 innuisse
1196 2725 1227 2762 a
1260 2709 1562 2763 creaturis
1583 2725 1651 2764 se
1683 2725 1860 2780 sepa-

243 2780 382 2833 rari
403 2797 423 2841 ,ο
458 2778 606 2850 quod
622 2777 761 2832 aliis
791 2795 1011 2850 quoque
1046 2781 1408 2834 testimoniis
1429 2786 1744 2835 astruztur.

245 2868 339 2922 19.
360 2867 497 2921 Νοιι
529 2881 674 2938 ergo
707 2867 860 2921 inter
883 2868 1110 2938 omnia,
1143 2869 1250 2923 sed
1283 2885 1466 2939 super
1497 2869 1694 2924 omnia
1723 2868 1860 2940 Spi-

164 2961 332 3014 ritus
363 2959 611 3010 sanctus
644 2959 755 3010 est.
808 2955 936 3010 Jam
969 2956 1125 3011 enim
1171 2957 1243 3012 de
1273 2973 1344 3012 eo
1394 2959 1696 3029 (quoniam
1748 2958 1861 3028 (18)

165 3049 250 3102 ita
285 3045 468 3118 plene
515 3045 586 3098 de
646 3043 752 3098 Dei
803 3043 970 3115 Filio,
1019 3045 1479 3100 clementissime
1519 3048 1860 3117 imperator,

165 3137 518 3192 instructus
550 3149 639 3201 es,
674 3137 738 3186 ut
774 3133 904 3204 ipse
932 3133 1054 3205 jam
1087 3134 1328 3206 doceas)
1361 3136 1694 3206 cupientem
1718 3139 1774 3190 te
1807 3139 1866 3191 et

1957 597 2087 651 sine
2119 596 2238 650 ullo
2269 597 2557 651 monitore
2588 599 2951 668 praeceperis
2981 601 3311 657 reformari.

2031 685 2120 740 20.
2155 685 2320 740 Fidei
2379 686 2573 756 itaque
2613 690 2728 740 tua:
2788 689 3056 759 gratiam,
3100 694 3156 745 et
3211 696 3431 748 nostrae
3475 711 3628 764 prae-

1957 777 2138 829 mium
2163 773 2286 844 jam
2317 778 2626 843 tenemus;
2671 792 2862 846 neque
2903 778 3057 832 enim
3107 780 3262 834 aliud
3303 792 3626 852 poSsumus

1958 864 2177 930 dicere,
2212 863 2331 916 nisi
2381 865 2574 918 sancti
2623 864 2878 934 Spiritus
2929 866 3081 921 hanc
3132 869 3322 925 fuisse
3379 873 3630 944 gratiam

1958 952 2116 1024 quod
2152 951 2568 1023 ignorantibus
2601 954 2898 1022 omnibus,
2934 956 3132 1011 subito
3163 958 3468 1014 basilicam
3499 962 3630 1016 red-

1959 1041 2180 1095 didisti.
2224 1041 2500 1112 Spiritus,
2535 1041 2794 1114 inquam,
2821 1046 3011 1099 sancti
3050 1047 3162 1100 hoc
3203 1064 3439 1118 munus,
3481 1065 3632 1121 opus

1959 1131 2070 1196 est,
2104 1129 2275 1200 quia
2308 1131 2482 1184 nobis
2535 1133 2773 1202 quidem
2825 1139 2962 1188 tunc
3011 1137 3445 1205 praedicabatur
3493 1139 3628 1210 (l9),

1961 1219 2066 1273 sed
2112 1219 2173 1272 in
2201 1221 2258 1272 te
2298 1219 2671 1289 operabatur.

2031 1325 2122 1379 ‘21.
2182 1325 2308 1380 Nec
2365 1327 2696 1396 superioris
2747 1331 3032 1401 temporis
3081 1332 3292 1388 damna
3349 1335 3634 1406 deploro;

1963 1415 2458 1486 quamdoquidem
2497 1420 2894 1488 sequestratio
2953 1421 3050 1475 illa
3098 1423 3387 1493 basilicaa,
3423 1425 3634 1496 cujus-

1963 1504 2095 1558 dam
2113 1503 2338 1559 t'enoris
2352 1504 2528 1558 traxit
2545 1521 2781 1562 usuras.
2801 1508 3030 1563 Etenim
3049 1511 3357 1567 basilicam
3376 1529 3629 1584 seques-

1960 1593 2223 1662 trasti,ut
2239 1593 2412 1647 ﬁdem
2435 1595 2742 1664 probares.
2765 1597 3030 1667 Implevit
3052 1600 3235 1670 igitur
3265 1605 3634 1672 prapositum

1963 1698 2138 1737 suum
2169 1683 2357 1753 pietas
2381 1687 2497 1751 tua,
2531 1700 2663 1754 quae
2697 1685 2785 1739 sic
2809 1692 3310 1760 sequestraverat,
3335 1696 3396 1746 ut
3423 1692 3639 1762 proba-

1960 1775 2071 1841 ret;
2088 1773 2177 1825 sic
2190 1771 2478 1841 probavit,
2500 1776 2561 1825 ut
2579 1773 2868 1828 redderet.
2891 1777 3037 1839 605
3053 1778 3178 1832 Nec
3207 1778 3402 1834 fructu
3421 1797 3512 1835 ma
3525 1781 3637 1834 mi-

1883 1870 1937 1935 B
1963 1861 2038 1928 si,
2081 1859 2444 1930 etjudicium
2461 1864 2656 1930 teneo,
2675 1863 2977 1934 patuitque
2997 1867 3274 1922 omnibus
3296 1870 3354 1922 in
3384 1870 3637 1940 quadam

1964 1950 2104 2005 facti
2125 1949 2487 2003 discretione
2509 1949 2825 2004 discretam
2848 1953 2952 2007 tibi
2972 1971 3273 2026 nunquam
3287 1958 3478 2014 fuisse
3497 1976 3635 2014 sen-

1961 2039 2226 2094 tentiam.
2259 2039 2474 2107 Patuit,
2510 2038 2770 2110 inquam,
2789 2042 3065 2098 omnibus
3085 2048 3141 2098 et
3160 2051 3322 2101 tuum
3342 2064 3461 2102 non
3485 2049 3638 2104 fuis-

1965 2144 2053 2198 se,
2089 2144 2223 2182 cum
2253 2129 2692 2199 sequestrares,
2719 2134 2774 2182 et
2797 2134 2960 2184 tuum
2990 2148 3150 2202 esse,
3175 2150 3309 2189 cum
3329 2137 3636 2194 redderes.

2036 2233 2126 2289 22.
2159 2234 2420 2287 Primum
2444 2233 2625 2304 igitur
2640 2235 2712 2288 ab
2745 2235 3130 2293 interioribus
3165 2240 3536 2311 inchoemus,
3571 2248 3636 2300 ut

1968 2323 2142 2396 quasi
2179 2338 2287 2394 per
2314 2322 2539 2394 gradus
2571 2324 2861 2393 quosdam
2890 2329 3172 2382 tractatus
3205 2334 3410 2386 noster
3439 2349 3644 2388 ascen-

1968 2413 2084 2483 dat,
2118 2428 2234 2484 quo
2264 2411 2500 2466 facilius
2532 2411 2594 2466 hi
2624 2413 2720 2484 qui
2758 2414 2932 2469 tidem
2951 2432 3069 2472 non
3092 2417 3366 2475 deferunt
3387 2421 3636 2492 (20),vel

1966 2502 2194 2557 ratione
2225 2501 2553 2556 ﬂectantur.
2590 2501 2850 2558 Possunt
2883 2505 3040 2560 enim
3073 2507 3271 2563 dicere
3325 2511 3384 2564 in
3412 2512 3641 2584 princi-

1967 2593 2065 2663 pio
2091 2607 2102 2646 :
2125 2591 2250 2645 Nec
2289 2606 2402 2645 nos
2433 2590 2686 2646 dicimus
2745 2593 2974 2648 servire
3023 2595 3324 2665 Spiritum.
3359 2599 3472 2654 Sed
3508 2617 3642 2658 cum

1968 2682 2169 2736 dicant
2191 2680 2418 2735 servire
2448 2678 2769 2750 Christum,
2805 2684 3102 2753 quomodo
3131 2691 3385 2756 possunt
3414 2705 3637 2762 negare

1968 2771 2041 2826 de
2084 2770 2352 2840 Spiritu?
2400 2767 2566 2833 Quod
2611 2770 2663 2824 si
2707 2772 3037 2828 secundum
3085 2791 3324 2831 carnem
3373 2778 3432 2832 in
3481 2781 3644 2835 servi

1969 2861 2158 2915 forma
2189 2859 2570 2914 consentiunt
2600 2858 2901 2915 Christum
2933 2862 3124 2918 fuisse
3155 2866 3292 2936 (21),
3329 2873 3560 2924 constat
3587 2875 3646 2926 et

1973 2949 2267 3006 convenit.
2291 2947 2450 3020 Ergo
2472 2947 2523 3002 si
2547 2949 2873 3004 secundum
2887 2951 3249 3008 divinitatem
3263 2971 3432 3010 suam
3446 2956 3646 3014 Chris-

1971 3045 2067 3095 tus
2089 3055 2206 3094 non
2237 3039 2441 3107 servit,
2475 3053 2592 3092 non
2624 3039 2810 3093 servit
2837 3040 3011 3094 etiam
3041 3041 3318 3113 Spiritus.
3362 3046 3528 3111 Quod
3583 3048 3639 3103 si

1973 3146 2090 3184 non
2121 3128 2306 3183 servit
2335 3126 2611 3196 Spiritus,
2643 3128 2838 3182 omnia
2859 3133 3053 3184 autem
3103 3133 3371 3188 serviunt
3407 3151 3420 3190 ε
3455 3151 3640 3206 super

169 3222 740 3297 exigentemaudire
771 3222 994 3293 aliquid
1013 3225 1524 3294 expressius,non
1553 3225 1862 3296 morabor;
1899 3231 1954 3297 ο
1976 3219 2171 3275 omnia
2196 3217 2378 3289 igitur
2405 3215 2660 3287 Spiritus
2691 3220 2802 3289 est,
2836 3219 2935 3290 qui
2967 3235 3085 3274 non
3117 3223 3303 3276 servit
3325 3223 3481 3279 sicut
3512 3239 3641 3281 om—

169 3312 521 3387 praesertim
540 3327 673 3366 cum
695 3311 770 3365 ita
799 3314 854 3366 te
872 3313 1557 3368 assertioneistiusmodi
1585 3315 1865 3369 testifica-

171 3421 500 3476 suluisset.
535 3418 764 3472 Etenim
798 3418 1050 3488 ipsemet
1082 3420 1254 3490 paulo
1301 3421 1584 3489 superius
1615 3421 1686 3475 ad
1736 3421 1866 3477 haec

173 3490 518 3548 Marcellini
550 3490 733 3562 verba
767 3505 842 3544 ex
873 3491 1080 3544 eodem
1111 3508 1262 3562 cap.,
1301 3514 1324 3539 ιι
1360 3493 1782 3547 Athanaricum
1799 3509 1868 3548 ea

174 3565 562 3635 tempestate,
592 3561 858 3635 judicem
889 3561 1368 3635 potentissimum
1393 3587 1442 3632 η,
1466 3564 1624 3617 illam
1646 3565 1865 3635 ascrip-

175 3640 352 3691 serat
385 3633 866 3706 observationem
899 3649 910 3686 :
951 3634 1108 3706 «Sic
1139 3634 1464 3689 Gothorum
1481 3651 1682 3706 reges,
1708 3633 1872 3706 spre-

174 3712 238 3762 ta
290 3706 475 3776 regis,
524 3704 933 3776 appellatione,
971 3704 1211 3775 judices
1257 3707 1372 3760 dici
1414 3704 1868 3776 male—bantCDe

181 3775 555 3833 Athanarico
612 3775 671 3828 id
721 3778 971 3828 testatur
1008 3776 1371 3832 Themistius
1408 3780 1468 3833 in
1500 3781 1644 3832 orat.
1679 3775 1748 3833 10
1795 3779 1869 3832 ad

177 3849 536 3914 Valentem,
585 3867 607 3894 ι
645 3848 755 3899 etc.
803 3846 914 3899 Hic
961 3863 1140 3916 porro
1188 3849 1583 3904 Athanaricus
1624 3865 1870 3904 suorum

179 3917 748 3990 factioneppulsus,
802 3919 1390 3990 magniﬁcentissime
1437 3939 1471 3976 a
1530 3920 1868 3975 Theodosio

177 3992 437 4062 longius
468 3989 594 4062 ipsi,
616 3989 851 4042 obviam
902 3989 1263 4062 procedente
1292 3991 1867 4062 Constantinopolim

181 4059 483 4131 excéptus
518 4059 660 4114 fuit:
697 4075 870 4130 quem
901 4059 1068 4115 brevi
1100 4065 1236 4131 post
1256 4063 1471 4118 ibidem
1492 4063 1608 4117 fato
1626 4059 1870 4117 defunc-

180 4141 314 4188 tum
347 4131 581 4207 ibidem
598 4131 928 4207 imperator
970 4148 1136 4207 more
1167 4132 1339 4207 plane
1377 4135 1545 4207 regio
1571 4135 1870 4207 sepelien-

182 4207 333 4260 dum
382 4203 632 4274 curavit,
678 4206 741 4255 ut
767 4205 1138 4274 iAmmianus
1184 4205 1316 4259 loco
1351 4203 1546 4274 cita'to,
1590 4203 1866 4260 ZOsimus

184 4277 297 4331 lib.
335 4273 929 4347 xv,_Chronica_ldatii
950 4291 1020 4329 ac
1043 4276 1388 4347 Marcellini,
1415 4276 1872 4347 compluresque

185 4348 295 4402 alii
318 4345 566 4416 scriptis
589 4345 955 4400 mandarunt.

265 4418 383 4487 (15)
413 4438 436 4466 ι
473 4416 606 4470 Non
631 4416 932 4470 mundavit
963 4417 1275 4487 Damasus,
1309 4434 1427 4473 non
1448 4418 1753 4474 mundavit
1772 4419 1877 4474 Pe-

188 4494 346 4558 trus,
387 4511 410 4535 ·
445 4489 509 4541 in
547 4503 696 4542 mss.
733 4489 1032 4542 nonnullis
1073 4491 1556 4560 praetermittitur.
1605 4492 1876 4544 Attamen

189 4563 255 4658 in
279 4561 540 4658 caatgris,
565 4573 685 4658 nec.
704 4575 821 4613 non
852 4560 911 4613 in
942 4561 1080 4614 edit.
1115 4561 1554 4658 omnibus‘illu‘d
1586 4561 1872 4658 habetpr:
1907 4592 1965 4658 ιι)

191 4638 252 4686 et
286 4631 529 4704 quidem
566 4634 744 4699 recte,
767 4647 1040 4704 cuminon
1064 4633 1237 4686 modo
1263 4633 1482 4687 scribis
1506 4633 1876 4704 frequentius

191 4704 277 4757 sit
312 4702 608 4765 omittere,
641 4718 815 4772 quam
858 4703 1140 4772 adjicere,
1191 4704 1444 4758 maxime
1492 4702 1634 4759 vero
1673 4705 1774 4758 ubi
1803 4705 1877 4758 ab

197 4719 277 4757 su
312 4719 608 4765 omittere,
641 4719 815 4825 quam
858 4719 1140 4772 adjicere,
1191 4719 1444 4758 maxime
1492 4720 1633 4759 vero
1673 4719 1774 4758 um
1803 4719 1877 4758 an

197 4774 412 4829 eadem
444 4789 593 4828 voce
623 4789 658 4842 p
688 4773 872 4826 urima
921 4774 1182 4828 membra
1213 4775 1518 4845 incipiunt,
1553 4779 1614 4830 ut
1662 4776 1724 4828 fit
1765 4775 1878 4829 hoc

189 4846 328 4900 loco
355 4861 369 4913 ;
402 4859 614 4916 verum
637 4845 808 4916 etiam
828 4861 960 4898 cum
983 4845 1042 4898 in
1067 4861 1179 4899 usu
1203 4847 1460 4915 positum
1482 4846 1876 4916 reperiamus,

191 4921 260 4970 ut
290 4914 590 4985 majorum
625 4915 856 4969 sedium
905 4916 1081 4969 simul
1115 4914 1568 4972 nominarentur
1589 4917 1876 4986 episcopi.

198 4987 297 5043 Sic
330 4987 733 5059 Hieronymus
781 4987 1082 5059 epistnad
1135 4989 1397 5042 Marcum
1448 4989 1714 5059 presbyt.
1741 5029 1754 5055 ,
1791 4989 1880 5041 sic

206 5059 590 5114 Theodosius
621 5058 659 5111 l.
711 5075 790 5127 χι,
843 5059 914 5112 de
964 5058 1106 5113 Fide
1153 5060 1366 5114 cathol.
1423 5058 1674 5114 Damaso
1708 5060 1880 5114 Rom.

203 5136 367 5201 pont.
409 5131 645 5202 Petrum
662 5130 1054 5202 patriarcham
1076 5130 1245 5184 Alex.
1267 5130 1725 5202 conjunxerunt.
1748 5129 1886 5194 Qui-

203 5200 299 5256 dni
357 5205 536 5255 etiam
579 5201 731 5254 idem
782 5200 877 5254 hic
912 5201 1132 5255 fecisse
1183 5200 1562 5256 Ambrosium
1614 5205 1883 5256 nostrum

204 5272 630 5327 arbitrabimur
658 5273 686 5324 ‘?
734 5269 904 5344 Certe
954 5274 1263 5343 utriusque
1302 5275 1508 5327 sedem
1558 5289 1726 5344 aeque
1758 5288 1884 5326 me-

205 5345 483 5415 moravit,
535 5347 710 5413 atque
745 5343 1050 5415 ‘Gregorii.
1098 5344 1223 5398 Nec
1269 5345 1464 5399 obstat
1517 5343 1672 5415 quod
1729 5344 1885 5398 diem

206 5431 386 5470 suum
415 5414 540 5484 jam
561 5420 683 5468 tum
707 5413 931 5468 obierat
953 5415 1180 5482 Petrus,
1205 5418 1304 5486 qui
1330 5422 1521 5470 tamen
1535 5413 1888 5468 nominatur

205 5487 363 5542 inter
395 5488 753 5555 superstites
779 5501 793 5553 ;
825 5489 1052 5554 poterat
1073 5487 1228 5540 enim
1260 5487 1452 5556 ipsius
1492 5487 1714 5541 obitum
1736 5501 1880 5539 nec-

216 5558 354 5614 dum
389 5559 655 5611 rescisse
687 5557 1063 5621 Ambrosius,
1106 5562 1167 5611 ut
1199 5558 1416 5612 dictum
1447 5562 1540 5613 est
1569 5558 1628 5610 in
1659 5557 1884 5612 Admo-

216 5631 462 5684 nitione.
497 5627 665 5702 Quod
684 5631 876 5702 autem
910 5629 1239 5684 Antiochia
1261 5629 1436 5702 cujus
1459 5645 1695 5702 quoque
1726 5643 1887 5702 men-

209 5703 438 5756 tionem
496 5699 655 5768 fecit,
709 5699 1056 5770 episcopum
1103 5703 1299 5757 tamen
1340 5699 1617 5769 reticuit,'
1642 5700 1756 5757 hoc
1809 5700 1890 5755 ita

213 5771 437 5850 factum
474 5770 551 5852 ob
593 5770 956 5852 divisionem
1000 5771 1234 5831 Paulini
1277 5775 1452 5852 atque
1490 5772 1710 5833 Meletii
1768 5786 1888 5833 non

212 5841 562 5924 inconsulto
586 5841 1034 5908 crediderimus.

1975 3309 2076 3365 nia
2105 3307 2237 3378 (ea).

2047 3412 2163 3492 (16)
2185 3412 2468 3469 Nonnulli
2498 3428 2670 3484 mss.,
2705 3413 2912 3485 Neque
2943 3415 3098 3470 enim
3145 3417 3464 3475 humanum
3494 3435 3645 3492 opus

1976 3490 2086 3542 est.
2118 3507 2139 3533 ι»

2051 3556 2163 3626 (1⁸7)
2201 3555 2370 3610 Rom.
2396 3555 2534 3610 edit.
2570 3555 2719 3626 sola,
2755 3579 2777 3606 ι
2814 3556 2916 3610 ﬁlii
2946 3559 3129 3613 vestri
3162 3564 3217 3614 et
3246 3561 3403 3618 ﬁliae.
3439 3587 3462 3612 η

2048 3629 2161 3700 (18)
2184 3627 2266 3680 Ita
2293 3626 2429 3681 Gill.
2462 3643 2529 3680 ac
2566 3628 2735 3682 Hom.
2770 3628 2906 3682 edit.
2933 3645 3064 3684 cum
3096 3633 3367 3701 pluribus
3390 3635 3646 3690 meliori-

1979 3701 2215 3776 busque
2246 3714 2392 3776 mss.
2422 3701 2602 3776 ;_.vet.
2635 3704 2827 3776 autem
2867 3701 3016 3776 edit._
3060 3707 3117 3756 et
3148 3719 3294 3759 mss.
3330 3707 3540 3776 reliqui
3573 3707 3648 3762 ab

1981 3773 2070 3846 eis
2101 3768 2214 3846 hoc
2256 3768 2386 3846 solo
2433 3768 2814 3846 dissentiunt,
2865 3773 3021 3841 quod
3064 3789 3172 3843 pro
3222 3768 3488 3846 quoniam
3531 3777 3648 3834 illm

1979 3842 2318 3918 exhibeant,
2351 3863 2382 3918 ἐς
2416 3841 2552 3918 quia
2581 3857 2738 3918 non;
2773 3865 2794 3889 υ
2831 3847 2888 3896 et
2918 3860 3043 3914 pro,
3065 3841 3107 3894 “‹‹
3139 3848 3200 3900 ut
3223 3841 3352 3916 ipse
3379 3848 3500 3918 jam
3541 3850 3646 3904 do.

1981 3930 2150 3988 ceas,_
2180 3934 2202 3960 ι
2247 3912 2556 3988 legitur__in
2596 3913 2807 3966 iisdem
2853 3912 3035 3988 mss.,
3065 3938 3086 3964 ε
3130 3921 3193 3970 ut
3223 3912 3338 3987 ipsi
3363 3912 3487 3988 jam
3517 3922 3647 3975 ins-

1979 3983 2675 4055 tructionemaudimus;
2734 4008 2757 4032 n
2794 3983 3016 4055 quibus
3062 3983 3264 4043 verbis
3295 3983 3454 4044 addit
3512 3992 3642 4047 cod.

1983 4057 2232 4134 Digr.,__«
2260 4057 2320 4108 ut
2349 4053 2536 4108 lector
2551 4055 2756 4109 doceat
2788 4053 3120 4134 cupientem
3151 4063 3208 4114 et
3235 4062 3593 4134 exigentem.
3619 4083 3642 4112 ι

1982 4126 2097 4183 Sed
2122 4126 2332 4180 isthaec
2364 4141 2523 4179 mera
2563 4132 2908 4182 commenta.

2055 4197 2167 4269 (16)
2213 4198 2380 4251 Rom.
2422 4197 2583 4270 edit.,
2621 4221 2643 4244 α
2695 4201 2834 4270 tunc
2881 4200 3250 4270 precabatur.
3306 4228 3328 4252 ι»
3373 4204 3648 4260 Forsitan

1983 4285 2150 4346 error
2178 4269 2666 4346 typographicus,
2695 4269 2756 4324 in
2785 4269 2997 4327 multas
3029 4276 3222 4328 tamen
3255 4276 3392 4330 edit.
3443 4279 3650 4346 poste-

1983 4342 2177 4396 riores
2207 4343 2592 4410 propagatus.

2055 4413 2170 4481 (9.0)
2210 4412 2292 4464 lta
2332 4415 2446 4465 vet.
2481 4411 2643 4485 edit.,
2687 4428 2847 4485 mss.,
2890 4429 2959 4468 ac
3003 4415 3266 4470 melioris
3306 4420 3500 4485 notae;
3551 4416 3650 4470 alii

1987 4488 2178 4538 autem
2210 4498 2328 4537 non
2357 4483 2548 4551 pauci,
2591 4506 2610 4529 u
2646 4485 2745 4553 qui
2780 4484 2951 4538 ﬁdem
2985 4501 3103 4539 non
3125 4488 3426 4553 deserunt,
3465 4483 3497 4534 η’
3521 4503 3649 4540 mea

1986 4556 2104 4610 lius
2140 4555 2309 4609 Rom.
2344 4554 2480 4627 edit.
2518 4569 2651 4607 cum
2682 4570 2830 4608 mss.
2854 4555 3117 4627 aliquot,
3173 4580 3195 4604 «
3230 4559 3330 4627 qui
3363 4558 3499 4611 fidei
3528 4573 3650 4612 non

1990 4627 2279 4682 deferunt.
2325 4624 2531 4698 ¢§_Non
2575 4628 2768 4698 tamen
2816 4624 3148 4698 abjicienda
3193 4624 3379 4698 prima
3435 4629 3653 4698 lectio;

1990 4714 2124 4771 nam
2155 4699 2289 4767 post
2318 4695 2633 4771 dictionem
2655 4696 2848 4760 Iidem,
2877 4697 3048 4750 facile
3071 4695 3439 4771 subintelligi
3460 4695 3650 4770 potes,

1997 4793 2018 4819 ε
2045 4769 2117 4823 ad
2147 4765 2429 4822 tractatus
2461 4765 2792 4820 lectionem.

2065 4840 2176 4910 (‘21)
2200 4839 2345 4910 Mss.
2380 4837 2635 4907 aliquam
2667 4837 2921 4910 multi”,
2950 4837 3248 4894 Christum
3299 4841 3588 4896 servisse.
3627 4860 3652 4892 ι

2065 4908 2235 4982 (:22);
2271 4908 2434 4982 Sicut
2466 4911 2686 4982 omnia,
2729 4929 2751 4958 ι
2787 4909 3173 4982 subjungitur
3221 4913 3280 4965 in
3321 4916 3437 4966 ant.
3473 4913 3609 4967 edit.
3639 4954 3655 4982 ,

1993 5000 2061 5038 ac
2093 4979 2163 5035 in
2198 4979 2797 5054 Pai*is._nonnullis:
2847 5003 2868 5028 α
2933 4979 3065 5034 Non
3115 4999 3254 5037 esse
3303 4999 3448 5054 ergo
3505 4979 3659 5038 inter

1995 5057 2297 5108 creaturas
2326 5050 2606 5125 Spiritum
2640 5055 2929 5125 sanctum,
2972 5068 3081 5106 nec
3112 5055 3265 5108 inter
3294 5050 3507 5125 omnia,
3549 5054 3661 5109 sed

1995 5140 2178 5194 super
2207 5122 2421 5194 omnia.
2477 5122 2611 5176 Non
2657 5123 2812 5194 enim
2847 5123 3056 5177 alienae
3091 5130 3189 5178 aut
3228 5122 3521 5194 potestati,
3563 5128 3662 5180 aut

1991 5193 2113 5268 juri
2149 5193 2483 5268 subjectus
2515 5198 2647 5263 est;
2679 5193 2784 5248 sed
2815 5209 2944 5268 sua;
2973 5193 3261 5250 libertatis
3291 5201 3382 5250 est
3411 5197 3653 5251 arbiter.

1963 5265 2298 5338 ~Siquidem
2329 5265 2522 5338 omnia
2570 5281 2676 5334 pro
2725 5265 3067 5338 auctoritate
3102 5268 3356 5336 proprie
3387 5268 3661 5322 volunta-

1995 5336 2625 5409 tis'dividen‘shsicut
2669 5337 2954 5409 scriptum
3004 5342 3114 5405 est,
3176 5338 3432 5409 singulis
3491 5339 3666 5406 prout

1997 5410 2140 5476 vult,
2177 5431 2200 5456 ι)
2256 5407 2372 5461 Sed
2409 5406 2504 5460 illa
2553 5423 2669 5461 non
2709 5407 3001 5461 habentur
3050 5409 3108 5462 in
3151 5406 3303 5463 mss:
3351 5413 3407 5462 et
3457 5422 3664 5478 puram

1998 5485 2194 5553 putam
2225 5478 2731 5553 interpolationem
2762 5493 2922 5553 esse,
2956 5481 3164 5548 partim
3203 5496 3234 5533 e
3264 5480 3428 5553 titulo
3460 5477 3662 5547 ’hujus

1999 5549 2230 5622 capitis,
2279 5554 2455 5620 prout
2513 5550 2729 5622 legitur
2759 5549 2818 5604 in
2867 5566 3015 5603 mss.
3067 5554 3125 5604 et
3157 5555 3271 5622 vet.
3309 5550 3468 5615 edit.,
3522 5561 3663 5622 par-

1996 5617 2098 5679 tim
2131 5617 2366 5694 exipso
2405 5617 2612 5694 textu,_
2641 5622 2798 5676 sicut
2836 5623 2995 5694 patet
3047 5635 3124 5676 ex
3172 5621 3287 5694 ﬁne
3335 5617 3666 5694 superioris

1996 5688 2277 5770 prologi;
2342 5688 3045 5768 consarcinatam'atque
3109 5693 3375 5750 assutam
3425 5688 3668 5770 negabit

1997 5781 2192 5830 nemo.
