4050 6182
484 280 607 344 739

1974 276 2040 339 s.
2087 260 2532 342 AMBROSII.

3770 288 3868 352 740

557 485 645 540 25.
703 483 876 540 Nunc
932 483 1193 555 idipsum
1246 483 1406 556 quod
1455 483 1737 553 diximus,
1788 482 2153 537 testimoniis
2184 460 2234 523 Α
2274 481 2429 536 inter
2457 479 2653 537 omnia
2683 477 2965 551 Spiritum
3021 482 3289 537 sanctum
3316 497 3449 538 esse
3475 487 3873 562 numerandum,

487 577 851 629 astruamus.
884 573 1248 644 Principium
1279 572 1694 644 disputationis
1726 575 1837 638 est,
1871 572 2007 643 quia
2040 587 2166 626 ser-

487 664 654 719 viunt
683 663 898 719 omnia.
931 662 1170 719 Servire
1202 666 1397 718 autem
1427 662 1620 716 omnia
1651 662 1852 732 liquet,
1887 662 2165 732 quoniam

489 754 776 823 scriptum
805 756 933 808 est:
963 773 985 803 «
1014 752 1308 807 Universa
1338 751 1603 806 serviunt
1633 750 1738 805 tibi
1765 750 2162 819 (Psal.cxvm,

486 840 598 911 91).
620 863 642 891 υ
680 842 840 896 Dixit
869 842 983 896 hoc
1011 841 1270 912 Spiritus
1292 855 1401 911 per
1430 838 1953 910 Prophetam.Non
1983 838 2160 893 dixit:

487 930 825 1000 Servimus,
858 931 968 985 sed
991 972 1005 997 ,
1039 931 1318 985 serviunt
1349 929 1491 1000 tibi;
1524 932 1586 984 ut
1625 928 1903 983 crederes
1936 927 2092 998 quod
2131 943 2164 981 a

487 1019 731 1075 servilio
766 1021 846 1074 sit
873 1019 1002 1090 ipse
1036 1021 1344 1089 exceptus.
1380 1018 1538 1090 Ergo
1572 1033 1704 1071 cum
1735 1017 2013 1072 universa
2047 1030 2165 1070 ser-

486 1108 669 1179 viant,
701 1123 821 1163 non
869 1108 1092 1163 serviat
1129 1107 1408 1178 Spiritus,
1439 1107 1641 1178 utique
1683 1104 1838 1161 inter
1881 1105 2162 1160 universa

490 1211 610 1252 non
640 1199 737 1253 est
775 1195 1032 1267 Spiritus
1063 1200 1330 1251 sanctus.

496 1326 499 1329 ·
560 1303 650 1359 24.
692 1303 844 1358 Nam
890 1303 946 1358 si
973 1303 1128 1359 inter
1174 1303 1367 1359 omnia
1413 1302 1666 1357 dicimus
1698 1315 1837 1356 esse
1884 1301 2165 1371 Spiritum

490 1395 780 1463 sanctum,
814 1391 1016 1464 utique
1056 1408 1190 1448 cum
1211 1392 1537 1465 legerimus
1568 1391 1705 1463 quia
1727 1391 1840 1445 alta
1873 1391 1977 1446 Dei
2006 1405 2169 1447 seru.

488 1484 644 1536 tatur
673 1480 929 1552 Spiritus
967 1480 1021 1552 (Ι
1072 1480 1209 1536 Cor.
1253 1497 1316 1551 ιι,
1369 1480 1480 1551 10),
1518 1480 1705 1535 Deum
1755 1481 1986 1535 Patrem
2027 1495 2166 1534 esse

489 1585 673 1640 super
710 1570 905 1625 omnia
944 1569 1332 1642 denegamus.
1369 1569 1599 1625 Etenim
1623 1585 1755 1624 cum
1778 1585 1853 1623 ex
1885 1569 2004 1623 Deo
2036 1568 2166 1639 Spi-

487 1659 637 1714 ritus
668 1658 765 1729 sit,
808 1661 864 1714 et
893 1658 1148 1729 Spiritus
1178 1658 1301 1713 oris
1331 1657 1486 1729 ejus,
1512 1657 1807 1729 quomodo
1839 1673 2165 1728 possumus

488 1748 643 1803 inter
672 1749 864 1803 omnia
906 1748 1105 1803 dicere
1148 1747 1433 1817 Spiritum
1477 1750 1768 1813 sanctum,
1813 1762 1943 1801 cum
1985 1762 2168 1817 super

2273 570 2410 642 quia
2440 570 2725 640 scriptum
2758 573 2850 626 est
2878 569 2949 625 de
2984 570 3091 626 Dei
3112 570 3259 627 Filio
3292 588 3304 627 :
3343 595 3364 621 ει
3388 572 3579 627 Omnia
3596 590 3692 645 per
3709 576 3871 647 ipsum

2275 659 2427 714 facta
2456 663 2595 714 sunt
2623 659 2812 731 (Joan.
2847 677 2886 730 ι,
2919 659 2996 729 8).
3034 683 3056 709 ιι

2343 785 2432 841 28.
2464 784 2650 849 Quam
2682 785 2833 841 male
2872 785 3252 843 confunditur
3295 786 3442 842 actio
3469 787 3610 859 ’(24),
3639 804 3757 860 quae
3780 804 3876 846 non

2273 876 2432 929 tenet
2458 875 2785 945 veritatem,
2821 877 2878 930 et
2905 879 3274 947 praepostero
3331 877 3529 933 ordine
3572 880 3876 933 assertionis

2275 962 2596 1018 involvitur
2626 961 2639 1019 l
2675 964 2803 1019 Hoc
2836 964 2993 1019 enim
3020 968 3160 1020 tunc
3201 965 3439 1036 valeret,
3470 969 3531 1020 ut
3555 965 3696 1021 inter
3722 967 3879 1023 omnia

2277 1052 2543 1107 dicerent
2572 1067 2712 1106 esse
2760 1051 3041 1123 Spiritum
3072 1057 3362 1124 sanctum,
3396 1055 3451 1109 si
3480 1054 3683 1109 factum
3710 1056 3881 1125 proba-

2277 1143 2426 1195 rent.
2477 1140 2745 1211 Namque
2794 1142 2989 1195 omnia
3030 1156 3138 1213 per
3189 1141 3404 1197 Filium
3440 1140 3723 1213 Scriptura
3771 1142 3883 1198 dicit

2279 1244 2439 1298 esse,
2475 1245 2609 1300 quae
2638 1229 2793 1284 facta
2822 1233 2962 1284 sunt
3002 1245 3016 1286 :
3070 1246 3204 1286 cum
3234 1233 3427 1287 autem
3455 1230 3640 1286 factus
3670 1247 3773 1286 non
3796 1232 3882 1286 do-

2279 1320 2482 1373 ceatur
2538 1317 2794 1388 Spiritus
2823 1322 3109 1390 sanctus;
3161 1320 3362 1392 utique
3399 1335 3507 1375 nec
3539 1321 3683 1375 inter
3732 1321 3886 1376 omnia

2275 1406 2517 1478 probari
2559 1410 2772 1478 potest,
2822 1407 2925 1479 qui
2953 1423 3145 1479 neque
3194 1407 3388 1463 factus
3419 1412 3508 1463 est
3538 1409 3686 1464 sicut
3710 1410 3885 1477 omnia,

2278 1512 2388 1551 nec
2425 1499 2680 1552 creatus.
2715 1496 2859 1551 Mihi
2888 1496 3071 1568 igitur
3097 1496 3173 1552 ad
3219 1500 3531 1570 utrumque
3562 1497 3668 1552 hoc
3701 1497 3887 1568 proiicit

2277 1585 2699 1655 testimonium,
2758 1588 2823 1640 ut
2882 1589 2939 1640 et
2993 1602 3176 1657 super
3219 1587 3414 1642 omnia
3454 1586 3720 1657 probetur
3746 1602 3887 1655 esse,

2278 1675 2415 1746 quia
2445 1673 2639 1729 factus
2672 1690 2791 1728 non
2825 1677 2937 1744 est,
2991 1678 3048 1729 et
3079 1675 3216 1746 quia
3247 1691 3431 1747 super
3462 1676 3648 1730 omnia
3676 1679 3774 1744 est,
3801 1690 3890 1729 non

2276 1763 2545 1818 videatur
2576 1762 2769 1819 factus
2801 1779 2939 1819 esse
2973 1779 2986 1820 :
3022 1780 3133 1820 nec
3161 1765 3317 1820 inter
3338 1781 3407 1820 ea
3439 1780 3570 1837 qum
3600 1767 3727 1820 sunt
3751 1764 3888 1829 facta,

493 1837 687 1892 omnia
727 1836 887 1891 Deus
936 1836 1034 1907 sit,
1078 1836 1254 1908 cujus
1286 1838 1379 1890 est
1424 1835 1702 1905 Spiritus,
1741 1836 1931 1906 plenae
1962 1835 2166 1907 utique

2288 1853 2702 1908 numerandus.

487 1926 897 1999 perfectionis,
930 1925 1332 1997 perfectaeque
1370 1924 1654 1980 virtutis?

560 2033 649 2089 25.
682 2034 769 2087 Ac
809 2048 883 2088 ne
915 2032 1267 2103 Apostolum
1297 2031 1658 2087 arbitrentur
1704 2046 1963 2101 errasse,
2007 2030 2167 2085 acci-

489 2123 672 2194 piant,
707 2137 882 2194 quem
914 2119 1149 2177 ﬁduciae
1205 2119 1392 2193 hujus
1441 2121 1519 2175 sit
1567 2125 1811 2176 secutus
1844 2125 2164 2175 auctorem.

489 2212 779 2267 Dominus
815 2212 969 2266 enim
994 2212 1055 2266 in
1086 2210 1413 2283 Evangelio
1459 2210 1606 2264 dixit
1647 2227 1659 2265 :
1697 2231 1720 2261 «
1765 2209 1911 2265 Cum
1940 2210 2168 2265 venerit

488 2301 856 2372 Paracletus,
897 2316 1074 2373 quem
1112 2316 1227 2373 ego
1260 2301 1482 2354 mittam
1513 2299 1687 2354 vobis
1734 2315 1768 2353 a
1799 2299 1969 2354 Patre
1998 2314 2128 2354 meo
2149 2340 2164 2369 ,

491 2389 774 2461 Spiritum
808 2390 1098 2460 veritatis,
1133 2390 1236 2462 qui
1265 2402 1297 2442 a
1331 2388 1502 2443 Patre
1531 2388 1815 2459 procedit,
1868 2388 1966 2443 ille
1999 2388 2168 2442 testi-

490 2479 754 2534 monium
804 2478 1142 2549 perhibebit
1197 2478 1270 2532 de
1309 2492 1402 2532 me
1435 2476 1624 2546 (Joan.
1668 2493 1768 2547 xv,
1803 2477 1914 2547 26).
1951 2496 1974 2526 ι
2008 2476 2168 2549 Ergo

492 2570 550 2623 et
579 2584 612 2621 a
648 2567 815 2622 Patre
848 2566 1117 2638 procedit
1146 2566 1404 2637 Spiritus
1435 2569 1701 2636 sanctus,
1735 2569 1793 2621 et
1817 2566 2171 2621 testiﬁcatur

497 2655 570 2711 de
611 2655 784 2711 Filio.
826 2655 1203 2711 Testiﬁcatur
1232 2654 1406 2710 etiam
1434 2656 1507 2710 de
1541 2657 1717 2710 Patre
1748 2655 1920 2710 testis
1952 2657 2008 2709 et
2037 2654 2174 2709 ﬁde-

493 2744 572 2800 lis
603 2747 661 2800 et
705 2760 887 2800 verus
932 2761 943 2799 :
979 2759 1097 2816 quo
1137 2743 1284 2799 nihil
1333 2744 1405 2799 ad
1445 2745 1899 2814 expressionem
1954 2743 2170 2798 divina)

496 2831 829 2905 majestatis
861 2835 954 2888 est
990 2832 1263 2904 plenius;
1296 2833 1441 2887 nihil
1483 2832 1555 2886 ad
1580 2834 1856 2887 unitatem
1878 2831 1990 2902 (23)
2022 2831 2171 2886 divi-

494 2937 589 2977 nae
628 2922 939 2993 potestatis
979 2921 1336 2991 evidentius,
1371 2938 1503 2977 cum
1535 2922 1690 2977 idem
1728 2922 1960 2977 noverit
1982 2921 2171 2992 Spiri-

493 3013 593 3067 tus
625 3011 785 3084 quod
815 3015 873 3066 et
903 3010 1115 3081 Filius,
1169 3011 1271 3083 qui
1318 3014 1696 3081 paternorum
1737 3011 1909 3067 testis
1940 3014 1996 3066 et
2026 3026 2171 3066 con-

494 3115 632 3157 sors
667 3100 1014 3156 individuus
1053 3102 1422 3155 secretorum
1451 3102 1561 3155 est.

2347 1960 2435 2015 29.
2475 1958 2641 2025 Quod
2674 1960 2729 2015 si
2749 1961 2907 2033 quis,
2948 1960 3085 2032 quia
3117 1961 3314 2016 omnia
3346 1960 3498 2017 facta
3526 1976 3628 2032 per
3670 1959 3885 2016 Verbum

2278 2050 2644 2121 evangelista
2694 2050 2912 2120 posuit,
2962 2066 3080 2105 non
3111 2051 3334 2122 excipit
3363 2051 3636 2122 Spiritum
3663 2053 3886 2105 sanctum

2279 2139 2637 2209 (quanquam
2659 2138 2720 2192 in
2749 2139 2977 2194 Joanne
3006 2139 3242 2194 locutus
3296 2138 3554 2211 Spiritus
3597 2140 3712 2209 Dei,
3744 2163 3764 2186 α
3792 2138 3891 2192 Om-

2278 2227 2375 2282 nia
2404 2242 2511 2297 per
2539 2226 2733 2297 ipsum
2758 2226 2910 2280 facta
2939 2230 3097 2297 sunt,
3124 2251 3147 2276 ιο
3175 2229 3415 2298 dixerit,
3450 2244 3565 2283 non
3588 2228 3765 2283 omnia
3790 2226 3895 2280 facti

2279 2329 2512 2385 sumus,
2547 2331 2680 2369 cum
2711 2315 2911 2387 utique
2942 2315 3103 2387 loqui
3135 2316 3196 2371 in
3226 2316 3630 2389 Evangelistis
3660 2315 3892 2387 Spiritum

2280 2404 2387 2459 Dei
2431 2404 2560 2475 ipse
2607 2404 2895 2459 Dominus
2936 2405 3280 2477 ostenderit,
3338 2407 3545 2462 dicens
3596 2404 3810 2477 (Matth.
3856 2419 3899 2472 χ,

2278 2494 2370 2564 20)
2403 2509 2416 2549 :
2456 2515 2478 2544 ‹‹
2515 2488 2648 2548 NOn
2682 2494 2839 2549 enim
2868 2511 2979 2550 vos
3011 2494 3176 2550 eritis
3205 2495 3543 2567 loquentes,
3567 2495 3669 2550 sed
3688 2493 3898 2564 Spiritus

2282 2582 2477 2637 Patris
2508 2583 2715 2653 vestri,
2773 2583 2874 2655 qui
2919 2583 3182 2655 loquitur
3223 2585 3287 2639 in
3319 2585 3556 2654 vobis);
3593 2607 3614 2633 ι)
3646 2580 3817 2638 tamen
3862 2580 3900 2633 si

2278 2671 2437 2742 quis,
2471 2674 2534 2725 ut
2564 2672 2708 2741 dixi,
2745 2671 2859 2727 hoc
2891 2671 3024 2728 loco
3069 2688 3188 2728 non
3220 2674 3445 2744 excipit
3475 2674 3741 2745 Spiritum
3772 2685 3906 2724 sanc-

2279 2763 2423 2831 tum,
2462 2761 2568 2815 sed
2602 2762 2756 2816 inter
2786 2761 2982 2815 omnia
3004 2764 3312 2828 numerat;
3345 2779 3455 2817 nec
3478 2763 3556 2816 ibi
3577 2778 3712 2833 ergo
3731 2758 3905 2828 excipit

2283 2849 2389 2903 Dei
2435 2849 2673 2920 Filium,
2726 2850 2827 2905 ubi
2872 2851 3199 2921 Apostolus
3249 2851 3449 2906 dixit:
3492 2874 3513 2898 «
3548 2850 3727 2906 Nobis
3753 2851 3908 2903 tamen

2282 2953 2438 2993 unus
2494 2938 2654 2993 Deus
2690 2938 2873 2994 Pater
2902 2954 2980 2994 ex
3011 2955 3129 3011 quo
3162 2939 3381 3010 omnia,
3416 2943 3473 2995 et
3516 2957 3624 2995 nos
3652 2954 3751 3010 per
3782 2935 3909 2990 illum

2282 3025 2340 3095 (Ι
2367 3026 2502 3082 Cor.
2535 3044 2659 3097 vm,
2692 3028 2768 3099 6).
2799 3051 2821 3077 ιι
2858 3027 2975 3083 Sed
3007 3033 3070 3083 ut
3092 3029 3243 3083 sciat
3272 3030 3415 3101 quia
3444 3029 3598 3084 inter
3617 3026 3794 3083 omnia
3819 3037 3909 3078 non

2284 3119 2377 3170 est
2408 3115 2617 3186 Filius,
2680 3116 2839 3189 legat
2896 3118 3243 3189 sequentia;
3275 3134 3417 3174 nam
3447 3135 3580 3175 cum
3612 3116 3774 3173 dicit:
3807 3138 3826 3162 α
3854 3110 3906 3167 Et

564 3207 654 3264 26.
690 3207 960 3263 Exclusit
988 3207 1185 3278 itaque
1234 3223 1268 3261 a
1298 3208 1637 3280 cognitione
1672 3208 1777 3262 Dei
1829 3194 2250 3272 societatemC
2286 3220 2439 3259 unus
2494 3203 2782 3260 Dominus
2813 3205 3015 3278 Jesus,
3058 3222 3166 3278 per
3210 3222 3392 3278 quem
3434 3209 3630 3264 omnia
3656 3202 3863 3278 (Ibid.);
3889 3223 3905 3247 ι

495 3300 554 3354 et
583 3295 1013 3353 multitudinem
1052 3298 1342 3351 creaturae
1379 3313 1391 3352 :
1426 3313 1544 3352 non
1577 3297 1946 3352 excludendo
1977 3299 2172 3351 autem

495 3386 780 3458 Spiritum
811 3388 1105 3456 sanctum,
1138 3385 1399 3440 ostendit
1420 3402 1539 3440 non
1580 3400 1719 3440 esse
1751 3386 1980 3440 socium
2011 3400 2174 3439 crea-

494 3480 664 3531 turae.
692 3475 861 3531 Unde
891 3478 950 3531 et
980 3474 1124 3529 illud
1154 3474 1313 3546 quod
1342 3474 1558 3530 lectum
1584 3478 1676 3529 est
1715 3476 1772 3528 in
1806 3473 2128 3546 Evangelia
2158 3490 2171 3529 :

502 3585 525 3616 ι
567 3562 715 3630 Quia
761 3564 948 3620 Deum
980 3579 1154 3619 nemo
1185 3563 1331 3618 vidit
1360 3580 1640 3636 unquam,
1674 3563 1793 3618 nisi
1831 3562 2174 3635 unigenitus

498 3639 691 3709 Filius
710 3654 809 3726 qui
829 3657 923 3709 est
941 3653 1002 3708 in
1025 3653 1162 3709 sinu
1186 3654 1406 3722 Patris,
1440 3654 1572 3724 ipse
1604 3653 1901 3708 enarravit
1921 3652 2111 3723 (Joan.
2131 3668 2173 3725 ι,

500 3743 611 3814 18),
659 3764 681 3793 ι»
732 3743 808 3798 ad
863 3744 1277 3813 exceptionem
1335 3743 1589 3813 pertinet
1645 3742 1903 3813 Spiritus
1959 3742 2172 3796 sancti.

499 3830 803 3896 Quomodo
835 3832 993 3886 enim
1018 3832 1202 3887 Deum
1220 3847 1339 3887 non
1364 3831 1529 3900 vidit,
1567 3830 1668 3902 qui
1690 3832 1988 3885 scrutatur
2004 3830 2178 3884 etiam

501 3919 616 3974 alta
646 3920 752 3974 Dei
781 3919 838 3990 (Ι
866 3919 1001 3976 Cor.
1035 3934 1096 3990 ιι,
1130 3919 1219 3989 10)
1250 3921 1279 3975 ?
1311 3920 1607 3992 quomodo
1656 3920 1844 3974 Deum
1871 3919 2037 3990 vidit,
2072 3919 2173 3990 qui

504 4008 786 4081 cOgnovit
816 4025 949 4081 quae
988 4009 1096 4063 Dei
1117 4010 1299 4063 sunt?
1329 4009 1624 4080 quomodo
1657 4009 1804 4071 606
1841 4009 2027 4063 Deum
2058 4023 2176 4064 non

505 4098 673 4168 vidit,
716 4102 815 4169 qui
863 4113 939 4152 ex
985 4097 1105 4152 Deo
1139 4097 1274 4151 est?
1322 4096 1482 4168 Ergo
1515 4112 1648 4151 cum
1696 4098 1773 4151 ita
1812 4098 2071 4168 positum
2101 4098 2180 4152 sit

508 4208 534 4239 ι
578 4186 716 4260 quia
750 4187 936 4241 Deum
991 4201 1183 4240 memo
1231 4184 1378 4238 vidit
1419 4200 1700 4256 unquam,
1740 4209 1761 4234 ιι
1801 4187 1948 4240 vidit
1983 4190 2179 4242 autem

506 4276 786 4347 Spiritus,
806 4275 1009 4346 utique
1040 4277 1326 4344 exceptus
1350 4276 1442 4328 est
1461 4273 1735 4344 Spiritus.
1760 4274 1953 4347 Super
1982 4276 2178 4332 omnia

510 4367 698 4439 igitur
725 4368 836 4437 est,
871 4364 973 4437 qui
1003 4367 1094 4420 est
1124 4365 1411 4434 exceptus
1440 4377 1519 4419 ex
1546 4363 1842 4420 omnibus.

1162 4524 1418 4581 CAPUT
1466 4525 1538 4582 ΙῘ.

509 4669 803 4743 Spiritum
837 4673 1102 4743 sanctum
1123 4683 1279 4743 Aesse
1336 4669 1504 4743 inter
1531 4669 1722 4743 omnia
1782 4684 1894 4725 non
1928 4668 2182 4742 probari

583 4757 662 4795 ex
688 4738 817 4795 illis
841 4741 1046 4796 verbis
1063 4760 1081 4805 ;
1111 4740 1317 4795 Omnia
1334 4756 1441 4810 per
1462 4741 1655 4811 ipsum
1682 4741 1831 4795 facta
1853 4738 2022 4805 sunt;
2055 4758 2181 4796 cum

580 4811 777 4884 factus
806 4828 919 4867 non
940 4814 1041 4867 sit.
1066 4812 1334 4884 Namque
1365 4811 1514 4866 alias
1538 4812 1795 4884 perinde
1818 4813 2185 4884 probaretur

581 4881 794 4950 Filius,
828 4885 944 4938 imo
975 4884 1151 4937 etiam
1180 4881 1372 4939 Pater
1420 4881 1835 4939 numerandus
1859 4883 2024 4938 inter
2066 4900 2183 4940 om-

582 4953 703 5008 nia.
740 4952 903 5018 Quod
941 4960 1033 5008 est
1056 4954 1317 5025 ejusdem
1335 4955 1682 5026 impietatis.

583 5094 672 5150 27.
717 5094 982 5161 Videtur,
1022 5098 1226 5150 sancte
1256 5098 1594 5167 imperator,
1645 5098 1817 5168 plena
1863 5098 2011 5153 ratio
2044 5112 2184 5154 esse

513 5183 770 5257 pietatis,
808 5184 917 5239 sed
949 5183 1146 5254 impiis
1177 5201 1294 5239 non
1332 5186 1585 5241 videtur.
1613 5188 1877 5259 Denique
1907 5188 2047 5259 quid
2068 5204 2187 5244 mo-

506 5273 738 5331 ‘liantur
775 5272 1036 5329 adverte.
1087 5272 1292 5330 Solent
1334 5276 1488 5330 enim
1530 5276 1726 5332 dicere
1756 5277 2020 5333 haeretici
2050 5277 2183 5333 ideo

584 5433 709 5508 (23)
733 5433 945 5508 Patris,
979 5434 1252 5506 quasdam
1284 5436 1445 5508 edit.,
1482 5460 1504 5485 υ
1541 5435 1686 5492 nihil
1716 5438 1789 5493 ad
1812 5439 2135 5495 veritatem.
2159 5461 2182 5489 ι

501 5510 629 5564 .etc.
662 5506 796 5561 Non
827 5507 974 5560 satis
1005 5510 1187 5562 recte.

584 5578 699 5647 (24)
733 5579 902 5633 Eras.
936 5581 995 5649 et
1032 5593 1160 5649 seq.
1186 5578 1325 5632 edit.
1351 5579 1412 5633 in
1434 5593 1726 5648 margine,
1752 5601 1775 5628 α
1812 5579 2192 5637 confunditur

499 5648 683 5717 ,ratio.
713 5669 736 5699 ι
771 5649 889 5704 Sed
918 5648 1066 5703 nihil
1092 5648 1252 5719 vetat
1280 5649 1424 5719 quin
1453 5650 1610 5703 actio
1638 5651 1962 5706 retineatur
1996 5657 2061 5707 ut
2093 5653 2191 5708 hic

513 5732 633 5780 non
661 5735 842 5780 secus
869 5734 941 5776 ac
971 5733 1136 5797 saepe
1166 5717 1316 5776 alibi
1337 5733 1408 5778 ea
1436 5721 1557 5776 v0x
1584 5718 1742 5778 idem
1780 5722 1860 5779 sit
1890 5725 2066 5803 atque
2094 5740 2191 5782 ac-

2283 3293 2357 3348 ab
2391 3288 2667 3349 omnibus
2698 3294 2900 3368 utique
2932 3296 3152 3368 excipit
3182 3296 3289 3352 Dei
3322 3296 3563 3369 Filium,
3600 3296 3698 3368 qui
3737 3289 3911 3361 excipit

2284 3385 2342 3437 et
2375 3380 2629 3438 Patrem.

2354 3489 2444 3546 30.
2477 3489 2768 3562 Ejusdem
2798 3493 2993 3547 autem
3036 3492 3357 3563 impietatis
3407 3496 3503 3550 est
3533 3492 3626 3546 vel
3655 3488 3815 3557 Patri,
3841 3482 3912 3538 vel

2285 3577 2456 3650 Filio,
2489 3579 2584 3634 vel
2615 3580 2856 3651 Spiritui
2888 3584 3096 3636 sancto
3128 3583 3442 3654 derogare.
3478 3581 3612 3637 Non
3641 3579 3784 3635 enim
3809 3587 3913 3630 cre-

2286 3667 2371 3722 dit
2392 3669 2451 3722 in
2484 3669 2737 3741 Patrem,
2778 3669 2878 3740 qui
2910 3686 3026 3725 non
3061 3671 3247 3726 credit
3275 3671 3337 3724 in
3370 3671 3690 3743 Spiritum;
3719 3681 3814 3723 nec
3837 3677 3914 3734 p0-

2286 3759 2404 3811 test
2426 3757 2555 3811 sine
2588 3757 2796 3830 regula
2838 3759 3107 3814 veritatis
3137 3759 3285 3814 ﬁdes
3318 3763 3503 3815 stare.
3554 3759 3698 3814 Nam
3727 3755 3815 3828 qui
3832 3766 3914 3807 ne-

2288 3861 2433 3919 gare
2465 3848 2711 3917 coeperit
2761 3847 3042 3903 unitatem
3093 3849 3407 3919 potestatis
3439 3849 3502 3904 in
3534 3848 3697 3903 Patre
3725 3849 3777 3900 et
3801 3841 3915 3898 Filio

2289 3937 2347 3989 et
2376 3934 2601 4005 Spiritu
2630 3940 2857 4004 sancto,
2891 3953 3012 3993 non
3042 3940 3237 4008 potest
3284 3938 3493 4010 utique
3524 3938 3625 4008 ibi,
3674 3934 3767 3990 ubi
3792 3928 3917 3986 nulla

2289 4023 2506 4079 divisio
2543 4024 2643 4094 sit,
2679 4025 2857 4080 ﬁdem
2884 4026 3137 4097 probare
3167 4026 3448 4082 divisam.
3486 4026 3641 4099 Ergo
3670 4023 3793 4097 quia
3817 4018 3916 4091 pie-

2287 4113 2426 4169 tatis
2457 4115 2651 4168 unitas
2682 4117 2775 4169 est
2804 4115 2957 4170 bene
2989 4115 3252 4189 credere,
3288 4117 3469 4172 etiam
3487 4118 3677 4172 unitas
3705 4109 3924 4181 impieta-

2288 4202 2366 4257 tis
2393 4205 2485 4258 est
2515 4202 2666 4257 male
2699 4204 2964 4260 credere.

2360 4308 2451 4364 31.
2511 4309 2711 4381 Itaque
2768 4312 2871 4383 qui
2927 4314 3131 4383 putant
3176 4311 3461 4384 Spiritum
3491 4313 3749 4367 sanctum
3798 4304 3918 4358 inter

2238 4409 2243 4415 ‘
2291 4398 2442 4462 607
2473 4400 2670 4454 omnia
2699 4399 2917 4455 debere
2975 4402 3294 4473 numerari,
3328 4403 3470 4474 quia
3512 4401 3700 4458 omnia
3752 4396 3900 4487 legat!

2293 4487 2446 4543 facta
2475 4503 2583 4559 per
2610 4488 2846 4559 Filium,
2879 4491 3053 4545 etiam
3102 4490 3318 4546 Filium
3349 4492 3554 4563 utique
3583 4490 3731 4544 inter
3756 4491 3913 4539 omnm

2198 4570 2253 4636 Ι)
2292 4578 2803 4632 annumerandum
2849 4582 3088 4650 putant,
3135 4581 3276 4651 quia
3317 4580 3529 4653 legunt
3572 4596 3586 4634 :
3623 4599 3647 4629 ι
3695 4574 3776 4630 Ex
3822 4569 3917 4623 Deo

2294 4665 2491 4721 omnia
2522 4666 2607 4735 (II
2638 4666 2774 4722 Cor.
2808 4682 2866 4737 v,
2902 4666 3012 4737 18).
3054 4691 3075 4717 ι»
3126 4667 3582 4741 Consequenter
3632 4667 3808 4720 autem
3833 4667 3919 4712 nec

2293 4754 2525 4809 Patrem
2554 4753 2628 4810 ab
2652 4756 2929 4811 omnibus
2961 4761 3299 4829 secernunt,
3332 4758 3431 4830 qui
3465 4774 3500 4813 a
3535 4751 3803 4811 creaturis
3828 4758 3920 4801 om-

2293 4843 2474 4899 nibus
2505 4844 2718 4900 Filium
2757 4862 2876 4902 non
2927 4851 3285 4917 secernunt;
3345 4847 3623 4919 quoniam
3679 4840 3816 4896 sicut
3861 4846 3918 4886 ex

2293 4932 2466 4988 Patre
2497 4935 2711 5007 omnia,
2748 4934 2827 4990 ita
2854 4935 3031 4990 etiam
3062 4950 3168 5006 per
3198 4935 3413 4991 Filium
3459 4934 3672 4990 omnia.
3708 4928 3821 4984 Hoc
3846 4922 3919 4991 ip-

2294 5038 2429 5077 sum
2458 5022 2520 5077 in
2549 5023 2769 5093 Spiritu
2790 5024 3128 5095 praevidens
3151 5025 3474 5095 Apostolus
3498 5024 3633 5094 (25),
3659 5017 3791 5074 dixit
3820 5028 3831 5066 :
3859 5022 3916 5063 ne

2292 5111 2446 5165 inter
2477 5114 2671 5166 omnia
2703 5113 2984 5184 posuisse
3036 5113 3249 5169 Filium
3278 5114 3375 5169 vel
3414 5112 3612 5183 impiis
3640 5102 3916 5163 videretur,

2294 5201 2395 5271 qui
2425 5202 2731 5256 audierant
2773 5202 3001 5258 dixisse
3048 5203 3264 5258 Filium
3299 5218 3313 5259 :
3349 5224 3373 5254 ι
3418 5202 3597 5255 Pater
3633 5193 3779 5268 quod
3805 5184 3919 5244 didit

2295 5289 2462 5344 mihil
2492 5290 2628 5362 (26),
2664 5290 2860 5363 majus
2893 5292 3170 5348 omnibus
3202 5295 3294 5348 est
3326 5291 3516 5363 (Joan.
3556 5304 3615 5360 x,
3644 5284 3753 5356 29).
3792 5300 3812 5330 ι

2295 5436 2728 5582 ωῗὲῖξςοόωῃθε
2769 5507 2909 5582 edit.
2953 5509 3011 5562 et
3041 5506 3279 5582 quidam
3309 5522 3465 5582 mss.
3492 5521 3574 5582 ;__-
3611 5497 3729 5557 Hoc
3754 5495 3915 5582 ipszlttg

2295 5571 2479 5654 supra
2508 5579 2814 5635 evidenter
2843 5571 3187 5654 Apostolus,
3230 5601 3252 5627 ιι
3278 5582 3399 5654 etc.
3438 5575 3555 5654 Alii
3581 5586 3716 5628 vero
3741 5571 3917 5634 mBJOﬂ

2296 5651 2544 5714 numero
2577 5653 2635 5706 et
2663 5652 3010 5707 auctoritate
3038 5654 3102 5706 ut
3129 5665 3243 5706 nos
3273 5651 3336 5706 in
3355 5652 3537 5706 textu.

2369 5722 2490 5806 (26)
2522 5718 2674 5782 Mss.
2704 5721 2969 5801 aliquod,
3002 5743 3027 5774 α
3063 5722 3225 5801 quod
3255 5718 3467 5782 dedisti
3495 5713 3656 5779 mihi.
3688 5735 3711 5765 ι
