4050 6182
161 335 286 396 741

803 530 1056 586 CAPUT
1115 531 1210 587 III.

173 620 340 688 Quod
371 619 698 703 Apostolus
729 620 957 674 dixerit
981 637 1057 703 ex
1076 620 1266 703 Patre
1280 638 1395 703 per
1417 619 1639 680 Filium
1659 637 1849 703 omnia

245 709 406 762 esse,
444 693 519 746 ab
551 708 752 746 eorum
787 698 1087 764 consortio
1119 693 1411 764 Spiritum
1435 710 1546 748 non
1585 694 1814 748 secludi
1832 713 1848 756 ,-

241 781 374 819 cum
393 780 522 835 quae
540 780 608 836 ac
630 779 799 817 unam
820 763 1174 836 referuntur
1185 781 1523 835 personam,
1549 765 1688 818 aliis
1710 781 1849 836 quo-

245 852 356 907 que
382 835 776 907 attribuatur.
801 835 904 907 Sic
927 835 1212 907 baptizati
1255 837 1315 889 in
1349 837 1582 890 nomine
1621 835 1853 890 Christi

241 905 500 960 simu/in
528 906 736 959 Patris
753 922 819 959 ac
839 905 1072 975 Spiritn
1097 908 1328 961 nomine
1350 914 1670 961 censentur
1706 907 1848 975 bap-

246 925 425 960 51mm
438 925 500 959 111
528 925 736 959 I’HU‘IS
753 925 819 959 HC
839 925 1072 975 opirna
1097 925 1328 961 1101111178
1350 925 1670 961 censemur
1706 925 1777 960 [)8
1820 937 1848 947 -·

246 978 425 1031 tizati
444 997 461 1039 ;
498 979 553 1030 si
577 983 768 1030 tamen
791 977 972 1030 simul
996 978 1212 1050 intres
1243 993 1534 1050 personas
1569 925 1848 1034 credidi;-

242 1050 410 1103 rint:
459 1064 634 1120 secus
679 1055 910 1120 autem,
943 1047 1136 1102 nullus
1159 1047 1277 1102 erit
1314 1049 1662 1120 baptismus.
1709 1049 1850 1104 Haec

245 1121 431 1174 etiam
455 1119 748 1192 baptismo
791 1121 851 1172 in
876 1118 1142 1192 Spiritus
1179 1118 1402 1192 sancti—
1423 1122 1850 1192 nuncupatione

244 1191 596 1246 convenire.
623 1190 693 1243 Si
728 1195 919 1244 autem
954 1190 1024 1244 ob
1060 1192 1323 1244 eumdem
1363 1190 1852 1263 locumSpiritus

243 1263 323 1316 ab
348 1263 489 1316 aliis
486 1266 789 1386 [personis
810 1267 1142 1332 separetur,
1181 1270 1378 1335 utique
1402 1263 1474 1317 ob
1515 1262 1664 1317 alios
1696 1262 1852 1318 locos

251 1333 450 1386 Pater
526 1332 638 1386 'ilio
673 1332 982 1386 diceretur
1017 1334 1468 1386 nostnonendus.
1493 1334 1590 1386 Ab
1621 1335 1852 1386 anaelis

251 1333 450 1405 Baiter
486 1332 638 1405 Filio
673 1332 982 1386 diceretur
1007 1332 1468 1405 postponéndus.
1493 1334 1590 1388 Ab
1621 1335 1853 1405 angelis

244 1403 470 1458 Filium
502 1404 764 1472 adorari,
802 1420 914 1457 non
937 1420 968 1457 a
989 1403 1256 1475 Spiritu;
1287 1405 1440 1459 hunc
1459 1407 1614 1459 enim
1641 1403 1851 1459 testem

248 1477 387 1548 ejus
401 1490 560 1548 esse,
581 1491 693 1548 non
715 1475 1074 1548 ministrum.
1100 1475 1240 1548 Cum
1265 1477 1535 1530 omnibus
1557 1477 1854 1548 anteponi-

255 1544 364 1600 t'ur
386 1544 586 1608 Filius,
622 1545 1078 1618 intelligendum
1121 1547 1196 1601 de
1235 1548 1552 1602 creaturis.
1579 1544 1852 1618 Dig—nita-

254 1624 380 1672 tem
407 1618 598 1670 sancti
647 1616 919 1688 Spiritus
975 1619 1267 1688 apeccali
1326 1620 1387 1672 in
1419 1636 1546 1673 eum
1603 1616 1854 1675 admissi

247 1687 801 1759 irremissibilitate
826 1687 1094 1759 probari.
1130 1689 1294 1743 Unde
1327 1692 1408 1744 sit
1437 1690 1540 1744 illa
1571 1690 1849 1744 irremis-

248 1758 520 1813 sibilitas
551 1758 839 1828 quomodo,
853 1776 1000 1814 unus
1033 1759 1320 1832 Spiritus.

1349 327 1462 394 DE
1501 329 1844 394 SPIRITU
1891 328 2216 396 SANCTO
2261 329 2421 392 LIB.
2465 330 2515 392 I.

3513 330 3633 393 742

1871 513 1928 576 Α
1965 538 2225 610 Christo,
2260 530 2408 596 608
2437 538 2895 595 benedicitur'in
2920 539 3156 596 nomine
3187 539 3400 609 Patris,
3425 541 3482 594 et
3500 537 3635 594 Filii

1967 633 2023 684 et
2045 629 2300 698 Spiritus
2331 630 2517 683 sancti
2545 647 2561 694 ;
2595 629 2729 699 quia
2749 646 2926 683 unum
2950 645 3182 697 nomen,
3209 633 3471 699 potestas
3492 645 3628 698 una,

1967 719 2047 771 ita
2072 719 2243 772 etiam
2267 719 2368 774 ubi
2392 719 2652 789 operatio
2677 719 2870 788 aliqua
2896 719 3028 787 (29),
3051 718 3269 786 divina,
3293 722 3390 771 aut
3415 719 3626 788 Patris,

1966 810 2064 860 aut
2097 807 2246 876 Filii,
2291 811 2388 862 aut
2446 808 2698 877 Spiritus
2735 809 3100 879 designatur,
3159 823 3275 861 non
3335 806 3525 860 solum
3558 807 3630 860 ad

1967 900 2238 950 sanctum
2269 896 2570 967 Spiritum,
2606 897 2712 950 sed
2745 898 2919 952 etiam
2949 897 3017 950 ad
3044 897 3275 950 Patrem
3307 896 3559 950 refertur
3575 899 3632 950 et

1968 981 2201 1051 Filium,
2237 1000 2346 1038 nec
2380 985 2573 1038 solum
2603 985 2674 1038 ad
2705 985 2958 1054 Patrem,
2992 985 3099 1039 sed
3122 985 3291 1040 etiam
3311 985 3384 1038 ad
3418 985 3629 1039 Filium

1962 1071 2218 1127 refertur
2247 1076 2304 1127 et
2333 1073 2632 1143 Spiritum.

2034 1162 2121 1215 41.
2160 1162 2424 1233 Denique
2473 1163 2754 1233 Aithiops
2786 1163 3096 1218 eunuchus
3143 1161 3434 1217 Candacis
3467 1162 3628 1234 regi-

1965 1265 2057 1304 nae
2097 1250 2426 1320 baptizatus
2485 1252 2542 1306 in
2574 1252 2812 1307 Christo
2874 1253 3032 1321 (Act.
3063 1269 3186 1322 vm,
3244 1252 3356 1321 2Ἳ),
3390 1251 3630 1321 plenum

1966 1341 2312 1409 mysterium
2345 1346 2704 1396 consecutus
2735 1345 2844 1395 est.
2897 1342 2967 1395 Et
2997 1341 3082 1396 illi
3112 1341 3210 1412 qui
3265 1342 3631 1412 negaverunt

1967 1443 2032 1481 se
2065 1428 2221 1482 scire
2254 1428 2532 1499 Spiritum
2563 1433 2855 1500 sanctum,
2889 1432 3162 1502 quamvis
3207 1431 3530 1500 baptizatos
3563 1443 3630 1483 se

1966 1515 2231 1571 dicerent
2261 1517 2320 1571 in
2343 1517 2590 1574 Joannis
2623 1519 2937 1590 baptismo,
2961 1520 3235 1589 baptizati
3267 1523 3403 1573 sunt
3424 1521 3630 1588 postea

1965 1604 2124 1675 (Act.
2159 1622 2282 1675 xix,
2315 1607 2348 1661 2
2379 1614 2437 1662 et
2469 1610 2639 1680 seq.),
2674 1610 2810 1679 quia
2841 1609 3102 1664 Joannes
3134 1609 3190 1664 in
3216 1608 3631 1662 remissionem

1964 1697 2362 1765 peccatorum,
2396 1697 2457 1750 in
2487 1697 2860 1752 advenientis
2891 1698 3058 1765 Jesu,
3091 1713 3208 1752 non
3251 1698 3309 1751 in
3341 1713 3451 1752 suo
3483 1697 3631 1767 bap-

1965 1783 2164 1837 tizavit
2194 1787 2448 1839 nomine.
2485 1785 2555 1839 Et
2585 1786 2717 1840 ideo
2764 1786 3044 1856 Spiritum
3077 1787 3442 1854 nesciebant,
3497 1785 3632 1855 quia

247 1866 340 1920 32.
374 1865 492 1920 Sed
525 1865 780 1920 fortasse
811 1866 1028 1937 aliquis
1087 1867 1260 1937 dicat,
1295 1883 1409 1939 qua
1463 1868 1687 1923 ratione
1719 1884 1852 1924 cum
1887 1892 1937 1954 Β
1967 1887 2076 1926 nec
2107 1873 2464 1943 baptismum
2507 1875 2566 1928 in
2615 1875 2832 1929 Christi
2868 1875 3124 1944 nomine,
3186 1875 3340 1928 sicut
3371 1875 3632 1928 Joannes

175 1955 398 2010 dixerit
430 1955 526 2008 hic
554 1971 628 2009 ex
657 1956 828 2009 Patre
878 1957 1092 2023 omnia,
1145 1960 1200 2010 et
1257 1973 1364 2027 per
1403 1957 1613 2012 Filium
1659 1961 1852 2013 omnia

171 2044 233 2115 (Ι
263 2045 402 2099 Cor.
437 2061 560 2114 vui,
594 2045 668 2113 6),
705 2045 776 2100 de
806 2044 1026 2116 Spiritu
1057 2049 1264 2100 sancto
1297 2047 1582 2116 tacuerit;
1615 2051 1670 2102 et
1717 2049 1854 2102 hinc

179 2134 380 2204 cupiat
397 2133 808 2204 praajudicium
828 2150 1192 2205 comparare.
1215 2135 1382 2200 Quod
1405 2137 1455 2190 si
1481 2137 1673 2208 pergit
1693 2137 1854 2191 mali-

171 2223 336 2277 tiose
369 2223 782 2294 interpretarii,
818 2239 992 2294 quam
1023 2225 1502 2280 multisinveniet
1523 2225 1672 2280 locis
1704 2243 1856 2296 prae-

177 2311 434 2366 dicatam
469 2313 659 2366 sancti
689 2311 944 2382 Spiritus
976 2316 1344 2383 potestatem,
1398 2315 1457 2368 in
1489 2316 1706 2384 quibus
1758 2316 1851 2370 vel

178 2402 253 2456 de
289 2402 460 2456 Patre
494 2402 585 2455 vel
621 2402 692 2456 de
727 2401 874 2456 Filio
907 2403 1051 2456 nihil
1105 2403 1409 2474 Scriptura
1465 2406 1852 2476 expresserit,

179 2491 291 2546 sed
325 2491 773 2561 intelligendum
802 2490 1141 2562 reliquerit!

251 2579 343 2634 40.
370 2579 482 2648 (27)
508 2580 802 2651 Numquid
841 2595 986 2652 ergo
1031 2597 1163 2635 cum
1194 2583 1382 2653 gratia
1414 2581 1668 2653 Spiritus
1699 2600 1856 2654 prae-

179 2669 436 2735 dicatur,
475 2668 576 2722 Dei
612 2669 799 2723 Patris
831 2674 928 2723 aut
973 2671 1260 2742 unigeniti
1305 2671 1436 2725 Filii
1484 2673 1857 2745 denegatur?

182 2757 317 2811 Non
351 2758 448 2823 ita,
483 2758 618 2828 quia
649 2759 802 2811 sicut
829 2759 996 2812 Pater
1027 2760 1085 2812 in
1105 2759 1250 2814 Filio
1284 2763 1340 2814 et
1370 2761 1555 2815 Filius
1579 2763 1638 2816 in
1663 2763 1854 2834 Patre,

181 2847 260 2900 ita
293 2847 471 2900 etiam
510 2869 530 2891 ιι
566 2845 777 2900 (Ιὶίΐιιεῑι
806 2851 914 2909 est,
951 2849 1158 2919 inquit,
1211 2849 1470 2904 charitas
1501 2851 1612 2921 (28)
1663 2853 1765 2906 Dei
1799 2853 1858 2907 in

185 2935 472 2989 cordibus
506 2937 727 2989 nostris
758 2952 866 3006 per
887 2937 1168 3006 Spiritum
1201 2943 1493 3010 sanctum,
1526 2941 1625 3010 qui
1685 2942 1856 2996 datus

185 3028 276 3079 est
307 3024 486 3078 nobis
520 3024 707 3094 (Hom.
733 3041 788 3096 v,
813 3027 889 3096 5).
928 3048 949 3074 υ
987 3025 1057 3079 Et
1085 3027 1239 3080 sicut
1269 3029 1370 3099 qui
1398 3027 1770 3084 benedicitur
1799 3031 1859 3084 in

257 3166 372 3243 (27)
406 3165 470 3243 In
493 3167 755 3243 editione
815 3169 1193 3224 Benedictina
1227 3171 1304 3224 sit
1359 3172 1562 3226 mutila
1593 3173 1861 3243 procedit

191 3239 409 3307 series,
445 3239 542 3310 bis
575 3244 826 3310 quatuor
854 3257 1135 3295 numeros
1168 3243 1463 3297 omittens.
1499 3239 1644 3298 Eni).

255 3311 373 3384 (28)
409 3309 554 3364 Mss.
591 3309 830 3384 aliquot,
870 3336 890 3358 »ι
948 3314 1021 3365 ita
1053 3313 1226 3366 etiam
1271 3314 1331 3366 in
1377 3315 1595 3384 Spiritu
1627 3319 1856 3372 sancto.

185 3381 418 3456 Ditl'usa
449 3385 560 3446 est,
617 3381 824 3456 inquit,
861 3383 1152 3456 charitas;
1216 3407 1237 3432 η
1294 3381 1505 3456 reliqui
1565 3390 1620 3440 et
1652 3403 1858 3442 omnes

182 3453 358 3526 edit.,y
379 3453 493 3506 hoc
516 3469 630 3526 uno
649 3455 800 3526 inter
821 3470 886 3508 se
911 3455 1147 3524 distant,
1173 3456 1330 3526 quod
1368 3453 1572 3526 in_his,
1611 3459 1859 3513 verbum

180 3525 387 3596 inquit
421 3539 538 3596 non
569 3524 884 3585 invenitur.

257 3595 377 3661 (29)
425 3595 570 3667 Mss.
607 3611 723 3650 non
783 3597 978 3667 pauci,
1015 3619 1037 3644 ‹‹

182 3666 458 3737 operatio
491 3666 704 3736 aliqua,
742 3691 763 3714 »
798 3671 907 3722 etc.

257 3738 377 3804 (30)
412 3737 523 3790 Vix
554 3739 706 3791 alius
737 3739 1168 3793 Ambrosianus
1200 3740 1368 3795 locus
1389 3744 1605 3795 tantam
1625 3742 1862 3796 dissidii

181 3812 813 3884 segetem,_uquant_am
860 3811 1264 3884 hic_praebuit
1321 3813 1640 3884 theologis.
1705 3815 1862 3868 Beda

183 3879 570 3953 Venerabilis
601 3881 940 3953 ingActuum
975 3879 1040 3936 19
1069 3881 1199 3937 haec
1229 3885 1358 3953 ipsa
1414 3879 1594 3938 verba
1625 3885 1862 3939 edisse-

180 3967 355 4019 rens,
385 3951 682 4004 Ambrosii
707 3953 1056 4006 sententiam
1081 3953 1232 4008 hanc
1252 3951 1403 4009 esse
1437 3956 1626 4022 docet,
1651 3957 1862 4011 minis-

183 4028 348 4076 trum
384 4021 774 4091 baptismatis,
808 4025 1183 4093 pronuntiato
1217 4026 1346 4080 solo
1387 4027 1439 4081 J.
1500 4021 1717 4081 Christi
1752 4045 1861 4082 no-

184 4096 374 4161 mine,
409 4109 547 4165 vere
578 4110 646 4147 ac
703 4096 894 4149 valide
927 4096 1260 4165 baptizare;
1322 4098 1415 4151 cui
1468 4101 1774 4153 sententiae
1809 4102 1866 4153 et

185 4166 323 4235 ipse
389 4164 733 4239 subscribit.
800 4164 1268 4239 Eidem’quoque
1327 4168 1613 4239 majorem
1671 4170 1864 4223 adhuc

187 4236 601 4311 auctoritatem
623 4237 856 4311 videtur
875 4236 1091 4292 addere
1112 4236 1338 4311 calculo
1361 4236 1472 4293 suo
1512 4241 1792 4295 Nicolaus
1818 4241 1864 4311 I,

187 4310 356 4377 pont.
427 4307 618 4373 Bom.,
652 4309 714 4361 in
776 4310 1036 4378 Respon.
1085 4309 1158 4362 ad
1209 4311 1476 4365 consulta
1536 4312 1773 4382 Bulgar.
1810 4307 1862 4366 c.

191 4379 318 4432 104.
357 4377 524 4431 Hanc
582 4381 773 4447 ipsam
830 4383 1166 4450 opinionem
1196 4397 1314 4436 non
1370 4382 1712 4436 haesitanter
1738 4398 1866 4436 am-

190 4450 411 4520 plexus
444 4453 537 4503 est
565 4451 779 4504 l’etrus
811 4451 1182 4506 Lombardus
1216 4453 1275 4507 in
1328 4470 1387 4506 IV
1421 4454 1587 4508 Sent.
1639 4454 1775 4508 dist.
1809 4453 1863 4521 3,

194 4538 324 4590 cap.
387 4521 498 4574 sed
527 4522 678 4592 quod
725 4526 781 4576 et
839 4539 966 4593 seq.
1003 4524 1127 4577 Nec
1183 4524 1256 4578 ab
1298 4523 1393 4578 his
1454 4525 1517 4578 Β.
1580 4525 1865 4578 Thomam

1093 3595 1171 3651 ita
1204 3598 1378 3652 etiam
1436 3600 1719 3669 operatio,
1757 3600 1859 3655 ubi

192 4596 724 4685 PP‘JE?.‘.‘.':_‘1_“"E§‘;
867 4600 987 4685 9.";
1003 4594 1070 4685 ἒς
1093 4595 1393 4685 traria}?
1409 4594 1864 4685 ,ίᾷμιξάίεξειβίίτξιιιεν
1891 4621 1946 4685 o

194 4665 245 4717 si
279 4662 586 4734 Cajetano,
618 4665 716 4734 qui
748 4666 920 4718 etiam
961 4682 1116 4719 nunc
1147 4662 1524 4735 baptismum,
1589 4683 1701 4720 una
1732 4662 1866 4721 tan?-

192 4739 315 4788 tum
350 4735 654 4788 Trinitatis
687 4752 940 4804 persona
973 4737 1286 4804 nominata,
1331 4738 1628 4791 contendit
1659 4738 1863 4792 efﬁca-

197 4808 348 4860 citer
381 4806 640 4860 conferri
671 4823 874 4875 posse,
909 4807 1084 4861 fidem
1143 4807 1487 4862 habeamus.
1519 4808 1734 4862 Verum
1769 4809 1868 4862 alii

196 4878 527 4931 Thomistaa
558 4877 707 4931 hanc
739 4879 1088 4932 sententiam
1131 4895 1163 4932 a
1220 4879 1490 4950 magistri
1523 4881 1616 4932 sui
1675 4883 1868 4933 mente

187 4950 453 5013 alienam
483 4952 770 5002 conantur
802 4951 1136 5015 ostendere,
1171 4949 1339 5020 quod
1360 4949 1596 5020 quidem
1647 4951 1866 5003 exami-

197 5036 339 5073 nare
373 5020 565 5072 nostri
598 5037 713 5074 non
746 5020 922 5075 fuerit
967 5022 1235 5075 instituti.
1289 5021 1580 5075 Caeterum
1623 5020 1868 5076 Nicolao

199 5107 370 5161 papae
394 5107 464 5163 ac
481 5091 764 5160 Magistro
779 5092 938 5146 Sent.
955 5093 1260 5146 accenseri
1277 5093 1479 5163 procul
1500 5092 1679 5147 dubio
1697 5093 1870 5147 etiam

201 5163 378 5216 debet
405 5162 580 5231 Hugo
611 5164 824 5217 Victor.
851 5163 950 5217 lib.
979 5163 1086 5217 ide
1119 5162 1378 5217 Sacram.
1422 5180 1549 5232 cap.
1581 5165 1662 5218 13.
1702 5164 1866 5218 Unde

201 5234 458 5306 colligas
492 5233 641 5306 hanc
674 5235 1009 5306 opinionem
1041 5235 1298 5305 antiquis
1331 5235 1629 5306 theologis
1679 5235 1868 5288 fuisse

200 5305 521 5358 admodum
557 5304 921 5359 familiarem.
957 5309 1029 5359 At
1087 5304 1228 5360 vero
1264 5304 1584 5375 prudenter
1642 5306 1868 5358 Bellar-

202 5378 400 5430 minus
424 5375 496 5428 de
537 5376 800 5430 Sacram.
859 5377 1016 5446 Bapt.
1043 5377 1143 5430 lib.
1179 5395 1217 5446 ι,
1253 5394 1378 5446 cap.
1413 5378 1464 5430 3.
1503 5400 1524 5424 α
1586 5377 1701 5430 Sed
1734 5377 1869 5431 fun-

203 5448 542 5500 damentum
572 5448 954 5517 praecipuum,
990 5449 1196 5518 inquit,
1249 5449 1510 5502 omnium
1567 5452 1873 5502 auctorum

202 5521 338 5588 post
369 5518 751 5590 Ambrosium
785 5523 877 5572 est
924 5521 1114 5590 ipsius
1146 5519 1447 5574 Ambrosii
1506 5520 1825 5573 auctoritas
1855 5535 1869 5589 ;

204 5587 387 5660 quare
421 5589 472 5660 si
504 5587 652 5643 forte
684 5587 1038 5645 Ambrosius
1069 5607 1186 5645 non
1234 5591 1374 5645 illud
1438 5591 1623 5644 voluit
1652 5587 1871 5659 dicere,

206 5659 363 5732 quod
383 5659 519 5731 ejus
543 5662 960 5716 verbasonare
983 5663 1273 5732 videntur,
1297 5663 1414 5716 ruit
1434 5661 1873 5716 fundamentum

190 5729 580 5805 praecipuum
605 5733 764 5788 illius
825 5734 1200 5805 Opinionisrn
1261 5729 1461 5805 Itaque
1493 5735 1554 5788 ut
1607 5732 1873 5805 rimando

209 5803 423 5861 sensui
453 5803 851 5862 Ambrosiano
864 5803 1073 5863 lucem
1101 5804 1307 5865 atterat
1345 5803 1501 5863 idem
1532 5803 1872 5882 cardinalis,

1895 3253 1946 3323 C

1965 1961 2260 2031 baptizare
2294 1964 2543 2032 solebat,
2578 1968 2948 2034 acceperant.
2985 1965 3246 2019 Joannes
3287 1964 3462 2031 enim,
3497 1963 3635 2016 licet

1967 2067 2085 2105 non
2111 2052 2429 2122 baptizaret
2469 2053 2526 2105 in
2551 2053 2790 2122 Spiritu,
2824 2057 3018 2107 tamen
3058 2057 3115 2108 et
3143 2053 3443 2107 Christum
3476 2067 3632 2122 prae-

1967 2140 2200 2194 dicabat
2230 2145 2286 2194 et
2316 2141 2616 2210 Spiritum.
2677 2142 2938 2212 Denique
2971 2159 3102 2197 cum
3144 2143 3630 2212 interrogaretur,

1966 2245 2039 2283 ne
2071 2229 2220 2283 forte
2253 2230 2381 2299 ipse
2417 2233 2579 2284 esset
2608 2231 2904 2298 Christus,
2956 2231 3298 2300 respondit:
3363 2230 3490 2301 Ego
3522 2246 3632 2284 vos

1967 2333 2118 2388 aqua
2148 2317 2401 2388 baptizo,
2436 2320 2632 2373 veniet
2663 2324 2855 2373 autem
2897 2318 3106 2374 fortior
3136 2335 3248 2388 me,
3312 2318 3486 2389 cujus
3517 2334 3634 2372 non

1968 2422 2099 2461 sum
2133 2407 2352 2478 dignus
2385 2408 2787 2462 calceamenta
2817 2412 3052 2478 portare
3077 2424 3104 2494 z.
3125 2409 3254 2478 ipse
3299 2423 3410 2462 vos
3440 2407 3634 2478 bapti-

1967 2496 2120 2550 zabit
2151 2496 2370 2566 Spiritu
2402 2500 2608 2551 sancto
2639 2501 2695 2552 et
2726 2497 2847 2568 igni
2879 2497 3068 2567 (Joan.
3090 2515 3128 2565 ι,
3153 2496 3240 2566 26,
3267 2497 3376 2567 2³1).
3417 2520 3437 2544 η
3475 2495 3634 2568 Ergo

1967 2585 2063 2638 isti
2096 2586 2232 2656 quia
2262 2601 2372 2639 nec
2404 2585 2463 2640 in
2494 2583 2712 2640 Christi
2745 2587 3003 2656 nomine,
3038 2601 3146 2642 nec
3190 2603 3322 2640 cum
3355 2586 3467 2640 fide
3499 2585 3634 2656 Spi-

1969 2674 2116 2727 ritus
2149 2675 2335 2728 sancti
2368 2673 2640 2744 baptizati
2675 2674 2923 2745 fuerant,
2958 2691 3075 2730 non
3132 2678 3447 2746 potuerunt
3475 2675 3637 2729 acci-

1967 2778 2108 2833 pere
2141 2763 2512 2832 baptismatis
2545 2769 3001 2818 sacramentum.

2037 2851 2126 2905 42.
2164 2848 2446 2921 Baptizati
2478 2857 2616 2907 sunt
2655 2857 2850 2924 itaque
2908 2854 2966 2908 in
2998 2853 3234 2908 nomine
3293 2853 3440 2909 Jesu
3470 2853 3636 2908 Chri-

1969 2941 2044 2994 sti
2086 2941 2241 3010 (30):
2302 2957 2412 2996 nec
2470 2943 2739 2997 iteratum
2771 2946 2862 2997 est
2917 2943 2976 2997 in
3007 2943 3102 2998 his
3158 2944 3472 3014 baptisma,
3530 2943 3637 2998 sed

1969 3033 2287 3101 novatum;
2348 3047 2529 3085 unum
2577 3033 2732 3086 enim
2789 3032 3081 3103 baptisma
3139 3032 3384 3104 (Ep/les.
3417 3049 3496 3102 iv,
3557 3033 3633 3103 5).

1970 3175 2310 3253 praemonet
2327 3172 2708 3227 Ambrosium
2731 3173 3045 3253 e_x_Ba_s_ilio
3065 3188 3239 3253 quem
3257 3176 3634 3253 secutus‘est,

1971 3243 2457 3314 intelligendum;
2492 3261 2678 3315 seque
2711 3246 2871 3298 addit
2900 3245 2974 3298 iis
3006 3243 3312 3312 accedere,
3362 3247 3462 3315 qui
3496 3243 3638 3298 Am;

1969 3315 2237 3368 brosium
2271 3319 2326 3368 et
2356 3331 2432 3369 ex
2463 3331 2532 3369 eo
2593 3317 2808 3370 Bedam
2841 3332 2959 3370 non
3016 3317 3086 3370 de
3119 3317 3305 3370 forma
3361 3316 3636 3386 baptismi

1971 3387 2353 3454 accipiendos
2387 3387 2654 3456 credunt,
2681 3387 2784 3442 sed
2809 3390 3028 3440 tantum
3054 3389 3124 3441 de
3147 3388 3350 3441 verbis
3383 3388 3635 3456 Actium,

1971 3473 2104 3527 quae
2127 3457 2544 3526 proferuntur;
2597 3475 2706 3512 nec
2754 3458 2913 3512 aliud
2939 3458 3088 3512 velle
3121 3461 3390 3511 sanctum
3424 3459 3639 3513 Docto-

1971 3544 2115 3594 rem,
2152 3544 2324 3598 quam
2386 3543 2456 3582 eo
2487 3529 2618 3583 loco
2675 3533 2731 3584 et
2777 3530 3094 3597 similibus,
3158 3531 3216 3582 in
3249 3529 3466 3599 quibus
3527 3546 3639 3583 una

1972 3599 2253 3723 quaelibet
2282 3599 2612 3654 divinarum
2647 3617 3035 3670 personarum
3067 3601 3432 3669 exprimitur,
3491 3601 3638 3656 alias

2015 3686 2122 3723 uas
2152 3670 2324 3723 tacite
2358 3671 2623 3723 inclusas
2656 3673 2964 3723 contineri.
2992 3671 3268 3723 Eamdem
3302 3675 3638 3723 nrononunt

2015 3686 2122 3723 uas
2152 3670 2324 3724 tacite
2358 3671 2623 3726 inclusas
2656 3673 2964 3726 contineri.
2992 3671 3268 3725 Eamdem
3302 3675 3639 3740 proponunt

1972 3741 2329 3814 solutionem
2347 3742 2582 3814 Estius,
2619 3743 2677 3796 in
2700 3759 2756 3795 iv
2782 3743 2975 3808 Sent.,
3018 3744 3153 3814 dist.
3179 3743 3231 3809 3,
3251 3741 3281 3814 ἕ
3302 3745 3334 3796 5
3360 3758 3374 3810 ;
3408 3743 3638 3797 Nicolai

1972 3811 2281 3866 Observat.
2317 3813 2388 3866 ad
2422 3813 2488 3867 D.
2523 3813 2669 3867 Th0.
2706 3814 2901 3868 locum
2932 3815 3046 3881 cit;
3081 3811 3436 3882 Alexander,
3482 3815 3634 3868 Saec.

1974 3900 2056 3949 ιιι,
2085 3883 2324 3955 dissert.
2355 3884 2440 3955 i3,
2474 3887 2531 3938 et
2582 3885 2961 3953 Harduimus,
2997 3885 3071 3939 de
3110 3885 3280 3955 Bapt.
3314 3887 3375 3937 in
3407 3887 3639 3940 nomine

1979 3954 2377 4026 Cliristiised
2408 3959 2531 4009 tres
2563 3955 2750 4009 ultimi
2781 3957 2964 4026 priori
3009 3954 3388 4026 responsioni
3418 3972 3638 4010 secun-

1975 4025 2106 4079 dam
2139 4025 2458 4094 adjiciunt;
2501 4027 2702 4079 dicunt
2734 4025 2889 4080 enim
2938 4025 3320 4080 Ambrosium
3364 4027 3476 4081 hoc
3508 4029 3638 4083 loco

1975 4095 2162 4170 deilla
2186 4100 2405 4170 tantum
2424 4097 2557 4150 fidei
2579 4097 2957 4170 professione
2995 4099 3428 4170 explicandum,
3464 4115 3640 4170 quam

1975 4168 2074 4240 qui
2109 4167 2528 4236 baptzabantur
2565 4168 2782 4240 adulti,
2827 4171 3002 4223 edere
3047 4169 3335 4223 solebant.
3372 4167 3639 4240 Namque

1977 4239 2342 4309 interrogati,
2365 4239 2580 4293 utalibi
2603 4241 2880 4309 vidimus,
2917 4262 2938 4290 α
2976 4241 3171 4294 credis
3203 4243 3260 4294 in
3291 4241 3523 4295 Patrem
3545 4239 3576 4295 Ξ)
3613 4263 3634 4287 n

1977 4310 2416 4379 respondebant
2438 4311 2638 4365 credo.
2660 4311 2729 4364 Et
2747 4313 2835 4365 sic
2857 4313 2928 4366 de
2943 4312 3174 4366 duabus
3190 4312 3324 4365 aliis
3340 4312 3636 4381 personis.

1977 4381 2104 4453 Hoc
2141 4381 2342 4453 igitur
2383 4382 2628 4436 intendit
2687 4385 2931 4438 sanctus
2961 4384 3182 4453 praesul
3232 4383 3635 4452 baptizandos,

1975 4452 2088 4506 etsi
2119 4452 2189 4506 de
2217 4468 2332 4525 una
2367 4454 2494 4507 sola
2539 4453 2838 4508 Trinitatis
2871 4452 3126 4524 persona
3185 4455 3375 4525 rogati
3407 4456 3632 4525 essent,

1974 4523 2565 4594 respondissentque,
2635 4523 2993 4595 baptismum
3058 4523 3639 4593 tamen'legitimum

1975 4597 2327 4663 accepturos
2364 4595 2575 4664 fuisse,
2626 4596 2944 4650 dummodo
2975 4599 3195 4649 rectam
3242 4595 3312 4646 de
3345 4598 3461 4647 tota
3503 4595 3637 4647 Tri-

1975 4666 2150 4720 nitate
2176 4665 2348 4719 fidem
2371 4668 2564 4719 animo
2581 4667 2916 4719 retinerent.
2933 4665 3074 4730 Quae
3088 4665 3218 4718 duae
3233 4664 3638 4732 expositiones

1976 4739 2118 4807 quin
2151 4736 2269 4789 sint
2299 4752 2405 4806 per
2434 4754 2500 4790 se
2532 4737 2757 4789 veritati
2795 4740 3228 4807 consentaneae,
3266 4735 3506 4789 dubium
3539 4750 3639 4789 ne-

1976 4806 2116 4861 mini
2171 4808 2478 4875 videatur;
2529 4807 2635 4860 sed
2667 4807 2964 4876 posterior
3008 4806 3200 4877 magis
3259 4821 3433 4876 quam
3477 4808 3640 4876 prior

1978 4879 2252 4932 congruit
2273 4894 2400 4931 cum
2421 4878 2622 4931 verbis
2648 4879 2969 4931 Ambrosii.
2997 4877 3221 4930 Etenim
3247 4877 3306 4929 in
3331 4877 3447 4931 illis
3466 4879 3639 4932 etiam

1977 4949 2074 5019 agi
2098 4948 2168 5002 de
2187 4949 2637 5017 pronuntiandis
2662 4948 2718 5002 in
2738 4949 3085 5018 baptismate
3104 4948 3381 5016 personis
3420 4949 3637 5002 divinis

1977 5021 2107 5088 ipsa
2140 5020 2422 5073 orationis
2455 5020 2646 5074 series
2676 5019 2846 5090 plane
2905 5019 3194 5074 ostendit:
3255 5022 3313 5072 at
3342 5034 3468 5073 eam
3498 5036 3638 5090 pro-

1976 5091 2396 5145 nuntiationem
2421 5107 2538 5144 non
2561 5107 2720 5157 esse,
2747 5107 2879 5161 quae
2909 5090 3083 5144 simul
3117 5106 3248 5144 cum
3288 5090 3584 5146 ablutione
3606 5107 3640 5145 a

1949 5163 2250 5215 'ministro
2281 5161 2491 5229 editur,
2528 5162 2706 5216 multa
2738 5162 3114 5232 persuadent.
3169 5161 3317 5214 Nam
3365 5164 3553 5232 primo
3586 5163 3640 5216 si

1978 5233 2286 5304 derultima
2319 5233 2412 5285 hic
2443 5239 2740 5304 ageretur,
2774 5248 3149 5302 consequens
3182 5237 3344 5287 esset
3393 5233 3640 5288 formam

1978 5303 2090 5358 sub
2111 5303 2236 5357 sola
2251 5303 2503 5371 Spiritus
2522 5306 2707 5358 sancti
2727 5305 3195 5374 pronuntiatione
3209 5305 3458 5357 validam
3479 5319 3636 5372 esse,

1978 5375 2134 5447 quod
2195 5391 2226 5428 a
2286 5375 2516 5429 nemine
2566 5380 2780 5445 praeter
2835 5391 3009 5446 quam
3056 5375 3433 5447 aiMagistro
3478 5375 3637 5447 Sent.

1978 5445 2303 5500 admissum
2337 5447 2625 5515 reperies.
2661 5445 2882 5501 Deinde
2915 5462 3044 5499 cum
3097 5445 3452 5499 Ambrosius
3485 5445 3639 5515 haud

1979 5517 2155 5571 dubie
2180 5517 2273 5569 hic
2301 5513 2604 5584 Basilium,
2633 5523 2689 5572 et
2713 5519 2965 5573 fortasse
2989 5517 3162 5569 etiam
3191 5517 3500 5585 Didymum
3523 5513 3641 5568 sibi

1980 5588 2349 5660 sequendum
2381 5590 2775 5658 proposuerit,
2837 5588 3175 5660 neutiquam
3217 5586 3518 5660 _credibile
3549 5588 3643 5638 est

1979 5657 2113 5715 eum
2143 5659 2215 5714 ab
2277 5657 2427 5729 ipsis
2467 5657 2767 5714 recedere
2804 5660 2916 5714 hoc
2947 5658 3078 5712 loco
3135 5657 3426 5729 voluisse,
3489 5671 3641 5729 quos

1981 5734 2212 5786 constat
2235 5725 2625 5802 prolationem
2644 5732 2818 5785 trium
2863 5743 3256 5802 personarum
3272 5727 3338 5802 in
3356 5725 3641 5802 _bap_t_ism

1958 5810 1960 5812 '
1978 5802 2170 5861 forma
2187 5796 2502 5862 censuisse
2521 5815 2773 5880 prorsus
2790 5796 3213 5881 necessariam.
3228 5796 3643 5865 AdiBasilium
