4050 6182
497 293 616 357 743
1934 295 2002 359 S.
2033 291 2478 358 AMBROSII.
3788 303 3883 364 744

503 491 616 548 Ubi
640 492 834 547 autem
858 505 977 546 non
1008 493 1102 548 est
1127 491 1366 564 plenum
1397 493 1769 564 baptismatis
1824 509 2168 549 sacramen-
2205 489 2260 548 Α
2282 493 2342 548 in
2371 508 2552 550 unum
2571 495 2851 566 Spiritum
2871 495 3148 567 baptizati
3168 511 3374 551 sumus
3412 495 3464 565 (Ι
3477 496 3601 552 Cor.
3623 515 3716 569 xu,
3735 499 3830 568 l3).
3859 524 3876 548 ι

501 584 648 651 tum,
675 596 784 635 nec
806 581 1179 653 principium,
1200 583 1295 637 vel
1319 583 1553 654 species
1575 584 1770 654 aliqua
1796 571 2172 653 baptismatis
2283 583 2479 638 Unum
2535 599 2708 655 Opus,
2745 584 2881 656 quia
2939 601 3124 640 unum
3154 585 3520 655 mysterium:
3579 603 3741 642 unum
3767 589 3886 658 bap-

498 671 846 726 aastimatur.
879 671 1126 727 Plenum
1156 676 1350 728 autem
1381 676 1492 742 est,
1527 673 1582 728 si
1616 675 1844 728 Patrem
1869 675 1924 728 et
1957 673 2167 727 Filium
2279 673 2475 742 tisma,
2509 674 2646 744 quia
2695 689 2858 728 mors
2888 690 3004 728 una
3034 689 3142 744 pro
3194 673 3433 744 mundo,
3477 675 3661 730 unitas
3706 678 3878 746 praedi-

495 759 895 832 Spiritumque
951 765 1221 816 sanctum
1272 761 1532 817 fatearis.
1594 762 1653 816 Si
1713 779 1891 817 unum
1951 778 2160 833 neges,
2282 762 2532 816 cationis
2563 779 2698 834 qum
2729 779 2848 818 non
2877 767 3073 834 potest
3093 764 3378 834 separari.

491 852 678 904 totum
736 850 1015 906 subrues.
1078 850 1150 906 Et
1207 852 1700 922 quemadmodum
1755 852 1809 906 si
1865 867 2048 906 unum
2105 851 2165 905 in
2348 849 2438 905 46.
2471 849 2638 916 Quod
2669 852 2723 906 si
2754 851 2868 908 hoc
2899 852 3031 908 loco
3060 855 3370 924 separatur
3413 852 3654 923 Spiritus
3683 853 3748 908 ab
3776 870 3890 924 ope-

495 953 771 994 sermone
815 939 1305 1010 comprehendas,
1357 944 1455 995 aut
1501 941 1751 1011 Patrem,
1797 944 1895 995 aut
1927 940 2160 1011 Filium,
2278 940 2503 994 ratione
2554 939 2746 995 Patris
2797 944 2854 996 et
2884 941 3036 1006 Filii,
3091 941 3227 1013 quia
3277 941 3494 996 dictum
3537 945 3657 997 est:
3690 942 3768 996 Ex
3793 942 3888 998 Deo

495 1030 594 1082 aut
621 1026 902 1098 Spiritum
935 1032 1240 1084 sanctum:
1275 1029 1388 1084 fide
1418 1033 1612 1084 autem
1635 1046 1742 1084 nec
1777 1031 2025 1094 Patrem,
2053 1046 2163 1084 nec
2277 1029 2476 1083 omnia
2525 1028 2658 1098 (33),
2711 1032 2774 1084 et
2798 1045 2905 1100 per
2946 1029 3158 1086 Filium
3187 1030 3382 1085 omnia
3427 1029 3483 1100 (Ι
3511 1030 3640 1086 Cor.
3669 1047 3778 1099 vui,
3812 1032 3888 1100 6);

493 1116 726 1185 Filium,
751 1132 862 1171 nec
892 1116 1175 1186 Spiritum
1204 1123 1472 1174 sanctum
1498 1119 1785 1190 abneges,
1813 1119 2051 1189 plenum
2071 1122 2166 1174 est
2277 1131 2424 1190 ergo
2456 1120 2513 1172 et
2539 1118 2643 1172 ubi
2676 1119 3000 1190 Apostolus
3031 1119 3104 1174 de
3133 1118 3370 1174 Christo
3393 1119 3532 1173 dicit
3559 1135 3570 1173 :
3607 1142 3628 1166 ιι
3662 1118 3793 1184 Quid
3816 1124 3888 1175 est

494 1206 631 1260 ﬁdei
663 1211 1134 1262 sacramentum:
1187 1207 1266 1261 ita
1298 1207 1471 1262 etiam
1501 1208 1773 1280 quamvis
1822 1211 1878 1262 et
1909 1209 2160 1276 Patrem,
2277 1221 2461 1276 super
2489 1207 2682 1262 omnia
2716 1209 2874 1263 Deus
2905 1207 3256 1264 benedictus
3289 1209 3347 1262 in
3379 1208 3597 1263 saecula
3634 1207 3799 1278 (Rom.
3826 1225 3889 1277 ix,

493 1298 551 1350 et
609 1293 842 1364 Filium,
877 1298 935 1350 et
988 1294 1270 1366 Spiritum
1315 1297 1501 1367 dicas,
1565 1301 1618 1352 ct
1649 1300 1748 1351 aut
1801 1298 2015 1367 Patris,
2066 1299 2165 1350 aut
2275 1296 2350 1364 5),
2389 1319 2410 1342 »
2446 1312 2564 1351 non
2595 1296 2788 1352 solum
2820 1312 2954 1352 eum
2985 1298 3274 1352 creaturis
3297 1297 3590 1366 omnibus,
3625 1297 3722 1351 sed
3749 1297 3887 1351 etiam

493 1383 647 1452 Filii,
683 1387 782 1438 aut
823 1383 1080 1454 Spiritus
1130 1385 1321 1439 sancti
1352 1402 1585 1440 minuas
1634 1389 2006 1456 potestatem,
2055 1401 2163 1466 va-
2281 1385 2436 1440 Patri
2466 1387 2648 1458 (quod
2712 1388 2871 1442 dictu
2901 1387 3073 1442 nefas
3131 1389 3244 1457 est)
3273 1387 3548 1458 praetulit.
3605 1386 3711 1442 Sed
3737 1387 3894 1455 absit;

494 1488 667 1528 cuum
701 1475 792 1527 est
849 1488 1022 1528 omne
1078 1474 1445 1544 mysterium.
1508 1475 1775 1546 Denique
1817 1477 1873 1530 et
1931 1474 2014 1528 illi
2047 1473 2165 1544 ipsi
2275 1489 2394 1530 non
2427 1476 2584 1530 enim
2636 1476 2793 1532 inter
2822 1477 3038 1546 omnia,
3092 1477 3284 1546 Pater,
3345 1493 3464 1531 non
3508 1477 3656 1530 inter
3704 1475 3892 1546 plebem

493 1563 592 1634 qui
623 1563 928 1617 dixerant:
983 1585 1004 1611 α
1059 1563 1185 1618 Nec
1225 1563 1282 1618 si
1327 1563 1582 1634 Spiritus
1625 1567 1869 1619 sanctus
1902 1555 2046 1618 609
2081 1564 2160 1618 sit
2276 1564 2592 1635 quamdam
2648 1568 3056 1620 creaturarum
3108 1581 3374 1620 suarum.
3408 1563 3620 1619 Subter
3673 1567 3893 1618 creatura

491 1651 847 1720 audivimus,
879 1651 1152 1721 baptizati
1186 1655 1325 1706 sunt
1353 1656 1559 1722 postea
1579 1653 1642 1707 in
1669 1653 1902 1707 nomine
1929 1653 2160 1707 Domini
2277 1654 2492 1723 omnis,
2525 1669 2706 1724 supra
2761 1654 3040 1710 divinitas
3073 1654 3265 1708 Patris
3323 1657 3380 1708 et
3430 1651 3560 1706 Filii
3603 1656 3657 1708 et
3683 1651 3894 1722 Spiritus

491 1741 639 1796 Jesu
670 1740 888 1796 Christi
921 1741 1079 1810 (Act.
1112 1757 1235 1810 XIX,
1292 1741 1368 1810 5).
1410 1765 1430 1788 η
1467 1741 1537 1795 Et
1592 1741 1705 1795 hoc
1737 1741 2057 1795 abundavit
2087 1743 2160 1796 ad
2275 1743 2486 1796 sancti.
2518 1742 2621 1796 Illa
2651 1743 2856 1814 servit,
2893 1743 3023 1797 haec
3065 1746 3309 1814 regnat;
3364 1742 3463 1796 illa
3496 1741 3768 1812 subjacet,
3809 1741 3895 1794 ista

491 1831 780 1904 gratiam;
813 1829 949 1901 quia
977 1829 1099 1900 jam
1129 1828 1409 1900 Spiritum
1441 1835 1732 1900 sanctum,
1793 1831 1972 1885 Paulo
2002 1847 2160 1901 prae-
2203 1829 2648 1928 Bdominatur;
2680 1831 2779 1886 illa
2810 1848 2981 1903 opus,
3020 1831 3150 1886 haec
3180 1835 3389 1886 auctor
3439 1835 3532 1886 est
3563 1831 3782 1900 operis;
3823 1829 3896 1882 illa

491 1919 742 1988 dicante,
778 1922 1202 1991 cognoverant.
2203 1919 2253 1928 ”
2273 1919 2479 1974 adorat
2507 1936 2737 1992 omnes,
2770 1921 2900 1976 haec
2931 1921 3211 1976 adoratur
3239 1920 3312 1974 ab
3347 1919 3642 1976 omnibus.

559 2027 649 2083 43.
683 2026 808 2081 Nec
840 2025 1198 2081 contrarium
1220 2026 1394 2081 debet
1452 2026 1658 2094 videri,
1694 2027 1830 2098 quia
1885 2028 2158 2098 quamvis
2345 2025 2432 2082 47.
2459 2027 2725 2099 Denique
2755 2027 2828 2082 de
2861 2027 3008 2082 Filio
3039 2027 3328 2098 scriptum
3361 2030 3491 2082 est:
3541 2047 3564 2078 ι
3600 2025 3670 2082 Et
3695 2025 3898 2082 adorent

490 2117 664 2172 etiam
695 2119 901 2187 postea
929 2116 1168 2170 tacitum
1201 2115 1280 2170 sit
1327 2115 1398 2170 de
1431 2115 1672 2186 Spiritu,
1735 2121 1929 2170 tamen
1961 2117 2156 2171 credi-
2274 2131 2407 2171 eum
2430 2131 2638 2171 omnes
2655 2116 2851 2188 angeli
2871 2116 2976 2170 Dei
2993 2116 3106 2187 (34)
3127 2115 3342 2186 (Hebr.
3365 2134 3404 2187 ι,
3429 2114 3505 2178 6).
3531 2115 3696 2170 »Νοιι
3712 2114 3892 2169 habes:

488 2209 611 2260 tum
633 2208 760 2260 est:
795 2207 852 2260 et
879 2205 1037 2276 quod
1067 2204 1252 2259 verbo
1283 2204 1521 2259 tacitum
1555 2205 1745 2259 fuerat
1802 2221 2158 2276 expressum
2273 2205 2496 2259 Adoret
2511 2204 2768 2274 Spiritus
2791 2209 3062 2260 sanctus.
3091 2204 3164 2259 Et
3177 2205 3334 2259 infra
3359 2220 3376 2274 ;
3414 2227 3436 2253 ι
3455 2205 3543 2260 Ad
3565 2210 3895 2277 quemautem

489 2297 583 2350 est
610 2295 746 2350 ﬁde.
780 2292 927 2349 Cum
957 2293 1115 2348 enim
1163 2293 1412 2348 dicitur:
1483 2317 1504 2341 α
1538 2293 1602 2348 In
1630 2293 1866 2348 nomine
1926 2293 2159 2348 Domini
2272 2293 2621 2365 angelorum
2635 2293 3140 2366 dixitaliquando:
3166 2293 3895 2358 Sedeaddexterammeam,

489 2383 677 2440 nostri
708 2383 855 2438 Jesu
884 2381 1126 2460 Christi,
1165 2405 1186 2430 ιο
1221 2397 1330 2454 per
1357 2382 1636 2438 unitatem
1667 2383 1927 2437 nominis
1959 2382 2162 2452 imple-
2272 2381 2461 2437 donec
2481 2398 2695 2452 ponam
2727 2382 3002 2438 inimicos
3031 2384 3168 2438 tuos
3197 2383 3530 2438 scabellum
3561 2383 3763 2453 pedum
3788 2384 3893 2434 tuo-

488 2475 611 2528 tum
641 2471 989 2544 mysterium
1020 2474 1150 2541 est;
1185 2487 1295 2526 nec
1323 2488 1358 2526 a
1379 2471 1598 2526 Christi
1629 2471 1999 2542 baptismatae
2022 2472 2160 2542 Spi-
2271 2486 2402 2526 rum
2421 2471 2451 2526 ?
2480 2471 2690 2527 Nonne
2721 2487 2929 2526 omnes
2963 2475 3123 2541 sunt,
3156 2471 3366 2543 inquit,
3402 2471 3652 2526 ministri
3692 2469 3897 2540 spiritus

488 2561 640 2616 ritus
671 2564 1021 2631 separatur;
1075 2559 1212 2631 quia
1241 2559 1503 2615 Joannes
1533 2561 1594 2614 in
1637 2561 1978 2631 poenitentia
2010 2561 2158 2632 bap-
2271 2559 2332 2613 in
2364 2559 2778 2628 ministerium,
2813 2560 2914 2631 qui
2946 2560 3253 2614 mittuntur
3271 2559 3454 2629 (Ibid.
3479 2560 3564 2630 13,
3591 2559 3718 2630 lt)?
3747 2556 3898 2612 nCum

485 2649 703 2720 tizavit,
737 2648 1012 2704 Christus
1045 2648 1104 2702 in
1135 2647 1355 2719 Spiritu
1387 2647 1565 2717 (Ibid.
1597 2648 1674 2720 4).
2273 2647 2434 2718 dicit,
2469 2665 2690 2717 omnes,
2743 2649 3009 2721 nunquid
3039 2652 3096 2704 et
3143 2648 3430 2719 Spiritum
3463 2651 3724 2704 sanctum
3767 2662 3896 2701 com-

557 2755 650 2811 44.
682 2755 855 2810 Nunc
885 2755 1337 2810 consideremus
1369 2757 1562 2809 utrum
1586 2755 2081 2827 quemadmodum
2097 2754 2156 2810 in

2300 2737 2626 2792 irehendit?
2657 2737 2790 2792 Non
2820 2738 3041 2810 utique,
3076 2737 3212 2809 quia
3245 2738 3447 2810 angeli
3478 2741 3536 2792 et
3565 2742 3782 2792 caeteris
3810 2735 3899 2790 Po-

487 2844 708 2900 οιιι-ίειί
738 2843 972 2899 nomine
1015 2844 1253 2914 plenum
1283 2859 1421 2899 esse
1479 2825 1736 2915 ιρείξηυε
1785 2844 2156 2915 baptismatis
2271 2829 2516 2882 testatas
2547 2827 2608 2881 in
2637 2827 3034 2882 ministerium
3063 2830 3120 2882 et
3149 2825 3510 2898 obsequium
3541 2827 3644 2881 Dei
3685 2825 3829 2894 Filio,
3855 2826 3902 2877 ut

489 2936 965 3002 sacramentum;
1022 2933 1102 2987 ita
1155 2933 1329 2987 etiam
1386 2937 1592 2987 sancto
1651 2936 1873 2988 tantum
1930 2933 2088 3004 Spiri

1386 2937 1592 2987 sancto
1651 2936 1873 2988 tantum
1930 2933 2155 3004 spiritu
2271 2915 2557 2986 serviant,
2587 2915 2976 2970 destinantur.

488 3025 846 3094 nuncupato,
888 3021 1034 3076 nihil
1073 3021 1228 3076 desit
1273 3021 1344 3076 ad
1397 3021 1660 3092 mysterii
1709 3021 2152 3092 plenitudinem.
2339 3020 2431 3076 48.
2463 3022 2538 3077 At
2569 3037 2712 3078 vero
2743 3021 2998 3093 Spiritus
3029 3025 3276 3078 sanctus
3323 3038 3448 3079 non
3478 3023 3755 3091 minister,
3785 3009 3900 3074 610

490 3111 801 3168 Rationem
831 3125 1190 3182 sequamur;
1222 3111 1359 3182 quia
1391 3111 1494 3182 qui
1523 3127 1702 3164 unum
1751 3111 1986 3181 dixerit,
2021 3111 2155 3165 Tri-
2271 3111 2379 3166 sed
2409 3111 2580 3166 testis
2613 3115 2706 3166 est
2734 3111 2888 3181 Filii,
2942 3112 3442 3183 quemadmodum
3494 3112 3567 3168 de
3595 3113 3722 3184 ipso
3751 3109 3902 3166 Filius

488 3201 728 3257 nitatem
757 3200 1038 3274 signavit.
1073 3198 1136 3254 Si
1165 3198 1468 3288 Christum
1499 3199 1687 3270 dicas,
1737 3202 1796 3255 et
1826 3199 2011 3254 Deum
2043 3200 2159 3254 Pa-
2199 3199 2449 3288 cdixit:
2485 3223 2507 3246 «ι
2569 3199 2670 3255 Ille
2703 3200 3098 3255 testimoniam
3155 3200 3433 3271 perhibet
3489 3202 3562 3256 de
3611 3217 3699 3256 me
3743 3199 3899 3288 (αἴσθῃ.

485 3294 634 3346 trem
664 3307 697 3344 a
727 3305 844 3363 quo
875 3291 1090 3344 unctus
1121 3292 1212 3343 est
1244 3286 1450 3358 Filius,
1485 3292 1543 3342 et
1573 3290 1768 3358 ipsum
1799 3289 1900 3358 qui
1943 3292 2154 3343 unctus
2219 3286 2234 3288 ⁷
2268 3303 2369 3358 xv,
2390 3287 2500 3358 26).
2529 3310 2551 3338 ι
2577 3288 2776 3343 Testis
2806 3291 2900 3343 est
2929 3304 3075 3361 ergo
3127 3288 3282 3360 Filii,
3317 3291 3597 3360 spiritus.
3634 3289 3739 3355 Qui
3763 3286 3903 3343 testis

487 3384 598 3450 est,
635 3379 866 3450 Filium,
901 3381 958 3434 et
987 3376 1268 3448 Spiritum
1309 3381 1580 3432 sanctum
1628 3393 1745 3447 quo
1780 3379 1991 3432 unctus
2043 3381 2154 3447 cst,
2269 3380 2380 3448 est,
2415 3377 2579 3433 novit
2605 3377 2819 3447 omnia,
2853 3378 3011 3432 sicut
3041 3378 3201 3434 Deus
3261 3378 3440 3434 Pater
3471 3379 3642 3434 testis
3672 3381 3774 3434 est.
3825 3375 3899 3429 Sic

487 3468 840 3543 designasti.
871 3467 1167 3538 Scriptum
1210 3468 1305 3521 est
1333 3467 1522 3521 enim:
1565 3488 1586 3513 α
1651 3466 1822 3521 Hunc
1856 3466 2062 3521 Jesum
2121 3483 2155 3521 a
2269 3467 2426 3521 enim
2457 3465 2644 3521 babes
2678 3466 2736 3521 in
2784 3467 3242 3537 posterioribus,
3276 3468 3418 3538 quia
3478 3468 3806 3524 conﬁrmata
3832 3464 3902 3519 est

487 3558 799 3628 Nazareth,
849 3572 1026 3629 quem
1075 3556 1243 3611 unxit
1295 3555 1453 3610 Deus
1493 3555 1714 3625 Spiritu
1757 3561 1964 3610 sancto
1995 3555 2152 3626 (Act.
2267 3555 2434 3610 salus
2492 3559 2716 3626 nostra,
2775 3556 3127 3610 testificante
3161 3555 3302 3626 Deo,
3363 3558 3566 3630 signis
3599 3569 3817 3629 quoque
3858 3554 3900 3605 et

485 3667 546 3720 x,
579 3649 691 3720 38).
731 3671 753 3697 ι»
787 3647 860 3702 Et
886 3648 940 3702 si
971 3648 1201 3701 Patrem
1223 3645 1408 3714 dicas,
1442 3647 1499 3699 et
1529 3644 1740 3699 Filium
1771 3643 1906 3716 ejus
1941 3648 1998 3700 et
2025 3643 2158 3716 Spi-
2265 3644 2578 3716 prodigiis,
2639 3647 2697 3700 et
2724 3643 2908 3699 variis
2963 3644 3302 3708 virtutibus,
3338 3648 3399 3700 et
3429 3645 3686 3717 Spiritus
3741 3639 3900 3699 sancti

485 3739 662 3793 ritum
695 3737 818 3793 oris
849 3735 984 3808 ejus
1017 3735 1235 3806 pariter
1266 3734 1572 3803 indicasti;
1604 3734 1658 3787 si
1679 3737 1873 3788 tamen
1903 3733 1962 3788 id
1985 3734 2158 3788 etiam
2267 3732 2666 3788 divisionibus
2699 3733 2907 3795 (Hebr.
2940 3749 3002 3804 η,
3026 3733 3081 3804 3,
3131 3733 3207 3801 4).
3241 3732 3352 3798 Qui
3385 3734 3599 3789 dividit
3629 3732 3776 3806 quod
3803 3728 3902 3785 vult

489 3827 667 3882 corde
699 3823 1188 3897 comprehendas.
1215 3821 1356 3878 Etsi
1380 3822 1661 3894 Spiritum
1680 3822 1868 3893 dicas,
1893 3826 1951 3878 et
1971 3822 2158 3877 Deum
2265 3820 2322 3892 (I
2350 3821 2486 3876 Cor.
2518 3838 2622 3890 xu,
2659 3821 2768 3892 id),
2801 3823 2999 3894 utique
3032 3837 3214 3892 supra
3245 3823 3465 3893 omnia,
3491 3839 3609 3879 non
3641 3824 3785 3878 inter
3809 3834 3903 3875 om-

486 3916 742 3986 Patrem,
775 3931 807 3968 a
835 3929 952 3984 quo
983 3913 1250 3984 procedit
1293 3911 1586 3981 Spiritus;
1636 3913 1693 3966 et
1737 3910 1970 3982 Filium;
2021 3911 2160 3982 quia
2264 3909 2362 3965 nia
2389 3913 2516 3980 est;
2549 3911 2813 3968 dividere
2843 3912 3000 3966 enim
3031 3911 3360 3982 operatoris
3395 3913 3610 3985 gratia,
3651 3927 3760 3968 non
3781 3923 3898 3980 ope-

487 4019 723 4078 quoque
753 4007 845 4058 est
873 4002 1156 4072 Spiritus,
1188 4000 1566 4070 nuncupasti.
2262 3999 2350 4054 ris
2382 4003 2474 4055 est
2503 4001 2801 4056 materies.

558 4093 647 4149 45.
673 4091 838 4147 Unde
861 4094 917 4147 et
945 4090 1158 4145 rationi
1186 4089 1497 4162 copuletur
1545 4088 1886 4160 auctoritas,
1939 4089 2000 4145 in
2028 4089 2159 4161 Spi-
2334 4088 2422 4144 49.
2458 4089 2518 4144 Si
2551 4105 2732 4161 supra
2761 4091 2955 4146 omnia
2985 4089 3192 4160 Filius,
3225 4105 3333 4162 per
3362 4106 3544 4162 quem
3577 4091 3794 4146 initium
3818 4100 3898 4141 sa-

487 4185 604 4241 ritu
633 4197 868 4254 quoque
922 4183 1082 4236 recte
1131 4195 1243 4234 nos
1299 4178 1584 4250 baptizari
1613 4193 1795 4249 posse
1854 4178 2157 4249 Scriptura
2260 4177 2356 4234 lus
2413 4181 2636 4250 nostra,
2673 4182 2736 4234 ut
2789 4179 3231 4250 praedicaretur,
3291 4180 3558 4250 accepit:
3617 4180 3803 4251 utique
3853 4175 3898 4228 et

486 4273 726 4343 indicat,
759 4271 991 4326 dicente
1037 4269 1288 4343 Domino
1315 4282 1328 4324 :
1383 4290 1404 4317 «
1454 4268 1576 4324 Vos
1605 4271 1802 4323 autem
1828 4267 2156 4338 baptizabi-
2261 4266 2435 4322 Pater
2466 4268 2648 4339 Deus,
2682 4267 2784 4340 qui
2813 4269 3180 4337 testiﬁcatur,
3211 4271 3270 4323 et
3296 4273 3612 4324 asseverat
3653 4267 3828 4340 signis
3853 4265 3900 4317 et

487 4363 629 4420 mini
660 4342 722 4418 in
777 4359 999 4432 Spiritu
1033 4342 1251 4412 'sancto
1312 4356 1424 4428 (31)
1453 4358 1610 4427 (Act.
1645 4374 1684 4428 ι,
1717 4357 1793 4427 5).
1833 4381 1855 4406 ιι
1917 4357 1988 4412 Et
2015 4358 2155 4413 alibi
2259 4357 2550 4429 prodigiis
2572 4357 2644 4411 de
2674 4357 2866 4412 salute
2895 4360 3120 4428 nostra,
3151 4361 3441 4428 exceptus
3471 4374 3505 4412 a
3535 4359 3759 4414 cunctis
3802 4355 3894 4408 est.

485 4451 810 4526 Apostolus
839 4451 956 4504 ait:
997 4470 1018 4497 ε
1052 4447 1272 4502 Omnes
1303 4447 1459 4502 enim
1487 4446 1548 4501 in
1577 4447 1709 4518 ipso
1741 4461 1989 4518 corpore
2019 4447 2153 4520 (32),
2259 4444 2540 4500 Similiter
2567 4447 2761 4500 autem
2791 4449 2848 4502 et
2904 4446 3158 4518 Spiritus
3205 4445 3306 4518 qui
3361 4445 3760 4503 divisionibus
3787 4442 3895 4497 suis

485 4595 591 4669 lib.
624 4594 713 4669 dc_
729 4593 964 4666 Spiritu
992 4596 1380 4669 sanctoLcap.
1416 4587 1503 4644 10.
1539 4589 1599 4644 ll
1637 4591 1694 4669 et
1715 4589 1825 4669 _:
1879 4591 2017 4646 item
2047 4589 2150 4644 lib.
2182 4582 2240 4648 D
2259 4587 2583 4669 prolatione
2614 4587 2946 4669 nuministro
2979 4588 3434 4669 conferriuhaud
3470 4583 3892 4669 semel'signiti-

485 4684 542 4731 v,
579 4667 638 4721 in
671 4657 916 4720 Eunom.
956 4680 1083 4733 cap.
1114 4662 1167 4716 8.
1199 4657 1367 4728 Quod
1415 4677 1559 4716 vero
1584 4661 1664 4733 ad
1713 4660 2043 4732 Didymum,
2079 4677 2157 4716 ex
2258 4657 2389 4728 cat;
2421 4660 2574 4733 unde
2605 4659 2852 4733 aliorum
2898 4675 3134 4732 quoque
3195 4660 3305 4715 PP.
3340 4662 3615 4732 exemplo
3672 4657 3894 4730 Spiritus

488 4753 558 4792 eo
589 4737 956 4792 divinitatem
987 4731 1179 4788 sancti
1209 4733 1464 4804 Spiritus
1504 4731 1874 4786 validissime
1907 4733 2155 4787 demon-
2257 4733 2469 4804 astruit
2497 4731 2882 4804 divinitatem.

489 4808 664 4862 strari
695 4809 932 4876 asserit,
985 4806 1141 4877 quod
1188 4800 1272 4858 in'
1291 4805 1642 4874 baptismate
1687 4804 2152 4877 administrando
2308 4800 3889 4877 (3t)Q_uidammss.,u_baptizabiminiaSpiritnsancto.-

485 4882 604 4932 tam
636 4873 980 4933 necessario
1003 4873 1267 4946 Spiritus
1298 4873 1554 4946 persona
1585 4875 2016 4944 pronuntianda
2049 4875 2147 4944 sit,
2309 4873 2424 4942 (3:2)
2461 4875 2627 4928 Rom.
2649 4874 2810 4944 edit.,
2838 4897 2860 4946 τε
2895 4873 2951 4927 in
2977 4889 3093 4928 uno
3116 4874 3458 4946 corpore,in
3477 4890 3594 4928 uno
3607 4873 3888 4946 Spiritu:_-

487 4964 665 5020 quam
699 4950 887 5003 Patris
924 4951 980 5020 et
1002 4939 1156 5020 Filii,
1198 4939 1448 5020 quarum
1479 4939 1739 5017 qua—libet
1780 4961 1811 4998 a
1841 4939 2151 5020 sacerdote
2254 4939 2372 4999 vet.
2396 4939 2589 5020 autem
2612 4939 2818 5020 a_mss'.
2841 4945 2953 5020 hoc
2974 4959 3092 4999 uno
3115 4939 3474 5020 discrepant,
3502 4939 3665 5016 quod
3679 4939 3888 5020 habent,

486 5015 891 5091 printer-missa
921 5015 1242 5072 invalidum
1273 5017 1430 5072 effici
1461 5015 1899 5091 sacramentum
1926 5017 2147 5091 diserte
2258 5031 2391 5070 cum
2413 5016 2616 5070 eadem
2640 5017 2833 5088 Rom.,
2863 5039 2884 5063 «ι
2912 5017 2970 5070 in
2995 5032 3110 5070 uno
3133 5017 3366 5086 spiritu.
3398 5038 3418 5064 ιο
3441 5015 3687 5070 (trimus
3723 5015 3891 5067 textus

486 5088 680 5170 tradit.
713 5091 830 5170 Sed
859 5091 1015 5170 quod
1061 5094 1472 5170 argumentum
1517 5089 1696 5143 multo
1720 5088 1990 5170 validius
2015 5103 2085 5170 ex

2287 5115 2304 5170 μ
2367 5093 2436 5147 ἑνὶ
2498 5095 2754 5170 πνεύμισιτιΔ
2787 5133 2828 5170 Α.
2881 5134 2893 5146 .
2948 5133 2960 5148 .
3015 5134 3026 5146 .
3083 5096 3153 5156 εἰς
3212 5094 3267 5147 ἄν
3300 5097 3476 5170 ’σῶμα
3510 5091 3886 5170 ⁸ἐϐαπτίσθημεν·

487 5159 2150 5230 stimandumést,Ambi-osnusipsesexcentislocistrium
2261 5167 2495 5222 Rursus
2525 5159 2668 5222 vero
2701 5167 2801 5223 ubi
2831 5182 2980 5222 mss.
3014 5170 3070 5222 et
3097 5170 3212 5222 vet.
3249 5159 3648 5222 editfhabent
3680 5186 3702 5216 α
3737 5159 3889 5218 unum

487 5249 880 5310 personarum
945 5231 1332 5310 prolationem
1398 5231 1470 5310 ad
1517 5246 1734 5310 _verum
1791 5231 2148 5310 baptismum
2257 5241 2454 5308 opus?
2488 5261 2509 5288 »
2549 5240 2718 5294 Rom.
2753 5239 3182 5294 emendandum
3210 5238 3449 5310 putavit,
3517 5259 3540 5289 ι
3579 5251 3750 5293 unum
3781 5245 3890 5286 cor-

485 5302 832 5382 necessario
872 5303 1094 5374 requiri
1135 5305 1487 5382 assev_erat._
1516 5302 1718 5382 Ipsum
1766 5302 2012 5382 consule
2042 5303 2145 5382 lib.
2254 5302 2389 5382 piis.
2426 5334 2448 5358 ιι

482 5392 586 5432 vui
616 5377 678 5431 in
708 5371 1137 5455 έιλιισαιῃξιιυῐη.
1163 5375 1278 5455 _ti'1;
1313 5371 1893 5455 lib..de}t1_ysteriis,
1931 5389 2060 5455 cap.
2091 5373 2145 5444 4,
2255 5371 2278 5382 ’
2327 5381 2632 5455 (smnpm.
2663 5382 2800 5436 edit.
2836 5380 2984 5452 sola,
3015 5402 3038 5431 α
3074 5397 3150 5455 ex
3205 5381 3376 5455 Patre
3433 5379 3648 5434 omnia.
3670 5399 3724 5455 _-_
3754 5371 3885 5455 infra

483 5465 645 5524 num.
705 5447 799 5524 2οι
828 5448 900 5501 ad
929 5444 1367 5524 iquemlocurp
1411 5445 1532 5516 jam
1565 5444 1784 5524 aliquid
1821 5444 2057 5524 hachfie
2084 5461 2149 5524 ῐξθ
2254 5444 2396 5524 vero
2427 5444 2529 5508 ubi
2563 5469 2674 5524 nos
2707 5469 2782 5508 ex
2811 5444 3253 5508 mssfmelioris
3278 5455 3450 5524 notae,
3488 5473 3510 5500 σι
3547 5455 3602 5505 et
3632 5448 3727 5503 ubi
3753 5449 3886 5524 ᾼρρτ

485 5513 1070 5596 ἓιιὴηοῑιινῖξῃυεξεῑ
1100 5521 1163 5596 ut
1209 5513 1546 5596 omittamus
1588 5513 1894 5596 auctorem
1939 5515 2041 5596 lib.
2076 5515 2150 5572 de
2257 5523 2499 5596 stolas?
2531 5543 2553 5573 ι
2615 5523 2714 5596 alii
2743 5530 2799 5579 et
2855 5539 3062 5580 omnes
3093 5524 3231 5580 edit.
3291 5513 3634 5596 prmferunt,
3662 5543 3684 5568 ι
3743 5513 3886 5573 et’ibi

487 5592 778 5669 Sarrana,
809 5589 912 5644 lib.
935 5586 994 5658 ἡ,
1029 5604 1080 5644 c.
1115 5591 1149 5643 5
1179 5592 1236 5669 et
1264 5587 1318 5669 7_,
1353 5589 1410 5668 in
1443 5587 1554 5669 hac
1584 5588 1713 5669 ipsa
1731 5586 2150 5669 lucubratione
2255 5595 2772 5669 quiaApostolus,
2789 5618 2827 5669 Aa
2861 5601 2973 5652 etc.

484 5655 844 5743 baptismum
876 5655 1010 5718 cum
1041 5677 1075 5715 a
1106 5655 1437 5744 catholicis
1450 5655 1708 5744 tumJabA
1728 5657 1883 5744 ipsis
1909 5657 2150 5744 haereti-
2272 5655 2294 5669 ’
2323 5665 2438 5738 (34)
2469 5655 2677 5744 §m_ne_s
2707 5655 2868 5740 edit,
2905 5688 2930 5723 α
2981 5665 3179 5743 angeli
3209 5664 3380 5744 ejus;
3415 5688 3437 5718 ι»
3500 5676 3702 5724 omnes
3730 5670 3880 5728 mss”

487 5729 586 5794 cis'
604 5748 905 5814 nunquam
933 5747 1055 5798 non
1084 5729 1198 5792 sub
1222 5741 1512 5810 expressa
1540 5729 1718 5790 trium
1755 5741 2148 5808 personarum
2256 5759 2279 5792 α
2312 5729 2513 5822 angeli
2541 5737 2667 5799 Dei.
2706 5761 2730 5790 η
