4050 6182
256 326 355 390 745

249 524 433 579 nostrae
452 516 838 575 testimonium
870 514 984 571 fert
1022 515 1216 586 saluti,
1250 532 1367 571 non
1398 519 1491 571 est
1536 516 1595 571 in
1632 517 1856 571 creatu-
1891 496 1950 558 Α
1984 515 2309 572 Dominicis
2375 519 2690 591 perurgeri
2760 535 2773 576 :

248 625 415 667 rarum
440 607 599 678 plebe
626 605 1055 674 numerandus,
1078 605 1182 659 sed
1210 622 1342 660 cum
1371 608 1543 661 Patre
1575 606 1866 661 aestiman-

244 702 338 755 dus
365 700 416 753 et
444 695 602 765 Filio,
636 694 737 767 qui
769 710 887 749 non
930 710 1035 764 per
1063 694 1414 749 incisionem
1447 694 1541 749 sui
1586 694 1868 748 dividitur

246 788 371 859 ipse,
400 802 521 841 cum
552 784 757 839 dividit
790 799 801 838 :
848 783 1189 837 individuus
1223 785 1377 838 enim
1415 799 1548 838 cum
1587 783 1684 852 sit,
1723 782 1869 837 nihil

243 876 440 944 amittit,
487 888 615 929 cum
661 873 939 928 omnibus
988 871 1320 944 largiatur:
1374 872 1530 926 sicut
1568 877 1625 926 et
1657 871 1865 942 Filius,

243 980 463 1037 regnum
504 963 675 1017 Patre
711 962 1059 1032 accipiente,
1093 960 1237 1015 nihil
1286 961 1478 1031 perdit
1509 977 1521 1016 :
1556 977 1665 1015 nec
1694 961 1871 1016 Pater

241 1054 366 1109 Filio
396 1068 519 1107 cum
547 1066 656 1105 sua
675 1051 884 1118 tradat,
909 1050 1135 1104 amittit.
1169 1049 1410 1104 Nullum
1460 1051 1657 1122 itaque
1701 1050 1867 1104 dam-

241 1158 359 1198 num
379 1155 507 1197 esse
534 1140 594 1194 in
616 1139 912 1194 divisione
943 1138 1148 1211 gratiae
1168 1139 1473 1210 spiritalis,
1501 1138 1748 1194 Domino
1776 1142 1867 1193 at-

240 1233 459 1286 testante
488 1229 537 1289 (Ι
554 1228 690 1285 Cor.
724 1246 828 1299 xu,
861 1228 938 1299 6),
975 1228 1407 1301 cognovimus;
1448 1228 1547 1300 qui
1579 1229 1734 1283 enim
1766 1227 1866 1282 ubi

238 1319 346 1374 vult
363 1318 533 1390 spirat
560 1318 748 1380 (Joau.
784 1334 865 1389 in,
899 1316 973 1387 8),
1006 1317 1227 1389 ubique
1250 1318 1382 1372 sine
1411 1318 1624 1372 damno
1641 1320 1753 1372 est.
1782 1316 1865 1371 De

237 1423 339 1480 quo
362 1407 502 1463 infra
523 1407 793 1462 dicemus
815 1406 1071 1477 plenius.

300 1532 379 1589 50.
398 1532 626 1588 Interim
647 1546 805 1587 nunc
834 1531 1112 1603 quoniam
1133 1530 1507 1602 propositum
1537 1533 1631 1586 est
1659 1530 1867 1587 ordine

238 1637 337 1677 suo
368 1636 655 1692 asserere,
678 1635 797 1676 non
828 1635 967 1675 esse
990 1620 1144 1674 inter
1166 1620 1361 1675 omnia
1390 1619 1671 1690 Spiritum
1710 1635 1869 1674 com-

234 1712 545 1781 putandum,
582 1711 783 1782 ipsum
813 1709 1186 1781 Apostolum,
1218 1708 1289 1764 de
1319 1708 1496 1780 cujus
1544 1709 1749 1764 verbis
1779 1708 1871 1762 fa-

234 1799 372 1854 ciunt
397 1800 810 1872 quaestionem,
852 1799 1207 1852 assertionis
1244 1797 1429 1869 hujus
1478 1797 1868 1852 adhibeamus
1902 1812 1953 1874 Β

232 1891 522 1944 auctorem.
576 1887 724 1954 Quae
754 1887 913 1943 enim
961 1890 1167 1942 essent
1194 1886 1291 1941 illa
1314 1888 1530 1957 omnia,
1555 1888 1684 1942 sive
1713 1887 1863 1941 visi-

227 1975 367 2048 bilia,
389 1977 515 2033 sive
542 1977 891 2047 invisibilia,
923 1977 1053 2047 ipse
1085 1975 1347 2048 signavit
1377 1976 1585 2031 dicens
1611 1992 1623 2031 :
1661 1997 1683 2026 ι
1718 1975 1868 2041 Quo-

231 2065 365 2120 niam
395 2067 454 2121 in
474 2066 609 2139 ipso
647 2066 879 2121 condita
909 2067 1048 2120 sunt
1078 2065 1350 2120 omniain
1372 2065 1542 2120 oculis
1560 2066 1693 2120 etin
1714 2067 1873 2120 terra

229 2152 454 2225 (Coloss.
487 2172 528 2227 ι,
554 2155 669 2227 16).
708 2176 731 2205 ιι
753 2154 935 2209 Vides
967 2154 1162 2210 omnia
1192 2154 1264 2209 de
1293 2153 1390 2209 his
1419 2154 1593 2223 dicta,
1626 2170 1760 2226 quae
1778 2154 1874 2209 vel

226 2242 279 2298 in
296 2245 451 2299 cretis
476 2247 640 2315 sunt,
661 2244 755 2300 vel
778 2244 837 2299 in
866 2247 1021 2298 terra
1045 2259 1058 2299 :
1092 2246 1233 2299 sunt
1249 2243 1405 2299 enim
1423 2244 1483 2299 in
1508 2243 1677 2299 caelis
1699 2243 1874 2298 etiam

225 2330 545 2406 invisibilia,
578 2349 717 2406 quae
746 2333 898 2388 facta
929 2335 1086 2388 sunt.

281 2456 364 2512 51.
400 2459 625 2515 Tamen
660 2473 733 2514 ne
772 2458 868 2514 cui
897 2461 1062 2514 esset
1102 2458 1491 2531 incognitum,
1533 2456 1756 2512 addidit
1801 2457 1875 2513 de

221 2546 419 2617 quibus
442 2548 710 2604 diceret:
746 2569 770 2599 α
805 2547 945 2603 Sive
969 2548 1182 2618 Sedes,
1210 2548 1419 2619 inquit,
1452 2547 1583 2601 sive
1613 2546 1882 2601 Domina-

221 2634 415 2707 tiones,
459 2639 592 2693 sive
647 2636 1046 2708 Principatus,
1097 2637 1229 2692 sive
1278 2637 1636 2706 Potestates,
1683 2635 1878 2690 omnia

219 2738 314 2793 per
355 2726 575 2798 ipsum,
630 2729 689 2781 et
731 2727 792 2781 in
848 2726 981 2796 ipso
1032 2728 1307 2781 constant
1354 2724 1532 2785 (Ibid.
1583 2724 1671 2795 16,
1715 2723 1820 2787 1Ἷ).
1851 2743 1874 2773 ι

219 2811 502 2887 Numquid
521 2832 675 2889 ergo
697 2816 790 2870 hic
808 2815 961 2869 inter
978 2818 1281 2869 creaturas
1305 2814 1587 2885 Spiritum
1607 2816 1878 2868 sanctum

219 2902 691 2974 comprehendit!
723 2906 839 2959 Aut
873 2919 1007 2958 cum
1028 2904 1171 2957 dicit
1191 2906 1324 2958 ante
1355 2918 1562 2958 omnes
1594 2918 1732 2957 esse
1773 2901 1879 2956 Dei

216 2987 434 3063 Filium,
468 2993 763 3065 numquid
794 2997 926 3047 ante
957 2993 1190 3047 Patrem
1219 2992 1450 3047 dixisse
1489 2991 1876 3046 aestimandus

1333 313 1445 377 DE
1484 311 1824 379 SPIRITU
1866 303 2193 380 SANCTO
2239 312 2399 380 LIB.
2447 319 2498 380 Ι.
3527 323 3653 391 746

2843 522 3139 594 quomodo
3206 525 3423 581 audent
3497 525 3652 583 inter

1985 606 2180 660 omnia
2227 622 2540 662 numerare
2600 608 2880 679 Spiritum
2929 615 3220 683 sanctum,
3253 614 3490 686 quando
3520 615 3649 686 ipse

1984 693 2272 749 Dominus
2318 696 2464 750 dixit
2506 712 2517 751 :
2558 718 2579 742 ιι
2623 696 2731 761 Qui
2780 699 3283 770 blasphemaverit
3341 703 3400 757 in
3439 702 3651 759 Filium

1985 782 2265 852 hominis,
2308 786 2638 839 remittetur
2662 786 2713 841 ei
2749 788 2890 859 :qui
2924 793 3118 844 autem
3148 789 3653 862 blasphemaverit

1984 872 2043 925 in
2074 871 2352 942 Spiritum
2389 877 2681 945 sanctum,
2717 891 2826 930 nec
2863 875 2982 948 hic,
3025 894 3135 933 nec
3180 878 3241 933 in
3274 879 3535 935 futurum
3563 897 3653 936 re-

1985 962 2246 1016 mittetur
2287 963 2339 1017 ei
2385 963 2548 1032 (Luc.
2582 981 2681 1029 xu,
2718 965 2807 1036 10)
2836 967 2865 1021 ?
2888 990 2911 1015 ιι
2947 966 3251 1031 Quomodo
3282 969 3466 1042 igitur
3494 970 3648 1026 inter

1986 1053 2289 1105 creaturas
2344 1052 2519 1107 audet
2566 1054 2880 1125 quisquam
2929 1055 3210 1126 Spiritum
3268 1061 3651 1130 computare?
3730 1069 3751 1105 ἰε

1985 1139 2101 1194 Aut
2121 1141 2256 1211 quis
2275 1140 2364 1195 sic
2407 1157 2475 1196 se
2519 1142 2831 1215 obligat,ut
2859 1145 2912 1199 si
2935 1150 3221 1202 creaturae
3254 1146 3652 1220 derogaverit,

1985 1244 2103 1284 non
2134 1233 2297 1300 putet
2317 1230 2436 1285 sibi
2465 1230 2579 1286 hoc
2607 1232 2803 1305 aliqua
2833 1234 3006 1289 venia
3037 1235 3471 1292 relaxandum?
3501 1236 3657 1293 Nam

1984 1318 2036 1373 si
2070 1318 2283 1389 Judaei,
2313 1319 2412 1391 qui
2464 1320 2863 1377 adoraverunt
2898 1323 3163 1378 militiam
3195 1323 3329 1380 caeli
3361 1323 3475 1396 (IV
3496 1324 3648 1398 Reg.

1982 1423 2126 1477 xvii,
2174 1405 2284 1479 16),
2338 1408 2538 1465 divino
2576 1410 2857 1481 praesidio
2888 1412 3153 1468 destituti
3183 1415 3367 1469 sunt:
3411 1412 3513 1485 qui
3540 1428 3650 1470 au-

1982 1498 2102 1550 tem
2126 1496 2331 1551 adorat
2361 1500 2419 1553 et
2447 1499 2759 1555 conﬁtetur
2787 1499 3069 1571 Spiritum
3099 1505 3392 1574 sanctum,
3436 1518 3656 1574 accep-

1985 1588 2079 1640 tus
2101 1588 2193 1640 est
2214 1585 2372 1656 Deo;
2406 1588 2506 1659 qui
2545 1604 2663 1644 non
2695 1590 3026 1660 conﬁtetur,
3069 1591 3374 1664 sacrilegii
3400 1606 3542 1647 reus
3564 1592 3649 1648 si-

1985 1690 2058 1729 ne
2092 1675 2263 1730 venia
2294 1675 2647 1732 damnatur:
2696 1679 2898 1749 utique
2950 1678 3088 1734 hinc
3138 1680 3421 1735 aestimari
3460 1683 3656 1751 potest

1986 1779 2106 1819 non
2153 1764 2306 1820 inter
2352 1766 2568 1833 omnia,
2602 1766 2710 1821 sed
2743 1782 2926 1837 super
2956 1769 3152 1824 omnia
3182 1784 3322 1825 esse
3372 1769 3658 1841 Spiritum

1992 1856 2280 1923 sanctum,
2314 1854 2489 1926 cujus
2507 1853 2724 1926 injuria
2742 1857 2983 1912 aeternis
3014 1858 3329 1928 suppliciis
3361 1859 3657 1929 expiatur.

2064 1944 2153 1998 54.
2172 1942 2291 1998 Cur
2309 1946 2502 1998 autem
2524 1943 2739 1999 dixerit
2762 1944 3085 2001 Dominus:
3115 1968 3138 1998 ι
3163 1945 3273 2013 Qui
3291 1946 3664 2019 blasphema-

1986 2033 2141 2088 verit
2168 2033 2227 2087 in
2250 2032 2460 2087 Filium
2490 2032 2771 2103 hominis,
2815 2036 3147 2091 remittetur
3176 2035 3229 2092 ei
3266 2052 3279 2092 :
3326 2036 3426 2108 qui
3458 2041 3657 2094 autem

1985 2121 2488 2193 blasphemaverit
2516 2122 2578 2176 in
2608 2121 2891 2193 Spiritum
2924 2127 3217 2195 sanctum,
3249 2140 3361 2180 nec
3392 2125 3513 2196 hic,
3546 2142 3659 2182 nec

1984 2210 2045 2265 in
2077 2210 2337 2265 futurum
2358 2210 2687 2265 remittetur
2713 2210 2767 2266 ei
2799 2212 2963 2281 (Luc.
2996 2229 3101 2282 xu,
3138 2211 3248 2283 10),
3279 2237 3301 2261 n
3346 2213 3664 2286 diligenter

1985 2300 2245 2355 adverte.
2272 2298 2570 2371 Numquid
2601 2299 2715 2354 alia
2745 2303 2837 2355 est
2865 2299 3094 2357 offensa
3124 2300 3280 2373 Filii,
3311 2302 3425 2357 alia
3464 2302 3658 2374 Spiri-

1984 2392 2081 2444 tus
2112 2386 2524 2444 sancti?Sicut
2543 2388 2700 2444 enim
2714 2404 2828 2444 una
2858 2389 3141 2462 dignitas,
3158 2391 3248 2446 sic
3274 2407 3390 2447 una
3411 2390 3656 2464 injuria.

1985 2476 2103 2533 Sed
2153 2478 2207 2533 si
2274 2478 2412 2549 quis
2470 2478 2741 2550 corporis
2801 2479 3004 2550 specie
3061 2479 3346 2552 deceptus
3395 2480 3658 2553 humani,

1985 2568 2304 2623 remissius
2362 2567 2584 2639 aliquid
2617 2568 2797 2622 sentit
2844 2568 2917 2623 de
2971 2568 3195 2624 Christi
3220 2584 3419 2641 carne,
3472 2586 3651 2643 quam

1986 2657 2232 2729 dignum
2262 2659 2355 2711 est
2382 2656 2598 2728 (neque
2630 2657 2787 2711 enim
2833 2657 2972 2712 vilis
3004 2657 3181 2713 nobis
3221 2657 3394 2714 debet
3442 2657 3656 2730 videri,

1987 2762 2122 2818 quae
2178 2745 2308 2801 aula
2358 2745 2617 2817 virtutis,
2676 2745 2908 2802 fructus
2964 2750 3058 2803 est
3112 2744 3424 2820 Virginis),
3476 2747 3659 2804 habet

1989 2837 2219 2908 culpam
2244 2851 2256 2891 :
2283 2851 2401 2890 non
2431 2838 2524 2890 est
2550 2838 2745 2892 tamen
2775 2835 3061 2891 exclusus
3079 2852 3111 2891 a
3134 2837 3327 2907 venia,
3344 2853 3522 2910 quam
3542 2838 3659 2893 fide

1987 2927 2181 2997 possit
2221 2925 2528 2979 adciscere
2552 2923 2685 2995 (35).
2732 2924 2795 2979 Si
2841 2926 2978 2997 quis
3014 2941 3157 2981 vero
3181 2926 3374 2982 sancti
3402 2925 3658 2998 Spiritus

1989 3015 2356 3087 dignitatem,
2430 3013 2800 3085 majestatem
2868 3018 2925 3069 et
2986 3018 3339 3087 potestatem
3403 3016 3662 3089 abneget

218 3081 497 3186 ξῗίῩΝοιξ
518 3081 1215 3186 ιιιίίιιιθειιξειξιείειιιιιίίξ
1235 3080 1875 3186 Ρθνιῗίξίυπιάίίξίίίζξηῇ
1913 3080 2431 3186 Csempiternam,
2486 3080 2542 3157 et
2591 3106 2753 3174 putet
2810 3118 2930 3158 non
2981 3080 3041 3158 in
3097 3103 3319 3174 Spiritu
3373 3103 3480 3159 Dei
3521 3080 3662 3176 ejici

215 3169 301 3223 nia
329 3174 528 3226 creata
548 3186 716 3240 esse,
742 3173 797 3225 et
818 3171 879 3225 in
901 3171 1032 3242 ipso
1055 3171 1250 3225 omnia
1273 3172 1547 3224 constare
1571 3169 1835 3224 coelestia
1859 3184 1872 3224 :

214 3256 282 3311 ita
302 3260 476 3315 etiam
513 3262 577 3315 in
610 3259 874 3330 Spirituo
920 3263 1127 3314 sancto
1164 3260 1325 3314 vires
1349 3258 1568 3313 habere
1596 3258 1877 3313 universa

213 3348 468 3404 ccelestia
500 3349 767 3405 dubitari
798 3365 920 3405 non
963 3352 1178 3420 potest,
1213 3348 1448 3420 quando
1492 3348 1709 3402 lectum
1740 3350 1830 3401 est
1864 3362 1876 3403 :

219 3457 239 3480 α
270 3436 462 3493 Verbo
496 3438 743 3495 Domini
789 3437 924 3493 cceli
964 3437 1176 3492 firmati
1219 3441 1378 3507 sunt,
1409 3439 1467 3492 et
1496 3435 1719 3507 Spiritu
1759 3436 1882 3490 oris

211 3524 334 3596 ejus
364 3529 568 3584 omnis
602 3528 796 3582 virtus
829 3543 1037 3582 eorum
1071 3526 1259 3596 (Psal.
1308 3542 1497 3595 χχχιι,
1521 3526 1598 3596 6).
1634 3545 1656 3575 ι
1692 3524 1885 3596 Super

214 3618 397 3671 omnia
427 3620 526 3672 est
573 3616 781 3691 igitur,
816 3617 888 3672 de
928 3632 1046 3688 quo
1075 3618 1169 3671 est
1218 3615 1413 3671 omnis
1464 3613 1796 3669 caelestium
1827 3616 1884 3669 et

210 3704 582 3762 terrestrium
611 3707 829 3761 virtus.
862 3704 971 3772 Qui
1000 3706 1184 3778 igitur
1212 3720 1398 3776 super
1418 3704 1612 3759 omnia
1642 3703 1882 3773 est,uti-

211 3806 315 3862 que
343 3811 465 3851 non
496 3796 695 3852 servit
726 3812 738 3850 :
773 3795 872 3868 qui
896 3811 1015 3850 non
1044 3793 1250 3864 servit,
1274 3793 1428 3849 liber
1448 3795 1542 3849 est
1565 3809 1578 3848 :
1600 3792 1699 3864 qui
1731 3792 1883 3846 liber

208 3886 309 3954 est,
344 3884 529 3941 habet
555 3885 703 3958 jura
730 3885 1087 3940 dominatus.

272 4008 357 4064 52.
391 4010 527 4066 Hoc
560 4011 619 4066 si
656 4026 689 4064 a
729 4009 1020 4081 principio
1059 4009 1339 4078 dicerem,
1389 4009 1728 4079 negaretur.
1765 4005 1880 4061 Sed

208 4100 712 4167 quemadmodum
743 4098 829 4152 illi
860 4099 1088 4153 minora
1118 4102 1355 4169 negant,
1394 4112 1468 4151 ne
1499 4096 1723 4168 majora
1749 4112 1881 4149 cre-

210 4185 459 4245 dantur:
515 4188 602 4245 ita
653 4192 713 4243 et
765 4204 877 4243 nos
926 4188 1154 4243 minora
1201 4185 1649 4257 praemittamus,
1681 4188 1743 4239 ut
1784 4187 1884 4239 aut

204 4278 511 4343 perfidiam
565 4295 744 4334 suam
790 4278 966 4332 etiam
1025 4277 1084 4331 in
1117 4276 1342 4331 minora
1371 4275 1622 4346 prodant
1654 4290 1668 4329 :
1702 4278 1801 4328 aut
1828 4275 1880 4328 si

208 4364 295 4419 vel
340 4368 693 4424 minoribus
726 4367 1125 4436 consentiunt,
1156 4364 1385 4437 majora
1432 4365 1505 4420 de
1551 4364 1882 4419 minoribus
1911 4394 1966 4455 D

206 4455 590 4530 colligamus.

270 4562 359 4620 53.
394 4567 709 4636 Arbitror,
761 4563 1222 4621 clementissime
1269 4563 1607 4634 imperator,
1658 4559 1886 4631 plenis-

208 4652 352 4709 sime
383 4656 742 4711 confutatos
793 4671 921 4725 eos,
946 4654 1043 4726 qui
1068 4654 1285 4708 audent
1312 4654 1464 4707 inter
1483 4652 1677 4706 omnia
1741 4643 1826 4706 61
1846 4644 1877 4705 1

205 4738 491 4811 Spiritum
538 4744 817 4800 sanctum
858 4746 1222 4814 computare.
1245 4741 1361 4796 Sed
1383 4745 1574 4795 tamen
1608 4744 1669 4795 ut
1698 4741 1889 4794 sciant

202 4844 267 4885 se
312 4849 438 4889 non
479 4837 719 4889 tantum
747 4832 1095 4906 apostolicis
1126 4831 1506 4901 testimoniis,
1548 4831 1655 4885 sed
1716 4830 1889 4885 etiam

268 4993 386 5065 (35)
423 4996 709 5052 Morinus
730 4996 833 5050 lib.
861 5012 921 5049 ix
943 4994 1017 5049 de
1047 4993 1267 5049 Pcenit.
1303 5008 1429 5063 cap.
1453 4992 1543 5065 28,
1571 4993 1743 5046 citato
1776 4991 1888 5045 hoc

202 5064 517 5123 Ambrosii
544 5068 702 5133 loco,
734 5084 852 5122 non
873 5066 1098 5121 dubitat
1149 5080 1423 5119 asserere
1455 5064 1618 5118 illum
1650 5079 1787 5116 vere
1820 5079 1887 5115 ac

198 5141 441 5208 prOprie
476 5140 558 5192 de
596 5145 857 5207 peccato,
890 5137 1047 5208 quod
1079 5153 1110 5189 a
1133 5137 1435 5208 plerisque
1458 5137 1713 5208 Pl’spro
1739 5134 1888 5187 ii-ie-

197 5206 491 5279 missibili
529 5206 799 5263 habitum
831 5206 1056 5278 censet,
1082 5206 1549 5279 intelligendum.
1574 5206 1686 5279 sed
1710 5212 1768 5258 ut
1795 5222 1890 5257 va-

198 5276 345 5333 leret
395 5282 522 5334 ista
591 5282 722 5351 ejus
780 5281 1000 5351 Opinio,
1042 5276 1393 5351 docendum
1436 5280 1566 5351 erat
1618 5278 1889 5351 UOt'tOl'lS

196 5352 391 5421 nostri
420 5348 792 5407 sententiam
816 5348 974 5421 esse,
998 5351 1274 5406 omnibus
1295 5350 1395 5420 qui
1416 5348 1671 5421 Spiritus
1693 5349 1889 5421 sancti

196 5420 594 5478 divinitatem
626 5425 807 5478 semel
850 5419 1193 5494 negassent,
1228 5419 1462 5494 omnem
1511 5420 1582 5472 ad
1631 5419 1804 5472 tidem
1836 5421 1892 5472 et

193 5499 441 5549 veniam
503 5494 764 5549 reditum
806 5491 1122 5547 intui-cludi
1156 5507 1168 5547 :
1213 5491 1370 5563 quod
1403 5506 1547 5563 sane
1580 5507 1697 5544 non
1730 5493 1893 5544 esset

194 5566 457 5634 probatu
482 5566 809 5620 admodum
825 5565 1168 5619 facile.Cum
1189 5561 1381 5616 autem
1405 5561 1499 5634 hic
1523 5577 1891 5634 nequaquam

195 5632 606 5709 discutiatur,
626 5653 815 5709 neque
847 5641 1042 5709 utrum
1071 5632 1639 5709 peccatumaliquod
1660 5648 1799 5709 vere
1817 5633 1895 5709 sit

192 5703 664 5781 irremissibile,
697 5703 890 5781 neque
922 5703 1141 5780 quibus
1168 5703 1613 5781 conditionibus
1627 5704 1740 5758 tale
1762 5703 1893 5781 red:

192 5781 394 5857 datur,
416 5779 535 5858 qui
552 5774 724 5854 plura
745 5774 816 5840 dé
835 5774 965 5839 hac
988 5777 1319 5858 quaestione
1333 5774 1606 5852 voluerit,
1623 5775 1895 5834 consulat

500 5902 769 5968 Panos.
807 5900 964 5965 XVI.

1994 3192 2303 3259 daemonia,
2336 3191 2443 3246 sed
2476 3190 2536 3245 in
2563 3190 2897 3246 Beelzebub
2931 3206 2944 3247 :
2977 3207 3095 3247 non
3121 3194 3316 3264 potest
3350 3191 3429 3246 ibi
3453 3207 3662 3247 exora-

1991 3285 2072 3339 tio
2104 3296 2242 3337 esse
2265 3281 2473 3346 veniae,
2502 3280 2601 3335 ubi
2633 3280 2911 3353 sacrilegi
2935 3281 3235 3352 plenitudo
3256 3283 3383 3351 est;
3403 3280 3538 3352 quia
3560 3278 3663 3352 qui

1992 3372 2274 3444 Spiritum
2305 3369 2565 3442 negavit,
2598 3372 2655 3424 et
2713 3368 2898 3424 Deum
2932 3371 3161 3426 Patrem
3197 3370 3437 3443 negavit
3464 3373 3522 3424 et
3559 3368 3661 3423 Fi-

1991 3463 2170 3529 lium;
2205 3459 2482 3531 quoniam
2512 3459 2665 3513 idem
2707 3461 2800 3514 est
2826 3458 3083 3530 Spiritus
3115 3459 3242 3531 Dei,
3275 3458 3377 3531 qui
3404 3459 3661 3531 Spiritus

1992 3555 2084 3606 est
2115 3548 2355 3603 Christi.
2941 3624 2949 3630 θ

2632 3654 2887 3709 CAPUT
2920 3654 3014 3709 IV.

1996 3765 2286 3837 Spiritum
2310 3767 2575 3837 sanctum
2609 3778 2778 3837 unum
2802 3768 2859 3817 et
2884 3761 3149 3837 eumdem
3162 3777 3301 3837 esse
3323 3762 3422 3837 qui
3437 3760 3667 3837 locutus

2069 3842 2160 3890 est
2175 3837 2237 3889 in
2254 3835 2568 3906 prophetis
2586 3839 2643 3886 et
2666 3833 2727 3886 in
2746 3834 3047 3906 apostolis,
3074 3834 3171 3906 qui
3188 3833 3456 3906 Spiritus
3471 3833 3586 3906 Dei
3601 3839 3661 3888 et

2072 3904 2304 3960 Christi
2325 3904 2438 3973 est,
2458 3920 2622 3976 quem
2638 3912 2936 3974 prwterea
2951 3904 3241 3976 Spiritum
3255 3904 3658 3976 Paracietum,

2068 3978 2360 4051 Spiritum
2390 3975 2527 4030 vitae
2549 3992 2616 4030 ac
2638 3976 2914 4030 veritatis
2933 3975 3250 4047 Scriptura
3270 3975 3593 4048 significat.

2065 4105 2153 4159 55.
2191 4102 2385 4158 Unum
2404 4100 2626 4171 {autem
2657 4114 2796 4155 esse
2828 4098 3110 4171 Spiritum
3158 4116 3331 4156 nemo
3363 4100 3666 4157 dubitave-

1996 4196 2090 4265 rit,
2123 4194 2235 4248 etsi
2268 4192 2339 4246 de
2371 4206 2488 4246 uno
2524 4189 2645 4244 Deo
2695 4188 2963 4260 plerique
2994 4188 3431 4244 dubitaverunt.
3466 4189 3663 4242 Alium

1996 4286 2154 4340 enim
2184 4283 2461 4336 dixerunt
2492 4278 2757 4350 plerique
2776 4278 3038 4332 haeretici
3060 4277 3173 4347 (36)
3196 4278 3381 4333 Deum
3410 4276 3658 4345 veteris,

1999 4373 2176 4428 alium
2199 4369 2340 4425 novi
2359 4367 2739 4422 Testamenti.
2774 4357 2920 4422 612
2956 4366 3072 4421 Sed
3104 4367 3260 4421 sicut
3288 4379 3443 4420 unus
3464 4365 3663 4432 Pater,

2003 4463 2105 4534 qui
2132 4464 2189 4516 et
2218 4456 2609 4515 olimlocutus
2628 4458 2739 4524 est,
2755 4459 2817 4509 ut
2832 4453 3109 4526 legimus,
3142 4454 3410 4524 patribus
3443 4453 3503 4507 in
3537 4467 3669 4524 pro-

2002 4552 2198 4622 phetis
2233 4564 2244 4603 :
2272 4551 2329 4603 et
2357 4546 2418 4601 in
2439 4544 2788 4600 novissimis
2811 4543 3024 4598 diebus
3046 4543 3220 4598 nobis
3241 4542 3476 4596 locutus
3496 4544 3590 4596 est
3606 4542 3669 4597 in

2000 4641 2149 4695 Filio
2183 4637 2394 4692 (ΗΑ-ιη’.
2429 4653 2469 4705 ι,
2501 4635 2556 4704 2)
2589 4650 2601 4687 :
2637 4636 2694 4687 et
2722 4632 2875 4686 sicut
2918 4648 3073 4686 unus
3122 4631 3331 4699 Filius,
3365 4631 3463 4701 qui
3492 4629 3663 4702 juxta

2001 4728 2221 4784 veteris
2268 4724 2487 4780 seriem
2516 4720 2876 4776 'l‘estamcnti
2907 4720 2980 4774 ab
3013 4720 3197 4774 Adam
3229 4718 3497 4775 offensus
3530 4719 3665 4790 (37),

2001 4820 2073 4874 ab
2106 4816 2405 4873 Abraham
2426 4812 2615 4882 visus,
2642 4810 2919 4864 adoratus
2950 4825 2983 4863 a
3014 4808 3200 4864 Jacob
3230 4812 3359 4864 est:
3397 4809 3474 4863 ita
3494 4809 3672 4863 etiam

2003 4996 2135 5052 quae
2169 4978 2271 5031 lib.
2300 4992 2344 5052 ιι
2374 4974 2448 5052 de
2468 4970 2685 5052 Poeni}.
2713 4969 2928 5052 caput},
2955 4968 3675 5052 subnotavimus,sicut.et

2002 5040 2263 5107 nostram
2297 5047 2355 5099 in
2387 5046 2485 5099 lib.
2519 5044 2594 5097 de
2628 5042 2816 5112 Lapsa
2848 5040 3009 5111 Virg.
3037 5058 3306 5097 consecr.
3334 5040 3676 5096 admonitio-

2004 5139 2157 5178 nem.
2181 5120 2383 5174 Ubiter
2406 5120 2600 5169 autem
2623 5114 3078 5168 observavimus
3122 5114 3235 5168 hoc
3255 5117 3671 5182 argumentum

2005 5208 2243 5263 semper
2260 5193 2462 5243 contra
2481 5188 2896 5263 impugnantes
2918 5185 3173 5263 Spiritus
3198 5186 3387 5239 sancti
3405 5184 3676 5263 divinitac

2004 5255 2337 5321 tem-visum
2385 5273 2524 5313 esse
2565 5255 2738 5328 quam
2769 5256 3275 5328 efﬁcacissimum,
3309 5255 3675 5328 proipdeque

2007 5337 2321 5406 diligenter
2351 5323 2671 5406 etcopiose
2703 5332 3011 5382 tractatum
3043 5343 3076 5379 a
3124 5323 3391 5398 Didyme,
3430 5323 3671 5392 Basilio,

2007 5403 2225 5463 Cvr—illo
2255 5408 2313 5458 et
2343 5403 2497 5456 aliis.

2057 5425 2225 5478 yrulo
2255 5425 2313 5458 et
2343 5425 2497 5456 aius.
3253 5469 3262 5478 ο

2081 5480 2193 5549 (36)
2250 5476 2377 5549 Hoc
2398 5469 3052 5549 _tes_tatur_Ep-iphanius
3102 5469 3443 5549 de_Simpn_e
3473 5462 3673 5549 hd'ago,

2011 5533 2231 5606 lui-res.
2257 5547 2346 5612 ιιι,
2379 5545 2451 5599 de
2501 5533 2887 5611 blarciouitis,
2922 5537 3453 5612 nasi-es.t~2,get_qe
3486 5533 3679 5588 Mini-

2014 5622 2220 5689 chaeis,
2252 5607 2470 5689 haeres.
2502 5616 2589 5669 66.
2625 5615 2717 5689 De
2731 5612 2833 5689 his
2873 5607 3077 5665 autem
3109 5609 3330 5664 ultimis
3362 5607 3520 5662 idem
3551 5618 3680 5659 me-

2014 5682 2217 5751 morat.
2232 5690 2306 5746 de
2334 5688 2503 5759 Ηεθιῖι
2530 5701 2658 5759 9⁸³1)·
2688 5682 2777 5759 29:
3015 5751 3029 5759 .
3098 5751 3109 5759 .
3151 5749 3168 5759 .
3446 5746 3457 5759 .

2078 5762 2192 5843 (31)
2213 5761 2440 5820 Dicitur
2459 5749 2647 5818 Filius
2680 5752 2945 5814 otiensus
2977 5751 3052 5810 ab
3080 5749 3330 5821 Adamo,
3360 5749 3499 5821 quia
3521 5754 3684 5827 cura.

3322 5861 3393 5927 2t
