4050 6182
402 287 524 350 747

1848 283 1914 348 S.
1961 280 2404 348 AMBROSII.

3682 289 3784 354 748

400 485 655 557 Spiritus
677 486 922 542 sanctus
953 501 1109 542 unus
1131 487 1243 556 est,
1268 483 1366 556 qui
1401 483 1676 540 efferbuit
1723 481 1784 538 in
1813 483 2075 556 prophe-
2109 469 2162 532 Α
2184 485 2409 539 tentare
2441 485 2499 538 et
2526 481 2760 538 mentiri
2789 481 3034 554 Spiritui
3073 487 3277 540 sancto
3315 484 3461 557 (Aet.
3491 503 3544 557 v,
3563 486 3650 557 8)?
3678 509 3698 536 ι
3727 489 3788 544 Et

398 575 476 629 tis
499 575 585 646 (II
627 574 799 630 Patr.
826 593 864 644 ι,
887 575 998 645 91),
1032 574 1374 630 insufﬂatus
1405 577 1498 629 est
1547 573 1839 643 apostolis
1882 575 2070 642 (Joan.

397 681 497 734 xv,
524 664 635 733 2‘2),
669 665 979 734 copulatus
1011 669 1102 719 est
1123 665 1280 718 Patri
1325 667 1382 718 et
1427 661 1577 718 Filio
1613 663 1674 717 in
1702 662 2072 733 baptismatis

398 753 795 808 sacramentis
823 754 1062 824 (Matth.
1096 752 1438 824 xxvm,19).
1482 752 1564 806 De
1594 752 1726 822 ipso
1749 751 1906 806 enim
1936 751 2078 805 dicit

399 842 587 896 David
618 857 631 898 :
674 865 697 890 «ι
733 842 805 897 Et
843 843 1116 913 spiritum
1149 844 1421 897 sanctum
1471 844 1636 896 tuum
1667 855 1740 895 ne
1775 840 2012 896 auferas
2045 855 2078 894 a

397 945 492 986 me
525 929 714 1001 (Psal.
739 949 792 1001 L,
831 929 942 1002 13).
979 955 1002 980 »
1039 931 1122 987 De
1153 931 1286 1002 ipso
1317 930 1490 986 etiam
1511 929 1653 984 alibi
1675 929 1820 984 dixit
1855 945 1867 986 :
1906 928 2076 995 «Quo

401 1019 502 1076 ibo
540 1035 574 1074 a
603 1019 823 1091 Spiritu
847 1023 944 1076 tuo
979 1019 1176 1091 (Psal.
1223 1037 1508 1090 cxxxvm,
1539 1019 1636 1090 8)?
1659 1042 1680 1068 »ι

473 1144 562 1200 56.
633 1143 829 1217 [Alias
885 1161 1011 1216 cap.
1065 1143 1188 1218 Ν]
1244 1145 1322 1200 Ut
1380 1145 1542 1200 scias
1586 1143 1724 1216 quia
1755 1142 1914 1198 idem
1941 1141 2078 1214 Spi-

403 1233 556 1289 ritus
589 1232 697 1289 Dei
725 1237 836 1305 est,
870 1235 974 1306 qui
1004 1236 1096 1289 est
1133 1233 1390 1306 Spiritus
1427 1237 1694 1304 sanctus,
1729 1232 1887 1288 sicut
1934 1235 1990 1287 et
2021 1231 2080 1286 in

404 1323 694 1394 Apostolo
715 1322 972 1396 legimus
1006 1339 1019 1379 :
1059 1346 1081 1371 «
1109 1323 1296 1379 Nemo
1319 1323 1378 1378 in
1410 1322 1632 1394 Spiritu
1661 1322 1770 1378 Dei
1799 1321 2076 1393 loquens,

407 1411 549 1467 dicit
591 1412 901 1468 anathema
948 1412 1132 1483 Jesu;
1191 1415 1250 1468 et
1277 1427 1452 1468 nemo
1483 1415 1692 1484 potest
1719 1410 1917 1466 dicere
1966 1411 2082 1466 Do-

405 1501 604 1556 minus
633 1501 837 1572 Jesus,
871 1501 988 1556 nisi
1018 1501 1079 1556 in
1107 1500 1330 1572 Spiritu
1351 1503 1559 1556 sancto
1583 1501 1640 1572 (I
1667 1499 1802 1556 Cor.
1825 1517 1928 1570 xu,
1961 1499 2072 1568 3),»

404 1589 603 1660 ipsum
634 1590 960 1661 Apostolus
991 1589 1271 1661 Spiritum
1313 1589 1419 1645 Dei
1477 1590 1643 1644 dixit.
1668 1589 1867 1660 Ipsum
1907 1589 2080 1642 etiam

405 1678 689 1750 Spiritum
717 1678 939 1733 Christi
960 1679 1294 1750 appellavit,
1331 1679 1486 1733 sicut
1507 1678 1694 1733 habes
1728 1693 1740 1733 :
1780 1700 1802 1724 α
1839 1677 1960 1732 Vos
1982 1692 2084 1731 au-

405 1770 525 1824 tem
571 1769 633 1824 in
693 1784 870 1823 carne
920 1784 1039 1823 non
1081 1768 1254 1838 estis,
1290 1768 1398 1822 sed
1439 1767 1503 1850 in.
1528 1767 1770 1837 Spiritu,
1804 1766 1856 1820 si
1889 1769 2085 1820 tamen

2187 575 2386 628 statim
2433 573 2504 626 ad
2550 588 2796 628 uxorem
2830 573 3075 630 Ananim
3103 574 3256 629 idem
3285 575 3360 629 ait
3387 591 3400 630 :
3437 597 3457 623 α
3485 573 3617 640 Quid
3639 576 3788 633 vobis

2185 663 2380 717 visum
2413 665 2504 718 est
2526 665 2748 717 tentare
2771 662 3052 732 Spiritum
3087 663 3311 719 Domini
3335 663 3498 732 (Ibid.
3515 661 3606 733 9)?
3627 688 3645 712 ι»
3667 664 3791 720 Cum

2187 751 2346 822 dicit,
2413 771 2435 800 α
2469 751 2644 806 vobis
2687 775 2709 799 »
2759 752 3019 807 ostendit
3049 753 3122 807 de
3151 768 3222 808 eo
3262 753 3466 808 dictum
3495 752 3705 823 Spiritu,
3733 755 3792 809 de

2187 857 2305 912 quo
2327 841 2573 896 Ananiae
2596 841 2844 896 dixerat.
2867 841 3000 912 Ipse
3029 845 3121 896 est
3150 857 3292 914 ergo
3313 841 3550 913 Spiritus
3576 841 3790 912 Domini,

2188 930 2289 1002 qui
2321 929 2576 1002 Spiritus
2607 933 2872 986 sanctus.

2261 1053 2351 1109 60.
2395 1055 2598 1126 Ipsum
2631 1055 2806 1111 etiam
2835 1054 3120 1126 Spiritum
3152 1061 3434 1128 sanctum,
3465 1055 3559 1128 qui
3583 1055 3799 1128 Spiritus

2192 1137 2279 1201 61
2293 1137 2338 1201 3
2376 1144 2572 1200 Patris
2605 1147 2716 1215 est,
2751 1143 3073 1199 declaravit
3095 1145 3399 1216 Dominus,
3414 1145 3608 1200 dicens
3628 1160 3806 1200 secun-

2187 1235 2326 1290 dum
2355 1232 2693 1288 Matthaeum
2725 1232 2785 1288 in
2836 1235 3252 1304 persecutione
3283 1251 3399 1290 non
3427 1249 3558 1290 esse
3587 1234 3806 1306 cogitan-

2187 1324 2326 1379 dum
2358 1323 2500 1395 quid
2529 1323 2841 1394 loquamur
2872 1340 2884 1378 :
2926 1345 2948 1374 ε
2983 1323 3118 1380 Non
3149 1325 3305 1380 enim
3331 1339 3438 1380 vos
3459 1323 3596 1380 estis
3621 1322 3711 1394 qui
3731 1322 3805 1378 lo-

2191 1412 2466 1486 quimini:
2493 1412 2600 1467 sed
2621 1411 2879 1482 Spiritus
2902 1413 3097 1468 Patris
3145 1412 3351 1484 vestri,
3383 1413 3481 1485 qui
3508 1411 3742 1485 loquitur
3763 1410 3812 1464 in

2189 1501 2366 1557 vobis
2389 1501 2634 1567 (Matth.
2653 1518 2714 1570 x,
2735 1501 2846 1572 20).
2860 1522 2882 1552 ι
2903 1501 3064 1556 Idem
3087 1505 3278 1557 autem
3298 1501 3610 1558 secundum
3626 1500 3810 1555 Lucam

2191 1591 2272 1646 ait
2303 1606 2314 1646 :
2355 1613 2378 1638 α
2412 1591 2606 1646 Nolite
2627 1589 2864 1645 solliciti
2884 1606 3024 1646 esse
3053 1591 3307 1662 qualiter
3335 1589 3720 1663 respondeatis
3733 1589 3813 1643 aut

2193 1680 2438 1736 dicatis:
2469 1679 2724 1750 Spiritus
2762 1679 2918 1734 enim
2949 1683 3195 1735 sanctus
3236 1680 3340 1736 Dei
3371 1679 3596 1735 docebit
3619 1692 3718 1733 vos
3763 1676 3814 1730 in

2192 1769 2321 1839 ipsa
2371 1767 2538 1838 hora,
2573 1783 2706 1838 quae
2737 1771 3003 1839 oporteat
3033 1769 3232 1825 dicere
3257 1770 3418 1839 (Luc.
3449 1785 3550 1838 xii,
3582 1765 3662 1835 11,
3691 1765 3766 1835 12)
3795 1786 3812 1810 ιι

407 1857 664 1928 Spiritus
696 1857 802 1912 Dei
832 1857 1118 1912 inhabitat
1147 1857 1206 1912 in
1237 1856 1432 1912 vobis.
1465 1855 1527 1911 Si
1559 1855 1696 1928 quis
1723 1857 1918 1910 autem
1955 1854 2084 1926 Spi-
2110 1855 2161 1918 Β
2195 1857 2354 1930 Ergo
2385 1857 2658 1928 quamvis
2687 1857 2854 1912 multi
2883 1858 3153 1913 dicantur
3174 1859 3442 1930 spiritus,
3476 1856 3605 1930 quia
3631 1855 3814 1910 lectum

408 1947 589 2002 ritum
631 1945 854 2002 Christi
919 1962 1037 2002 non
1077 1946 1274 2015 habet,
1310 1945 1406 2000 hic
1440 1960 1560 2000 non
1607 1947 1700 2000 est
1729 1943 1863 2015 ejus
1893 1944 2082 2015 (Rom.

409 2052 534 2100 vm,
569 2034 647 2105 9).
684 2058 708 2084 »ν
745 2035 816 2090 Ει
845 2035 1032 2090 infra:
1065 2055 1086 2085 α
1121 2033 1289 2100 Quod
1307 2034 1360 2087 si
1383 2032 1638 2104 Spiritus
1661 2031 1796 2104 ejus
1821 2031 1924 2104 qui
1951 2047 2087 2087 sus-

413 2125 616 2182 citavit
644 2123 852 2179 Jesum
870 2141 904 2179 a
925 2124 1195 2192 mortuis,
1212 2123 1435 2178 habitat
1461 2123 1522 2178 in
1542 2122 1716 2178 vobis
1739 2121 1917 2189 (Ibid.
1937 2122 2080 2190 11).»

411 2214 546 2286 Ipse
585 2215 680 2270 est
716 2228 862 2286 ergo
905 2213 1160 2285 Spiritus
1193 2213 1318 2284 Dei,
1354 2213 1455 2284 qui
1495 2211 1750 2284 Spiritus
1789 2215 1882 2267 est
1911 2210 2086 2266 Chri-

414 2304 512 2359 sti.

483 2409 572 2466 5’7.
633 2411 768 2482 Ipse
845 2411 1020 2466 etiam
1101 2414 1194 2466 est
1265 2409 1520 2482 Spiritus
1583 2409 1722 2465 vita;
1795 2410 1951 2466 sicut
2009 2409 2090 2464 ait

413 2500 748 2572 Apostolus
781 2515 794 2556 :
850 2523 872 2549 «
906 2501 1032 2556 Lex
1079 2499 1235 2554 enim
1266 2499 1521 2570 Spiritus
1551 2499 1688 2554 vitae
1735 2498 1795 2554 in
1852 2497 2088 2554 Christo

413 2589 561 2646 Jesu
635 2591 910 2646 liberavit
973 2605 1067 2644 me
1123 2606 1157 2644 a
1231 2589 1364 2662 lege
1436 2588 1664 2660 peccati
1749 2590 1807 2642 et
1879 2588 2088 2642 mortis

417 2678 599 2752 (Ibid.
641 2679 717 2751 2).
747 2699 770 2730 ι

488 2785 578 2842 58.
594 2783 780 2851 Quem
803 2785 984 2858 igitur
997 2785 1279 2858 Spiritum
1297 2785 1433 2840 vitae
1446 2783 1771 2856 Apostolus
1793 2782 1940 2839 dixit
1952 2782 2090 2854 (38),

328 2915 336 2923 κ
417 2861 617 2948 ipsum
638 2875 927 2931 Dominus
941 2876 1000 2930 in
1019 2874 1344 2948 Evangelio
1365 2873 1730 2929 Paracletum
1747 2873 2089 2942 nominavit,

416 2965 617 3036 ipsum
636 2963 918 3036 Spiritum
945 2964 1232 3034 veritatis,
1257 2964 1414 3018 sicut
1433 2963 1620 3018 habes
1655 2979 1666 3018 :
1715 2985 1737 3010 «ι
1768 2962 1836 3017 Et
1864 2961 2090 3034 rogabo

417 3054 673 3126 Patrem,
725 3057 784 3110 et
829 3053 1009 3108 alium
1047 3053 1419 3108 Paracletum
1451 3052 1612 3108 dabit
1641 3051 1816 3108 vobis
1849 3067 1862 3107 ε
1896 3054 1960 3106 ut
1987 3067 2094 3107 vo-

417 3143 653 3200 biscum
701 3144 779 3198 sit
827 3143 888 3197 in
931 3145 1237 3213 aeternum,
1285 3141 1565 3213 Spiritum
1595 3140 1883 3211 veritatis,
1915 3155 2092 3212 quem

419 3233 518 3290 hic
573 3233 832 3288 mundus
879 3248 997 3287 non
1039 3233 1234 3303 potest
1262 3231 1533 3301 accipere
1571 3247 1586 3285 :
1619 3230 1756 3301 quia
1787 3245 1905 3286 non
1933 3229 2094 3284 videt
2117 3224 2166 3287 C

421 3338 577 3396 eum,
611 3337 720 3378 nec
752 3321 1066 3395 cognoscit
1095 3337 1229 3376 eum
1260 3320 1451 3391 (Joan.
1485 3337 1606 3390 xiv,
1643 3317 1728 3388 16,
1756 3319 1864 3390 17).
1901 3341 1922 3368 »ι
1977 3318 2092 3372 Ha-

419 3412 533 3468 bes
565 3427 710 3483 ergo
742 3413 798 3466 et
825 3410 1212 3465 Paracletum.
1239 3408 1540 3480 Spiritum,
1564 3408 1835 3464 eumdem
1867 3410 1924 3463 et
1957 3407 2092 3478 Spi-

421 3501 599 3556 ritum
617 3500 885 3556 veritatis
918 3503 975 3554 et
991 3498 1273 3570 Spiritum
1297 3497 1660 3552 invisibilem
1693 3497 2090 3570 designatum.

333 3654 337 3658 ,
419 3589 725 3657 Quomodo
756 3589 938 3662 igitur
969 3587 1298 3644 secundum
1329 3587 1696 3642 divinitatem
1725 3586 1963 3658 quidam
1994 3584 2090 3639 Fi-

422 3679 566 3734 lium
583 3679 884 3734 visibilem
913 3681 1117 3749 putant
1133 3677 1266 3748 (39),
1294 3693 1427 3732 cum
1447 3676 1620 3732 etiam
1639 3675 1920 3748 Spiritum
1939 3691 2101 3730 mun-

425 3767 538 3824 dus
570 3768 770 3823 viderc
799 3782 918 3822 non
947 3766 1186 3837 pOSsit?

495 3873 584 3930 59.
617 3873 837 3944 Accipe
875 3889 1032 3928 nunc
1070 3871 1344 3945 ejusdem
1371 3887 1583 3928 vocem
1636 3871 1890 3944 Domini,
1941 3871 2101 3944 quod

425 3964 556 4037 ipse
587 3963 666 4019 sit
711 3962 968 4033 Spiritus
999 3964 1265 4032 sanctus,
1301 3962 1402 4034 qui
1457 3965 1550 4018 est
1598 3960 1855 4032 Spiritus
1885 3961 2098 4016 verita-

424 4055 505 4110 tis
539 4069 552 4109 :
585 4051 774 4109 habes
803 4052 960 4106 enim
992 4051 1052 4106 in
1084 4051 1286 4106 ultimo
1336 4049 1474 4105 libri
1503 4049 1688 4121 hujus
1723 4065 1736 4104 :
1775 4070 1797 4098 τι
1833 4049 2098 4120 Accipite

427 4142 709 4215 Spiritum
740 4144 1010 4195 sanctum
1053 4139 1242 4210 (Joan.
1285 4155 1386 4210 xx,
1421 4138 1534 4210 2:2).
1575 4162 1597 4187 ι»
1633 4139 1833 4209 Ipsum
1861 4154 2096 4210 quoque

331 4279 344 4282 -
428 4247 568 4290 esse
599 4231 878 4302 Spiritum
895 4231 1188 4300 sanctum,
1205 4228 1306 4300 qui
1323 4231 1416 4284 est
1437 4227 1692 4298 Spiritus
1713 4227 1942 4283 Domini
1960 4227 2095 4300 (40),

427 4324 642 4378 Petrus
673 4321 845 4376 docet
873 4318 1080 4374 dicens
1106 4333 1118 4373 :
1157 4339 1180 4365 ιι
1205 4316 1452 4388 Anania,
1487 4316 1629 4388 quid
1657 4315 1763 4371 tibi
1794 4315 1990 4372 visum
2008 4317 2103 4372 est

428 4467 649 4522 tionem
677 4463 902 4534 mundi,
933 4465 989 4518 et
1011 4476 1218 4518 omnes
1263 4459 1482 4534 veteris
1511 4459 1874 4514 Testamenti
1911 4475 2096 4534 appa-

430 4538 678 4593 ritiones
733 4531 1088 4591 Ambrosius
1134 4548 1268 4588 cum
1299 4532 1602 4603 plerisque
1655 4535 1946 4603 veterum,
1985 4531 2096 4603 PP.

2193 1950 2314 2002 est:
2347 1969 2368 1995 α
2385 1946 2494 2011 Qui
2517 1945 2918 2018 facitangelos
2943 1963 3088 2002 suos
3107 1947 3356 2018 spiritus
3369 1945 3554 2020 (Psal.
3573 1944 3767 2016 sunt);
3797 1966 3816 1988 ιι

2193 2051 2352 2090 unus
2372 2039 2568 2091 tamen
2588 2038 2682 2091 est
2711 2035 2821 2091 Dei
2851 2035 3131 2107 Spiritus.

2265 2160 2354 2217 61.
2416 2161 2615 2232 Ipsum
2663 2159 2846 2232 igitur
2874 2177 3054 2217 unum
3085 2161 3374 2232 Spiritum
3419 2164 3476 2218 et
3519 2157 3748 2232 apostoli
3781 2157 3827 2212 et

2194 2251 2498 2322 prophetae
2529 2252 2669 2304 sunt
2699 2251 3026 2305 consecuti.
3060 2250 3226 2306 Sicut
3253 2253 3432 2307 etiam
3473 2250 3587 2305 Vas
3617 2246 3827 2304 electio-

2199 2341 2314 2411 nis,
2375 2339 2584 2394 doctor
2625 2339 2890 2412 gentium
2921 2339 3098 2396 dicit:
3137 2363 3160 2388 «
3192 2339 3344 2406 Quia
3383 2355 3561 2396 unum
3587 2336 3830 2410 Spiritum

2199 2428 2536 2501 potavimus
2559 2427 2615 2498 (Ι
2631 2429 2766 2484 Cor.
2783 2446 2885 2498 xu,
2905 2427 2994 2500 13)
3012 2453 3033 2478 ι»
3064 2446 3076 2484 :
3097 2431 3271 2501 quasi
3289 2447 3426 2488 eum
3447 2429 3546 2501 qui
3564 2443 3674 2484 non
3685 2425 3831 2498 queat

2201 2517 2416 2586 scindi,
2437 2518 2543 2572 sed
2565 2517 2910 2572 infundatur
2925 2518 3160 2590 animis,
3181 2522 3238 2574 et
3255 2519 3544 2576 sensibus
3559 2515 3832 2583 allabatur,

2199 2610 2264 2663 ut
2291 2607 2602 2663 saecularis
2635 2607 2768 2662 sitis
2790 2607 3122 2681 restinguat
3151 2609 3450 2666 ardorem.

2838 2766 3092 2824 CAPUT
3115 2768 3184 2824 V.

2203 2913 2495 2986 Spiritum
2527 2916 2814 2982 sanetum,
2849 2927 2976 2967 cum
3017 2918 3336 2986 creaturas
3364 2908 3706 2977 sanctiﬁcat,
3752 2919 3842 2986 nec

2273 2991 2610 3040 creaturam
2629 2998 2784 3052 esse,
2799 2977 2920 3038 "nec
2940 2983 3320 3051 mutabilem;
3357 3000 3486 3040 eum
3519 2995 3740 3052 semper
3755 2977 3840 3030 bo-

2277 3071 2411 3111 num
2455 3070 2611 3121 esse,
2647 3071 2774 3110 eum
2808 3070 2840 3108 a
2872 3055 3063 3109 Patre
3092 3056 3293 3125 detur,
3347 3062 3409 3110 et
3439 3071 3472 3110 a
3517 3052 3666 3108 Filio
3703 3069 3725 3125 :_
3754 3060 3844 3102 nec

2272 3128 2438 3182 inter
2459 3141 2528 3181 ea
2562 3141 2688 3198 quae
2723 3125 3031 3198 declinare
3075 3121 3384 3195 dicuntur,
3407 3121 3838 3198 numerandum;

2276 3200 2497 3269 lentem
2545 3193 2855 3266 bonitatis,
2897 3197 3191 3269 Spiritum
3239 3193 3378 3254 oris
3415 3193 3842 3269 Dei,_malqrum

2277 3268 2736 3338 emendatorem,
2773 3263 2983 3324 donum
3036 3271 3389 3324 necessario
3440 3263 3846 3338 confitendum;

2269 3347 2574 3414 postremo
2595 3335 2731 3414 cum
2753 3339 2817 3393 in
2840 3340 3398 3414 Scripturisbenus
3417 3339 3771 3414 affirmatur,
3797 3335 3846 3385 et

2279 3407 2459 3468 Patri
2485 3427 2558 3485 gae
2578 3411 2736 3485 Filio
2757 3407 3150 3484 coniungatur
3167 3412 3230 3466 in
3251 3407 3849 3485 baptismate,_bouum

2279 3483 2492 3556 negari
2520 3476 3098 3556 neutiquamiposseg;
3131 3499 3240 3556 nec
3263 3476 3466 3538 tamen
3497 3476 3694 3556 diciin
3722 3476 3850 3556 bona

2275 3543 2729 3627 prbﬁeientem;
2765 3543 2898 3627 sed.
2924 3543 3351 3627 perﬁcientem
3387 3574 3406 3609 :
3457 3552 3608 3627 quod
3644 3564 3762 3606 eum
3788 3543 3849 3600 ab

2279 3625 2552 3682 amnibus
2581 3625 2900 3698 distinguit
2913 3625 3232 3681 creaturis.

2279 3753 2369 3808 62.
2394 3752 2528 3808 Non
2559 3765 2704 3824 ergo
2727 3753 2970 3806 sanctus
3000 3749 3256 3822 Spiritus
3287 3751 3362 3807 de
3395 3746 3720 3806 substantia
3749 3755 3856 3798 cor-

2205 3842 2496 3916 poralium
2533 3855 2548 3896 :
2581 3840 2678 3895 hic
2709 3839 2866 3894 enim
2897 3839 3308 3912 corporalibus
3341 3841 3749 3910 incorporeum
3777 3831 3854 3886 in-

2105 3952 2124 3964 κ
2205 3932 2396 3988 fundit
2427 3929 2714 4004 gratiam:
2748 3929 2855 3984 sed
2879 3945 2989 3984 nec
3019 3930 3092 3984 de
3123 3930 3458 3984 substantia
3495 3923 3854 3983 invisibilium

2206 4025 2608 4078 creaturarum
2640 4022 2732 4074 est
2763 4033 2776 4074 :
2820 4035 2954 4073 nam
2982 4023 3038 4073 et
3068 4018 3184 4074 illae
3217 4017 3745 4074 sanctiﬁcationem
3761 4010 3857 4066 hu-

2202 4110 2305 4184 jus
2335 4109 2650 4180 accipiunt,
2681 4111 2737 4163 et
2766 4123 2874 4179 per
2901 4108 3060 4163 hunc
3081 4107 3332 4180 reliquis
3365 4107 3573 4163 mundi
3604 4101 3856 4176 operibus

2207 4199 2584 4256 antecellunt.
2600 4197 2738 4253 Sive
2759 4197 3024 4270 Angelos
3043 4197 3228 4266 dicas,
3255 4197 3388 4253 sive
3411 4193 3854 4254 Dominationes,

2209 4290 2338 4346 sive
2373 4289 2724 4358 Potestates,
2785 4287 2981 4342 omnis
3021 4290 3290 4342 creatura
3331 4287 3646 4358 exspectat
3692 4277 3858 4336 sancti

2208 4379 2464 4450 Spiritus
2514 4377 2783 4450 gratiam.
2843 4375 3010 4432 Sicut
3057 4377 3211 4432 enim
3268 4392 3383 4432 nos
3443 4390 3554 4448 per
3606 4370 3862 4444 Spiritum

2207 4521 2382 4577 etiam
2435 4519 2576 4575 alibi
2619 4518 2768 4590 dixit
2809 4533 2822 4573 :
2862 4540 2885 4568 ιι
2920 4533 3029 4590 quo
3053 4517 3154 4590 ibe
3181 4534 3214 4572 a
3250 4517 3492 4590 Spiritu
3521 4523 3639 4586 tuo,
3668 4509 3861 4582 hujus-

430 4589 1240 4674 Iililib—tribuereconsuevit,
1273 4589 1337 4658 ut
1367 4619 1486 4658 non
1506 4589 1692 4658 semel
1725 4618 1906 4672 supra
1937 4601 2101 4656 licuit
2124 4590 2170 4650 D
2207 4593 2364 4674 modi
2397 4591 2666 4662 repetitio
2699 4589 2858 4660 facit,
2877 4589 3016 4644 utin
3037 4589 3170 4644 aliis
3201 4589 3592 4660 suspicemur
3619 4591 3865 4652 transpo-

430 4681 764 4736 advertere.
781 4679 924 4744 Qum
951 4693 1130 4748 porro
1151 4675 1248 4730 hic
1281 4677 1352 4748 de
1366 4674 1622 4748 Spiritus
1641 4675 1832 4748 sancti
1856 4675 2093 4748 unitate,

432 4751 564 4806 haec
612 4754 873 4804 mutuata
919 4745 1195 4804 videntur
1231 4764 1264 4802 a
1295 4745 1543 4817 Didyme
1575 4747 1771 4800 statim
1803 4748 1938 4816 post
1963 4745 2099 4798 libri

431 4821 604 4892 primi
639 4821 969 4876 exordium.

504 4892 617 4962 (38)
652 4913 674 4940 «
711 4892 1034 4961 Apostolus
1064 4890 1230 4960 dixit,
1269 4914 1290 4940 η
1334 4889 1432 4962 Sic
1463 4891 2099 4962 prosequuntur__non

432 4958 607 5035 pauci
629 4958 799 5030 mssf,
829 4984 850 5010 α
879 4961 950 5014 de
971 4962 1103 5035 ipso
1133 4958 1306 5035 etiam
1335 4961 1473 5035 alibi
1493 4958 1638 5035 dicit
1656 4976 1674 5035 _:
1691 4958 1732 5035 in
1777 4960 1898 5025 Quo
1926 4958 2028 5035 _ib_0
2063 4973 2100 5035 _a

434 5029 670 5107 Spiritu
693 5035 836 5107 tuo?
862 5054 884 5077 «
918 5035 980 5086 ut
1000 5029 1169 5107 scias
1201 5032 1334 5107 quia
1365 5032 1518 5107 idem
1543 5031 1824 5107 Spiritus
1847 5029 2098 5107 est_De_i,

431 5101 532 5178 qui
564 5109 658 5162 est
679 5103 940 5178 Spiritus
956 5101 1238 5178 sanctus,
1273 5102 1427 5156 sicut
1461 5106 1518 5178 et
1538 5103 1598 5156 in
1614 5101 1916 5178 ’Apostolo
1949 5101 2102 5178 legi-

431 5172 567 5233 mus
589 5193 601 5233 :
621 5197 645 5227 α
663 5172 886 5231 Nemoi
893 5191 926 5228 η
941 5173 1174 5246 Spiritu
1185 5172 1432 5246 loquens
1447 5173 1595 5246 dicit
1607 5175 1915 5246 anathema
1935 5172 2098 5246 Jesu,

433 5255 493 5306 et
511 5264 681 5304 nemo
691 5253 888 5320 potest
910 5243 1118 5301 dicere
1133 5243 1414 5320 09minus
1431 5243 1773 5320 desuslnisi
1788 5245 1852 5320 in
1869 5243 2106 5320 Spiritu

429 5327 658 5376 saneto.
677 5315 708 5366 «—
728 5319 928 5390 Ipsum
959 5315 1278 5390 Apostolus
1299 5315 1579 5390 Spiritum
1599 5316 1701 5390 D_ei
1721 5316 1886 5381 dixit,
1907 5317 2100 5390 ipsum

430 5393 720 5448 Dominus
739 5385 800 5445 in
819 5385 1144 5460 Evangelia
1165 5385 1550 5460 Paracletum.
1579 5406 1600 5434 ιο
1628 5386 1947 5460 Tres_mss.
1968 5387 2104 5454 poét

425 5465 679 5520 verbum
734 5485 755 5509 «ι
791 5461 938 5515 dixit
973 5457 1015 5507 »⁷
1037 5459 1258 5513 addunt
1289 5477 1312 5508 α
1350 5457 1667 5511 Ιιωιιθιίθῐη.
1705 5477 1726 5505 ι
1762 5457 1950 5512 Porro
1981 5460 2100 5511 tota

427 5535 552 5590 fere
592 5535 722 5589 haec
753 5531 984 5598 lacinia,
1015 5545 1224 5599 nempe
1254 5528 1327 5582 ab
1373 5528 1493 5582 illis
1543 5527 1768 5599 verbis,
1806 5533 1888 5599 ut,
1916 5528 2096 5598 scias,

425 5606 559 5660 sive
589 5611 648 5659 et
677 5604 856 5672 scias,
895 5597 1076 5656 utcst
1113 5597 1175 5672 in
1236 5599 1467 5672 cunctis
1515 5597 1680 5667 edit.,
1716 5597 2104 5672 desideratur

429 5691 543 5730 suo
583 5676 716 5730 loco
749 5675 808 5728 in
840 5667 1181 5727 memoratis
1213 5668 1492 5724 omnibus
1529 5683 1679 5723 mss.
1716 5667 1938 5722 Verum
1970 5684 2108 5723 cum

421 5747 583 5848 idem
613 5745 932 5802 exhibeant
959 5741 1228 5817 proxime
1257 5743 1391 5798 ante
1425 5739 1608 5798 verba
1632 5737 1768 5798 illa:
1801 5761 1824 5789 ιι
1862 5739 1948 5798 De
1967 5739 2100 5815 ipso

2209 4665 2504 4720 sitionem.

2279 4735 2392 4806 (39)
2426 4733 2668 4805 lmpiam
2709 4732 2863 4806 hanc
2893 4731 3230 4806 opinionem
3250 4731 3663 4806 ‘Arianoru_m_
3692 4722 3862 4781 fuisse

2208 4801 2415 4862 auctor
2442 4801 2534 4860 est
2563 4801 2958 4877 Augustinus,
2993 4805 3174 4877 epist:
3203 4803 3337 4877 111,
3362 4819 3530 4877 nunc
3565 4801 3861 4877 “8,,nugn-

2210 4877 2298 4948 10,
2323 4877 2501 4933 etlib.
2535 4894 2574 4930 ιι
2599 4863 2692 4931 (1τῖ
2714 4863 2955 4948 Triuia,
2989 4863 3202 4948 capit).
3227 4863 3342 4948 Sed
3376 4875 3483 4928 lib.
3511 4891 3530 4926 ι
3570 4863 3866 4948 _cont.__Ma-

2210 4937 2352 5004 xiin.
2386 4965 2527 5020 cap.
2549 4949 2603 5014 3,
2637 4950 2694 5002 et
2721 4947 2824 5000 lib.
2851 4963 2910 5015 ιι,
2939 4937 3080 5016 cap:
3105 4945 3194 5020 26,
3222 4946 3395 5000 docet
3426 4960 3539 5020 eos
3570 4937 3866 5020 haeretigos;

2211 5021 2323 5076 hoc
2355 5007 2688 5092 eil‘dgio'uti
2748 5007 3119 5092 conatos,'ut_
3140 5007 3407 5092 dicerent
3439 5007 3870 5092 minora'videri

2209 5109 2239 5147 a
2273 5083 2624 5163 majoribus,
2653 5093 2718 5163 ut
2746 5093 2900 5163 puta
2948 5083 3198 5163 angelos
3239 5089 3310 5142 ab
3342 5083 3867 5163 archangelis,‘eof

2210 5180 2323 5235 quc
2364 5149 2538 5217 modo
2572 5149 2822 5235 viderim
2854 5149 3292 5229 PatrevFilium,
3327 5174 3402 5235 ac
3427 5149 3666 5235 Patrém
3695 5149 3869 5235 sciunt

2209 5221 2246 5289 εἰ
2273 5235 2504 5289 nemine
2535 5233 2720 5288 videri
2757 5247 2938 5302 posse
2975 5246 2987 5286 :
3024 5247 3199 5302 quam
3233 5221 3672 5302 cavillationem
3701 5221 3872 5302 tib-5P

2210 5310 2402 5360 somet
2431 5305 2570 5359 Ario
2603 5305 2662 5358 in
2705 5290 2907 5375 Tiialia
2939 5290 3448 5375 sua-propositam
3487 5298 3666 5375 tradit
3706 5290 3868 5375 Athaf

2210 5378 2416 5432 nasius
2440 5377 2499 5430 in
2531 5375 2632 5430 lib.
2667 5375 2739 5429 de
2771 5373 3047 5445 Synodis.
3077 5369 3247 5445 Qudd
3279 5375 3477 5445 autem
3509 5369 3870 5445 Ambrosium

2211 5431 2308 5504 hic
2340 5452 2608 5518 spectare
2666 5431 3136 5518 Arianambanc
3196 5443 3600 5518 distictionem
3632 5431 3871 5518 autumat

2210 5510 2510 5586 Petavius,
2543 5517 2646 5572 lib.
2681 5534 2785 5571 vm
2807 5517 2882 5572 de
2923 5516 3136 5571 Trinit.
3162 5531 3292 5587 cap.
3326 5516 3376 5586 2,
3403 5513 3465 5568 id
3487 5513 3624 5568 sine
3651 5510 3796 5566 teste
3811 5514 3874 5556 ac

2212 5591 2440 5663 ratique
2459 5589 2700 5663 scripto
2725 5588 2920 5644 tradit.
2997 5659 3031 5663 __
3079 5659 3090 5663 _
3133 5658 3144 5663 _
3455 5657 3467 5663 _
3637 5651 3676 5663 Α
3724 5649 3736 5663 .

2289 5643 2706 5734 ῨΝορηἶιΠί
2733 5675 2907 5732 mss.,
2943 5681 2966 5709 τε
2992 5658 3272 5734 Spiritum
3301 5657 3599 5716 sanctum.
3631 5649 3775 5724 Quia
3791 5643 3878 5706 est

2217 5733 2472 5809 Spiritus
2504 5731 2628 5790 Dei.
2666 5756 2691 5786 η
