4050 6182
340 266 451 328 749

1495 262 1608 326 DE
1647 262 1992 326 SPIRITU
2032 260 2367 325 SANCTO
2410 261 2573 324 LIB.
2631 261 2679 323 Ι.

3681 253 3808 325 750

333 465 532 535 liberi,
574 465 711 536 quia
755 486 775 514 ‹‹
816 464 977 519 misit
1009 465 1167 519 Deus
1199 463 1483 535 Spiritum
1513 464 1642 519 Filii
1679 465 1773 518 sui
1797 464 1854 518 in
1885 479 2013 517 cor-
2042 445 2101 506 Α
2132 463 2311 518 Jesus
2334 459 2538 516 effudit
2569 476 2600 516 e
2631 459 2801 530 cmlo,
2837 462 3155 532 postquam
3203 456 3466 531 patibulo
3498 457 3698 515 crucis
3730 459 3802 515 ti-

333 554 408 608 da
438 555 643 609 nostra
675 554 1023 609 clamantem
1061 555 1263 608 :Abba
1300 553 1488 607 Pater.
1522 552 1864 624 Itaquejam
1897 567 2015 606 non

332 647 429 698 est
460 659 700 712 servus,
735 645 841 698 sed
871 644 1031 698 filius
1086 644 1304 712 (Ge/at.
1349 660 1427 710 ιν,
1461 642 1515 712 6,
1547 643 1605 708 '7)
1644 666 1664 690 »ι
1698 660 1708 696 :
1737 643 1812 695 ita
1844 641 2017 695 etiam

335 733 538 787 omnis
581 736 850 787 creatura
880 731 1299 787 revelationem
1332 731 1587 785 filiorum
1629 731 1730 785 Dei
1763 745 2018 800 exspec-

336 825 422 876 tat
461 822 650 892 (Rom.
671 839 794 892 vm,
831 821 940 891 19),
967 837 1118 892 quos
1150 822 1351 892 utique
1377 821 1567 875 sancti
1600 819 1855 890 Spiritus
1886 833 2020 890 gra-

339 911 421 966 tia
455 911 611 965 ﬁlios
643 911 746 966 Dei
795 910 954 965 fecit.
998 910 1158 982 Ergo
1213 913 1268 964 et
1327 913 1594 964 creatura
1637 910 1768 980 ipsa
1826 907 2020 962 omnis

335 998 669 1070 spiritualis
709 1000 916 1072 gratiae
948 1000 1308 1055 revelatione
1347 998 1686 1068 mutabitur,
1733 1019 1755 1048 οι
1792 1001 1848 1052 et
1869 997 2020 1051 libe-

328 1089 563 1144 rabitur
589 1105 623 1143 a
639 1089 923 1144 servitute
944 1089 1342 1159 corruptionis
1367 1090 1427 1144 in
1447 1089 1781 1144 libertatem
1805 1086 2019 1159 gloriae

331 1179 591 1234 filiorum
627 1178 729 1233 Dei
764 1177 923 1248 (Ibid
951 1179 1062 1248 21).
1101 1200 1126 1228 ››

407 1287 499 1341 63.
535 1287 739 1341 Omnis
772 1302 918 1359 ergo
977 1289 1248 1342 creatura
1306 1285 1629 1356 mutabilis,
1673 1300 1792 1339 non
1825 1282 2020 1338 solum

341 1392 410 1431 ea
440 1393 576 1448 quae
603 1375 728 1446 jam
766 1378 1008 1446 peccato
1041 1377 1238 1448 aliquo
1287 1379 1387 1430 aut
1418 1375 1841 1429 elementorum
1875 1389 2020 1428 con-

347 1465 567 1521 ditione
598 1468 815 1520 mutata
847 1470 939 1520 est
973 1483 983 1520 :
1028 1481 1234 1519 verum
1276 1465 1448 1520 etiam
1506 1480 1638 1536 quae
1669 1461 2020 1532 corruptelas

343 1558 535 1624 potest
566 1569 704 1610 esse
740 1554 996 1609 obnoxia
1043 1555 1182 1608 vitio
1216 1558 1460 1622 naturae,
1496 1554 1605 1608 etsi
1639 1551 1897 1607 nondum
1931 1554 2023 1605 est

339 1644 536 1698 studio
569 1642 900 1713 disciplinae
927 1659 941 1714 ;
972 1660 1106 1697 nam
1136 1646 1196 1697 ut
1219 1645 1277 1696 in
1309 1642 1723 1713 superioribus
1747 1641 1885 1695 libis
1918 1640 2020 1693 do-

335 1734 575 1787 cuimus
605 1733 729 1800 (lib.
764 1750 824 1786 ιιι
855 1733 930 1788 de
969 1733 1139 1801 Fide,
1176 1749 1304 1802 cap.
1338 1733 1414 1802 2),
1451 1735 1506 1786 ot
1535 1731 1884 1803 angelorum
1919 1745 2020 1783 na-

339 1824 535 1876 turam
594 1821 778 1892 liquet
829 1822 1100 1892 potuisse
1161 1821 1390 1875 mutari.
1452 1820 1670 1891 Utique
1721 1819 2018 1874 aestimare

2131 568 2266 621 xus,
2300 550 2688 621 triumphales
2739 551 3034 606 revehens
3068 552 3366 605 evacuatae
3407 549 3617 604 mortis
3656 564 3807 606 exu-

2129 641 2280 709 vias,
2318 641 2510 694 victor
2548 639 2755 695 mortis
2787 655 2818 693 a
2865 639 3114 694 mortuis
3145 638 3490 700 resurrexit,
3515 638 3671 693 sicut
3699 639 3807 693 ha-

2130 729 2240 784 bes
2291 731 2579 800 scriptum
2630 745 2642 784 :
2694 749 2716 778 ι
2774 729 3126 783 Ascendens
3165 728 3225 782 in
3273 727 3452 782 altum
3512 729 3806 798 captivam

2129 818 2295 874 duxit
2324 818 2717 889 captivitatem
2739 817 2850 888 (43)
2873 834 2884 872 :
2909 817 3067 872 dedit
3083 817 3214 871 data
3237 816 3578 872 hominibus
3615 815 3803 881 (Psal.

2130 925 2308 978 vau,
2346 908 2456 978 19).
2497 929 2519 958 »
2556 907 2626 962 Et
2655 908 2806 963 bene
2839 907 2938 976 ait,
2975 930 2997 955 ε
3043 905 3206 976 data;
3241 906 3396 961 sicut
3424 907 3581 962 enim
3619 903 3807 961 Filius

2133 997 2325 1061 datus,
2361 997 2434 1052 de
2474 1014 2591 1068 quo
2625 998 2914 1068 scriptum
2945 999 3037 1052 est
3078 1011 3090 1052 :
3129 1018 3150 1046 α
3186 997 3344 1051 Puer
3387 998 3560 1051 natus
3588 999 3702 1066 est,
3736 995 3808 1050 ti-

2132 1085 2249 1140 lius
2272 1085 2443 1140 datus
2475 1089 2567 1142 est
2598 1087 2773 1142 nobis
2803 1086 2942 1158 (Isa.
2979 1104 3060 1156 ιχ,
3096 1085 3171 1156 6),
3213 1109 3233 1134 η
3271 1085 3402 1140 data
3433 1087 3526 1141 est
3542 1083 3803 1157 etgratia

2136 1175 2483 1246 spiritualis.
2536 1175 2686 1242 Quid
2732 1180 2928 1231 autem
2976 1175 3179 1230 dubito
3227 1174 3426 1230 dicere
3455 1173 3593 1245 quia
3632 1174 3805 1229 datus

2131 1267 2224 1319 est
2253 1268 2309 1319 et
2341 1263 2598 1335 Spiritus
2639 1269 2908 1336 sanctus,
2941 1281 3075 1321 cum
3106 1264 3393 1336 scriptum
3426 1263 3503 1318 sit
3536 1277 3550 1320 :
3589 1285 3610 1311 α
3643 1263 3801 1318 Gha-

2132 1353 2275 1408 ritas
2311 1354 2415 1408 Dei
2455 1353 2644 1410 effusa
2679 1344 2772 1410 est
2801 1357 2861 1410 in
2901 1355 3184 1410 cordibus
3229 1353 3453 1409 nostris
3484 1368 3591 1423 per
3618 1351 3808 1424 Spiri-

2131 1445 2252 1496 tum
2277 1446 2568 1513 sanctum,
2620 1445 2718 1516 qui
2767 1445 2939 1499 datus
2980 1447 3074 1500 est
3119 1443 3295 1499 nobis
3343 1443 3533 1512 (Rom.
3567 1458 3626 1512 v,
3660 1443 3738 1513 5).
3784 1466 3806 1490 n

2134 1529 2319 1595 Quem
2343 1532 2543 1604 utique
2575 1535 2856 1605 quoniam
2873 1537 3114 1604 pectora
3142 1533 3410 1604 recipere
3443 1532 3673 1602 captiva
3693 1547 3813 1587 non

2132 1624 2432 1692 poterant,
2493 1623 2660 1693 prius
2724 1623 3010 1678 Dominus
3069 1623 3251 1678 Jesus
3307 1621 3598 1692 captivam
3646 1621 3814 1676 duxit

2135 1710 2565 1782 captivitatem;
2597 1715 2658 1766 ut
2709 1711 2917 1767 liberis
2967 1710 3282 1767 affectibus
3327 1710 3535 1784 gratiae
3593 1709 3812 1766 divina

2135 1799 2354 1855 munus
2386 1798 2733 1856 effunderet.

337 1910 622 1966 convenit
654 1911 790 1982 quia
817 1910 1008 1982 qualis
1040 1911 1217 1965 unius
1248 1913 1475 1978 natura,
1510 1909 1645 1963 talis
1685 1911 1742 1963 et
1770 1911 2019 1963 caetero-
2051 1895 2105 1958 Β
2206 1924 2295 1980 67,
2327 1924 2580 1980 pulchre
2629 1929 2826 1981 autem
2867 1926 3016 1982 dixit
3046 1941 3060 1981 ε
3102 1949 3123 1973 α
3167 1924 3470 1997 Captivam
3502 1925 3812 1997 captivum,

338 2015 497 2054 rum.
561 1999 860 2054 Mutabilis
918 2015 1063 2072 ergo
1103 2002 1160 2054 et
1216 1999 1582 2070 reliquorum
1629 2002 1855 2068 natura,
1914 1997 2022 2052 sed

348 2088 565 2144 melior
591 2088 923 2160 disciplina.

2135 2016 2273 2068 tem.
2301 2037 2322 2062 ιι
2359 2013 2583 2069 Christi
2614 2015 2768 2071 enim
2789 2015 3037 2070 victoria
3064 2031 3078 2085 ;
3111 2015 3357 2070 victoria
3383 2014 3675 2070 libertatis
3696 2018 3810 2086 est,

2135 2119 2268 2175 quae
2302 2119 2509 2159 omnes
2545 2105 2752 2176 gratiae
2785 2104 3124 2174 vindicavit,
3156 2103 3380 2159 nullum
3409 2105 3687 2159 astrinxit
3716 2105 3811 2160 in-

417 2196 510 2251 64.
542 2194 737 2268 [Alias
775 2213 903 2267 cap.
937 2195 1030 2269 V.]
1064 2196 1222 2268 Ergo
1270 2195 1465 2251 omnis
1513 2194 1814 2250 mutabilis
1856 2208 2025 2248 crea-
2129 2191 2327 2263 juriae.
2362 2192 2522 2265 Ergo
2545 2194 2604 2248 in
2636 2194 2896 2248 omnium
2926 2193 3299 2250 absolutione
3333 2208 3507 2249 nemo
3540 2193 3811 2265 captivus

347 2289 501 2355 tura,
535 2287 640 2340 sed
673 2286 868 2340 bonus
899 2290 954 2340 et
981 2302 1098 2340 non
1128 2286 1429 2340 mutabilis
1460 2285 1716 2355 Spiritus
1756 2286 2025 2353 sanctus,

356 2390 554 2446 neque
577 2375 730 2430 enim
749 2376 947 2446 aliquo
977 2375 1119 2430 vitio
1143 2376 1353 2429 mutari
1383 2378 1598 2445 potest,
1632 2373 1734 2445 qui
1768 2373 2030 2428 omnium

364 2465 516 2528 614
555 2464 751 2519 abolet
771 2466 931 2532 vitia,
956 2467 1193 2534 peccata
1219 2464 1530 2519 condonat..
1555 2463 1858 2528 Quomodo
1882 2477 2028 2532 ergo

356 2552 661 2606 mutabilis
685 2553 785 2623 qui
815 2553 1242 2607 sanctiﬁcando
1272 2552 1423 2608 alios
1448 2555 1629 2606 mutat
1649 2551 1762 2623 (41)
1791 2551 1861 2605 ad
1895 2567 2030 2623 gra-

346 2641 509 2713 tiam,
546 2657 663 2697 non
696 2642 826 2712 ipse
857 2645 1115 2697 mutatur
1147 2644 1176 2697 ?

420 2767 510 2822 65.
543 2765 845 2831 Quomodo
885 2767 1206 2836 mutabilis,
1241 2766 1338 2838 qui
1382 2765 1578 2821 bonus
1609 2781 1847 2836 semper
1896 2767 2030 2821 est?

341 2857 556 2927 Neque
616 2857 772 2911 enim
806 2873 1061 2928 unquam
1093 2857 1284 2910 malus
1318 2856 1577 2926 Spiritus
1610 2859 1876 2923 sanctus,
1926 2871 2033 2925 per

347 2961 528 3016 quem
562 2945 736 3000 nobis
767 2961 900 3016 quae
940 2945 1093 2999 bona
1125 2948 1284 3015 sunt,
1319 2945 1746 2999 ministrantur.
1783 2944 1950 2999 Unde
1975 2947 2032 2999 et

349 3033 740 3106 evangelistae
772 3035 888 3088 duo
947 3033 1006 3088 in
1038 3049 1155 3088 uno
1205 3034 1531 3105 eodemque
1581 3034 1735 3104 loco,
1771 3033 2029 3088 diversis

351 3123 594 3194 quidem
623 3122 776 3178 inter
805 3138 871 3177 se
909 3123 1133 3190 verbis,
1199 3123 1304 3178 sed
1352 3123 1557 3178 eadem
1589 3123 1978 3195 designarunt
2011 3139 2025 3178 :

361 3212 552 3267 habes
583 3213 736 3266 enim
767 3213 830 3266 in
860 3211 1136 3268 Matthaeo
1171 3229 1183 3267 ;
1223 3235 1244 3260 α
1283 3213 1346 3266 Si
1386 3228 1496 3267 vos
1537 3228 1670 3267 cum
1701 3213 1834 3267 sitis
1867 3212 2025 3282 mali,

355 3301 554 3356 nostis
581 3300 739 3355 bona
769 3301 902 3355 data
930 3301 1069 3355 dare
1101 3301 1242 3356 ﬁliis
1273 3303 1494 3356 vestris
1537 3317 1549 3356 :
1585 3305 1801 3372 quanto
1835 3303 2026 3374 magis

348 3390 527 3445 Pater
556 3393 775 3460 vester,
811 3390 910 3462 qui
952 3391 1012 3445 in
1044 3391 1213 3445 ccelis
1246 3394 1358 3461 est,
1401 3391 1560 3445 dabit
1588 3391 1743 3446 bona
1775 3392 2026 3463 petenti-

349 3479 468 3534 bus
491 3495 560 3534 se
591 3479 832 3550 (illam).
857 3496 960 3550 vn,
997 3480 1083 3550 11)
1128 3478 1140 3534 l
1171 3503 1193 3527 «
1229 3479 1566 3534 Secundum
1597 3480 1815 3534 Lucam
1835 3485 2027 3536 autem

347 3569 624 3624 invenies
663 3569 740 3623 ita
781 3569 1067 3639 scriptum
1111 3584 1122 3624 :
1162 3591 1183 3618 α
1219 3567 1446 3634 Quanto
1476 3568 1670 3642 magis
1693 3570 1865 3624 Pater
1894 3586 2028 3625 ves-

349 3663 445 3714 ter
486 3659 558 3713 de
590 3659 737 3713 caelo
767 3657 927 3712 dabit
959 3658 1242 3729 Spiritum
1269 3661 1540 3713 sanctum
1558 3659 1672 3730 (41)
1693 3659 2028 3728 petentibus

348 3764 418 3804 se
449 3749 612 3818 (Luc.
638 3765 720 3817 χι,
763 3746 854 3818 13)
889 3745 901 3802 l
941 3769 962 3796 ι
999 3747 1378 3802 Advertimus
1429 3763 1575 3819 ergo
1621 3747 1842 3802 bonum
1890 3764 2028 3803 esse

354 3837 638 3907 Spiritum
681 3840 951 3891 sanctum
984 3835 1217 3891 Domini
1242 3835 1494 3907 judicio,
1528 3835 2027 3908 evangelistarum

348 3926 694 3980 testimonio
728 3926 996 3997 :quando
1029 3925 1182 3980 alius
1215 3940 1321 3996 pro
1354 3929 1561 3980 sancto
1591 3925 1816 3996 Spiritu
1848 3925 2026 3994 bona,

358 4016 516 4070 alius
563 4031 671 4085 pro
726 4015 902 4070 bonis
952 4019 1222 4069 sanctum
1262 4014 1543 4085 Spiritum
1588 4015 1930 4070 nominavit.
1969 4015 2032 4070 Si

365 4105 550 4176 igitur
582 4104 739 4175 quod
769 4104 990 4159 bonum
1023 4107 1134 4172 est,
1167 4103 1280 4158 hoc
1336 4106 1430 4159 est
1449 4103 1704 4174 Spiritus
1748 4107 1992 4158 sanctus
2014 4145 2028 4173 ,

354 4193 653 4266 quomodo
692 4193 886 4249 bonus
918 4209 1036 4248 non
1077 4195 1222 4248 est?

431 4299 520 4355 66.
556 4301 682 4356 Nec
704 4301 1019 4373 fallitquod
1048 4301 1316 4356 nonnulli
1345 4301 1586 4356 codices
1608 4299 1827 4356 habent
1857 4302 2030 4354 etiam

358 4391 691 4446 secundum
732 4391 986 4445 Lucam:
1014 4415 1035 4438 α
1061 4389 1288 4454 Quanto
1321 4391 1512 4462 magis
1533 4393 1710 4446 Pater
1741 4393 1940 4445 vester
1961 4391 2032 4444 de

360 4479 512 4535 coelo
545 4480 704 4534 dabit
733 4479 953 4535 bonum
974 4480 1171 4534 datum
1194 4479 1531 4550 petentibus
1564 4495 1633 4534 se
1667 4478 1679 4534 l
1721 4504 1742 4527 ιι
1773 4480 1898 4534 Hoc
1922 4479 2032 4533 bo-

359 4585 500 4625 num
532 4569 729 4624 datum
767 4569 956 4642 gratia
1000 4568 1286 4639 spiritalis
1335 4571 1464 4638 est,
1521 4585 1696 4640 quam
1747 4569 2034 4624 Dominus

432 4711 548 4784 (41)
578 4711 825 4778 Quidam
863 4729 1036 4783 mss.,
1076 4735 1096 4761 ιι
1134 4712 1234 4784 qui
1281 4711 1675 4767 sacrificando
1723 4712 1872 4768 alios
1904 4730 2035 4767 mu-

359 4788 546 4926 ιαέίίέ)
577 4856 859 4912 Nonnulli
888 4871 1061 4925 mss.,
1102 4854 1425 4926 «Spiritum
1447 4855 1687 4923 bonum,
1725 4879 1746 4902 η
1783 4856 1884 4909 sed
1905 4856 2036 4925 plu-

359 5003 483 5054 tum
533 5005 827 5054 sanctum.
883 5023 903 5047 ι»
938 4999 1130 5054 ϐιωσί
1163 5014 1398 5070 quoque
1431 4999 1586 5074 cod.,
1629 5010 1823 5078 πνεῦμα
1868 5008 2033 5078 dir/io»,

363 5080 522 5152 quod
547 5081 876 5152 secundum
899 5079 1178 5152 Latinam
1209 5078 1751 5152 interpretationem
1781 5079 2040 5148 Syriacae

359 5150 666 5205 versionis
690 5151 943 5206 reddunt
971 5173 992 5197 «
1029 5150 1309 5219 Spiritum
1344 5150 1671 5202 sanctitatis
1705 5166 1717 5204 :

2071 4821 2122 4881 D

360 4944 462 4983 res
501 4943 572 4982 ac
612 4929 876 4983 melioris
917 4928 1050 4996 aevi,
1085 4928 1241 4981 sicut
1271 4931 1327 4981 el
1357 4943 1565 4981 omnes
1598 4927 1758 4994 edit.,
1788 4949 1808 4975 α
1849 4927 2038 4996 Spiri-
2095 4994 2097 4997 ι

1759 5173 1780 5196 η
1827 5166 2041 5203 secun-

2135 2284 2245 2336 est.
2280 2281 2352 2335 Et
2382 2281 2518 2352 quia
2549 2283 2872 2337 Dominicae
2904 2285 3168 2354 tempore
3207 2282 3511 2354 passionis
3559 2283 3687 2338 sola
3719 2281 3810 2339 {eo

2135 2369 2398 2424 riabatur
2429 2370 2647 2442 injuria
2679 2372 2812 2442 (45),
2857 2388 2991 2443 quae
3033 2372 3299 2442 captivos
3349 2388 3558 2428 omnes
3590 2368 3807 2429 amise-

2135 2462 2224 2514 rat
2245 2475 2397 2531 quos
2419 2460 2654 2515 tenebat
2687 2477 2699 2515 :
2735 2461 2795 2516 in
2825 2476 2893 2516 se
2923 2476 3240 2516 recurrens
3273 2461 3500 2533 captiva
3533 2461 3687 2516 facta
3715 2465 3811 2518 est

2137 2548 2266 2619 ipsa
2288 2549 2742 2622 captivitas,jam
2763 2566 2880 2606 non
2899 2550 3081 2606 Belial
3103 2550 3354 2620 addicta,
3401 2551 3510 2606 sed
3546 2550 3807 2622 Christo,

2138 2638 2230 2692 cui
2255 2639 2482 2694 servire
2500 2639 2744 2694 libertas
2762 2644 2873 2696 est.
2892 2638 3037 2705 Quis
3057 2641 3212 2695 enim
3225 2640 3284 2694 in
3299 2641 3549 2696 Domino
3562 2644 3810 2697 vocatus

2137 2730 2230 2783 est
2267 2744 2484 2783 servus
2517 2728 2766 2784 libertus
2803 2733 2896 2784 est
2926 2729 3158 2784 Domini
3196 2730 3308 2800 (46)
3332 2729 3389 2799 (Ι
3417 2729 3552 2786 Cor.
3573 2747 3672 2800 vn,
3697 2730 3810 2801 22).

2209 2834 2296 2891 68.
2341 2836 2458 2891 Sed
2492 2841 2554 2892 ut
2584 2837 2656 2891 ad
2707 2837 3010 2909 proposita
3058 2840 3426 2893 revertamur
3457 2854 3468 2892 :
3508 2860 3531 2886 α
3566 2837 3808 2907 Omnes,

2138 2925 2347 2996 inquit,
2408 2927 2872 2997 declinaverunt,
2935 2927 3110 2982 simul
3162 2927 3400 2982 inutiles
3449 2927 3589 2981 facti
3623 2930 3810 2982 sunt:

2138 3031 2256 3069 non
2289 3018 2380 3070 est
2411 3017 2511 3088 qui
2544 3016 2720 3072 faciat
2749 3017 2990 3086 bonum,
3022 3033 3139 3072 non
3179 3020 3271 3073 est
3301 3032 3493 3088 usque
3531 3016 3604 3071 ad
3629 3032 3811 3071 unum

2139 3104 2326 3174 (Psal.
2361 3123 2485 3176 xm,
2527 3107 2602 3176 3).
2643 3127 2664 3156 ι
2713 3106 2777 3162 Si
2816 3107 3117 3178 excipiunt
3165 3107 3448 3178 Spiritum
3504 3109 3808 3176 sanctum,

2139 3195 2313 3249 etiam
2342 3195 2458 3265 ipsi
2498 3211 2629 3250 eum
2664 3211 2781 3250 non
2811 3211 2950 3251 esse
2982 3197 3137 3252 inter
3183 3195 3378 3251 omnia
3408 3195 3763 3251 confitentur
3795 3208 3811 3250 :

2139 3284 2192 3338 si
2229 3299 2347 3339 non
2378 3285 2700 3355 excipiunt,
2733 3301 2878 3358 ergo
2903 3289 2959 3341 et
2989 3287 3185 3357 ipsum
3217 3285 3372 3340 inter
3399 3300 3607 3340 omnes
3637 3283 3814 3340 decli-

2058 3359 2109 3420 C
2139 3389 2318 3428 nasse
2349 3373 2658 3430 fateantur.

2209 3481 2296 3535 69.
2332 3481 2448 3536 Sed
2479 3482 2790 3538 videamus
2829 3486 3020 3538 utrum
3052 3481 3372 3538 bonitatem
3411 3481 3644 3552 habeat,
3678 3496 3812 3535 cum

2140 3569 2274 3624 fons
2307 3570 2384 3624 sit
2415 3571 2888 3643 principiumque
2937 3572 3238 3627 bonitatis.
3285 3572 3436 3626 Nam
3477 3571 3633 3626 sicut
3665 3571 3812 3634 615

2137 3661 2312 3714 Pater
2338 3659 2658 3714 bonitatem
2688 3661 2863 3715 habet
2903 3665 2959 3716 et
3002 3661 3210 3728 Filius,
3263 3661 3341 3715 ita
3371 3661 3543 3716 etiam
3575 3660 3812 3715 bonita‘

2139 3751 2255 3802 tem
2279 3748 2455 3803 habet
2478 3753 2534 3803 et
2567 3749 2825 3819 Spiritus
2858 3754 3124 3804 sanctus.
3157 3749 3324 3814 Quod
3357 3751 3538 3804 etiam.
3563 3752 3816 3820 Aposto-

2139 3837 2234 3891 lus
2267 3838 2465 3892 docuit
2493 3838 2701 3893 dicens
2736 3855 2748 3894 :
2788 3861 2808 3887 α
2847 3838 3101 3893 Fructus
3155 3843 3349 3893 autem
3381 3839 3636 3909 Spiritus
3675 3854 3813 3908 pax,

2141 3927 2431 3996 charitas,
2494 3928 2796 4000 gaudium,
2849 3929 3166 3998 patientia,
3217 3928 3452 3983 bonitas
3502 3927 3721 3998 (Galat.
3755 3944 3814 3998 v,

2138 4016 2250 4085 ‘22).
2291 4037 2312 4064 υ
2348 4014 2494 4080 Quis
2539 4021 2732 4071 autem
2764 4017 2989 4072 dubitat
3034 4017 3190 4089 quod
3230 4018 3425 4072 bonus
3481 4017 3597 4086 sit,
3640 4016 3815 4088 cujus

2141 4105 2370 4159 fructus
2405 4109 2496 4160 est
2526 4105 2762 4160 bonitas
2780 4108 2809 4161 ξ)
2835 4130 2856 4153 «ι
2885 4107 3080 4162 Arbor
3100 4107 3256 4162 enim
3277 4107 3430 4161 bona
3452 4105 3644 4160 bonos
3668 4105 3819 4160 fruc-

2141 4197 2236 4248 tus
2270 4195 2407 4249 facit
2438 4196 2678 4265 (Matt/2.
2713 4213 2814 4266 vn,
2850 4194 2961 4266 1⁸7).
3006 4219 3034 4247 ››

2212 4302 2301 4356 '70.
2337 4302 2536 4374 Itaque
2569 4302 2620 4357 si
2651 4302 2847 4358 bonus
2903 4303 3084 4371 Deus,
3125 4301 3422 4374 quomodo
3452 4317 3572 4357 non
3618 4300 3815 4355 bonus

2145 4391 2245 4462 qui
2275 4390 2397 4445 oris
2430 4391 2564 4463 ejus
2598 4395 2691 4446 est
2719 4392 2977 4462 Spiritus
3007 4391 3196 4462 (Psal.
3217 4408 3408 4459 χχχιι,
3427 4390 3503 4460 6),
3528 4390 3628 4461 qui
3651 4405 3820 4443 scru-

2146 4483 2300 4535 tatur
2331 4482 2502 4534 etiam
2535 4481 2647 4534 alta
2682 4481 2790 4535 Dei
2818 4481 2874 4548 (I
2909 4481 3046 4536 Cor.
3079 4498 3139 4550 ιι,
3180 4480 3314 4548 40)?
3343 4481 3436 4532 An
3481 4479 3540 4532 in
3570 4478 3685 4532 alta
3715 4478 3821 4533 Dei

2151 4569 2424 4641 contagio
2449 4569 2583 4623 mali
2618 4569 2731 4640 (4’7)
2754 4570 2949 4640 possit
2979 4569 3197 4624 intrare
3218 4571 3247 4624 ?
3276 4557 3444 4622 Uhde
3475 4569 3534 4623 et
3563 4567 3706 4622 illud
3727 4568 3821 4622 in-

2152 4713 2210 4767 in
2243 4713 2649 4784 captivitatem,
2676 4711 2980 4784 redegisti,
3039 4736 3061 4760 n
3104 4711 3196 4767 vel
3235 4711 3372 4784 quid
3394 4710 3608 4766 simile.

2225 4785 2338 4854 (44)
2383 4785 2529 4856 Mss.
2579 4783 2843 4854 aliquot,’
2868 4807 2888 4831 σε
2924 4784 3120 4839 Gratia
3155 4783 3262 4838 Dei
3308 4801 3320 4839 :
3361 4805 3381 4831 η
3419 4783 3619 4840 caeteri
3651 4785 3826 4856 atque

2155 4856 2316 4921 edit.,
2355 4855 2859 4934 «_Charitas_l_)ei;_
2882 4877 2903 4903 ιι
2941 4859 3136 4934 tentus
3167 4858 3457 4930 Apostoli,
3486 4857 3518 4918 ἦ
3539 4862 3715 4934 αγάπη
3733 4855 3829 4918 ἕτσῦ

2154 4938 2306 4995 Θεοῦ,
2350 4926 2628 4995 charitas,
2664 4925 2923 4995 dilectio,
2965 4930 3078 4981 etc.

2226 5007 2340 5073 (45)
2375 5005 2520 5086 Mss.
2555 5021 2674 5086 non
2706 5007 2899 5086 pauci,
2946 5029 2968 5057 ι
3014 5007 3493 5086 Soli_feriab_atur
3521 5013 3764 5086 injuria,
3801 5027 3823 5055 ι

2226 5023 2340 5073 (an)
2375 5023 2520 5059 mss.
2555 5023 2674 5059 non
2706 5023 2899 5131 Εθυοι,
2946 5029 2968 5057 ι
3014 5023 3128 5061 sou
3168 5023 3493 5068 leuabatur
3521 5023 3764 5086 injuria,
3801 5027 3823 5055 ι

2154 5079 2270 5131 duo
2291 5098 2326 5157 ,α
2383 5076 2510 5157 s_ola
2552 5077 2700 5157 feria
2748 5081 2923 5157 stur,
2965 5103 2990 5125 »
3022 5079 3195 5150 paulo
3254 5083 3500 5154 melius;
3539 5087 3825 5157 quidam,

2159 5173 2178 5194 u
2216 5148 2384 5202 solus
2406 5146 2726 5203 feriabatur
2747 5147 2983 5218 injuria,
3011 5146 3261 5220 {parum
3288 5146 3614 5211 commode.
3641 5159 3830 5210 Praes—

362 5222 1071 5298 duminterpretationem
1090 5221 1487 5298 ﬁlthiopica},
1527 5243 1547 5268 α
1574 5220 2042 5298 bonurndonum
2155 5224 2242 5298 tat
2268 5220 2447 5298 igitqr
2483 5220 2782 5298 culn‘aliis
2812 5237 2970 5298 _ms_s.
3020 5227 3098 5298 et,
3123 5225 3358 5298 cunctis
3409 5228 3548 5282 edit.
3603 5228 3826 5298 legele,

363 5295 623 5364 Spiritus
653 5291 885 5360 sancti;
925 5316 946 5338 ιι
984 5295 1041 5345 at
1085 5291 1330 5364 Persica
1389 5291 1580 5364 adhuc
1625 5292 1977 5364 simplicius,
2016 5313 2036 5336 υ

2155 5291 2281 5366 sola
2321 5313 2341 5338 ››
2388 5290 2711 5366 feriebatur
2740 5290 2978 5362 injuria,
3018 5313 3040 5342 ι
3084 5293 3142 5347 id
3175 5299 3286 5364 est,
3321 5297 3513 5353 otiosa
3544 5290 3693 5366 erat:
3721 5290 3832 5351 nec

364 5361 648 5434 spiritum
679 5367 970 5418 sanctum.
1019 5383 1041 5412 ιο
1080 5363 1245 5416 Hanc
1270 5363 1534 5416 eamdem
1557 5361 1868 5417 lectionem
1895 5363 2042 5415 Mat-
2147 5361 2272 5434 jam
2309 5362 2562 5434 cuipiam
2588 5361 2814 5434 nocere
2843 5367 3087 5433 poterat.

363 5436 511 5514 tbaei
537 5440 594 5489 et
623 5435 1185 5514 Lucae‘observarat
1217 5435 1389 5487 etiam
1421 5434 1725 5514 Didymus,
1761 5449 1931 5514 aquo
1956 5434 2041 5488 si-

368 5507 590 5562 militer
618 5510 860 5560 tractata
893 5505 1203 5576 superiora
1225 5508 1569 5576 argumenta
1609 5505 1896 5574 reperies.

434 5576 557 5647 (43)
587 5578 737 5633 Tres
769 5592 940 5645 mss.,
976 5575 999 5623 ἰι
1040 5575 1329 5647 captivam
1351 5575 1529 5647 elegit
1559 5576 1986 5646 captivitatem;
2015 5598 2036 5625 ιι

364 5647 580 5721 reliqui
613 5652 670 5704 et
718 5663 927 5704 omnes
966 5647 1130 5717 edit.,
1197 5669 1219 5697 α
1284 5647 1574 5718 captivam
1631 5647 1892 5721 duxittn
1930 5654 2045 5721 etc.

363 5717 650 5787 Grec—cum
704 5721 926 5781 idioma
963 5726 1390 5817 ᾐχμαλώτευσας,
1444 5737 1469 5774 ι
1502 5717 2050 5799 captivamfecisti,

2224 5433 2338 5501 (46)
2364 5433 2642 5509 Nonnulli
2678 5449 2850 5509 mss.,
2891 5457 2912 5485 ε
2943 5435 3092 5490 liber
3119 5441 3211 5509 est
3242 5438 3473 5493 Domini
3503 5454 3517 5506 ;
3557 5459 3578 5486 ι
3615 5437 3832 5509 reliqui

2154 5520 2480 5580 omnesque
2511 5505 2674 5574 edit.,
2715 5528 2734 5553 α
2764 5505 3014 5562 libertus
3048 5511 3141 5561 est
3174 5508 3430 5564 Domini.
3460 5530 3482 5558 ι
3509 5505 3835 5580 Apostolus

2154 5575 2348 5660 etiam,
2371 5580 2688 5660 ᾳσςιλεὺοερρς
2707 5587 2798 5660 τοῦ
2820 5583 3033 5660 κυρίους

2231 5656 2345 5728 (4Ἷ)
2383 5656 2532 5713 Mss.
2574 5656 2823 5732 aliquot,
2851 5679 2874 5707 α
2897 5656 3178 5732 δοείιειίὶο
3213 5658 3373 5719 mal”
3411 5682 3433 5710 η
