3964 6168
291 273 416 337 751

1746 229 1840 320 s.
1883 248 2324 320 AMBROSII.

3561 251 3664 314 752

295 481 600 555 telligitur,
645 494 820 550 quam
850 478 1114 532 amentes
1167 473 1304 544 sint,
1347 471 1448 544 qui
1483 469 1706 525 bonum
1749 465 1963 522 Filium
1981 463 2032 532 Α
2065 476 2184 518 non
2215 457 2510 516 aestiment
2540 457 2864 512 creaturam
2896 469 2910 510 :
2943 453 3079 526 quia
3107 451 3210 508 ubi
3236 467 3344 508 una
3379 455 3670 512 sanctiﬁca-

295 571 400 626 Dei
432 570 748 640 abnegant,
785 583 920 622 cum
939 565 1158 620 bonum
1189 562 1466 633 Spiritum
1489 557 1709 614 Christi
1742 571 1960 628 negare

293 675 412 718 non
442 658 678 730 possint
713 672 725 712 :
760 656 832 711 de
879 671 995 727 quo
1045 654 1126 708 ait
1170 652 1276 707 Dei
1308 649 1533 719 Filius;
1575 669 1598 698 «ι
1635 647 1961 716 Propterea

291 748 436 818 dixi,
470 747 542 802 de
573 761 704 802 meo
735 745 985 816 accipiet
1015 742 1204 813 (Joan.
1237 757 1358 810 xvr,
1393 737 1502 808 15).
1542 761 1562 785 ιν

363 853 452 912 71.
489 857 576 910 An
610 869 728 909 non
757 852 954 908 bonus
985 849 1260 921 Spiritus,
1306 845 1407 918 qui
1435 844 1628 900 bonos
1659 843 1732 898 de
1762 840 1960 913 pessi-

289 945 404 1002 mis
439 943 598 1013 facit,
632 945 938 1014 peceatum
966 939 1184 1007 abolet,
1227 935 1444 991 malum
1499 933 1691 1002 delet,
1739 930 1962 985 crimen

291 1033 572 1104 excludit,
602 1033 824 1088 bonum
855 1045 1068 1084 munus
1087 1025 1362 1096 infundit,
1387 1025 1458 1079 de
1476 1017 1963 1094 persecutoribus

287 1121 593 1194 apostolos
625 1119 782 1190 facit,
837 1119 908 1174 de
939 1115 1356 1192 peccatoribus
1406 1110 1752 1168 sacerdotes
1784 1107 1896 1179 (18)
1935 1108 1966 1162 ?

293 1234 317 1264 ι
351 1209 568 1282 Eratis,
614 1210 822 1282 inquit,
872 1207 1189 1279 aliquando
1239 1201 1521 1273 tenebrae,
1581 1215 1738 1255 nunc
1771 1201 1966 1252 autem

292 1299 398 1357 lux
427 1301 489 1356 in
528 1299 778 1355 Domino
809 1297 1056 1369 (Ephes.
1090 1311 1147 1364 v,
1181 1293 1256 1362 8).
1293 1313 1316 1343 ι

363 1425 455 1482 Ἶ2.
487 1423 605 1481 Sed
636 1423 778 1496 quid
807 1419 1138 1478 ditl'erimus
1176 1433 1284 1474 eos
1313 1417 1424 1486 (49)
1445 1417 1474 1470 ‘?
1502 1414 1653 1470 Nam
1701 1412 1756 1467 si
1784 1410 1968 1466 verba

297 1514 566 1588 exigunt,
599 1528 732 1569 cum
771 1511 926 1567 facta
954 1525 1074 1565 non
1112 1508 1392 1576 abnuant,
1425 1503 1716 1574 accipiant
1743 1502 1966 1556 bonum

291 1604 575 1676 Spiritum
607 1601 897 1674 scriptum
929 1598 1117 1655 :dixit
1146 1601 1304 1652 enim
1335 1593 1521 1650 David
1571 1609 1584 1648 :
1623 1614 1645 1642 «
1709 1589 1964 1661 Spiritus

287 1697 428 1749 tuus
474 1693 670 1747 bonus
719 1689 972 1746 deducet
1027 1702 1121 1742 me
1167 1686 1231 1742 in
1285 1684 1444 1739 viam
1491 1684 1713 1737 rectam
1770 1676 1959 1750 (Psal.

289 1799 468 1853 exul,
499 1782 611 1851 1ο).
652 1803 674 1828 ι»
725 1777 874 1846 Quid
906 1779 998 1833 est
1046 1776 1204 1832 enim
1259 1772 1538 1845 Spiritus,
1593 1768 1714 1825 nisi
1751 1767 1965 1840 plenus

2065 552 2167 622 tio,
2209 565 2323 605 una
2353 551 2560 605 natura
2587 549 2698 602 est.

2704 651 2954 707 CAPUT
2996 651 3088 704 VI.

2073 764 2405 836 Quanquam
2435 761 2497 836 in
2529 775 2674 833 aqua
2705 765 2764 814 et
2788 759 3020 830 Spiritu
3051 757 3424 836 baptizamus,
3455 757 3681 836 [iuncta-

2139 828 2272 889 mei)
2309 833 2401 886 illi
2419 828 2594 903 longé
2609 828 2946 903 praesta—Ie;
2996 828 3169 902 atque
3199 828 3340 883 adeo
3374 843 3476 883 non
3507 829 3682 900 sejun-

2141 905 2396 978 gendum
2418 919 2450 958 a
2480 901 2672 958 Patre
2711 909 2769 956 et
2807 901 2986 956 Filio.

2135 1030 2224 1086 '76.
2275 1029 2422 1085 Sunt
2466 1030 2659 1083 tamen
2703 1025 2969 1098 plerique
3017 1024 3119 1097 qui
3153 1039 3224 1080 eo
3267 1022 3418 1096 quod
3455 1023 3512 1078 in
3561 1039 3692 1095 aqua

2069 1119 2438 1192 baptizamur
2469 1120 2526 1172 et
2546 1115 2786 1188 Spiritu,
2813 1131 2932 1170 non
2961 1117 3164 1186 putent
3192 1129 3360 1184 aqua
3389 1115 3442 1167 et
3469 1111 3694 1183 Spiritus

2065 1209 2286 1265 distare
2317 1221 2563 1262 munera
2593 1221 2606 1260 :
2641 1208 2699 1260 et
2729 1204 2860 1259 ideo
2905 1219 3025 1258 non
3068 1205 3273 1274 putant
3311 1201 3520 1256 distare
3548 1203 3695 1255 natu-

2065 1313 2214 1354 ram.
2249 1295 2377 1351 Nec
2406 1295 2719 1350 advertunt
2739 1292 2876 1366 quia
2894 1293 2954 1348 in
2972 1292 3070 1348 illo
3089 1305 3373 1364 aquarum
3393 1288 3702 1361 sepelimur,

2067 1387 2356 1442 elemento
2382 1427 2396 1454 ,
2445 1387 2507 1438 ut
2557 1382 2822 1438 renovati
2851 1398 2958 1453 per
3005 1381 3288 1452 Spiritum
3314 1393 3699 1450 resurgamus.

2069 1476 2138 1530 In
2166 1490 2321 1548 aqua
2353 1473 2509 1529 enim
2540 1472 2736 1544 imago
2768 1471 2997 1541 mortis,
3046 1470 3108 1524 in
3136 1467 3360 1540 Spiritu
3392 1467 3602 1540 pignus
3629 1467 3710 1522 est

2066 1565 2203 1620 vita:
2236 1579 2249 1619 :
2284 1565 2348 1618 ut
2385 1577 2492 1633 per
2521 1577 2732 1634 aquam
2761 1561 3048 1616 moriatur
3079 1574 3299 1630 corpus
3326 1556 3566 1629 peccati,
3592 1569 3710 1628 quae

2068 1652 2243 1726 quasi
2273 1652 2528 1724 quodam
2557 1649 2780 1706 tumulo
2812 1665 3032 1722 corpus
3067 1648 3350 1718 includit;
3397 1649 3453 1701 et
3477 1659 3578 1717 per
3601 1643 3713 1698 vir-

2068 1745 2251 1798 tutem
2281 1741 2536 1814 Spiritus
2568 1755 2926 1796 renovemur
2967 1755 3002 1793 a
3038 1741 3228 1794 morte
3260 1735 3506 1810 peccati,
3551 1732 3718 1788 renati

294 1831 468 1853 *”·’-“1
505 1831 611 1851 -νι-
733 1831 872 1846 -νμίη
915 1831 966 1833 τί
1058 1831 1065 1832 κ
1303 1831 1325 1845 ⁸
1523 1831 1535 1840 ,
1752 1831 1774 1840 _
2073 1832 2084 1843 .

287 1870 572 1928 bonitatis
593 1870 622 1924 ‘?
649 1867 760 1934 Qui
791 1882 925 1922 cum
957 1866 1036 1921 sit
1064 1860 1470 1919 inacessibilis
1500 1861 1728 1924 natura,
1762 1871 1966 1928 recep-
1989 1847 2042 1912 Β
2070 1831 2302 1934 ιη-Ῑὲθοέ

291 1960 477 2016 tibilis
509 1962 704 2014 tamen
750 1960 992 2028 propter
1036 1953 1356 2009 bonitatem
1397 1965 1568 2006 suam
1625 1947 1800 2003 nobis
1853 1949 1964 2015 est,

293 2049 600 2120 complens
633 2047 844 2101 virtute
877 2043 1093 2110 omnia,
1125 2042 1232 2098 sed
1265 2041 1364 2113 qui
1395 2039 1544 2095 solis
1586 2037 1971 2110 participetur

287 2137 494 2210 justis,
539 2135 797 2208 simplex
844 2131 1207 2202 substantia,
1261 2130 1577 2201 opulentus
1625 2126 1965 2196 virtutibus,

293 2228 612 2299 unicuique
650 2240 944 2296 praesens,
997 2223 1272 2278 dividens
1313 2220 1384 2275 de
1417 2235 1528 2275 suo
1579 2216 1860 2290 singulis,
1913 2219 1972 2270 et

291 2302 520 2389 ubique
538 2318 720 2371 totus.

363 2442 454 2498 '75.
487 2439 822 2511 Meritoque
847 2436 1034 2493 Filius
1075 2435 1180 2490 Dei
1211 2433 1360 2490 dixit
1401 2450 1414 2490 :
1454 2456 1476 2485 α
1527 2433 1630 2502 Ite,
1678 2431 1970 2504 baptizate

295 2535 510 2608 gentes
543 2531 603 2585 in
632 2529 870 2584 nomine
903 2525 1126 2596 Patris,
1158 2528 1218 2580 et
1245 2523 1398 2594 Filii,
1415 2526 1473 2578 et
1494 2523 1749 2594 Spiritus
1779 2521 1974 2576 sancti

294 2620 536 2693 (Matth.
570 2634 780 2688 xxvm,
814 2615 925 2687 19),
951 2637 972 2666 ο
999 2631 1118 2670 non
1139 2613 1494 2686 dedignatus
1515 2611 1770 2682 Spiritus
1793 2626 1972 2666 sanc-

294 2711 336 2767 ti
370 2708 735 2766 societatem.
769 2705 888 2760 Cur
917 2705 1098 2778 igitur
1127 2719 1285 2759 nunc
1325 2717 1503 2775 quem
1535 2699 1821 2756 Dominus
1856 2715 1975 2758 non.

297 2797 654 2870 dedignatus
685 2798 778 2851 est
805 2795 866 2848 in
896 2793 1271 2865 baptismatis
1301 2794 1698 2858 sacramento,
1725 2788 1974 2844 moleste

297 2887 496 2944 ferunt
521 2885 702 2957 aliqui
737 2883 894 2938 Patri
924 2883 1018 2938 vel
1048 2881 1196 2937 Filio
1238 2881 1521 2954 Spiritum
1552 2879 1975 2952 nostra_devo-

296 2977 456 3034 tione
487 2973 774 3048 conjungi
793 2975 822 3028 ‘?

367 3101 459 3158 '74.
503 3103 703 3156 Bonus
734 3115 878 3173 ergo
896 3098 1152 3170 Spiritus
1178 3114 1193 3155 :
1215 3097 1411 3154 bonus
1427 3099 1642 3168 autem,
1663 3113 1782 3153 non
1803 3096 1977 3170 quasi

2141 1919 2230 1974 '77.
2265 1919 2337 1974 Et
2367 1919 2499 1973 ideo
2530 1916 2594 1972 hi
2621 1921 2744 1972 tres
2771 1918 2958 1972 testes
2989 1933 3170 1972 unum
3205 1917 3366 1984 sunt,
3383 1913 3537 1968 sicut
3565 1910 3724 1966 Joan-

2071 2025 2182 2065 nes
2219 2008 2404 2063 dixit:
2444 2029 2466 2054 «
2503 2008 2692 2078 Aqua,
2729 2006 3002 2078 sanguis,
3037 2009 3094 2061 et
3124 2003 3384 2075 Spiritus
3413 2001 3468 2072 (Ι
3485 2000 3641 2056 Joan.
3670 2013 3724 2068 γ,

2069 2099 2145 2168 8).
2181 2119 2206 2150 »
2251 2097 2447 2152 Unum
2478 2095 2540 2151 in
2571 2095 2876 2166 mysterio,
2919 2111 3036 2149 non
3077 2094 3137 2148 in
3166 2097 3398 2148 natura.
3433 2092 3596 2162 Aqua
3625 2087 3729 2160 igi-

2071 2192 2166 2242 tur
2197 2187 2373 2241 testis
2404 2188 2496 2239 est
2535 2183 2880 2255 sepulturae,
2905 2185 3156 2256 sanguis
3185 2182 3366 2237 testis
3397 2182 3488 2236 est
3517 2176 3726 2246 mortis,

2071 2276 2328 2348 Spiritus
2361 2275 2533 2328 testis
2564 2279 2658 2328 est
2695 2275 2854 2328 vitae.
2889 2271 2951 2328 Si
3001 2287 3115 2344 qua
3148 2287 3298 2344 ergo
3332 2271 3392 2325 in
3431 2283 3582 2341 aqua
3609 2282 3736 2339 gra-

2070 2366 2170 2436 tia,
2205 2380 2321 2420 non
2361 2379 2436 2418 ex
2485 2367 2690 2419 natura
2746 2378 2938 2434 aquae,
2997 2361 3106 2416 sed
3148 2375 3226 2416 ex
3283 2357 3604 2431 praesentia
3655 2355 3740 2410 est

2071 2454 2328 2527 Spiritus
2347 2453 2560 2508 sancti.

2142 2561 2234 2616 '18.
2265 2559 2566 2632 Numquid
2605 2558 2665 2614 in
2704 2574 2858 2630 aqua
2888 2557 3166 2626 vivimus,
3204 2557 3368 2612 sicut
3399 2555 3458 2610 in
3491 2549 3744 2624 Spiritu?

2076 2649 2375 2720 Numquid
2405 2649 2466 2703 in
2503 2663 2654 2719 aqua
2687 2648 3032 2719 signamur,
3082 2647 3240 2701 sicut
3291 2647 3355 2700 in
3401 2641 3664 2716 Spiritu?
3688 2637 3748 2692 ln

2078 2739 2211 2810 ipso
2250 2737 2407 2794 enim
2435 2738 2715 2806 vivimus,
2749 2740 2807 2790 et
2842 2737 2973 2806 ipse
3005 2737 3098 2790 est
3135 2735 3364 2808 pignus
3397 2727 3748 2788 haereditatis

2079 2831 2324 2897 nostra,
2366 2826 2523 2882 sicut
2561 2829 2617 2880 et
2647 2826 2974 2896 Apostolus
3007 2825 3294 2880 scribens
3323 2822 3401 2878 ad
3443 2819 3751 2892 Ephesios,

2081 2918 2161 2973 ait
2191 2934 2204 2972 :
2249 2938 2272 2967 α
2310 2917 2374 2971 In
2403 2931 2520 2988 quo
2560 2915 2874 2970 credentes
2927 2915 3148 2986 signati
3180 2913 3336 2968 estis
3367 2911 3594 2982 Spiritu
3623 2921 3752 2979 pro-

2082 3006 2392 3062 missionis
2423 3008 2651 3076 sancto,
2685 3004 2786 3076 qui
2818 3006 2912 3058 est
2936 3005 3115 3076 pigus
3145 3000 3528 3058 haereditatis
3547 2998 3756 3054 nostra

2067 3089 2331 3168 '(Ephes.
2372 3111 2412 3166 1,
2447 3092 2534 3164 t3,
2566 3093 2675 3163 1-1).
2727 3115 2748 3140 ιι
2785 3092 3000 3148 Sancto
3038 3093 3224 3164 igitur
3267 3090 3502 3162 Spiritu
3550 3083 3758 3158 signati

217 3223 224 3230 σ
280 3192 646 3283 ‘acquirens,
677 3189 785 3283 sed
828 3188 1001 3260 quasi
1049 3187 1394 3283 impertiens
1439 3186 1780 3242 bonitatem.
1841 3187 1974 3241 Non
2007 3202 2316 3283 csumus,
2358 3200 2477 3240 non
2508 3185 2715 3238 natura
2746 3182 2882 3252 (51),
2909 3181 3016 3237 sed
3047 3198 3080 3236 a
3125 3181 3270 3251 Deo,
3309 3179 3453 3252 quia
3484 3176 3763 3246 scriptum

307 3264 464 3339 enim
521 3279 737 3352 accipit
778 3295 808 3332 a
859 3277 1170 3348 creaturis,
1221 3277 1330 3332 sed
1385 3276 1672 3348 accipitur
1719 3275 1974 3346 Spiritus
2009 3264 2176 3331 Vest
2209 3291 2222 3330 :
2262 3297 2283 3323 ιι
2317 3273 2428 3339 Qui
2460 3273 2626 3328 unxit
2655 3287 2768 3327 nos
2808 3271 2990 3342 Deus,
3031 3273 3089 3326 et
3118 3271 3220 3342 qui
3245 3268 3525 3342 signavit
3554 3281 3684 3330 nos,
3715 3264 3768 3316 et

309 3374 554 3428 sanctus
589 3386 602 3426 :
639 3371 794 3424 sicut
822 3383 940 3422 non
985 3367 1405 3436 sanctificatur,
1457 3367 1565 3420 sed
1592 3367 1721 3436 ipse
1753 3367 1977 3420 sancti-

309 3452 446 3516 ﬁcat
473 3475 487 3529 ;
517 3461 783 3514 creatura
803 3457 961 3512 enim
990 3455 1394 3511 sanctiﬁcatur
1423 3455 1753 3510 sanctiﬁcat
1784 3457 1980 3510 autem

311 3550 570 3621 Spiritus
602 3549 867 3602 sanctus.
919 3545 983 3599 In
1021 3559 1140 3616 quo
1183 3544 1322 3600 licet
1365 3543 1548 3599 Verbi
1603 3545 1937 3600 communio
1963 3587 1979 3616 ,

298 3638 594 3714 discretio
624 3641 818 3691 tamen
849 3638 1074 3689 naturae
1122 3637 1234 3689 est.
1289 3633 1544 3688 Sanctus
1583 3634 1740 3688 enim
1771 3633 1987 3690 dicitur

311 3730 370 3782 et
398 3727 574 3782 homo
605 3725 708 3797 qui
737 3724 970 3794 accipit,
995 3727 1053 3778 et
1073 3724 1232 3779 Deus
1251 3723 1352 3794 qui
1365 3723 1570 3778 tribuit
1592 3724 1984 3796 sanctitatem;

314 3816 452 3887 quia
483 3813 743 3886 legimus
793 3828 806 3868 :
861 3835 884 3861 α
939 3811 1142 3866 Estote
1189 3811 1404 3882 sancti,
1451 3813 1731 3882 quoniam
1761 3817 1818 3868 et
1867 3827 1981 3884 ego

317 3905 561 3958 sanctus
609 3918 744 3956 sum
802 3900 1024 3970 (ιρι-η.
1075 3916 1202 3966 xix,
1231 3900 1308 3970 2).
1343 3923 1366 3948 υ
1415 3900 1549 3954 Non
1598 3917 1744 3974 ergo
1790 3906 1986 3974 potest

317 3989 706 4048 sanctificatio
739 3991 796 4044 et
834 3989 1168 4058 corruptela
1205 3988 1385 4043 unius
1435 4005 1575 4045 esse
1605 3995 1870 4064 naturae;
1927 3999 1986 4050 et

317 4079 452 4136 ideo
475 4095 594 4135 non
623 4081 818 4150 potest
854 4077 1043 4149 gratia
1081 4076 1272 4131 sancti
1329 4077 1585 4149 Spiritus
1630 4082 1687 4136 et
1717 4086 1986 4139 creatura

317 4169 496 4226 unius
527 4184 665 4225 esse
698 4167 1069 4222 substantias.

387 4296 478 4351 '75.
510 4295 711 4366 Itaque
753 4308 886 4348 cum
909 4291 1101 4348 omnis
1132 4291 1454 4348 invisibilis
1485 4298 1704 4365 praeter
1734 4297 1990 4354 Trinita-

317 4392 434 4446 tem
463 4387 690 4458 reliqua
721 4387 946 4454 natura,
989 4382 1168 4454 cujus
1199 4383 1609 4441 rationabilem
1637 4392 1695 4444 et
1727 4389 1994 4463 incorpo-

318 4493 480 4534 ream
504 4477 641 4548 jure
663 4475 899 4560 quidam
917 4473 1307 4528 substantiam
1327 4477 1546 4544 putant,
1565 4493 1684 4532 non
1705 4479 1996 4552 impertiat

323 4566 648 4638 spiritalem
681 4565 929 4637 gratiam
961 4563 1093 4632 (50),
1119 4562 1227 4616 sed
1264 4565 1530 4634 acquirat
1561 4581 1575 4622 :
1609 4583 1719 4622 nec
1751 4571 1991 4639 partici-

326 4659 442 4726 pet,
477 4655 584 4710 sed
615 4656 878 4708 assumat
911 4667 922 4708 :
957 4651 1284 4722 separanda
1308 4653 1506 4725 utique
1528 4659 1620 4710 est
1647 4673 1680 4710 a
1711 4661 1994 4716 societate

324 4743 580 4814 Spiritus
611 4745 800 4797 sancti
833 4741 1224 4796 communitas
1255 4747 1562 4799 creaturis.
1594 4744 1848 4802 Credant
1878 4749 1994 4820 igi-

325 4834 422 4886 tur
451 4831 588 4902 quia
623 4835 890 4885 crcatura
922 4845 1040 4884 non
1084 4833 1176 4885 est
1205 4829 1459 4900 Spiritus
1490 4838 1733 4890 sanctus
1769 4853 1782 4891 :
1815 4842 1912 4892 aut
1943 4840 1997 4893 si

328 4923 656 4974 creaturam
685 4921 907 4988 putant,
942 4933 1042 4973 cur
1077 4919 1378 4976 associant
1423 4921 1628 4980 Patri?
1669 4924 1731 4980 Si
1763 4930 1996 4982 creatu-

326 5023 451 5063 ram
483 5007 864 5074 arbitrantur,
899 5023 1006 5061 cur
1033 5006 1182 5063 Filio
1218 5008 1322 5064 Dei
1353 5010 1667 5084 jungunt?
1693 5013 1855 5080 Quod
1889 5018 1996 5072 sia

327 5097 501 5152 Patre
534 5099 590 5151 et
633 5093 781 5150 Filio
823 5095 966 5158 606
1015 5112 1135 5151 non
1181 5097 1521 5155 existimant
1559 5105 1952 5174 separandum
1979 5151 1993 5176 ,

401 5225 514 5297 (48)
543 5226 706 5297 Idem
748 5227 1125 5296 Ambrosius,
1177 5245 1356 5286 serm.
1394 5232 1460 5288 10
1508 5234 1566 5290 in
1595 5237 1756 5296 Psal.
1793 5257 1972 5296 cxvm

328 5285 507 5384 nu:m.'
527 5296 594 5352 17
627 5313 638 5354 :
675 5321 701 5384 la
735 5285 1998 5384 Accepimus.'Sp.irit_umsan—ctumrqui‘non

330 5371 536 5444 solum
557 5374 758 5426 nostra
805 5375 1044 5444 peccata
1075 5371 1328 5444 dimittit,
1371 5377 1477 5430 sed
1509 5371 1822 5438 etiain'nes
1859 5386 1996 5442 facit

331 5442 677 5498 sacerdotes
709 5459 854 5496 suos
883 5442 1016 5496 aliis
1047 5450 1286 5513 peccata
1317 5442 1628 5504 dimittere.
1665 5473 1688 5502 ι

402 5515 514 5586 (49)
541 5515 708 5596 Hom.
742 5515 880 5596 edit.
917 5517 1541 5596 cum.__rnss._a‘l‘iquot,
1599 5543 1621 5568 «
1670 5523 1994 5586 deferimus

331 5599 438 5669 eos
453 5607 476 5669 ί
513 5607 534 5636 η
567 5591 693 5669 vet.
716 5586 996 5669 edit.cum
1024 5587 1178 5669 aliis,
1209 5608 1229 5638 κ
1259 5586 1584 5669 differimus
1607 5607 1735 5667 eos,
1768 5619 1789 5644 υ
1824 5599 1883 5654 id
1907 5607 1998 5657 est

331 5658 474 5740 quid
497 5673 616 5716 non
644 5660 842 5719 statim
872 5659 1360 5738 respondemus?

2085 3364 2246 3420 dedit
2274 3363 2494 3436 pignus
2525 3361 2806 3432 Spiritum
2835 3360 2898 3415 in
2936 3360 3222 3416 cordibus
3254 3357 3496 3415 nostris
3525 3353 3612 3428 (ΙΙ
3639 3352 3766 3407 Cor.

2085 3471 2126 3526 ι,
2158 3453 2248 3525 21,
2279 3451 2392 3523 ‘22).
2428 3476 2451 3501 η

2157 3561 2248 3616 Ἷ9.
2289 3557 2520 3632 Signati
2551 3573 2697 3631 ergo
2728 3557 2950 3630 Spiritu
2967 3574 3000 3612 a
3021 3559 3144 3613 Deo
3164 3571 3416 3613 sumus.
3439 3553 3610 3610 Sicut
3625 3547 3774 3606 enim

2089 3650 2151 3706 in
2181 3649 2417 3704 Christo
2449 3649 2753 3718 morimur,
2785 3651 2849 3702 ut
2877 3663 3274 3703 renascamur
3307 3661 3322 3702 :
3360 3646 3445 3700 ita
3474 3636 3780 3708 etiamSpi-

2090 3740 2206 3795 ritu
2235 3739 2563 3811 signemur,
2597 3740 2660 3792 ut
2689 3737 3068 3808 splendorem
3087 3740 3271 3808 atque
3290 3734 3627 3806 imaginem
3649 3727 3776 3799 ejus

2091 3833 2148 3885 et
2177 3828 2428 3901 gratiam
2456 3830 2658 3882 tenere
2687 3826 2994 3897 possimus
3028 3841 3041 3882 :
3077 3825 3241 3898 quod
3275 3829 3379 3880 est
3419 3825 3631 3894 utique
3662 3815 3781 3888 spi-

2093 3919 2261 3974 ritale
2301 3915 2696 3989 signaculum.
2732 3915 2880 3970 Nam
2921 3915 3035 3971 etsi
3077 3916 3290 3987 specie
3322 3915 3650 3986 signemur
3676 3905 3782 3978 (59)

2093 4010 2156 4064 in
2187 4023 2456 4078 corpore,
2493 4005 2738 4061 veritate
2767 4011 2960 4060 tamen
2995 4006 3053 4060 in
3085 4004 3271 4060 corde
3327 4005 3656 4078 signemur
3687 4016 3700 4055 :
3731 4001 3789 4052 ut

2093 4097 2348 4170 Spiritus
2379 4099 2623 4151 sanctus
2653 4096 2942 4166 exprimat
2963 4095 3023 4150 in
3055 4095 3234 4150 nobis
3259 4093 3561 4167 imaginis
3585 4090 3785 4146 cccles-

2091 4189 2172 4243 tis
2201 4185 2482 4260 efﬁgiem.

2166 4295 2254 4349 80.
2288 4293 2432 4359 Quis
2463 4293 2642 4365 igitur
2671 4292 3089 4348 audeatdicere
3119 4291 3662 4348 discretumaDeo
3686 4289 3789 4342 Pa-

2095 4388 2184 4440 tre
2223 4387 2282 4439 et
2310 4382 2546 4437 Christo
2577 4398 2716 4438 esse
2733 4382 3015 4454 Spiritum
3039 4387 3325 4438 sanctum
3363 4399 3379 4439 :
3427 4398 3569 4438 cum
3591 4379 3794 4452 perip-

2098 4491 2233 4530 sum
2253 4473 2322 4527 ad
2349 4474 2666 4543 imaginem
2694 4476 2750 4526 et
2779 4472 3226 4526 similitudinem
3251 4471 3370 4527 Dei
3394 4487 3544 4527 esse
3577 4481 3794 4524 merea-

2018 4583 2078 4651 ι)
2099 4580 2233 4619 mur
2255 4565 2341 4618 :et
2363 4577 2468 4632 per
2488 4563 2682 4651 ipsum
2704 4561 2820 4630 tiat,
2845 4561 3356 4633 quemadmodum
3379 4562 3608 4616 Petrus
3631 4571 3797 4630 apos-

2098 4654 2256 4710 tolus
2303 4651 2447 4706 dixit
2497 4650 2584 4722 (ῙΙ
2613 4651 2786 4722 ζόιισ.
2838 4668 2876 4719 ι,
2917 4651 2994 4721 4),
3048 4654 3109 4705 ut
3150 4650 3390 4706 divina
3435 4651 3636 4706 simus
3668 4661 3798 4702 con-

2101 4745 2296 4798 sortes
2329 4743 2552 4794 naturae
2579 4742 2608 4794 ‘2
2647 4739 2711 4794 In
2742 4755 2858 4810 quo
2890 4741 3087 4811 utique
3110 4755 3232 4794 non
3255 4739 3537 4795 carnalis
3562 4749 3800 4794 succes-

2104 4832 2294 4886 sionis
2331 4829 2646 4884 han-editas
2672 4871 2686 4898 ,
2748 4829 2853 4884 sed
2893 4829 3232 4899 adoptionis
3269 4831 3499 4902 gratiae
3541 4824 3800 4900 spiritale

2107 4920 2522 4975 commercium
2555 4921 2666 4974 est.
2710 4919 2900 4989 Atque
2947 4922 3010 4972 ut
3050 4917 3330 4973 sciamus
3375 4917 3590 4974 cordis
3621 4911 3807 4971 nostri

2104 5011 2299 5082 magis
2339 5009 2470 5075 hoc,
2494 5024 2670 5080 quam
2711 5008 2980 5078 corporis
3011 5023 3149 5062 esse
3181 5008 3618 5080 signaculum,
3643 5003 3808 5059 docet

2107 5099 2407 5170 Propheta
2439 5099 2541 5170 qui
2572 5098 2712 5152 dicit
2747 5115 2758 5152 :
2797 5119 2820 5148 ι
2845 5097 3150 5170 Signatum
3173 5102 3277 5152 est
3299 5099 3368 5152 in
3401 5097 3591 5152 nobis
3614 5095 3806 5150 lumen

2177 5241 2292 5324 (ἰῆῼ)
2339 5243 2488 5297 Mss.
2530 5241 2772 5314 aliquot,
2812 5263 2833 5288 ι‹
2882 5257 3000 5297 non
3056 5240 3370 5312 impertiat
3405 5237 3806 5312 spiritualium

2105 5318 2603 5456 ενῗέῖῗῐῖξοῖωυιιί
2635 5401 2810 5456 mss.,
2854 5405 2876 5434 «
2914 5383 3260 5439 Secundum
3297 5384 3498 5456 igitur
3527 5381 3810 5454 Spiritum

2105 5459 2594 5532 signati__sumu_s,
2629 5473 2746 5510 non
2775 5473 2808 5511 a
2841 5461 3126 5532 creatura,
3165 5479 3188 5504 η
3239 5461 3366 5512 etc.

2175 5525 2291 5602 (52)
2324 5528 2789 5610 Vet.‘edit.hcum
2821 5544 2968 5584 mss.
2993 5528 3240 5610 aliquot,
3281 5549 3308 5580 ι
3345 5527 3586 5610 Spiritu
3604 5525 3812 5606 signe-

2105 5598 2238 5656 mur
2273 5598 2290 5658 ἐ
2331 5621 2352 5651 ιο
2385 5599 2578 5673 aptius
2614 5600 2786 5660 Rom.
2821 5617 2954 5656 cum
2985 5598 3264 5676 reliquis,
3308 5622 3334 5650 α
3363 5598 3581 5676 specie
3611 5598 3813 5672 signe-

2104 5689 2255 5734 mur.
2287 5695 2308 5722 η
