4050 6182
320 416 414 482 753
1431 396 1543 461 DE
1577 396 1917 460 SPIRITU
1947 394 2281 461 SANCTO
2314 398 2474 460 LIB.
2510 397 2558 459 ι.

3599 397 3720 462 654

308 616 485 673 vultus
510 615 609 685 tui,
640 613 886 669 Domine
912 626 924 666 :
956 607 1166 663 dedisti
1204 604 1465 661 laetitiam
1506 605 1565 659 in
1597 603 1773 659 corde
1807 616 1939 657 meo
1960 579 2014 649 Ᾱ
2042 597 2417 671 judicabant.
2453 599 2601 656 Cum
2631 601 2788 685 enim
2818 603 2874 656 et
2903 600 3021 672 ipsi
3058 599 3351 657 fateantur
3379 601 3537 673 quod
3580 601 3716 672 Spi-

307 706 473 779 (Psal.
506 721 581 774 iv,
611 704 686 774 '7).
722 727 744 751 η

800 804 887 867 61
902 804 946 867 7
977 810 1228 866 CAPUT
1275 808 1394 862 VII.

302 904 567 977 Spiritum
588 908 850 977 sanctum
870 907 1208 977 creaturam
1238 917 1350 956 non
1381 917 1535 967 esse,
1571 917 1698 954 cum
1730 900 1811 977 sit
1841 899 1937 951 in-

363 975 834 1044 circumscriptus
863 980 923 1028 et
958 974 1241 1045 apostolis
1273 990 1389 1045 per
1423 989 1623 1045 omnes
1656 972 1939 1045 regiones

363 1047 644 1119 dispersis
671 1042 923 1119 infusus,
959 1042 1095 1119 quin
1127 1042 1304 1099 etiam
1336 1044 1786 1119 angelogipsos,
1823 1042 1940 1119 gui-

362 1114 464 1174 bus
496 1116 750 1190 aequales
781 1133 885 1171 nos
906 1114 1130 1183 reddit,
1157 1114 1770 1190 sarzctiiiCet._Eodem
1811 1114 1939 1190 ilia-

361 1191 500 1244 riam
528 1185 812 1258 repletam
832 1203 988 1255 esse,
1023 1203 1131 1241 nec
1164 1203 1275 1241 non
1298 1188 1474 1241 etiam
1501 1186 1802 1240 Christum
1827 1185 1937 1258 Do-

359 1262 560 1332 minum
592 1257 767 1332 atque
797 1260 944 1314 adeo
973 1258 1284 1331 superiora
1309 1265 1365 1313 et
1385 1258 1685 1332 inferiora
1709 1257 1937 1332 omnia:

361 1333 427 1387 de
455 1331 613 1403 cuius
644 1329 1005 1403 operatione,
1040 1329 1165 1402 quae
1193 1346 1304 1403 per
1328 1330 1587 1403 piscium
1608 1329 1938 1403 commotio-

360 1419 477 1476 nem
508 1399 957 1476 Hesighabatur,
1009 1399 1204 1458 ortum
1239 1399 1399 1455 ducit
1433 1402 1622 1455 omnis
1650 1399 1938 1454 benedic-

363 1475 449 1529 tio.

364 1564 438 1619 81.
467 1564 609 1619 Cum
638 1563 821 1637 igitur
850 1564 1336 1634 omnisjcreatura
1356 1565 1533 1618 certis
1561 1565 1784 1616 naturae
1810 1577 1938 1616 suis

298 1656 365 1710 sit
392 1654 829 1726 circumscripta
859 1653 1184 1708 limitibus:
1222 1654 1270 1708 si
1306 1654 1542 1724 quidem
1575 1655 1632 1707 et
1660 1652 1757 1704 illa
1782 1651 1935 1705 invi-

295 1744 468 1799 sibilia
497 1760 696 1815 opera,
722 1760 856 1816 quaa
888 1758 1006 1798 non
1036 1747 1259 1815 queunt
1288 1743 1437 1798 locis
1461 1746 1516 1797 et
1538 1742 1758 1796 finibus
1778 1755 1935 1794 com-

292 1834 572 1905 prehendi,
608 1834 962 1888 substantiis
994 1832 1345 1905 suaegtamen
1377 1833 1733 1903 proprietate
1773 1831 1936 1885 clau-

2051 689 2187 743 ritui
2220 693 2425 745 sancto
2465 680 2715 765 angelos
2774 691 3045 747 conferre
3104 707 3223 746 non
3272 691 3543 759 audeant,
3605 707 3716 746 nec

2047 780 2282 848 possint
2331 796 2552 851 negare
2611 781 2723 853 (55)
2758 781 2917 851 quod
2976 780 3316 836 hominibus
3373 781 3717 839 infundatur

2050 867 2306 938 Spiritus
2341 874 2627 924 sanctus:
2661 870 3050 926 sanctificatio
3080 874 3275 925 autem
3325 871 3581 942 Spiritus
3611 873 3715 929 do-

2048 972 2186 1011 num
2221 975 2555 1031 munusque
2587 959 2849 1014 divinum
2909 959 3024 1015 sit:
3085 961 3460 1016 invenientur
3514 962 3715 1034 utique

2049 1046 2320 1103 homines
2379 1049 2481 1120 qui
2528 1049 2831 1103 meliorem
2889 1049 3414 1105 sanctificationem
3472 1052 3711 1125 habent,

2050 1138 2283 1211 angelis
2298 1138 2676 1210 praeferendi.
2704 1131 2851 1195 618
2870 1140 2986 1194 Sed
3010 1156 3141 1194 cum
3163 1140 3356 1210 angeli
3374 1141 3717 1197 hominibus

2050 1228 2111 1282 in
2141 1227 2546 1300 adjumentum
2604 1228 2969 1283 descendant
3016 1229 3226 1299 (Hebr.
3259 1247 3298 1297 ι,
3335 1228 3443 1299 14),
3506 1230 3723 1287 intelli-

2051 1318 2311 1390 gendum
2339 1320 2431 1373 est
2461 1317 2618 1388 quod
2650 1322 2918 1373 creatura
2939 1319 3176 1389 quidem
3195 1319 3472 1388 superior
3486 1320 3723 1391 angelo-

2048 1423 2181 1461 rum
2213 1407 2309 1475 sit,
2335 1423 2468 1479 quae
2488 1406 2624 1477 plus
2647 1407 2854 1478 recipit
2872 1407 3080 1480 gratiae
3104 1407 3421 1478 spiritalis:
3448 1406 3722 1480 ejusdem

2049 1498 2244 1550 tamen
2273 1500 2329 1551 et
2351 1511 2494 1567 erga
2517 1512 2626 1550 nos
2650 1500 2705 1551 et
2727 1496 2862 1550 illos
2884 1513 2976 1550 mu
2988 1512 3097 1551 nus
3121 1497 3382 1551 auctoris
3407 1498 3502 1551 sit.

2120 1584 2208 1639 84.
2241 1583 2465 1649 Quanta
2487 1588 2681 1639 autem
2702 1585 2909 1657 gratia,
2930 1601 3063 1656 quae
3086 1585 3349 1655 praemiis
3370 1585 3719 1657 angelorum

2051 1674 2224 1729 etiam
2255 1672 2598 1728 inferiorem
2636 1676 2967 1728 creaturam
3025 1674 3299 1729 humanae
3361 1675 3719 1732 conditionis

2049 1765 2341 1833 exaequet,
2375 1763 2529 1816 sicut
2551 1762 2838 1817 Dominus
2861 1762 2990 1832 ipse
3011 1763 3285 1833 promisit
3323 1764 3436 1833 (56)
3477 1764 3716 1822 dicens:

2052 1876 2073 1900 «
2099 1852 2278 1906 Eritis
2296 1852 2451 1906 sicut
2471 1851 2670 1923 angeli
2690 1851 2750 1905 in
2774 1851 2923 1906 coelo
2947 1852 3185 1919 (Matth.
3208 1870 3354 1923 χχιι,
3379 1854 3469 1923 30)
3493 1856 3522 1908 ε>
3543 1877 3564 1903 υ
3593 1855 3719 1911 Nec

292 1924 521 2028 fuat-9r:
555 1923 854 2028 quom‘odo
887 1924 1022 2023 quis
1052 1923 1262 2028 audeat
1294 1920 1935 2028 ξιιέῖειῑξιωπιθιήιήξθξξεξξξδ
1968 1963 2024 2028 Β
2049 1941 2324 1996 difﬁcile:
2359 1940 2458 2012 qui
2493 1920 2649 1995 enim
2697 1940 2835 1995 illos
2891 1941 3142 2012 angelos
3200 1920 3348 1997 fecit
3374 1920 3715 2014 iu'Spiritu,

290 2013 546 2084 Spiritum
578 2015 873 2083 sanctum,
910 2013 1011 2084 qui
1060 2028 1178 2067 non
1220 2011 1396 2066 habet
1427 2011 1931 2079 circumscriptam

2050 2031 2320 2085 homines
2349 2011 2584 2101 quoque
2601 2045 2708 2100 per
2728 2011 2996 2085 eamdem
3012 2030 3261 2102 gratiam
3284 2011 3718 2089 similes—faciet

289 2102 832 2174 determinatamque
865 2101 1175 2157 virtutem:
1212 2101 1348 2173 quia
1382 2104 1438 2156 et
1472 2101 1528 2155 in
1562 2098 1837 2154 omnibus
1882 2099 1940 2151 et

287 2194 485 2264 ubique
516 2206 759 2262 semper
789 2193 901 2260 est,
926 2191 1082 2261 quod
1102 2193 1301 2265 utique
1325 2189 1647 2245 divinitatis
1671 2190 1727 2241 et
1744 2185 1935 2240 domi-

287 2284 521 2341 nationis
552 2285 647 2339 est
680 2281 1016 2352 proprium:
1058 2281 1347 2355 «~Domini
1381 2280 1538 2335 enim
1569 2279 1851 2345 estterra,
1878 2278 1934 2330 et

283 2375 561 2446 plenitudo
593 2374 732 2445 ejus
764 2372 956 2445 (PsaI.
990 2389 1155 2442 XXIII,
1192 2371 1286 2441 t)?
1322 2393 1342 2419 ιο

344 2465 445 2520 81·.
479 2464 549 2520 Et
578 2464 718 2519 ideo
750 2479 883 2518 cum
916 2462 1202 2517 Dominus
1221 2458 1498 2514 servulos
1522 2473 1668 2512 suos
1699 2458 1935 2527 aposto-

282 2552 364 2608 los
393 2554 735 2623 destinaret,
768 2556 831 2607 ut
889 2565 1358 2624 agnosceremus
1416 2546 1573 2601 aliud
1606 2549 1933 2600 creaturam

282 2658 425 2713 esse,
441 2644 597 2700 aliud
620 2641 1241 2717 gratiamjspiritalem,
1263 2638 1413 2693 alios
1436 2637 1550 2692 alio
1569 2634 1931 2703 destinabat;

281 2734 402 2805 quia
430 2749 642 2789 omnes
672 2732 847 2788 simul
880 2732 1098 2802 ubique
1129 2746 1268 2784 esse
1301 2744 1417 2782 non
1442 2728 1726 2798 poterant.
1764 2723 1933 2778 Dedit

278 2826 454 2878 autem
486 2822 769 2878 omnibus
791 2821 1073 2893 Spiritum
1097 2821 1386 2884 sanctum,
1411 2816 1511 2889 qui
1533 2816 1669 2870 licet
1688 2829 1932 2884 separa-

277 2911 345 2966 tis
365 2913 653 2983 apostolis
671 2910 1087 2982 inseparabilis
1110 2909 1314 2982 gratiae
1339 2922 1551 2962 munus
1575 2904 1927 2959 infunderet.

278 3001 443 3057 Erant
470 3004 659 3076 igitur
676 3003 932 3056 diversae
949 3015 1243 3070 personae,
1270 2998 1375 3053 sed
1396 3013 1549 3052 unus
1574 2996 1631 3050 in
1654 2994 1930 3050 omnibus

276 3094 628 3163 operationis
650 3089 895 3146 etl'ectus
918 3105 929 3145 :
956 3090 1092 3161 quia
1105 3104 1261 3143 unus
1277 3091 1365 3142 est
1384 3086 1639 3157 Spiritus
1664 3086 1928 3154 sanctus,

273 3182 335 3237 de
364 3198 477 3255 quo
507 3183 625 3237 ait:
663 3202 685 3232 κ
722 3178 1045 3250 Accipictis
1078 3177 1351 3232 virtutem
1400 3177 1753 3244 venientem,
1798 3173 1929 3244 Spi-

273 3271 434 3343 ritum
456 3275 733 3327 sanctum
753 3271 814 3325 in
835 3285 945 3325 vos
967 3284 979 3325 :
1001 3271 1058 3323 et
1078 3267 1244 3323 eritis
1274 3266 1417 3320 mihi
1446 3268 1631 3320 testes
1662 3264 1722 3319 in
1753 3263 1930 3318 Jeru-

273 3361 444 3429 salem
474 3366 531 3418 et
560 3363 627 3417 in
658 3361 813 3416 omni
847 3357 1049 3414 Judaea
1083 3360 1139 3412 et
1168 3356 1430 3411 Samaria
1462 3369 1651 3427 usque
1680 3352 1741 3407 in
1779 3352 1930 3407 fines

270 3452 429 3507 terra:
456 3451 625 3525 (Act.
659 3469 698 3522 ι,
721 3450 795 3522 8).
833 3473 855 3497 η

333 3541 416 3596 8'2.
447 3539 1015 3611 Incircumscriptus
1044 3537 1226 3611 igitur
1255 3540 1313 3592 et
1368 3535 1634 3589 infinitus
1673 3532 1929 3602 Spiritus

271 3634 522 3701 sanctus,
556 3632 666 3706 qui
694 3646 761 3687 se
792 3629 1220 3700 discipulorum
1252 3624 1535 3681 sensibus
1565 3639 1672 3693 per
1701 3636 1934 3691 separa-

270 3722 447 3777 tarum
467 3721 726 3777 divortia
744 3720 1003 3775 discreta
1023 3717 1356 3788 regionum,
1379 3715 1757 3782 remotosque
1779 3711 1930 3765 fines

269 3811 435 3866 totius
457 3812 631 3869 orbis
652 3809 886 3880 infudit,
921 3824 1095 3881 quem
1117 3805 1262 3861 nihil
1285 3806 1479 3876 potest
1499 3802 1804 3874 praeterire
1833 3800 1928 3853 vel

267 3899 481 3957 fallere.
514 3902 589 3957 Et
622 3900 755 3955 ideo
789 3902 1033 3954 sanctus
1093 3895 1278 3951 David
1307 3896 1423 3949 ait:
1491 3917 1512 3941 α
1572 3891 1698 3957 Quo
1758 3891 1855 3945 ibo
1899 3903 1932 3943 a

264 3987 470 4059 Spiritu
499 3995 629 4059 tuo,
663 3994 762 4045 aut
819 4005 935 4062 quo
991 4004 1024 4041 a
1084 3986 1233 4041 facie
1292 3988 1389 4039 tua
1449 3982 1674 4055 fugiam
1733 3978 1921 4051 (Psal.

265 4095 538 4150 cxxxvm,
571 4080 634 4150 ’7)
656 4082 685 4134 ?
719 4104 741 4127 ››
780 4080 861 4134 De
894 4093 1011 4151 quo
1032 4076 1262 4149 Angclo
1284 4074 1586 4144 Scriptura
1607 4072 1721 4126 hoc
1739 4070 1929 4125 dicit?

268 4167 332 4222 de
361 4186 472 4240 qua
502 4169 919 4225 Dominatione
941 4168 969 4222 ἱ)
999 4167 1070 4221 de
1105 4182 1217 4238 qua
1246 4163 1585 4220 Potestate?
1614 4161 1802 4232 Cujus
1834 4160 1927 4213 in-

261 4259 559 4314 veniemus
595 4256 811 4331 Angeli
840 4257 1119 4311 virtutem
1152 4271 1258 4326 per
1287 4253 1576 4325 plurimos
1599 4267 1739 4307 esse
1762 4248 1927 4305 diffu-

266 4350 428 4403 sam?
460 4346 683 4421 Angeli
713 4347 867 4402 enim
900 4345 972 4399 ad
1005 4360 1228 4415 paucos
1250 4342 1646 4410 mittebantur,
1671 4340 1926 4411 Spiritus

262 4439 442 4492 autem
476 4439 730 4492 sanctus
761 4434 995 4506 populis
1053 4431 1488 4487 infundebatur.
1546 4430 1690 4496 Quis
1750 4429 1931 4501 igitur

266 4523 481 4582 dubitet
508 4527 658 4599 quin
704 4527 964 4580 divinum
998 4524 1093 4591 sit,
1156 4522 1310 4595 quod
1370 4521 1696 4575 infunditur
1753 4517 1927 4573 simul

2045 2119 2396 2191 angelorum
2427 2118 2610 2179 (Psal.
2644 2135 2762 2188 cui,
2783 2119 2858 2188 4).

2116 2209 2203 2262 85.
2239 2208 2322 2262 De
2353 2222 2466 2278 qua
2497 2210 2690 2262 autem
2723 2212 2991 2262 creatura
3048 2207 3162 2263 dici
3204 2210 3399 2278 potest
3454 2211 3590 2284 quia
3621 2227 3715 2267 re-

2044 2297 2294 2370 pleverit
2321 2297 2622 2367 universa,
2657 2297 2814 2368 quod
2871 2297 3156 2367 scriptum
3212 2302 3304 2352 est
3359 2299 3431 2355 de
3488 2298 3712 2372 Spiritu

2047 2389 2283 2442 sancto:
2323 2408 2344 2433 «
2382 2383 2691 2440 Effundam
2724 2384 2795 2440 de
2829 2384 3050 2455 Spiritu
3081 2401 3210 2441 meo
3267 2402 3450 2457 super
3477 2404 3712 2446 omnem

2046 2491 2284 2530 carnem
2317 2473 2477 2543 (Jac-1
2501 2491 2560 2541 ιι,
2594 2473 2734 2541 38)?
2769 2497 2790 2521 »ι
2826 2474 2960 2528 Non
2990 2473 3103 2529 hoc
3137 2475 3208 2530 de
3237 2476 3450 2547 angelo
3481 2478 3714 2550 dicipo-

2042 2567 2177 2619 test.
2205 2563 2469 2634 Denique
2490 2561 2728 2618 Gabriel
2750 2563 2878 2634 ipse
2901 2563 3126 2618 missus
3141 2564 3213 2619 ad
3228 2565 3498 2623 Mariam:
3529 2569 3706 2639 «Ave,

2043 2654 2250 2725 inquit,
2279 2653 2467 2725 gratia
2489 2652 2659 2723 plena
2682 2652 2843 2722 (Luc.
2867 2670 2928 2720 ιι,
2948 2653 3060 2723 28),
3095 2673 3118 2703 ι
3154 2654 3479 2724 spiritalem
3510 2657 3708 2729 utique

2042 2743 2181 2798 inea
2205 2743 2515 2797 declarans
2535 2742 2802 2813 gratiam,
2834 2743 2991 2813 quod
3032 2742 3092 2797 in
3132 2759 3260 2798 eam
3284 2743 3540 2815 Spiritus
3573 2762 3709 2801 san-

2041 2836 2173 2888 ctus
2197 2832 2667 2903 supervenisset,
2693 2835 2749 2886 et
2770 2831 3006 2902 plenum
3029 2833 3234 2905 gratiae
3259 2836 3489 2889 uterum
3512 2835 3706 2892 Verbo

2038 2925 2203 2978 esset
2231 2921 2500 2976 habitura
2532 2921 2778 2976 caelesti.

2108 3012 2198 3067 86.
2233 3011 2468 3066 Domini
2496 3010 2651 3065 enim
2670 3014 2763 3066 est
2785 3011 2979 3066 omnia
3012 3013 3328 3084 complere,
3378 3015 3479 3086 qui
3526 3015 3700 3071 dicit:

2043 3126 2064 3151 α
2103 3102 2231 3174 Ego
2246 3100 2461 3156 malum
2484 3103 2540 3155 et
2560 3103 2774 3155 terram
2798 3100 3064 3172 compleo
3083 3101 3326 3172 (Jercm.
3347 3120 3514 3172 XXIII,
3540 3103 3651 3175 2‘1).
3678 3129 3697 3151 »

2045 3192 2105 3247 Si
2129 3207 2273 3263 ergo
2299 3190 2584 3244 Dominus
2602 3191 2711 3259 est,
2737 3190 2839 3261 qui
2859 3190 3073 3245 coelum
3093 3192 3346 3261 complet
3363 3195 3416 3247 et
3449 3195 3663 3247 terram
3685 3208 3697 3248 :

1964 3323 2018 3387 ο
2037 3281 2172 3353 quis
2186 3282 2381 3350 potest
2395 3278 2678 3349 Spiritum
2694 3281 2964 3334 sanctum
2975 3278 3244 3351 judicare
3258 3281 3697 3350 dominationis,

2036 3373 2093 3425 et
2115 3369 2332 3423 divinae
2354 3367 2662 3439 potestatis
2686 3371 2988 3422 exsortem
3019 3368 3154 3438 (5'7),
3180 3369 3282 3440 qui
3317 3370 3564 3440 replevit
3599 3386 3699 3426 or-

2034 3459 2191 3527 bem,
2218 3461 2273 3512 et
2290 3458 2446 3529 quod
2466 3457 2616 3512 ultra
2638 3459 2822 3512 totum
2845 3457 3051 3512 orbem
3088 3461 3199 3528 est,
3226 3459 3473 3530 replevit
3494 3460 3697 3515 Jesum

2034 3548 2237 3603 mundi
2267 3547 2445 3601 totius
2478 3546 2957 3617 redemptorem?
3021 3547 3316 3618 Scriptum
3371 3552 3464 3604 est
3520 3550 3695 3620 enim,

2039 3660 2061 3685 «ι
2096 3637 2278 3692 Jesus
2303 3640 2498 3691 autem
2527 3636 2740 3706 plenus
2770 3636 2991 3707 Spiritu
3008 3642 3237 3707 sancto,
3261 3653 3584 3709 regressus
3606 3643 3700 3695 est

2032 3726 2106 3781 ab
2137 3725 2393 3781 Jordane
2424 3725 2589 3793 (Luc.
2624 3741 2703 3795 ιν,
2737 3725 2812 3795 1).
2852 3748 2872 3773 ιι
2909 3725 3053 3790 Quis
3077 3726 3257 3798 igitur
3285 3728 3437 3782 alius
3464 3728 3577 3783 nisi
3597 3729 3695 3801 qui

2033 3815 2305 3888 ejusdem
2318 3818 2481 3871 esset
2500 3814 2903 3886 plenitudinis,
2932 3816 3317 3887 complentem
3344 3817 3536 3872 omnia
3559 3834 3697 3890 pos-

2033 3908 2125 3960 set
2156 3905 2399 3975 implere
2415 3907 2443 3960 ?

2104 3994 2193 4049 87.
2228 3994 2345 4049 Sed
2374 4009 2448 4049 ne
2480 3994 2594 4049 hoc
2626 3993 2956 4049 secundum
3003 4010 3238 4050 carnem
3290 3996 3508 4052 dictum
3539 3996 3699 4070 obji-

2035 4083 2227 4139 ciant:
2263 4099 2595 4155 quanquam
2627 4084 2762 4154 plus
2792 4099 2948 4139 unus
2979 4084 3096 4153 ille,
3131 4102 3304 4156 quam
3346 4101 3586 4141 omnes:
3625 4087 3698 4141 de

2036 4173 2211 4246 cujus
2245 4189 2421 4228 carne
2443 4173 2683 4228 exhibat
2701 4174 2908 4244 virtus,
2934 4191 3065 4245 quas
3100 4178 3333 4228 sanaret
3356 4191 3561 4230 omnes
3584 4192 3595 4231 :
3621 4178 3700 4229 ta-

2034 4280 2168 4319 men
2201 4262 2355 4317 sicut
2384 4263 2669 4317 Dominus
2703 4263 2955 4332 complet
2985 4263 3198 4333 omnia,
3234 4263 3311 4317 ita
3347 4265 3516 4317 etiam
3549 4264 3697 4319 etde

2035 4353 2255 4423 Spiritu
2287 4352 2503 4406 lectum
2534 4354 2657 4407 est:
2700 4374 2721 4398 «ο
2756 4351 3044 4416 Quoniam
3075 4352 3329 4422 Spiritus
3354 4353 3581 4406 Domini
3606 4369 3695 4407 re-

2033 4443 2214 4513 plevit
2246 4441 2447 4496 orbem
2485 4427 2775 4496 terrarum
2822 4441 2983 4512 (Sep.
3026 4458 3064 4508 ι,
3098 4440 3173 4509 7).
3232 4465 3252 4488 »
3293 4441 3491 4495 Habes
3524 4441 3695 4496 etiam

2035 4531 2107 4586 de
2138 4531 2415 4586 omnibus
2447 4531 2545 4602 qui
2578 4533 2975 4585 convenerant
2997 4546 3129 4583 cum
3162 4529 3446 4599 apostolis
3479 4530 3697 4585 dictum

265 4613 529 4683 pluribus
562 4616 700 4687 (53),
732 4631 842 4669 nec
873 4614 1130 4669 videtur:
1155 4626 1503 4682 corporeum
1532 4612 1745 4680 autem,
1772 4609 1928 4682 (Ῑυοά
1954 4682 2002 4693 _
2034 4622 2191 4693 quia,
2231 4644 2253 4667 α
2289 4619 2493 4690 repleti
2527 4622 2731 4673 sancto
2759 4619 3000 4688 Spiritu,
3035 4619 3429 4688 loquebantur
3449 4620 3697 4674 verbum

265 4705 316 4757 et
345 4705 579 4760 videtur
607 4721 640 4760 a
673 4705 950 4777 singulis,
986 4708 1041 4759 et
1062 4704 1329 4758 tenetur?

326 4792 411 4848 83.
447 4794 569 4850 Sed
628 4794 1124 4867 quemadmodum
1182 4791 1563 4847 sanctiﬁcans
1621 4788 1925 4860 apostolos

265 4878 538 4954 Spiritus,
574 4899 694 4939 non
742 4886 835 4939 est
890 4884 1162 4938 humana:
1220 4898 1473 4936 consors
1529 4883 1787 4936 natura):
1851 4878 1927 4931 ita

264 4971 428 5027 etiam
462 4974 849 5028 sanetiticans
883 4972 1168 5045 Angelos,
1189 4971 1631 5027 Dominationes
1655 4974 1711 5025 et
1730 4970 1932 5025 Potes-

264 5061 427 5132 tates,
461 5078 587 5117 non
609 5063 783 5117 habet
806 5062 1171 5117 consortium
1194 5065 1500 5116 creaturae.
1526 5059 1588 5115 Si
1611 5060 1709 5132 qui
1733 5062 1926 5114 autem

265 5152 461 5217 putant
493 5166 615 5206 non
647 5166 782 5206 esse
815 5151 1138 5222 spiritalem
1170 5151 1229 5205 in
1270 5149 1502 5222 angelis
1535 5148 1923 5218 sanctitatem,

266 5239 365 5292 sed
396 5240 574 5294 aliam
609 5240 916 5311 quamdam
946 5240 1193 5313 gratiam
1225 5256 1351 5294 suae
1382 5239 1737 5310 proprietate
1768 5240 1929 5293 natu-

265 5341 341 5382 rae
371 5328 508 5399 (54),
542 5328 603 5383 hi
637 5329 949 5384 interiores
981 5328 1245 5400 profecto
1287 5328 1534 5400 angelos
1584 5327 1927 5383 hominibus

330 5470 443 5541 (53)
476 5472 628 5545 Mss.
661 5472 900 5545 aliquot,
938 5496 959 5520 α

269 5544 596 5598 commode.

332 5614 443 5751 (54)
466 5614 747 5670 Nonnulli
768 5632 935 5684 mss.,
965 5640 986 5663 «
1015 5616 1619 5687 superpropt-ietatem
1645 5619 1923 5670 naturae.»

354 5685 443 5751 55)
477 5686 717 5742 Amerb.
752 5691 808 5743 et
824 5687 1016 5751 Eras.,
1047 5710 1067 5734 α
1104 5703 1213 5742 nec
1235 5688 1468 5751 possint
1488 5691 1704 5742 vetare.
1744 5709 1764 5735 υ
1791 5686 1923 5742 Gill.

354 5685 443 5758 55)
477 5686 717 5742 Amerb.
752 5691 808 5743 et
824 5687 1016 5752 Eras.,
1047 5710 1067 5734 α
1091 5685 1468 5758 Vnec’pOSSint
1488 5691 1704 5742 vetare.
1744 5709 1764 5735 υ
1791 5686 1924 5742 Gill.

1004 5472 1180 5528 simul
1224 5473 1606 5544 pectoribus:
1657 5492 1680 5522 ι
1728 5472 1927 5527 minus

266 5756 545 5831 gt‘Romq
572 5776 609 5831 _«
638 5774 746 5813 nec
776 5759 1010 5830 possint
1042 5756 1282 5831 negare.
1313 5782 1334 5806 ι»
1363 5759 1508 5813 Mss.
1544 5775 1685 5814 vero
1717 5759 1925 5829 partim

265 5822 378 5880 illis
408 5822 714 5886 accedunt.

1953 4682 2011 4769 ,D
2037 4682 2139 4765 Dei
2173 4682 2306 4764 cum
2337 4682 2549 4763 fiducia
2581 4708 2738 4775 (Aet.
2775 4682 2852 4776 iv,
2886 4682 2996 4769 31)..
3030 4731 3050 4755 ››

3109 4707 3287 4761 V'ides
3311 4707 3446 4779 quia
3469 4711 3525 4763 et
3568 4709 3696 4778 ple-

2035 4799 2363 4853 nitudinem
2430 4800 2485 4852 et
2560 4796 2835 4850 fiduciam
2917 4796 3014 4850 dat
3080 4796 3336 4867 Spiritus
3411 4801 3694 4855 sanctus:

2035 4887 2210 4958 cujus
2247 4887 2643 4958 operationem
2674 4883 3070 4957 archangelus
3102 4886 3327 4940 nuntiat
3358 4886 3579 4955 Mariae,
3605 4888 3697 4942 di-

2035 4993 2179 5031 cens
2207 4992 2218 5032 :
2259 5000 2279 5023 ι(
2318 4974 2572 5047 Spiritus
2606 4977 2850 5028 sanctus
2874 4975 3253 5045 superveniet
3285 4976 3341 5029 in
3372 4980 3427 5031 te
3459 4978 3619 5045 (Luc.
3657 4994 3695 5049 ι,
3748 4978 3758 4984 “

2033 5065 2140 5125 35).
2182 5090 2202 5113 n

2106 5155 2192 5209 88.
2228 5153 2428 5208 Habes
2458 5153 2631 5208 etiam
2654 5153 2711 5207 in
2731 5152 3054 5226 Evangelio
3070 5156 3205 5226 quia
3226 5156 3475 5226 angelus
3492 5172 3701 5209 secun-

2036 5243 2174 5298 dum
2196 5247 2427 5314 tempus
2452 5242 2849 5298 descendebat
2872 5243 2930 5297 in
2950 5245 3312 5314 natatoriam,
3339 5250 3395 5299 et
3421 5245 3698 5300 moveba-

2034 5335 2129 5388 tur
2145 5348 2327 5404 aqua;
2348 5336 2404 5387 et
2424 5332 2521 5403 qui
2543 5332 2705 5403 prior
2724 5332 3137 5388 descendisset
3158 5333 3216 5387 in
3229 5335 3592 5401 natatoriam,
3610 5348 3700 5387 sa-

2106 5476 2207 5547 (56)
2238 5476 2428 5530 Paris.
2455 5475 2592 5530 edit.
2634 5475 2875 5544 ultimae,
2920 5498 2941 5525 α
2967 5477 3096 5546 ipse
3135 5476 3441 5546 praemisit.
3474 5496 3494 5523 η
3539 5473 3696 5547 intra

2033 5544 2177 5602 vero
2193 5544 2298 5601 ubi
2316 5563 2428 5601 nos
2451 5562 2583 5601 cum
2606 5549 2722 5600 ant.
2759 5547 2896 5601 edit.
2931 5544 3007 5601 ac
3047 5544 3194 5601 mss.
3221 5547 3344 5600 fere
3395 5544 3691 5614 omnibus,

2041 5618 2298 5701 «.fecitin
2324 5619 2563 5689 Spiritu,
2607 5641 2628 5665 »
2662 5619 2829 5673 Rom.
2857 5618 2994 5672 edit.
3029 5617 3312 5686 reposuit,
3350 5637 3373 5664 α
3410 5615 3548 5669 fecit
3583 5616 3699 5687 spiL

2034 5694 2213 5831 mags?)
2232 5714 2383 5815 ltiss.
2410 5760 2651 5832 aliquot,
2685 5760 2942 5815 «divinae
2978 5757 3286 5829 potestatis
3313 5760 3631 5812 extorrem.
3670 5779 3691 5809 ι»
