3964 6168
258 393 386 459 ’155

1715 391 1782 455 S.
1829 390 2271 456 AMBROSII.

3557 395 3660 464 756

269 610 385 653 nus
406 593 583 652 ﬂebat
599 588 789 666 (Joan.
812 608 872 665 v,
893 590 971 665 4).
989 590 1144 660 Quid
1162 592 1222 649 in
1243 591 1360 651 hoc
1372 594 1511 667 typo
1528 593 1800 668 angelus,
1820 593 1938 649 nisi
1970 573 2027 637 Α
2043 609 2161 668 ego
2194 592 2331 666 quis
2354 608 2535 666 eram,
2573 590 2673 666 qui
2702 608 2946 665 possem
2977 591 3295 665 prohibere
3326 592 3497 651 Deum
3530 596 3667 668 (Act.

270 683 733 741 descensionem
754 682 1214 756 sanctiSpiritus
1226 683 1546 749 nuntiabat,
1567 700 1701 757 quae
1717 684 1940 740 nostris
2047 700 2130 754 xx,
2163 682 2288 757 l7)?
2322 707 2344 731 ι»

272 776 468 831 futura
516 772 908 845 temporibus,
949 789 1136 846 aquas
1168 772 1641 829 sacerdotalibus
1673 773 1942 829 invocata

268 860 558 940 precibus
589 866 970 919 consecraret
998 862 1164 934 (58)?
1192 862 1296 919 Ille
1317 878 1464 936 ergo
1485 863 1737 936 angelus
1751 863 1941 918 sancti

274 954 531 1027 Spiritus
560 955 687 1009 erat
715 952 981 1022 nuntius,
1023 968 1093 1008 eo
1124 952 1283 1024 quod
1328 967 1437 1024 per
1480 952 1730 1026 gratiam
1761 952 1942 1023 spiri-

274 1043 495 1101 tualem
549 1042 841 1098 medicina
900 1041 1127 1097 nostris
1186 1045 1350 1098 esset
1393 1041 1572 1097 animi
1609 1058 1679 1097 ac
1728 1042 1944 1098 mentis

275 1132 670 1207 languoribus
728 1131 1067 1187 deferenda.
1101 1130 1362 1186 Eosdem
1408 1146 1555 1204 ergo
1602 1134 1660 1187 et
1689 1130 1945 1203 Spiritus

280 1222 478 1292 habet,
512 1236 666 1294 quos
698 1221 861 1276 Deus
889 1219 1065 1275 Pater
1094 1222 1151 1276 et
1178 1217 1454 1276 Christus
1486 1220 1814 1277 ministros.
1846 1220 1946 1277 Sic

280 1312 474 1370 omnia
504 1311 712 1383 replet,
747 1310 836 1365 sic
867 1310 1063 1366 omnia
1106 1309 1397 1381 possidet,
1440 1308 1530 1365 sic
1573 1310 1767 1365 omnia
1801 1326 1945 1381 ope-

278 1406 444 1458 ratur
470 1404 527 1457 et
555 1402 616 1456 in
647 1398 943 1470 omnibus,
978 1398 1473 1472 quemadmodum
1503 1402 1560 1455 et
1591 1399 1753 1456 Deus
1772 1400 1948 1456 Pater

281 1493 560 1565 operatur
579 1493 636 1546 et
666 1488 874 1545 Filius.

349 1598 439 1655 89.
472 1596 625 1664 Quid
654 1596 837 1669 igitur
866 1597 1058 1653 sancti
1107 1595 1365 1669 Spiritus
1422 1599 1762 1672 operatione
1793 1598 1948 1656 divi-

280 1689 439 1759 nius,
471 1703 605 1743 cum
634 1688 810 1743 etiam
838 1686 1318 1744 benedictionum
1348 1704 1592 1745 suarum
1631 1689 1950 1760 praesulem

279 1777 564 1851 Spiritum
585 1776 745 1832 Deus
767 1776 897 1848 ipse
922 1779 1173 1833 testatur
1195 1777 1434 1835 dicens:
1481 1771 1567 1835 61
1584 1771 1626 1836 9
1665 1803 1686 1828 ιι
1729 1780 1949 1835 Ponam

281 1866 564 1939 Spiritum
594 1881 789 1922 meum
821 1882 1005 1938 super
1034 1882 1241 1924 semen
1279 1869 1463 1939 tuum,
1499 1872 1557 1925 et
1582 1869 1951 1926 benedictio-

2119 772 2208 828 9l.
2243 771 2358 828 Sed
2373 772 2631 829 fortasse
2651 773 2998 844 apostolicis
3022 788 3138 828 non
3161 776 3491 829 moveantur
3507 790 3675 833 exem-

2051 860 2188 933 plis,
2213 866 2270 917 et
2290 862 2423 917 ideo
2444 862 2665 917 divinis
2698 865 2931 918 utamur
2972 862 3269 918 oraculis:
3313 863 3576 934 scriptum
3597 869 3677 921 est
3708 892 3713 898 υ

2054 951 2241 1006 enim:
2280 974 2301 998 υ
2338 951 2519 1006 Jacob
2548 966 2697 1022 puer
2725 967 2917 1021 meus,
2952 951 3281 1023 suscipiam
3307 968 3469 1008 eum:
3516 953 3676 1009 Israel

2053 1040 2280 1097 electus
2302 1056 2470 1096 meus
2486 1039 2620 1111 (61),
2653 1043 2921 1113 suscepit
2950 1057 3084 1096 eum
3141 1042 3334 1096 anima
3385 1057 3526 1111 mea,
3565 1042 3681 1098 dedi

2054 1128 2337 1201 Spiritum
2366 1145 2561 1185 meum
2590 1130 2651 1184 in
2681 1130 2877 1201 ipsum
2909 1131 3051 1201 (Isa.
3086 1148 3232 1200 xm,
3261 1131 3330 1200 1).
3368 1154 3389 1179 ιι
3425 1131 3684 1187 Dominus

2056 1234 2292 1291 quoque
2320 1234 2429 1290 per
2453 1218 2664 1273 Isaiam
2697 1219 2876 1275 dixit:
2916 1242 2937 1267 υ
2982 1219 3237 1289 Spiritus
3280 1219 3501 1275 Domini
3530 1235 3689 1292 super

2057 1324 2173 1377 me,
2207 1311 2452 1380 propter
2478 1308 2634 1381 quod
2667 1308 2837 1363 unxit
2865 1324 2956 1363 me
2988 1308 3128 1377 (Isa.
3162 1325 3280 1380 un,
3300 1309 3375 1379 1).
3412 1331 3434 1356 ι»

2127 1397 2217 1453 92.
2250 1397 2396 1463 Quis
2417 1413 2563 1470 ergo
2583 1397 2795 1453 audeat
2815 1398 3013 1453 dicere
3036 1401 3292 1453 creatam
3313 1397 3558 1469 Spiritus
3579 1414 3699 1454 san-

2060 1487 2135 1543 cti
2167 1502 2308 1543 esse
2331 1486 2744 1558 substantiam,
2777 1489 3031 1559 quicum
3062 1488 3322 1542 illuxerit
3351 1488 3410 1543 in
3442 1487 3705 1543 cordibus

2060 1576 2307 1647 nostris,
2336 1576 2552 1632 divinas
2584 1576 2885 1632 cernimus
2914 1576 3414 1648 pulchritudinem
3434 1577 3703 1646 veritatis,

2059 1668 2118 1722 et
2145 1665 2481 1722 distantiam
2497 1668 2783 1721 creaturae
2806 1666 3248 1738 divinitatisque
3282 1666 3707 1740 cognoscimus,

2058 1758 2124 1827 μῑ
2153 1770 2303 1826 Opus
2331 1757 2686 1827 segregetur
2713 1755 2787 1809 ab
2820 1758 3059 1811 auctore
3080 1757 3107 1811 ?
3147 1758 3263 1809 Aut
3291 1756 3364 1810 de
3409 1771 3522 1828 qua
3560 1770 3710 1810 crea-

2062 1849 2192 1900 tura
2216 1845 2373 1900 Deus
2394 1845 2472 1899 ita
2494 1844 2728 1899 locutus
2747 1848 2857 1912 est,
2877 1845 3032 1916 quod
3053 1849 3151 1899 aut
3173 1844 3612 1900 Dominationes
3629 1846 3716 1898 aut

283 1932 392 2014 nes
426 1971 591 2012 meas
640 1971 824 2028 super
848 1932 1007 2013 filios
1061 1959 1200 2013 tuos
1228 1956 1368 2026 (Isa.
1412 1932 1570 2024 x'mv,
1605 1959 1686 2028 3).
1719 1983 1741 2008 ι»
1777 1959 1953 2015 Nulla
1991 1956 2038 2017 Β
2067 1934 2397 2028 ξδοίθὲίδίθδ
2420 1932 2679 2028 efﬁngat
2710 1937 2814 2028 ξίοῑ
2855 1933 3438 2028 Αμηβθξοείζξθιξ-άθ
3466 1933 3719 2028 :Spiritu,

283 2045 443 2102 enim
468 2047 666 2117 potest
695 2061 834 2101 esse
853 2046 1027 2118 plena
1046 2046 1404 2117 benedictio,
1429 2048 1545 2103 nisi
1567 2065 1675 2120 per
1701 2049 1952 2106 infusio-

282 2151 419 2193 nem
447 2134 704 2207 Spiritus
735 2134 946 2191 sancti.
979 2136 1149 2193 Unde
1166 2139 1224 2192 et
1238 2138 1547 2209 apostolus
1570 2138 1715 2194 nihil
1738 2140 1953 2197 melius

283 2224 399 2282 hoc
426 2225 604 2281 nobis
632 2224 792 2301 quod
821 2228 1049 2297 optaret
1095 2226 1339 2295 invenit,
1372 2226 1528 2283 sicut
1586 2228 1718 2300 ipse
1766 2229 1948 2286 dixit:

286 2335 311 2366 ι
345 2314 481 2371 Non
513 2313 860 2370 deficiamus
877 2331 985 2387 pro
1001 2315 1178 2371 vobis
1198 2319 1439 2373 orantes
1461 2319 1520 2373 et
1538 2317 1950 2391 obsecrantes,

283 2407 349 2460 ut
374 2402 721 2475 repleamini
752 2405 1091 2478 cognitione
1146 2406 1467 2463 voluntatis
1523 2406 1658 2480 ejus
1705 2408 1765 2464 in
1797 2411 1958 2465 omni

285 2492 575 2565 sapientia
604 2496 663 2548 et
692 2493 994 2550 intellectu
1051 2495 1324 2568 spiritali,
1372 2496 1745 2554 ambulantes
1776 2499 1956 2573 digne

287 2582 410 2639 Deo
440 2581 693 2655 (Coloss.
726 2600 766 2654 ι,
796 2583 851 2652 9,
883 2580 993 2653 10).
1032 2607 1055 2633 ι»
1092 2584 1257 2640 Hanc
1277 2585 1460 2659 igitur
1480 2587 1587 2643 Dei
1609 2588 1961 2645 essedocuit

285 2671 670 2741 voluntatem,
703 2674 767 2727 ut
795 2673 987 2746 magis
1020 2673 1081 2728 in
1119 2673 1295 2730 bonis
1326 2676 1608 2748 operibus
1639 2681 1697 2734 et
1724 2694 1960 2735 sermo-

287 2760 468 2818 nibus
497 2763 557 2816 et
585 2761 871 2817 sensibus
901 2763 1272 2821 ambulantee
1304 2765 1639 2837 repleamur
1661 2767 1960 2824 voluntate

288 2849 418 2919 Dei,
467 2849 570 2922 qui
598 2850 764 2921 ponit
818 2851 880 2906 in
910 2852 1193 2910 cordibus
1224 2856 1450 2911 nostris
1481 2855 1765 2928 Spiritum
1793 2873 1962 2914 sanc-

289 2941 433 2995 tum.
465 2938 627 3014 Ergo
657 2939 711 2995 si
740 2940 794 2996 is
825 2941 926 3013 qui
984 2941 1163 2999 habet
1190 2942 1474 3016 Spiritum
1503 2950 1795 3019 sanctum,
1854 2948 1959 3003 Dei

290 3027 554 3101 repletus
586 3031 680 3086 est
706 3030 1046 3103 voluntate;
1077 3032 1279 3106 utique
1308 3034 1463 3091 inter
1486 3036 1723 3093 Patrem
1745 3040 1803 3094 et
1822 3037 1958 3110 Spi-

293 3117 469 3177 ritum
498 3118 658 3177 nulla
688 3120 966 3178 distantia
994 3122 1314 3180 voluntatis
1336 3127 1447 3181 est.

907 3247 1162 3304 CAPUT
1197 3248 1348 3304 VIII.
1370 3278 1375 3283 ι

292 3369 347 3428 Α
378 3372 506 3449 Deo
533 3373 659 3432 solo
687 3372 825 3430 dari
844 3372 1171 3449 Spiritum:
1202 3391 1392 3449 neque
1423 3381 1616 3433 tamen
1639 3384 1819 3435 totum
1842 3380 1965 3435 sin—

367 3444 544 3525 gulis,
579 3461 709 3501 cum
732 3444 965 3519 praeter
996 3444 1308 3525 Christsz
1335 3465 1504 3525 nemo
1533 3450 1719 3525 fuerit
1762 3454 1861 3525 qui
1889 3460 1970 3509 to-

368 3523 489 3594 tum
520 3533 650 3594 eum
681 3518 897 3590 capere
946 3525 1170 3590 posset.
1206 3518 1335 3594 Per
1390 3521 1681 3594 Spiritum
1741 3518 1968 3581 e'll'undi

260 3616 265 3621 ι
368 3589 759 3670 οήᾳνίιεξριῃ,
780 3606 906 3662 quae
929 3589 1045 3661 per
1071 3592 1385 3664 mysticum
1426 3589 1782 3670 unguentum
1812 3594 1965 3670 ﬁgu-

367 3668 525 3729 rata,
555 3660 714 3717 nihil
738 3660 1039 3717 commune
1082 3660 1210 3717 cum
1259 3660 1562 3720 creaturis
1614 3660 1966 3723 habere'os-

370 3731 681 3804 tenditur,-
711 3732 901 3804 ipsum
932 3739 1125 3789 autem
1155 3750 1283 3789 cum
1332 3752 1412 3791 ex
1455 3752 1560 3793 ore
1590 3738 1704 3793 Dei
1730 3738 1969 3794 dicatur

366 3802 927 3880 procedere,:jn_ter
971 3810 1176 3880 creata
1207 3822 1321 3862 non
1378 3809 1812 3880 reponendum:
1862 3826 1969 3868 nec

367 3872 534 3931 inter
552 3872 617 3929 di
626 3873 908 3946 visibilis,
928 3892 1056 3931 cum
1072 3877 1153 3932 sit
1181 3872 1464 3935 wternus:

366 3998 459 4057 90.
492 3994 680 4057 Simul
711 4000 856 4056 illud
885 4000 1147 4073 adverte,
1189 4003 1326 4075 quia
1366 4004 1529 4061 Deus
1561 4005 1659 4061 dat
1686 4005 1969 4077 Spiritum

301 4093 576 4148 sanctum
631 4089 819 4162 (Rom.
852 4107 912 4161 v,
944 4092 1020 4160 5).
1068 4092 1202 4147 Non
1259 4093 1414 4149 enim
1478 4093 1796 4151 humanum
1856 4096 1969 4154 hoc

302 4196 475 4255 Opus,
508 4195 703 4253 neque
721 4180 796 4236 ab
826 4179 1065 4237 homine
1095 4181 1297 4238 datur:
1331 4182 1440 4239 sed
1472 4183 1573 4256 qui
1603 4183 1912 4242 invocatur
1938 4202 1972 4241 a

302 4269 638 4342 sacerdote,
679 4286 714 4326 a
744 4270 866 4326 Deo
894 4271 1165 4342 traditur,
1196 4272 1259 4327 in
1287 4287 1405 4345 quo
1437 4272 1544 4329 Dei
1586 4290 1802 4330 munus
1835 4275 1970 4347 (59),

302 4360 698 4418 ministerium
728 4359 1059 4417 sacerdotis
1077 4363 1189 4417 est.
1220 4359 1372 4417 Nam
1401 4362 1453 4418 si
1489 4362 1706 4419 Paulus
1736 4368 1973 4436 aposto-

303 4450 399 4507 lus
424 4449 716 4525 judicavit
743 4449 903 4523 quod
949 4449 1080 4521 ipse
1110 4450 1331 4507 donare
1379 4451 1661 4524 Spiritum
1700 4456 1971 4509 sanctum

304 4555 414 4598 sua
443 4541 789 4597 auctoritate
820 4555 938 4597 non
966 4543 1194 4612 posset,
1228 4543 1288 4597 et
1343 4541 1403 4597 in
1455 4543 1681 4598 tantum
1738 4559 1805 4598 se
1837 4543 1976 4599 huic

306 4629 505 4688 ofﬁcio
534 4630 819 4703 imparem
846 4629 1116 4701 credidit,
1150 4632 1213 4687 ut
1239 4646 1274 4686 a
1296 4630 1417 4687 Deo
1434 4646 1546 4687 nos
1564 4630 1785 4703 Spiritu
1806 4636 1975 4703 opta-

2065 2023 2274 2095 inquit,
2313 2046 2335 2071 u
2369 2038 2500 2079 meo
2533 2021 2867 2078 effundam»
2895 2022 3051 2091 (Jocl
3076 2041 3134 2091 ιι,
3155 2022 3269 2093 28).
3305 2023 3440 2079 Non
3462 2022 3722 2094 Spiritum

2065 2113 2163 2184 ait,
2185 2112 2293 2168 sed
2321 2134 2343 2160 «ι
2369 2112 2442 2167 de
2462 2112 2684 2183 Spiritu
2710 2135 2732 2160 η
2753 2128 2764 2168 :
2785 2128 2978 2184 neque
3002 2112 3158 2167 enim
3173 2129 3288 2168 nos
3304 2128 3518 2183 capere
3530 2127 3729 2183 possu-

2068 2217 2202 2257 mus
2224 2200 2645 2273 plenitudinem
2668 2201 2923 2273 Spiritus
2947 2203 3159 2272 sancti,
3185 2202 3297 2256 sed
3328 2205 3554 2256 tantum
3578 2200 3726 2256 acci-

2068 2291 2287 2363 pimus,
2311 2295 2592 2362 quantum
2614 2291 2686 2345 de
2710 2306 2820 2345 suo
2834 2290 3256 2345 arbiternostri
3278 2307 3389 2362 pro
3409 2307 3517 2346 sua
3533 2290 3734 2346 volun-

2066 2384 2182 2436 tate
2203 2380 2495 2437 diviserit.
2519 2379 2684 2436 Sicut
2700 2380 2854 2436 enim
2871 2380 2975 2435 Dei
2996 2380 3181 2435 Filius
3198 2402 3221 2431 ι
3244 2396 3369 2435 non
3382 2380 3644 2451 rapinam
3655 2395 3735 2432 ar-

2067 2469 2319 2525 bitratus
2343 2472 2594 2525 estesse
2619 2485 2685 2524 se
2709 2470 2995 2542 aequalem
3022 2470 3166 2539 Deo,
3211 2470 3326 2525 sed
3360 2470 3740 2540 semetipsum

2069 2558 2690 2631 exinanivit(Plzilipp.
2710 2576 2770 2631 ιι,
2790 2557 2899 2629 6),»
2918 2562 2978 2614 ut
2994 2575 3105 2615 nos
3121 2575 3261 2616 eum
3281 2560 3513 2615 nostris
3533 2558 3733 2613 animis

2070 2649 2375 2720 percipere
2404 2639 2550 2705 620
2584 2664 2905 2719 possemus
2937 2666 2948 2702 :
3008 2649 3343 2703 exinanivit
3391 2651 3591 2704 autem
3636 2661 3745 2701 non

2072 2737 2229 2812 quod
2262 2738 2391 2809 ipse
2415 2740 2580 2792 esset
2600 2754 2825 2793 vacuus
2870 2754 2995 2792 suae
3020 2737 3440 2808 plenitudinis,
3466 2737 3574 2792 sed
3604 2733 3750 2808 quod

2072 2826 2214 2882 mihi
2236 2827 2336 2899 qui
2353 2827 2774 2898 plenitudinem
2809 2826 2943 2899 ejus
2983 2827 3291 2882 sustinere
3328 2843 3455 2883 non
3492 2840 3750 2898 possem,

2073 2932 2181 2988 pro
2203 2931 2273 2971 eo
2292 2916 2447 2988 quod
2471 2931 2682 2986 capere
2704 2931 2967 2986 possem,
2994 2915 3050 2969 in
3061 2914 3085 2968 Γ
3086 2933 3116 2969 u
3128 2916 3452 2971 nderetur:
3477 2916 3557 2969 ita
3590 2915 3753 2969 etiam

2074 3006 2146 3061 de
2168 3005 2388 3076 Spiritu
2408 3009 2614 3061 sancto
2642 3005 2813 3060 Pater
2835 3021 2901 3060 se
2924 3004 3065 3059 dicit
3085 3003 3413 3077 effundere
3429 3019 3617 3077 super
3636 3017 3754 3058 om-

2075 3110 2209 3150 nem
2230 3109 2500 3150 carnem:
2539 3110 2657 3149 non
2678 3095 2834 3149 enim
2857 3097 3035 3150 totum
3064 3093 3297 3168 effudit,
3346 3096 3464 3150 sed
3496 3092 3655 3168 quod
3676 3088 3761 3150 ei-

2074 3183 2240 3255 t'udit,
2265 3184 2540 3240 omnibus
2561 3184 2900 3239 abundavit.

1995 3326 2049 3391 ο
2144 3292 2233 3348 93.
2251 3291 2440 3362 Supra
2463 3308 2573 3348 nos
2585 3307 2731 3365 ergo
2754 3291 3006 3348 effusum
3026 3295 3117 3347 est
3140 3293 3214 3347 de
3240 3291 3482 3364 Spiritu
3508 3307 3522 3348 :
3550 3292 3609 3346 at
3627 3303 3765 3391 vero

2076 3397 2260 3453 super
2270 3382 2581 3437 Dominum
2598 3382 2825 3449 Jesum,
2848 3398 2979 3436 cum
2999 3382 3058 3436 in
3073 3381 3272 3437 forma
3292 3384 3473 3438 esset
3490 3378 3768 3447 hominis,

2075 3470 2349 3527 manebat
2369 3470 2646 3542 Spiritus,
2665 3470 2820 3526 sicut
2837 3471 3121 3541 scriptum
3142 3474 3240 3526 est
3264 3487 3278 3527 :
3325 3495 3350 3520 α
3390 3471 3774 3543 Supraquem

2076 3559 2300 3615 videris
2331 3559 2612 3631 Spiritum
2642 3559 3100 3615 descendentem
3124 3561 3199 3615 de
3236 3560 3425 3630 coelo,
3453 3563 3513 3616 et
3534 3573 3776 3614 manen-

2075 3652 2194 3705 tem
2214 3664 2397 3721 super
2416 3664 2570 3718 eum,
2595 3648 2693 3704 hic
2714 3652 2806 3705 est
2824 3650 2924 3721 qui
2946 3649 3200 3720 baptizat
3224 3651 3289 3705 in
3314 3650 3555 3722 Spiritu
3577 3649 3777 3704 sancto

2077 3738 2268 3810 (Joan.
2293 3755 2332 3807 ι,
2351 3737 2464 3807 33).
2488 3737 2657 3793 Circa
2672 3754 2782 3793 nos
2805 3754 2878 3793 ex
2900 3738 3165 3793 afﬂuenti
3182 3776 3183 3779 η
3203 3740 3541 3795 commodo
3572 3739 3780 3793 libera-

2076 3825 2213 3883 litas
2230 3827 2542 3899 Iargientis
2564 3830 2674 3897 est,
2698 3827 2757 3883 in
2779 3827 2878 3883 illo
2911 3828 3089 3883 totius
3135 3831 3351 3884 manet
3395 3829 3462 3884 in
3500 3831 3783 3884 aeternum

2079 3916 2335 3988 Spiritus
2353 3915 2854 3988 plenitudo.Quod
2872 3916 3051 3988 igitur
3069 3918 3253 3973 nobis
3278 3918 3442 3974 satis
3467 3933 3614 3974 esse
3631 3915 3787 3989 judi-

2081 4006 2254 4076 cavit,
2273 4004 2495 4075 effudit,
2526 4008 2584 4061 et
2622 4006 2781 4078 quod
2817 4005 3071 4062 efl‘usum
3106 4010 3226 4079 est,
3270 4024 3403 4064 non
3443 4008 3785 4080 separatum

2082 4096 2193 4167 est,
2226 4110 2336 4150 nec
2367 4093 2655 4151 incisum:
2688 4095 2795 4150 sed
2826 4095 3107 4151 unitatem
3144 4096 3341 4153 habet
3363 4097 3779 4168 plenitudinis,

2083 4199 2201 4257 quo
2231 4183 2418 4239 aciem
2450 4184 2639 4239 nostri
2672 4185 2872 4239 cordis
2905 4184 3195 4241 illuminet
3227 4202 3349 4258 pro
3371 4189 3614 4243 nostrae
3643 4199 3782 4258 pos-

2085 4272 2363 4329 sibilitate
2391 4273 2647 4329 virtutis.
2680 4274 2944 4347 Denique
2976 4277 3203 4330 tantum
3250 4276 3569 4347 capimus,
3605 4290 3786 4347 quan—

2081 4366 2207 4418 tum
2269 4362 2573 4434 profectus
2641 4366 2863 4418 nostrze
2930 4365 3146 4419 mentis
3218 4365 3550 4438 acquirit:
3622 4365 3783 4419 inse-

2083 4451 2369 4524 parabilis
2434 4455 2527 4508 est
2590 4452 2747 4507 enim
2795 4452 3096 4523 plenitudo
3150 4456 3385 4526 gratiae
3461 4454 3787 4527 spiritalis,

2086 4541 2193 4597 sed
2224 4540 2399 4597 nobis
2430 4557 2535 4613 pro
2559 4544 2781 4597 nostrae
2803 4542 3191 4613 participatur
3214 4543 3521 4600 facultate
3546 4546 3792 4599 naturae.

2156 4629 2245 4686 94.
2270 4629 2528 4686 Etl‘undit
2549 4647 2694 4703 ergo
2710 4631 2869 4686 Deus
2894 4632 2964 4686 de
2988 4632 3237 4702 Spiritu,
3257 4633 3612 4690 effunditur
3631 4634 3797 4689 etiam

307 4721 398 4776 ret
419 4694 909 4792 impleri(Eplzes.
940 4737 1000 4789 v,
1033 4694 1159 4790 i8);
1192 4721 1328 4792 quis
1361 4724 1558 4777 tantus
1586 4694 1696 4791 est,
1730 4722 1832 4793 qui
1847 4694 1976 4777 -hu-
1999 4694 2054 4760 θ
2088 4719 2344 4776 charitas
2378 4720 2484 4776 Dei
2513 4694 2651 4792 perv
2664 4720 2978 4792 Spiritum:
3014 4694 3130 4792 quo
3180 4694 3332 4778 loco
3369 4726 3670 4779 unitatem
3702 4721 3796 4777 de-

301 4806 408 4882 jus
434 4808 806 4864 traditionem
837 4809 1102 4866 muneris
1133 4809 1252 4865 sibi
1280 4810 1491 4866 audeat
1511 4826 1793 4885 arrogare
1809 4812 1837 4867 ?
1858 4811 1975 4866 lta-

306 4911 425 4999 que
452 4896 777 4999 Apostolus
806 4900 1009 4999 votum
1038 4899 1376 4999 precatione
1433 4900 1640 4999 detulit
1686 4901 1821 4972 (60),
1854 4915 1975 4999 non

301 4986 411 5059 jus
439 4986 784 5042 auctoritate
821 4987 1017 5060 aliqua
1056 4988 1413 5045 vindicavit:
1463 4990 1777 5062 impetrare
1809 4992 1977 5061 opta-

307 5075 413 5146 vit,
445 5089 564 5131 non
592 5074 884 5148 imperare
926 5078 1327 5149 praesumpsit.
1363 5078 1575 5136 Petrus
1619 5094 1857 5152 quoque
1901 5078 1981 5135 ait

309 5165 449 5240 quia
477 5180 597 5221 non
627 5167 753 5221 erat
780 5165 1032 5222 idoneus
1059 5167 1161 5239 qui
1182 5171 1389 5240 posset
1409 5168 1689 5240 Spiritum
1712 5171 1980 5224 sanetum

308 5254 405 5312 vel
432 5269 671 5328 cogere,
702 5254 797 5311 vel
828 5270 1053 5311 arcere.
1086 5255 1186 5312 Sic
1218 5258 1375 5313 enim
1423 5257 1605 5314 dixit:
1657 5280 1680 5306 α
1730 5258 1891 5330 Ergo
1927 5258 1980 5313 si

310 5345 578 5403 eamdem
608 5345 856 5419 gratiam
873 5345 1176 5401 concessit
1196 5346 1315 5402 illis
1343 5347 1505 5403 Deus
1527 5348 1683 5403 sicut
1704 5351 1760 5403 et
1781 5346 1978 5419 nobis,

380 5489 495 5562 (58)
523 5489 607 5562 Ita
636 5488 775 5545 edit.
807 5503 1039 5560 omnes,
1069 5491 1128 5562 et
1155 5490 1395 5562 quidam
1430 5504 1612 5562 mss.:
1649 5490 1847 5545 caeteri
1878 5506 1983 5546 au-

308 5560 429 5634 tem
460 5560 694 5634 partim,
724 5583 754 5634 γα
788 5576 903 5633 qua
934 5560 1158 5634 nostris
1174 5560 1501 5634 flatura"...
1522 5560 1828 5634 invocatas
1850 5577 1982 5631 pre-

312 5631 484 5689 cibus
509 5650 522 5690 :
546 5658 568 5683 η
585 5631 827 5705 partim,
839 5653 867 5705 μ
893 5632 1000 5705 qui
1013 5631 1238 5688 nostris
1260 5631 1895 5705 futuras_temporibus
1926 5650 1981 5687 a-

248 5720 255 5727 '
310 5720 461 5777 quas
482 5703 952 5761 sacerdotalibus
987 5704 1298 5760 invocatus
1338 5703 1618 5774 precibus
1669 5718 1981 5758 consecra-

312 5778 420 5829 r‘et.
458 5796 482 5823 ι

381 5841 496 5916 (59)
523 5844 712 5902 Paris.
745 5844 1019 5922 quaedam
1047 5844 1187 5904 edit.
1217 5859 1288 5901 ac
1347 5860 1494 5902 mss.
1526 5845 1769 5921 aliquot,
1804 5868 1828 5894 ιι
1868 5844 1972 5903 Dei

2085 4809 2298 4865 bemus
2326 4826 2656 4883 agnoscere
2689 4810 3049 4881 Operationis
3081 4814 3138 4865 et
3169 4813 3431 4883 gratiae.
3455 4813 3632 4870 Sicut
3648 4812 3797 4868 enim

2087 4897 2160 4954 de
2190 4898 2410 4969 Spiritu
2440 4902 2647 4955 sancto
2679 4899 2837 4954 Deus
2870 4897 3091 4970 effudit,
3127 4899 3210 4953 ita
3278 4902 3497 4973 etiam,
3540 4925 3564 4954 ι
3600 4900 3801 4956 Chari-

2087 4991 2179 5043 tas
2211 4988 2318 5044 Dei
2347 4986 2533 5044 ef'fusa
2557 4992 2648 5044 est
2677 4989 2738 5044 in
2759 4988 3040 5044 cordibus
3074 4990 3319 5045 nostris
3353 5009 3473 5063 per
3520 4992 3801 5065 Spiritum

2089 5081 2360 5133 sanctum
2410 5078 2596 5149 (Rom.
2631 5095 2687 5148 v,
2723 5079 2814 5149 5);
2853 5099 2874 5128 ι
2924 5082 2987 5132 ut
3035 5078 3473 5151 intelligamus
3506 5097 3632 5136 non
3664 5093 3798 5134 esse

2088 5182 2241 5238 opus
2264 5170 2534 5223 sanetum
2567 5166 2847 5237 Spiritum
2887 5165 3019 5237 (52),
3072 5167 3167 5238 qui
3208 5168 3457 5226 divinae
3489 5170 3721 5226 arbiter
3749 5169 3803 5223 et

2088 5255 2225 5313 fons
2258 5257 2526 5327 protinus
2558 5255 2862 5310 charitatis
2896 5258 3006 5310 est.

2159 5345 2248 5401 95.
2281 5345 2563 5402 Similiter
2592 5349 2786 5401 autem
2818 5348 2877 5400 ut
2908 5345 3116 5400 credas
3148 5345 3213 5399 id
3260 5348 3440 5419 quod
3479 5347 3805 5406 effunditur

2091 5504 2487 5631 m?tlil(‘)l)sPauci
2521 5576 2694 5630 mss.,
2731 5582 2753 5611 α
2781 5563 2976 5614 votum
3016 5559 3471 5630 praedicatione
3503 5563 3739 5618 detulit.
3779 5586 3799 5607 ι

2161 5632 2274 5703 (61)
2306 5631 2433 5687 Vet.
2464 5632 2602 5687 edit.
2645 5648 2714 5687 ac
2746 5633 2915 5704 pauci
2970 5647 3143 5699 mss.,
3188 5652 3214 5681 ι
3284 5634 3484 5690 Israel
3546 5635 3801 5688 dilectus

2090 5720 2280 5759 meus.
2320 5724 2342 5754 ι

2163 5775 2263 5853 (62)
2298 5776 2443 5830 Mss.
2478 5775 2718 5847 aliquot,
2757 5798 2778 5822 η
2815 5791 2932 5830 non
2966 5791 3102 5830 esse
3132 5790 3305 5847 opus
3354 5777 3632 5853 Spiritus
3664 5794 3799 5833 san-

2091 5848 2189 5901 cti.
2225 5869 2246 5893 ιι
