4090 6174
426 279 546 351 759

1865 296 1933 362 S.
1977 298 2421 371 AMBROSII.

3718 328 3822 395 760

419 481 586 539 salus
642 480 1111 607 mundan'a‘t69)‘.
1132 496 1599 607 non‘qumreret,
1661 512 1774 554 nec
1805 498 2088 607 refectio-
2112 490 2165 554 Ᾱ
2195 504 2256 562 in
2278 525 2393 581 qua
2415 510 2602 569 haeret
2629 514 2938 574 infirmitas
2980 519 3115 593 ('74),
3148 522 3336 581 virtus
3366 525 3547 583 libera
3567 532 3669 593 est,
3701 531 3840 607 atii:

422 585 558 627 nem
590 574 859 644 corporis
890 574 1113 648 fatigati
1156 578 1346 636 virtus
1390 584 1749 655 sempiterna
1797 588 2091 661 deposce-
2192 605 2415 672 guntur
2443 603 2602 674 vitia,
2637 606 2948 678 eriguntur
2973 574 3157 681 tropa:
3180 614 3208 668 ε)
3255 614 3419 670 Unde
3450 617 3671 688 quidam
3692 635 3821 678 san-

422 662 507 688 ..Αι

2194 692 2325 744 ctus
2357 691 2471 747 ait:
2511 712 2536 743 «
2569 692 2813 767 Conﬁge
2846 698 3031 754 clavis
3054 717 3086 754 a
3108 702 3316 758 timore
3339 709 3436 761 tuo
3458 722 3659 763 carnes
3681 725 3824 766 meas

492 765 614 823 103.
649 769 775 825 Nec
804 770 1015 828 mirum
1049 774 1103 829 si
1133 774 1313 831 habet
1342 777 1537 835 oleum
1557 780 1799 852 lmtitiae,
1825 786 1925 857 qui
1951 786 2092 842 fecit
2193 778 2270 848 (Ρ
2273 780 2381 834 881·
2408 796 2607 852 CXVI".
2635 765 2766 853 490)-
2783 801 2795 840 ε
2839 809 2860 834 ’³
2897 804 3013 842 ηοιι
3043 789 3256 847 ferreis
3288 794 3492 864 ClaViS,
3523 796 3616 860 ait.
3650 799 3748 853 86d
3767 765 3827 855 ti;

419 858 720 914 exsultare
742 862 1082 931 morituros,
1107 865 1342 920 tristitia
1366 869 1645 925 mundum
1663 874 1844 941 exuit,
1863 880 2090 934 maestae
2194 868 2377 923 mOI‘iS
2410 872 2466 924 et
2496 871 2664 928 ﬁdei!
2699 874 3108 933 VthmentiOI‘
3137 884 3229 934 est
3257 882 3413 937 enim
3454 885 3679 941 virtutis
3706 889 3825 942 stri-

419 945 690 1003 t'oetorem
715 950 920 1005 mortis
942 952 1055 1022 ('70)
1075 952 1350 1010 abolevit.
1372 956 1443 1011 Et
1459 958 1591 1015 ideo
1612 962 1936 1031 Apostolus
1971 966 2051 1020 ait
2075 981 2087 1021 :

422 1056 446 1083 κ
478 1033 699 1091 Christi
729 1038 886 1093 enim
915 1039 1111 1095 bonus
1134 1042 1282 1098 odor
1310 1060 1520 1101 sumus
1569 1048 1691 1104 Deo
1738 1051 1816 1121 (ll
1846 1052 1984 1109 Cor.
2019 1072 2083 1126 ii,

418 1124 549 1199 15),;
587 1148 610 1173 η
639 1127 838 1199 utique
862 1128 933 1183 de
955 1130 1323 1199 spiritalibus
1342 1134 1694 1207 significans
1715 1155 1783 1194 se
1805 1124 2085 1199 locutum.

2195 960 2357 1012 ctura
2385 957 2520 1029 (72),
2553 976 2727 1032 quam
2756 980 2969 1033 poenae.
3005 967 3267 1040 Denique
3300 969 3555 1043 Petrum,
3592 989 3715 1029 cum
3739 992 3827 1032 us-

2193 1061 2308 1117 que
2339 1048 2399 1102 in
2429 1049 2640 1104 atrium
2671 1052 2954 1124 principis
2986 1059 3362 1115 sacerdotum
3412 1061 3709 1119 Dominum
3739 1081 3827 1121 se-

2193 1140 2474 1206 queretur
2502 1138 2740 1207 (Mattli.
2778 1159 2942 1208 xxvx,
2990 1145 3101 1216 58),
3134 1163 3309 1218 quem
3339 1165 3512 1205 nemo
3541 1150 3826 1225 ligaverat,

418 1211 535 1269 Sed
557 1217 614 1269 et
636 1231 769 1270 cum
789 1216 918 1287 ipse
941 1218 1128 1274 Filius
1150 1221 1254 1275 Dei
1279 1222 1472 1280 dicat:
1509 1248 1531 1273 κ
1558 1226 1815 1297 Spiritus
1854 1230 2089 1287 Domini
2194 1224 2344 1279 ﬁdes
2401 1227 2705 1285 vinxerat:
2765 1234 2823 1285 et
2852 1248 3029 1302 quem
3062 1211 3234 1292 'ﬁd‘es
3265 1238 3474 1307 vinxit,
3505 1211 3675 1311 palm
3725 1211 3828 1299 not

417 1317 600 1373 super
628 1320 742 1375 me,
774 1310 1015 1377 propter
1042 1310 1201 1380 quod
1242 1312 1410 1367 unxit
1457 1330 1551 1369 me
1583 1314 1745 1384 (Luc.
1795 1334 1873 1388 IV,
1911 1320 2021 1390 18),
2059 1344 2080 1369 η

418 1391 683 1462 spiritale
706 1394 903 1467 signat
926 1402 1311 1470 unguentum.
1336 1401 1496 1475 Ergo
1511 1410 1876 1478 unguentum
1892 1408 2091 1466 Chris-

421 1479 465 1535 ti
493 1483 586 1536 est
616 1482 892 1552 Spiritus.

487 1586 609 1644 101.
634 1589 749 1644 Aut
767 1592 904 1663 quia
941 1598 1307 1667 unguentum
1347 1598 1707 1656 exinanitum
1746 1605 1838 1658 est
1868 1620 2082 1661 nomen

412 1675 580 1746 Jesu,
616 1679 671 1733 si
699 1679 781 1734 ibi
810 1680 1115 1772 Christum
1142 1685 1339 1756 ipsum
1369 1688 1703 1761 intelligere
1744 1693 1950 1748 volunt
1972 1711 2087 1750 un-

412 1767 613 1838 guenti
648 1783 1004 1839 expressum
1032 1767 1291 1844 nomine,
1321 1791 1440 1831 non
1489 1777 1775 1848 Spiritum
1823 1780 2082 1840 Christi:

2194 1314 2390 1370 solvit.
2444 1316 2679 1372 Rursus
2739 1334 2871 1375 cum
2903 1322 3194 1394 ligaretur
3249 1342 3282 1381 a
3314 1327 3562 1400 Judmis,
3618 1331 3825 1388 devotio

2192 1402 2390 1473 solvit,
2406 1421 2578 1475 poena
2590 1423 2710 1463 non
2726 1410 2912 1466 tenuit
2932 1428 2945 1481 ;
2978 1414 3114 1485 quia
3137 1431 3254 1470 non
3277 1420 3533 1474 recessit
3548 1434 3581 1473 a
3597 1418 3829 1476 Christo.

2264 1492 2386 1549 109.
2418 1493 2578 1567 Ergo
2608 1500 2665 1552 et
2692 1500 2755 1553 tu
2800 1502 3084 1575 crucifige
3133 1509 3463 1577 peccatum,
3514 1510 3577 1563 ut
3605 1509 3830 1566 moriare

2189 1586 2466 1652 peccato;
2495 1585 2596 1656 qui
2613 1587 2769 1642 enim
2787 1594 3027 1659 peccato
3051 1594 3316 1664 moritur,
3345 1595 3468 1651 Deo
3489 1596 3658 1652 vivit:
3681 1598 3831 1653 vivas

2189 1670 2240 1725 ei
2271 1673 2372 1743 qui
2407 1671 2555 1729 Filio
2594 1678 2834 1747 preprio
2867 1694 2985 1734 non
3015 1682 3299 1752 pepercit,
3346 1688 3409 1738 ut
3441 1685 3501 1740 in
3531 1685 3686 1741 illius
3716 1702 3833 1742 cor-

2190 1775 2332 1830 pore
2351 1764 2589 1818 nostras
2612 1766 2987 1839 crucifigeret
3009 1771 3347 1840 passiones.
3374 1774 3489 1829 Pro
3511 1775 3681 1830 nobis
3699 1775 3836 1831 enim

412 1855 614 1927 utique
638 1872 770 1911 cum
788 1862 1030 1915 unctum
1052 1859 1272 1932 Spiritu
1296 1869 1502 1921 sancto
1540 1867 1851 1924 Dominum
1874 1870 2082 1928 Jesum
2120 1854 2457 1936 Bmortuus
2480 1856 2573 1907 est
2587 1852 2883 1926 Christus,
2915 1861 2977 1912 ut
3006 1875 3117 1914 nos
3148 1861 3210 1915 in
3241 1862 3403 1918 illius
3434 1863 3696 1919 redivivo
3716 1880 3836 1920 cor-

410 1943 623 2000 Petrus
654 1947 962 2018 apostolus
1010 1949 1244 2022 dixerit,
1278 1953 1462 2026 liquet
1517 1956 1648 2013 sine
1682 1957 1861 2015 dubio
1923 1956 2082 2033 quod

409 2038 780 2105 unguentum
808 2036 1039 2094 dicatur
1068 2044 1124 2095 et
1155 2040 1431 2112 Spiritus.

482 2138 606 2195 105.
625 2139 743 2197 Sed
763 2143 903 2214 quid
926 2145 1158 2218 mirum,
1200 2164 1330 2204 cum
1354 2152 1412 2205 et
1448 2150 1622 2207 Pater
1660 2156 1718 2209 et
1738 2153 1927 2213 Filius
1957 2159 2086 2231 spi-

406 2227 560 2284 ritus
585 2244 725 2286 esse
744 2231 975 2289 dicatur
994 2236 1023 2290 ?
1053 2235 1136 2292 De
1155 2252 1272 2311 quo
1290 2239 1530 2311 quidem
1543 2242 1812 2300 dicemus
1824 2227 2081 2319 plenius,

409 2332 544 2373 cum
573 2318 647 2373 de
676 2321 895 2377 unitate
925 2324 1185 2382 nominis
1216 2328 1416 2385 dicere
1463 2332 1821 2402 cmperimus
1870 2318 2078 2409 (Infra,

408 2421 538 2479 cap.
572 2407 685 2477 11).
711 2409 932 2467 Tamen
950 2413 1088 2484 quia
1122 2415 1219 2471 hic
1236 2433 1473 2492 quoque
1498 2419 1704 2476 incidit
1741 2407 2080 2494 pulcherri-L

407 2510 542 2551 mus
562 2495 754 2567 locus,
776 2515 851 2555 ne
874 2501 1005 2557 sine
1027 2505 1342 2561 corollario
1371 2523 1506 2563 eum
1536 2511 1840 2580 praeterire
1883 2514 2083 2570 videa-

406 2599 560 2654 mur,
583 2587 876 2659 accipiant
903 2590 1040 2662 quia
1068 2595 1125 2648 et
1157 2594 1330 2649 Pater
1361 2596 1578 2653 dicitur
1605 2599 1882 2674 Spiritus,
1924 2603 2081 2660 sicut

404 2672 467 2728 in
489 2672 817 2748 Evangelia
840 2677 1127 2737 Dominus
1155 2682 1391 2740 locutus
1415 2689 1544 2743 est:
1584 2711 1605 2735 «
1628 2672 1918 2753 Quoniam
1949 2691 2079 2763 Spi-

406 2760 558 2850 ritus
581 2766 673 2819 est
694 2764 855 2821 Deus
878 2767 1068 2837 (Joan.
1090 2787 1169 2841 Iv,
1203 2771 1294 2843 24)
1320 2788 1333 2828 :
1371 2794 1392 2823 ιι
1419 2778 1477 2830 et
1509 2773 1786 2833 Christus
1823 2760 2081 2850 Spiritus

408 2848 642 2922 dicitur,
668 2853 805 2925 quia
826 2855 1117 2913 Jeremias
1140 2860 1323 2918 dixit:
1365 2885 1387 2910 α
1422 2863 1680 2935 Spiritus
1714 2870 1848 2922 ante
1869 2848 2083 2925 t'aciem

406 2942 674 2996 nostram
702 2941 981 3020 Christus
1014 2946 1301 3005 Dominus
1329 2951 1585 3020 (Thren.
1619 2972 1698 3026 iv,
1732 2956 1845 3028 20).
1882 2980 1904 3005 ι»

480 3063 603 3123 106.
636 3066 709 3123 Et
737 3067 912 3125 Pater
965 3087 1111 3145 ergo
1141 3076 1412 3149 spiritus,
1463 3081 1521 3134 et
1550 3078 1739 3137 Filius
1788 3082 2037 3153 spiritus
2065 3100 2078 3141 :

406 3153 544 3228 quia
565 3156 723 3228 quod
741 3173 861 3214 non
880 3162 973 3216 est
994 3166 1280 3220 creaturae
1304 3181 1545 3238 corpus,
1571 3168 1685 3226 hoc
1704 3170 1952 3241 spiritus
1967 3176 2077 3241 est;

2185 1953 2330 2010 pore
2361 1940 2719 1998 viveremus.
2773 1945 3002 2001 Mortua
3032 1951 3125 2003 est
3169 1964 3315 2022 ergo
3346 1951 3411 2005 in
3442 1951 3542 2007 illo
3593 1968 3706 2008 non
3733 1953 3837 2008 vita

2186 2030 2411 2099 nostra,
2436 2030 2544 2085 sed
2562 2031 2766 2103 culpa:
2806 2055 2829 2082 α
2864 2032 2973 2099 Qui
2992 2041 3251 2107 peccata,
3277 2039 3491 2112 inquit,
3526 2045 3721 2097 nostra
3740 2057 3834 2112 per

2184 2116 2316 2172 tulit
2332 2118 2391 2172 in
2414 2134 2660 2190 corpore
2683 2137 2794 2177 suo
2812 2138 2995 2194 super
3015 2126 3233 2181 donum
3260 2144 3274 2197 ;
3308 2133 3369 2183 ut
3394 2146 3428 2183 a
3458 2131 3712 2200 peccatis
3734 2146 3814 2186 no-

2185 2207 2328 2262 stris
2347 2209 2621 2279 separati,
2656 2227 2787 2266 cum
2815 2210 3045 2284 justitia
3070 2215 3363 2288 vivamus,
3404 2218 3582 2292 cujus
3611 2220 3838 2276 vulnere

2183 2294 2491 2368 plagarum
2521 2298 2709 2353 sanati
2746 2316 2954 2357 sumus
2988 2303 3044 2372 (I
3069 2304 3243 2360 Petr.
3276 2324 3337 2377 ll,
3370 2308 3489 2379 24).
3526 2332 3547 2357 ι»

2256 2401 2378 2459 110.
2401 2403 2655 2477 Lignum
2680 2407 2859 2478 igitur
2875 2408 3019 2465 illud
3042 2412 3240 2467 crucis
3261 2413 3430 2469 velut
3462 2415 3728 2488 quaedam
3749 2431 3839 2471 no-

2186 2493 2329 2547 strae
2352 2494 2521 2548 navis
2536 2495 2747 2551 salutis
2760 2502 2998 2552 vectura
3013 2504 3214 2554 nostra
3234 2505 3343 2571 est,
3362 2519 3486 2558 non
3499 2519 3695 2575 poena:
3728 2504 3827 2559 alia

2190 2582 2345 2637 enim
2365 2582 2530 2638 salus
2553 2599 2671 2639 non
2691 2590 2802 2654 est,
2827 2586 2939 2641 nisi
2959 2591 3200 2643 vectura
3223 2590 3439 2647 salutis
3453 2596 3687 2649 aeterna:
3708 2591 3824 2663 ('73),

2192 2670 2341 2725 Dum
2364 2675 2609 2727 mortem
2627 2676 2991 2745 expectando
3014 2678 3149 2748 ('71),
3174 2694 3292 2733 non
3313 2681 3513 2737 sentio
3539 2698 3552 2738 :
3587 2682 3718 2737 dum
3738 2697 3840 2753 pcn-

2192 2775 2326 2814 nam
2347 2763 2795 2835 contemnendo,
2822 2780 2937 2819 non
2960 2766 3177 2837 patior:
3214 2766 3357 2823 dum
3385 2774 3608 2827 metum
3627 2770 3834 2841 nescio,

2186 2849 2574 2923 negligendo.

2258 2956 2380 3011 1-11.
2411 2956 2556 3023 Quis
2587 2961 2680 3014 est
2707 2959 2887 3033 igitur
2916 2961 3093 3034 cujus
3125 2964 3369 3020 vulnere
3407 2967 3715 3041 plagarum
3741 2983 3830 3022 sa-

2186 3045 2304 3100 nati
2345 3062 2575 3118 sumus,
2614 3048 2732 3103 nisi
2769 3049 3045 3107 Christus
3079 3054 3364 3110 Dominus
3402 3072 3415 3111 :
3453 3058 3528 3112 de
3558 3073 3672 3130 quo
3702 3057 3839 3112 idem

2185 3135 2557 3206 prophetavit
2576 3137 2763 3194 Isaias
2795 3139 2930 3210 quia
2961 3141 3133 3213 plaga
3165 3142 3299 3215 ejus
3330 3149 3541 3201 nostra
3572 3146 3839 3202 medicina

423 3217 446 3228 -
583 3217 604 3228 -
1072 3217 1110 3218 η
1141 3217 1274 3220 τη-
1311 3217 1545 3238 η-τ--τ
1571 3217 2076 3245 --ννυιη---ν-υν-ητ

407 3244 515 3300 sed
532 3261 651 3302 non
679 3247 970 3305 confusus
1002 3266 1137 3307 cum
1164 3253 1340 3309 Patre
1371 3257 1428 3310 et
1459 3254 1608 3312 Filio
1645 3256 1901 3330 Spiritus
1937 3277 2076 3317 san-

2193 3226 2279 3279 est
2299 3224 2439 3291 (Isa.
2463 3243 2582 3296 Lm,
2605 3227 2681 3295 5),
2703 3227 2774 3283 de
2796 3244 2913 3299 quo
2933 3230 3154 3286 Paulus
3187 3233 3503 3303 apostolus
3539 3235 3598 3289 in
3621 3234 3839 3306 Episto-

406 3334 560 3404 ctus,
591 3350 800 3392 verum
831 3340 888 3394 et
916 3355 949 3393 a
988 3338 1160 3398 Patre
1209 3342 1526 3400 distinctus
1572 3347 1631 3402 et
1660 3362 1693 3401 a
1742 3346 1910 3404 Filio.
1945 3348 2080 3407 Non

404 3421 563 3478 enim
592 3422 848 3496 Spiritus
877 3432 1123 3485 sanctus
1179 3433 1238 3487 et
1269 3436 1561 3505 mortuus,
1621 3435 1721 3508 qui
1752 3437 1904 3492 mori
1959 3456 2080 3496 non

404 3513 619 3583 potuit:
645 3516 783 3587 quia
806 3532 1045 3574 carnem
1068 3536 1187 3575 non
1206 3522 1492 3594 suscepit,
1511 3539 1621 3580 nec
1641 3526 1871 3594 mortis,
1887 3543 2077 3601 capax

406 3615 546 3658 esse
565 3605 752 3675 potuit
780 3607 1135 3678 sempiterna
1170 3609 1486 3669 divinitas:
1541 3613 1651 3670 sed
1682 3617 1952 3673 mortuus
1984 3621 2077 3675 est

405 3693 735 3751 secundum
764 3712 1004 3752 carnem
1032 3697 1328 3755 Christus.

478 3816 600 3875 107.
626 3819 691 3875 In
704 3836 775 3878 eo
796 3821 996 3894 utique
1011 3827 1304 3896 mortuus,
1343 3827 1502 3898 quod
1526 3829 1795 3901 suscepit
1833 3845 1909 3886 ex
1940 3831 2078 3889 Vir-

404 3905 580 3978 gine:
611 3924 730 3965 non
750 3910 812 3965 in
831 3927 924 3980 eo,
944 3913 1102 3984 quod
1124 3913 1380 3970 habebat
1403 3931 1478 3970 ex
1499 3916 1668 3973 Patre
1696 3933 1710 3985 ;
1744 3920 1804 3973 in
1828 3935 1899 3975 eo
1918 3922 2076 3976 enim

403 3998 697 4069 mortuus,
714 3999 773 4054 in
784 4015 901 4072 quo
918 4002 1243 4059 crucifixus
1260 4007 1355 4060 est
1367 4003 1667 4062 Christus.
1683 4006 1941 4078 Spiritus
1975 4027 2077 4073 au-

401 4086 521 4142 tem
542 4092 788 4144 sanctus
808 4105 926 4147 non
941 4091 1129 4162 potuit
1149 4093 1441 4167 cruciﬁgi,
1480 4095 1582 4167 qui
1603 4111 1840 4151 carnem
1857 4099 1915 4152 et
1934 4114 2075 4154 ossa

350 4224 355 4229 ,
402 4190 524 4233 non
578 4176 819 4235 habuit:
877 4179 988 4236 sed
1044 4181 1370 4260 cruciﬁxus
1402 4186 1496 4238 est
1553 4183 1660 4239 Dei
1710 4185 1921 4255 Filius,
1974 4190 2074 4261 qui

404 4281 643 4324 carnem
672 4271 730 4325 et
759 4284 902 4325 ossa
930 4271 1235 4342 suscepit:
1288 4274 1351 4328 ut
1381 4272 1442 4327 in
1490 4271 1589 4328 illa
1640 4290 1817 4330 cruce
1850 4280 2072 4334 nostrae

401 4358 600 4414 carnis
621 4361 971 4416 testamenta
988 4362 1379 4417 morerentur.
1413 4360 1694 4435 Suscepit
1727 4364 1884 4420 enim
1914 4368 2072 4439 quod

400 4461 521 4503 non
561 4451 704 4520 erat,
744 4451 808 4505 ut
844 4449 1062 4506 celaret
1101 4450 1257 4522 quod
1298 4453 1462 4508 erat:
1496 4451 1709 4507 celavit
1737 4454 1895 4525 quod
1924 4460 2067 4529 erat,

399 4539 463 4591 ut
483 4539 808 4593 tentaretur
836 4538 897 4594 in
927 4554 1019 4607 eo,
1054 4542 1116 4594 ut
1148 4540 1540 4596 redimeretur
1567 4542 1725 4614 quod
1756 4559 1876 4599 non
1906 4549 2030 4600 erat
2055 4562 2067 4602 :

399 4627 463 4680 ut
489 4625 562 4681 ad
590 4626 652 4683 id
682 4627 841 4701 quod
872 4631 1016 4699 erat,
1047 4644 1155 4700 per
1191 4628 1249 4684 id
1279 4629 1438 4702 quod
1468 4646 1588 4687 non
1635 4634 1783 4703 erat,
1816 4649 1928 4689 nos
1960 4651 2070 4691 vo-

399 4717 580 4771 caret.

470 4819 593 4877 108.
615 4822 663 4878 0
692 4822 956 4882 divinum
991 4826 1191 4881 crucis
1228 4824 1391 4882 illius
1426 4830 1880 4899 sacramentum,
1918 4821 2065 4886 623

469 4963 763 5036 (69)Mss.
795 4967 1083 5036 nonnulli,
1124 4989 1145 5015 α
1182 4968 1348 5023 salus
1378 4969 1755 5026 mundanda:
1794 4993 1816 5019 ιο
1851 4972 2067 5029 melius

396 5035 494 5090 alii
529 5035 774 5116 aliquot,
809 5059 834 5116 «ί
866 5038 1032 5094 salus
1063 5035 1301 5110 mundi;
1336 5040 1551 5114 reliqui
1588 5043 1646 5096 et
1674 5057 1881 5098 omnes
1903 5045 2066 5116 edit.,

400 5130 424 5154 α
461 5107 627 5163 salus
659 5108 971 5163 mundana.
1011 5133 1033 5156 »

468 5180 582 5258 ('70)
603 5179 933 5258 Amei'b._et
963 5180 1479 5258 Eras.‘cum_parte
1496 5200 1665 5249 mss.,
1686 5207 1719 5258 in,
1755 5188 2069 5258 majestate

397 5250 667 5333 {mtorem
698 5251 907 5306 mortis
934 5267 946 5307 :
985 5273 1006 5301 υ
1039 5252 1173 5307 Gill.
1209 5256 1267 5309 et
1299 5250 1467 5310 Rom.
1495 5272 1627 5310 cum
1648 5257 1759 5311 alia
1790 5250 1975 5330 parte,
2002 5262 2066 5314 ut

393 5325 743 5467 ωῶῗίὲἶε.
776 5395 931 5467 cod.,
967 5417 991 5443 α
1023 5395 1084 5450 in
1115 5412 1229 5467 qua
1262 5400 1387 5452 erat
1416 5397 1771 5455 inﬁmitate.
1809 5418 1833 5450 υ

465 5465 577 5538 (72)
608 5465 755 5522 Mss.
786 5466 1028 5539 aliquot,
1066 5489 1089 5519 α
1124 5465 1357 5524 timoris
1401 5470 1696 5525 strictura.
1736 5489 1758 5521 ι
1812 5471 1883 5526 Et
1911 5471 2064 5527 infra

390 5552 501 5615 pro
538 5560 561 5584 α
594 5553 769 5621 praua
800 5555 919 5595 non
948 5539 1149 5611 solvit,
1189 5560 1211 5589 ι
1245 5540 1422 5594 iidem
1453 5541 1690 5612 habent,
1728 5562 1750 5592 α
1797 5546 2063 5611 potestas

392 5610 510 5662 'non
543 5610 739 5664 solvit.
776 5632 798 5656 ιι
1134 5610 1137 5611 ⁷
1679 5610 1683 5612 Ὗ
1810 5610 1813 5611 ⁷

397 5749 408 5755 _
463 5678 674 5755 ('73)_I_ta
695 5681 833 5755 edit.
855 5696 1085 5755 omnes,
1110 5685 1180 5755 et_
1200 5697 1355 5755 mss1
1373 5681 1596 5755 aliquot
1621 5699 1643 5755 :7
1683 5684 1895 5741 horum
1952 5701 2061 5740 au-

2187 3313 2266 3369 lis
2288 3314 2417 3369 suis
2437 3315 2715 3387 scripsit:
2754 3337 2776 3367 «
2803 3316 2912 3381 Qui
2934 3323 3237 3389 peccatum
3259 3337 3378 3376 non
3414 3325 3695 3397 cognovit
3716 3323 3836 3394 (‘75),

2187 3402 2295 3458 sed
2318 3420 2422 3474 pro
2445 3405 2619 3459 nobis
2645 3409 2945 3476 peccatum
2970 3408 3159 3464 factus
3182 3414 3273 3464 est
3295 3410 3379 3479 (Il
3404 3412 3544 3468 Cor.
3571 3430 3629 3484 v,
3650 3413 3781 3483 21)?
3814 3433 3834 3458 ιι

2187 3492 2316 3548 Hoc
2337 3494 2553 3565 quippe
2576 3494 2838 3550 divinum
2874 3496 2932 3550 in
2951 3512 3041 3567 co,
3076 3499 3211 3569 quia
3236 3515 3373 3553 caro
3397 3506 3705 3572 peccatum
3731 3515 3837 3556 non

2187 3580 2344 3652 fecit,
2381 3597 2490 3637 nec
2519 3582 2578 3637 in
2609 3599 2679 3638 eo
2709 3586 2976 3656 suscepti
3030 3588 3298 3658 corporis
3333 3594 3607 3645 creatura
3638 3605 3835 3662 pecca-

2186 3670 2270 3725 vit
2300 3671 2432 3741 (76).
2465 3672 2612 3726 Nam
2643 3673 2783 3744 quid
2814 3676 3046 3745 mirum,
3082 3676 3133 3729 si
3164 3692 3280 3731 non
3311 3680 3586 3747 peccavit
3612 3679 3733 3735 sola
3761 3677 3838 3734 dic

2186 3759 2424 3830 vinitas,
2487 3777 2620 3816 cum
2650 3763 2934 3832 peccandi
2993 3764 3284 3820 incentiva
3320 3783 3442 3822 non
3501 3768 3749 3824 habeat?
3785 3766 3840 3823 Si

2185 3852 2380 3904 autem
2412 3849 2580 3905 solus
2618 3867 2834 3907 exsors
2890 3854 3116 3924 peccati
3177 3854 3357 3925 Deus,
3394 3858 3592 3912 omnis
3650 3857 3835 3929 utique

2187 3941 2453 3993 creatura
2471 3955 2577 4010 per
2594 3943 2860 3996 naturam
2891 3942 3006 4012 sui,
3040 3945 3102 3997 ut
3134 3943 3416 4017 diximus,
3451 3947 3710 4003 obnoxia
3736 3961 3832 4019 po-

2184 4027 2301 4083 test
2330 4042 2468 4083 esse
2496 4032 2759 4101 peccato.

2833 4156 3084 4212 CAPUT
3123 4159 3195 4214 X.

2186 4276 2351 4344 Quod
2358 4278 2565 4365 §giril
2573 4296 2639 4334 us
2651 4287 2893 4365 peccata
2911 4282 3353 4365 condonat,_lzoc
3376 4284 3473 4341 illi
3506 4302 3631 4342 cum
3661 4285 3835 4341 Patre

2255 4366 2322 4404 ac
2345 4349 2521 4421 Filio,
2543 4349 2862 4407 uon'autcm
2887 4370 3012 4407 cum
3037 4354 3269 4427 angelis
3286 4372 3421 4413 esse
3445 4372 3760 4413 commune.

2251 4471 2372 4528 112.
2398 4472 2592 4547 [Alias
2626 4491 2753 4546 cap.
2796 4476 2919 4551 IX.)
2966 4477 3070 4532 Dic
3107 4478 3306 4551 igitur,
3334 4481 3673 4553 quicunque
3716 4478 3833 4550 Spi-

2107 4562 2327 4658 Dritus
2350 4564 2541 4618 sancti
2561 4564 2922 4621 divinitatem
2947 4583 3132 4639 negas
3158 4584 3170 4623 :
3224 4568 3480 4638 Spiritus
3512 4568 3705 4625 autem
3733 4567 3825 4624 ob-

2176 4652 2395 4706 noxius
2427 4668 2544 4707 non
2576 4654 2762 4723 potuit
2792 4670 2930 4709 esse
2961 4659 3221 4726 peccato,
3257 4657 3355 4727 qui
3389 4659 3582 4731 magis
3603 4658 3826 4729 peccata

2173 4741 2485 4796 condonat.
2522 4742 2819 4814 Numquid
2849 4745 3101 4816 angelus
3130 4745 3247 4816 (77)
3276 4746 3500 4802 donat?
3558 4742 3826 4818 numquid

2172 4829 2571 4904 archangelus
2591 4834 2620 4887 ?
2650 4832 2784 4888 Non
2814 4835 3036 4906 utique,
3073 4835 3179 4889 sed
3220 4836 3395 4891 donat
3443 4836 3616 4892 solus
3648 4836 3824 4900 Pater,

2173 4975 2432 5046 aeternae,
2454 4998 2475 5024 ››
2494 4975 2724 5046 partim,
2744 4976 2917 5031 «talis
2935 4976 3087 5032 enim
3104 4979 3272 5032 navis
3294 4982 3385 5033 est
3400 4983 3659 5043 vectura,
3676 4979 3778 5033 etc.
3797 5000 3815 5021 υ

2245 5045 2357 5120 (74)
2382 5045 2529 5120 Mss.
2552 5045 2793 5120 aliquot,
2822 5069 2842 5098 α
2864 5048 3011 5102 Dum
3034 5056 3279 5104 mortem
3295 5050 3710 5120 exspectando.
3732 5071 3751 5120 ξι

2247 5116 2359 5187 (75)
2392 5118 2524 5172 Non
2556 5116 2725 5188 pauci
2757 5136 2903 5173 mss.

2174 5188 2364 5242 factus
2388 5193 2498 5244 est.
2529 5212 2550 5235 η
2578 5191 2790 5244 lterum
2824 5188 3155 5261 autem'pro
3188 5188 3210 5239 ἧς
3249 5188 3764 5262 corporis—natura.
3791 5211 3810 5231 ι»

2171 5260 2326 5331 quod
2360 5264 2484 5314 erat
2514 5262 2573 5314 in
2605 5262 2881 5334 omnibus
2913 5260 3068 5317 edit:
3106 5279 3313 5318 omnes
3345 5260 3524 5334 prope
3566 5278 3707 5317 mss.
3740 5260 3817 5312 leo

2170 5334 2335 5403 gunt,
2377 5333 2704 5403 [corporis
2737 5338 3022 5387 creatura.
3063 5359 3082 5380 ιι

2241 5403 2356 5478 (Ἠ)
2379 5402 2566 5478 _Edit.’,
2605 5426 2627 5451 ιι
2662 5406 2932 5478 corporis
2967 5409 3171 5458 natura
3202 5406 3549 5478 pecravit._n
3781 5467 3811 5478 η

2239 5474 2609 5556 (Ἡριιῆθωὶε.
2635 5471 2788 5545 cod.,
2827 5499 2862 5556 χ
2892 5471 3229 5556 quicunque
3260 5494 3327 5556 es
3364 5476 3616 5556 spirituzs
3639 5471 3813 5556 sancti

2168 5544 2529 5599 divinitatem
2549 5544 2797 5615 negans,
2825 5544 3078 5616 Spiritus
3111 5544 3355 5602 simi-tus
3389 5544 3675 5616 obnoxius
3705 5554 3810 5616 non

2168 5618 2353 5687 potuit
2398 5632 2535 5691 esse
2584 5623 2825 5691 peccato
2854 5615 2882 5673 :7
2920 5619 3286 5691 qiiianullus
3321 5622 3553 5688 peccata
3607 5615 3804 5691 donat:

2165 5681 2450 5760 numquid
2482 5681 2753 5759 angelus,
2788 5694 2897 5744 etc.
2937 5681 2958 5739 ἱ
2996 5690 3144 5744 Edit.
3178 5681 3393 5760 auten),
3427 5706 3494 5745 ac
3526 5702 3667 5742 mss.
3690 5681 3808 5760 reli-

2944 5142 2963 5165 α
3000 5123 3133 5190 quia
3186 5116 3488 5190 peccatum
3521 5136 3626 5191 pro
3657 5116 3815 5173 nobis

392 5749 508 5804 tem
529 5750 627 5804 alii
653 5752 887 5827 partim,
916 5774 938 5798 α
959 5749 1245 5808 aliaenim
1270 5752 1435 5819 salus
1457 5749 1551 5812 est
1590 5754 1819 5812 victura
1849 5755 2060 5813 salutis
2162 5759 2263 5831 qui
2288 5749 2438 5814 inter
2460 5775 2524 5814 se
2550 5749 2943 5827 consentiunt,
2980 5761 3093 5815 nisi
3123 5761 3281 5833 quod
3318 5749 3427 5835 pro
3457 5775 3565 5819 non
3606 5754 3806 5831 potuit,
