4090 6174
150 346 274 413 761

1308 351 1425 419 DE
1457 354 1799 424 SPIRITU
1830 357 2166 424 SANCTO
2213 362 2372 425 LIB.
2408 364 2457 427 Ι.

3489 369 3606 439 762

145 547 317 641 splus
348 547 558 621 Filius,
592 551 761 607 solus
820 552 1075 624 Spiritus
1119 559 1367 612 sanctus
1404 559 1572 629 (Luc.
1615 577 1673 625 v,
1705 560 1820 629 21).
1863 545 1893 604 λ
1936 579 2103 617 suam
2126 566 2412 636 transitu;
2444 569 2500 621 at
2540 583 2682 624 vero
2730 568 2802 624 de
2843 568 3063 641 Spiritu
3093 574 3300 627 sancto
3332 571 3445 628 hoc
3484 589 3604 630 non

143 637 335 694 Nemo
365 644 562 695 autem
593 642 752 713 quod
783 646 980 714 potest
1007 644 1253 717 donare,
1288 663 1406 703 non
1461 653 1655 720 potest
1704 651 1824 704 evi-

144 729 268 783 tare
302 728 445 799 (79).

213 816 347 871 113.
372 816 490 872 Sed
534 818 793 875 fortasse
826 822 972 877 dixit
1001 823 1218 895 aliquis
1264 826 1400 896 quia
1439 829 1495 881 et
1515 826 1823 898 Seraphim

147 906 296 960 dixit
331 906 506 961 Isaia
540 924 553 963 :
601 931 623 956 α
663 909 818 965 Ecce
848 912 1038 985 tetigit
1067 914 1181 968 hoc
1224 914 1377 968 labia
1410 918 1524 984 tua,
1568 920 1624 971 et
1653 918 1821 971 aufe-

142 998 228 1049 ret
279 995 626 1068 iniquitates
675 1002 828 1069 tuas,
879 1004 934 1055 et
966 1006 1206 1071 peccata
1234 1007 1332 1057 tua
1367 1004 1822 1078 circumpurga-

139 1083 221 1139 bit
264 1083 385 1154 ('79)
424 1086 563 1153 (Isa.
625 1104 704 1156 vx,
737 1088 811 1153 '7).
849 1111 870 1136 η
925 1080 1075 1145 624
1124 1113 1145 1139 α
1194 1092 1456 1162 Auferet,
1518 1096 1704 1165 inquit
1765 1098 1822 1149 et

142 1172 653 1247 circumpurgabit
684 1191 696 1230 :
735 1200 757 1223 ι»
792 1191 909 1232 non
940 1193 1053 1251 ego
1085 1179 1368 1250 auferam,
1403 1182 1507 1236 sed
1541 1183 1698 1254 ignis
1723 1184 1820 1239 ille

141 1262 211 1318 de
245 1264 423 1318 altari
454 1264 559 1319 Dei
591 1264 703 1320 hoc
733 1269 844 1335 est,
891 1268 1079 1339 gratia
1110 1270 1414 1339 spiritalis.
1466 1271 1614 1337 Quid
1665 1275 1820 1327 enim

142 1351 308 1405 aliud
358 1353 452 1422 pie
508 1354 841 1426 intelligere
869 1374 1195 1427 possumus
1229 1360 1289 1413 in
1318 1360 1485 1413 altari
1520 1361 1624 1415 Dei
1658 1378 1816 1431 esse,

142 1441 263 1495 nisi
297 1441 554 1512 Spiritus
584 1444 875 1515 gratiam?
896 1445 1029 1500 Non
1051 1447 1250 1518 utique
1269 1448 1492 1520 lignum
1512 1450 1815 1519 silvarum,

141 1544 259 1584 nec
296 1529 600 1602 fuliginem
627 1535 802 1604 atque
835 1534 1170 1590 carbonem.
1196 1540 1311 1591 Aut
1341 1538 1481 1608 quid
1514 1541 1629 1592 tam
1658 1540 1819 1609 pium

142 1632 333 1688 quam
365 1621 427 1673 ut
471 1621 798 1675 secundum
854 1625 1202 1695 mysterium
1252 1625 1651 1699 intelligamus
1683 1629 1820 1699 quia

144 1706 530 1763 revelabatur
548 1709 607 1763 in
629 1726 730 1765 ore
751 1710 922 1767 Isaiae
947 1728 1152 1768 omnes
1175 1714 1446 1770 homines
1466 1732 1571 1786 per
1591 1719 1819 1788 passio-

140 1810 279 1851 nem
310 1795 537 1852 Christi
556 1814 693 1853 esse
714 1801 1079 1873 purgandos,
1097 1804 1198 1874 qui
1218 1804 1378 1859 velut
1399 1805 1579 1859 carbo
1604 1822 1820 1861 secun-

143 1884 284 1939 dum
335 1901 576 1941 carnem
613 1889 844 1943 exussit
875 1893 1077 1945 nostra
1118 1897 1379 1963 peccata,
1414 1894 1568 1948 sicut
1606 1896 1665 1949 in
1708 1896 1817 1949 Za-

145 1972 352 2029 charia
385 1974 573 2030 habes
598 1991 610 2030 :
649 2000 672 2023 α
707 1977 916 2034 Nonne
946 1979 1043 2034 hic
1064 1982 1189 2035 titio
1212 1980 1442 2052 ejectus
1464 1984 1538 2037 ab
1556 1983 1725 2056 igni?
1748 1985 1818 2039 Et

138 2062 239 2119 ille
274 2067 402 2118 erat
429 2064 613 2121 Jesus
656 2066 897 2122 indutus
941 2070 1292 2125 vestimenta
1334 2072 1574 2126 sordida
1612 2073 1814 2143 (Zacli.

144 2168 227 2223 nx,
263 2153 319 2222 2,
353 2152 432 2222 3).
469 2176 492 2201 ιι

205 2240 341 2297 116.
377 2242 641 2315 Denique
687 2247 749 2300 ut
777 2244 1042 2302 sciamus
1076 2249 1406 2303 communis
1440 2250 1551 2305 hoc
1583 2251 1817 2307 redem-

140 2330 374 2399 ptionis
390 2333 731 2402 mysterium
744 2350 849 2405 per
859 2335 1179 2406 prophetas
1194 2337 1637 2394 evidentissima
1654 2355 1819 2396 reve-

138 2418 346 2488 latum,
380 2421 555 2476 etiam
586 2421 700 2477 hoc
729 2423 861 2479 loco
884 2424 1071 2479 babes
1089 2425 1308 2480 dictum
1334 2442 1346 2481 :
1388 2451 1409 2474 ι-
1437 2427 1589 2482 Ecce
1612 2429 1819 2483 abstu-

138 2508 200 2562 lit
232 2514 484 2579 peccata
513 2513 610 2565 tua
639 2511 817 2580 (Ibid.
849 2513 906 2581 4)
938 2529 951 2569 :
989 2534 1012 2563 ι
1047 2530 1165 2569 non
1188 2515 1345 2586 quod
1373 2516 1648 2571 Christus
1681 2534 1817 2588 pec-

136 2601 265 2651 cata
299 2613 412 2652 sua
441 2598 781 2670 deponeret,
817 2602 918 2673 qui
964 2607 1270 2673 peccatum
1318 2622 1436 2660 non
1469 2606 1644 2677 fecit;
1706 2608 1813 2661 sed

137 2686 301 2756 quod
330 2688 395 2742 in
425 2703 601 2743 carne
647 2688 869 2744 Christi
898 2706 1069 2747 omne
1100 2708 1131 2747 a
1163 2695 1426 2763 peccatis
1460 2695 1588 2749 suis
1620 2711 1815 2767 genus

136 2775 560 2832 absolveretur
586 2777 926 2835 humanum.

209 2865 342 2921 115.
375 2864 491 2920 Sec
522 2866 753 2922 etiamsi
782 2868 1092 2940 Seraphim
1114 2870 1462 2927 abstulisset
1485 2876 1813 2945 peceatum,

137 2954 314 3027 quasi
345 2969 529 3009 unum
562 2956 759 3027 utique
791 2957 864 3012 de
896 2958 1186 3014 ministris
1235 2960 1342 3014 Dei
1388 2962 1459 3016 ad
1509 2961 1623 3018 hoc
1652 2966 1818 3019 esset

137 3043 491 3115 mysterium
520 3044 896 3102 destinatum.
912 3047 1011 3103 Sic
1031 3050 1187 3104 enim
1210 3049 1357 3104 dixit
1372 3050 1558 3106 Isaias
1582 3067 1594 3107 :
1620 3076 1642 3100 α
1667 3052 1816 3119 Quia

137 3133 397 3188 missum
453 3136 546 3189 est
582 3134 654 3189 ad
712 3150 805 3191 me
854 3151 1035 3193 unum
1065 3138 1138 3193 de
1195 3138 1506 3211 Seraphim
1535 3140 1676 3211 (Isa.
1708 3143 1811 3213 v1),

134 3220 206 3291 δ).
245 3245 269 3271 ..

781 3348 1034 3405 CAPUT
1062 3350 1164 3405 XI.

144 3488 437 3564 Spiritum
483 3489 559 3546 ad
604 3505 806 3564 omnes
836 3494 1015 3562 mitti,
1052 3510 1160 3549 nec
1193 3496 1459 3551 transire
1491 3511 1570 3550 ex
1596 3495 1723 3552 loco
1753 3497 1813 3551 in

207 3563 395 3636 alium,
422 3579 599 3636 :chm
632 3579 741 3617 nec
772 3563 917 3633 loco,
944 3581 1052 3619 nec
1102 3571 1364 3636 tempore
1406 3567 1812 3624 concludatur.

210 3634 315 3709 Sic
374 3635 566 3709 igitur
620 3650 749 3688 eum
798 3637 970 3691 exire
1021 3653 1052 3690 α
1092 3634 1275 3707 Filio,
1312 3643 1370 3691 ut
1402 3640 1530 3709 ipse
1561 3638 1753 3693 Filius
1782 3656 1813 3694 a

210 3705 423 3776 Patre,
467 3706 544 3778 in
576 3721 684 3778 quo
728 3721 965 3777 semper
991 3714 1189 3762 manet
1223 3705 1382 3763 {sed
1414 3705 1678 3764 eumdem
1717 3728 1811 3765 vc-

211 3778 348 3849 nire
378 3776 723 3845 nobis—cum
754 3776 943 3849 ipsum
992 3780 1333 3849 recipimus.
1370 3780 1596 3835 Eodem
1629 3783 1809 3835 etiam

210 3848 381 3903 modo
406 3849 616 3926 venire
634 3863 741 3920 quo
754 3848 944 3904 Pater
966 3848 1173 3923 ipse,’a
1189 3867 1296 3923 quo
1316 3867 1589 3922 separari
1605 3868 1815 3926 nequa-

213 3936 381 3993 quam
403 3925 626 3991 potest.

216 4043 338 4098 116.
370 4042 567 4115 [Alias
594 4059 721 4114 cap.
754 4043 856 4117 X.]
902 4044 972 4099 Et
1011 4043 1266 4115 Spiritus
1315 4046 1554 4117 quidem
1585 4049 1811 4103 missus

143 4132 567 4200 dieitur(Joan.
592 4133 791 4204 xv1,'7)
824 4149 836 4188 :
868 4135 972 4189 sed
1007 4134 1316 4204 Seraphim
1337 4135 1409 4189 ad
1442 4153 1642 4206 unum,
1675 4138 1811 4208 Spi-

144 4222 295 4275 ritus
322 4223 391 4276 ad
422 4238 630 4277 omnes
665 4238 677 4277 :
714 4222 1023 4293 Seraphim
1046 4224 1290 4278 mittitur
1310 4224 1369 4277 in
1392 4225 1807 4298 ministerium,

143 4308 395 4379 Spiritus
418 4315 695 4381 operatur
716 4312 1060 4381 mysterium
1088 4328 1100 4366 :
1135 4312 1444 4382 Seraphim
1469 4315 1624 4385 quod
1644 4314 1812 4393 jube-

141 4401 261 4467 tur,
277 4401 635 4471 exsequitur,
651 4400 905 4470 Spiritus
923 4401 1080 4473 quod
1102 4402 1243 4469 vult,
1266 4402 1471 4456 dividit
1492 4403 1547 4470 (Ι
1562 4403 1806 4474 Cor.xu,

146 4486 237 4556 11)
272 4503 284 4541 :
312 4488 618 4558 Seraphim
648 4488 718 4543 de
751 4490 883 4544 loco
905 4491 976 4544 ad
1009 4490 1200 4544 locum
1220 4493 1429 4544 transit
1457 4507 1467 4545 :
1502 4508 1618 4546 non
1652 4494 1809 4549 enim

147 4577 394 4646 complet
423 4579 641 4648 omnia,
686 4579 791 4632 sed
842 4582 899 4633 et
934 4580 1126 4648 ipsum
1150 4579 1411 4649 repletur
1431 4580 1504 4634 ab
1536 4582 1755 4651 Spiritu
1794 4600 1805 4638 :

1934 669 2257 723 possumus
2288 658 2601 727 aestimare,
2629 659 2700 713 de
2723 676 2837 730 quo
2861 660 3002 715 dicit
3025 660 3212 716 Filius
3236 662 3341 717 Dei
3366 678 3379 719 :
3411 685 3433 711 α
3458 662 3606 719 Cum

1934 744 2159 797 venerit
2180 744 2521 801 Paracletus
2541 747 2794 817 Spiritus
2808 750 3095 818 veritatis,
3112 767 3287 822 quem
3309 767 3423 825 ego
3438 753 3601 809 mitto

1934 833 2108 886 vobis
2141 834 2239 904 qui
2269 850 2300 887 a
2332 836 2504 889 Patre
2530 838 2795 907 procedit
2824 839 3014 909 (Joan.
3054 857 3153 908 xv,
3186 840 3296 910 26).
3338 862 3359 889 ι

2007 939 2127 995 11⁵7.
2155 940 2380 995 Etenim
2413 942 2464 996 si
2494 943 2565 997 de
2589 944 2718 999 loco
2776 946 3044 1015 procedit
3098 946 3373 1018 Spiritus,
3426 950 3482 1003 et
3531 949 3602 1004 ad

1936 1028 2127 1082 locum
2163 1032 2405 1099 transit;
2448 1034 2504 1086 et
2534 1032 2661 1102 ipse
2703 1035 2873 1088 Pater
2903 1035 2963 1088 in
2994 1034 3124 1090 loco
3166 1036 3521 1107 invenietur,
3548 1041 3606 1093 et

1938 1116 2143 1173 Filius.
2170 1120 2229 1173 Si
2280 1120 2351 1174 de
2385 1121 2514 1176 loco
2547 1123 2685 1191 exit,
2728 1138 2904 1194 quem
2946 1124 3118 1179 Pater
3148 1125 3336 1194 mittit,
3371 1130 3467 1180 aut
3500 1126 3601 1181 Fi-

1934 1205 2071 1278 lius,
2122 1209 2322 1279 utique
2382 1210 2491 1280 (80)
2543 1211 2614 1284 de
2662 1212 2792 1266 loco
2843 1213 3141 1267 transiens
3200 1213 3453 1284 Spiritus
3503 1216 3593 1269 at-

1936 1311 2049 1368 que
2099 1299 2511 1369 progrediens,
2572 1283 2628 1354 et
2674 1302 2908 1356 Patrem
2939 1303 3093 1356 sicut
3125 1318 3343 1373 corpus
3376 1319 3597 1358 secun-

1934 1385 2073 1439 dum
2118 1387 2329 1457 impias
2360 1388 2873 1461 interpretationes
2895 1392 3231 1465 relinquere
3252 1392 3488 1449 videtur
3533 1394 3591 1447 et

1936 1473 2168 1530 Filium.

2009 1580 2129 1638 118.
2166 1583 2291 1639 Hoc
2324 1587 2650 1642 secundum
2681 1602 2787 1661 eo_s
2815 1584 3049 1661 loquor,
3081 1588 3179 1661 qui
3213 1588 3413 1643 dicunt
3442 1588 3599 1660 quod

1932 1670 2141 1726 habeat
2167 1674 2422 1742 Spiritus
2444 1656 3162 1731 descensoriuzn'motum.
3182 1677 3296 1732 Sed
3325 1693 3519 1748 neque
3545 1677 3607 1732 in

1931 1760 2063 1815 loco
2084 1761 2282 1833 aliquo
2316 1762 2487 1817 Pater
2515 1764 3043 1834 circumscribitur,
3070 1757 3215 1822 625
3249 1767 3348 1838 qui
3384 1769 3476 1822 est
3497 1782 3605 1822 su-

1930 1865 2038 1920 per
2069 1852 2281 1921 omnia,
2308 1868 2424 1906 non
2456 1852 2649 1907 solum
2681 1869 2984 1923 corporeae
3019 1857 3263 1925 naturae,
3298 1855 3405 1910 sed
3429 1856 3607 1910 etiam

1850 1928 1894 1985 Β
1932 1940 2258 1995 invisibilis
2291 1945 2575 1996 creaturae
2598 1942 2711 2013 (81)
2735 1958 2747 1996 :
2781 1959 2972 2014 neque
2996 1942 3182 1998 Filius
3206 1961 3451 1999 suorum
3470 1961 3608 2016 ope-

1931 2030 2224 2085 rumlocis
2245 2030 2731 2101 temporibusque
2756 2032 3146 2101 concluditur,
3164 2034 3262 2103 qui
3288 2049 3469 2103 super
3482 2050 3604 2089 om-

1933 2134 2067 2173 nem
2116 2122 2207 2173 est
2238 2122 2565 2173 creaturam
2597 2120 2773 2174 totius
2807 2119 3008 2190 opifex
3040 2124 3326 2176 creaturae
3359 2138 3371 2176 :
3405 2138 3598 2193 neque

1934 2207 2191 2277 Spiritus
2220 2207 2507 2277 veritatis,
2544 2211 2741 2278 utpote
2784 2207 2884 2262 Dei
2927 2208 3194 2278 spiritus,
3222 2210 3604 2265 circumscri-

1930 2296 2091 2351 bitur
2121 2296 2420 2366 aliquibus
2452 2296 2671 2350 ﬁnibus
2704 2296 3118 2366 corporalibus
3152 2313 3164 2352 :
3201 2299 3299 2368 qui
3346 2314 3478 2356 cum
3529 2298 3609 2353 sit

1930 2387 2318 2457 ineorpereus
2373 2386 2538 2456 (Sep.
2592 2402 2693 2453 vn,
2749 2383 2861 2454 23),
2905 2400 3137 2440 omnem
3170 2386 3603 2458 intelligibilem

1931 2475 2280 2530 substantiae
2329 2477 2658 2529 creaturam
2709 2474 3091 2528 inenarrabili
3124 2475 3446 2531 divinitatis
3476 2477 3607 2548 plc-

1931 2564 2195 2618 nitudine
2228 2564 2650 2634 supereminet,
2685 2562 2950 2633 spirandi
2985 2563 3083 2618 ubi
3112 2564 3254 2618 velit
3286 2564 3477 2634 (Joan.
3512 2583 3594 2636 in,

1930 2653 2003 2722 8),
2040 2656 2095 2707 et
2116 2652 2443 2723 inspirandi
2475 2652 2768 2725 quomodo
2801 2652 2960 2723 velit,
3008 2652 3236 2708 habens
3259 2669 3440 2724 super
3477 2669 3606 2709 om-

1930 2742 2025 2797 nia
2048 2744 2419 2814 potestatem.

2002 2848 2124 2904 110.
2158 2850 2289 2903 Non
2331 2864 2476 2922 ergo
2506 2847 2678 2920 quasi
2716 2863 2791 2902 ex
2840 2847 2972 2903 loco
3022 2847 3268 2903 mittitur
3314 2848 3589 2920 Spiritus,

1929 2942 2028 2994 aut
2058 2939 2230 3011 quasi
2268 2954 2340 2993 ex
2363 2938 2496 2993 loco
2530 2937 2813 3007 procedit,
2838 2936 3074 3009 quando
3104 2938 3371 3008 procedit
3390 2939 3503 3009 (82)
3522 2955 3596 2994 ex

1929 3028 2100 3096 Filio,
2136 3028 2289 3082 sicut
2320 3028 2448 3098 ipse
2478 3026 2665 3081 Filius
2699 3042 2831 3081 cum
2860 3027 3002 3082 dicit
3034 3043 3044 3081 :
3084 3049 3105 3073 ιι
3144 3027 3227 3083 De
3258 3028 3430 3083 Patre
3460 3044 3604 3099 pro-

1931 3118 2092 3172 cessi
2121 3120 2177 3171 et
2220 3116 2355 3171 veni
2385 3116 2445 3170 in
2485 3115 2768 3170 mundum
2808 3116 2997 3185 (Joan.
3031 3132 3155 3185 vm,
3191 3116 3302 3185 42),
3340 3139 3362 3164 ι»
3398 3131 3606 3171 omnes

1930 3207 2205 3262 interficit
2227 3205 2559 3276 Opiniones,
2586 3220 2718 3275 quae
2747 3220 2821 3258 ex
2842 3204 2974 3259 loco
3003 3204 3075 3258 ad
3106 3204 3303 3259 locum
3320 3208 3593 3275 possunt,

1846 3292 1897 3355 C
1929 3298 2084 3351 sicut
2105 3297 2165 3350 in
2187 3295 2487 3366 aliquibus
2510 3293 2942 3364 corporalibus,
2977 3293 3279 3348 aestimari.
3313 3293 3597 3348 Similiter

1928 3389 2121 3440 autem
2154 3401 2285 3439 cum
2308 3388 2406 3438 aut
2444 3384 2600 3437 intus
2639 3386 2736 3437 aut
2766 3382 2913 3437 foris
2943 3383 3199 3455 legimus
3231 3382 3416 3438 Deum
3434 3397 3593 3454 esse,

1928 3491 2046 3530 non
2076 3475 2276 3545 utique
2310 3475 2495 3528 Deum
2525 3475 2623 3527 aut
2660 3474 2812 3526 intra
2860 3471 3097 3543 aliquod
3147 3488 3364 3542 corpus
3408 3472 3593 3527 inclu-

1928 3565 2122 3619 dimus
2152 3565 2285 3634 (83),
2318 3567 2416 3617 aut
2446 3563 2518 3616 ab
2551 3562 2749 3633 aliquo
2782 3577 3029 3631 corpore
3070 3576 3419 3631 separamus
3444 3581 3461 3615 :
3493 3562 3601 3616 sed

1927 3653 2040 3707 alta
2062 3653 2175 3707 hoe
2208 3657 2265 3707 et
2297 3652 2674 3707 inenarrabili
2718 3650 3107 3704 mstimatione
3147 3652 3489 3720 pensantes,
3515 3650 3602 3705 di-

1927 3744 2082 3797 vium
2114 3746 2337 3795 natura:
2364 3741 2748 3811 intelligimus
2775 3755 3075 3794 arcanum.

2000 3868 2123 3921 19.0.
2158 3867 2422 3938 Denique
2456 3867 2532 3921 ita
2556 3865 2845 3936 sapientia
2880 3880 2955 3920 ex
2992 3880 3094 3920 ore
3131 3862 3425 3919 Altissimi
3456 3880 3598 3935 pro-

1926 3957 2111 4011 diisse
2135 3973 2201 4011 se
2233 3957 2373 4010 dicit
2395 3956 2608 4023 (Eccli.
2632 3973 2795 4025 XXIV,
2829 3956 2904 4024 5),
2937 3970 3055 4009 non
3085 3957 3146 4008 ut
3175 3957 3342 4008 extra
3366 3955 3602 4009 Patrem

1926 4046 2022 4114 sit,
2075 4046 2183 4099 sed
2229 4045 2382 4115 apud
2435 4045 2686 4113 Patrem,
2739 4044 2878 4114 quia
2913 4064 2935 4093 α
2984 4043 3244 4097 Verbum
3276 4045 3401 4098 erat
3439 4043 3595 4113 apud

1926 4134 2111 4189 Deum
2168 4135 2378 4203 (Joan.
2428 4152 2467 4201 l,
2527 4133 2632 4202 4);
2664 4156 2685 4179 η
2731 4149 2840 4187 nec
2896 4132 3090 4187 solum
3149 4132 3304 4202 apud
3345 4132 3597 4201 Patrem,

1926 4224 2032 4278 sed
2065 4223 2235 4277 etiam
2269 4223 2328 4277 in
2363 4223 2555 4276 Patre.
2600 4222 2751 4276 Dicit
2782 4222 2974 4276 enim:
3017 4242 3038 4271 ι
3062 4221 3190 4292 Ego
3223 4221 3281 4274 in
3314 4220 3503 4290 Patre,
3536 4222 3593 4275 et

1925 4312 2100 4366 Pater
2119 4313 2178 4366 in
2202 4327 2293 4366 me
2312 4315 2404 4366 est
2424 4313 2619 4379 (Joau.
2640 4328 2762 4381 xw,
2797 4310 2909 4381 10),
2936 4333 2958 4359 η
2997 4310 3113 4366 Sed
3146 4325 3338 4381 neque
3364 4325 3498 4365 cum
3527 4309 3599 4363 de

1926 4402 2096 4456 Patre
2126 4401 2265 4469 exit,
2300 4402 2372 4455 de
2404 4401 2536 4456 loco
2567 4401 2809 4469 recedit,
2835 4403 2934 4455 aut
2974 4399 3143 4470 quasi
3168 4414 3437 4468 eorpusa
3470 4412 3600 4451 cor-

1924 4507 2066 4561 pore
2096 4494 2450 4561 separatur:
2496 4506 2687 4561 neque
2737 4506 2870 4543 cum
2929 4488 2990 4542 in
3049 4488 3221 4540 Patre
3269 4489 3384 4555 est,
3426 4484 3600 4555 quasi

1924 4581 1982 4634 in
2039 4597 2285 4652 corpore
2332 4583 2607 4651 tanquam
2666 4595 2884 4649 corpus
2934 4576 3272 4630 includitur.
3323 4573 3578 4644 Spiritus

145 4663 450 4736 Seraphim
479 4667 787 4723 descendit
807 4684 941 4721 cum
972 4667 1169 4738 aliquo
1191 4668 1521 4723 secundum
1543 4675 1809 4725 naturam
1839 4656 1888 4717 Ι)
1923 4686 2158 4741 quoque
2207 4672 2449 4723 sanctus
2502 4684 2634 4722 cum
2692 4667 2956 4738 procedit
3010 4682 3044 4719 a
3103 4665 3275 4718 Patre
3318 4665 3374 4717 et
3422 4661 3592 4730 Filio,

146 4806 431 4881 legiturin
458 4811 628 4864 Rom.
655 4810 815 4873 edit.,
845 4828 997 4864 num.
1018 4810 1359 4881 poluit.Sed
1391 4825 1508 4865 non
1534 4811 1809 4868 minimus

145 4880 380 4956 timendi
410 4882 581 4936 locus
612 4884 723 4950 est,
756 4897 828 4935 nc
873 4880 1087 4953 ubique
1121 4882 1217 4936 hie
1274 4882 1444 4937 locus
1495 4889 1808 4956 corruptus

148 4949 444 5007 habeatur.

222 5022 327 5095 ΠΒ)
361 5024 602 5078 Amerb.
630 5026 803 5094 atque
834 5024 1027 5092 Eras.,
1063 5039 1215 5095 eum,
1244 5039 1392 5078 mss.
1427 5040 1545 5079 non
1576 5026 1804 5095 paucis.

152 5114 173 5133 ο
195 5092 333 5166 _.\’on
364 5099 559 5150 autem
593 5092 749 5166 quod
801 5111 916 5149 non
950 5098 1143 5165 potest
1188 5094 1428 5164 donare,
1464 5092 1595 5150 non
1613 5100 1809 5166 potest

146 5163 342 5219 vitare.
372 5192 393 5210 η
420 5163 738 5235 Pet-peram
765 5181 779 5233 ;
804 5166 854 5220 si
889 5163 1123 5237 quidem
1166 5166 1320 5220 idem
1369 5163 1590 5221 sensus
1613 5163 1805 5237 'cssct,

146 5249 217 5285 ac
245 5239 292 5289 si
321 5238 705 5302 scriberetur,
740 5253 947 5292 omnes
969 5238 1125 5308 quod
1150 5254 1266 5291 non
1296 5242 1550 5307 possunt
1565 5239 1805 5308 donare,

148 5312 391 5380 possunt
412 5310 624 5363 vitare.
658 5309 870 5362 Melius
902 5325 1046 5380 ergo
1068 5309 1199 5362 Gill.
1223 5324 1354 5363 eum
1379 5310 1627 5380 reliquis
1659 5327 1805 5364 mss.

148 5380 213 5451 ut
237 5378 291 5451 in
318 5384 617 5435 contextu.
654 5380 858 5451 Neque
892 5378 1094 5433 abhis
1129 5380 1427 5449 discrepat
1462 5378 1636 5434 Rom.
1668 5382 1806 5435 edit.

148 5446 254 5523 nisi
285 5451 440 5521 quod
474 5452 734 5523 geminat
764 5446 1210 5523 negationem...
1249 5474 1271 5498 ‹‹
1306 5446 1423 5505 non
1457 5455 1653 5522 potest
1691 5468 1810 5506 non

150 5520 377 5576 evitare.
410 5548 430 5569 ιο

220 5592 319 5660 (79)
340 5592 561 5648 Omnes
585 5594 746 5662 edit.,
779 5618 799 5639 η
827 5597 883 5648 et
910 5594 1219 5648 abstulit...
1248 5594 1804 5666 circumpurgabit,»

151 5674 341 5717 omnes
374 5681 547 5731 mss.,
589 5688 609 5710 ιε
645 5668 700 5720 et
750 5666 1046 5719 auferet...
1101 5666 1608 5736 circumpurgabit
1641 5682 1652 5720 :
1694 5690 1714 5712 »ι
1751 5666 1810 5718 in

150 5746 253 5797 qna
274 5752 406 5790 cum
436 5736 693 5793 Hebraeo
727 5740 782 5792 et
812 5736 1195 5793 versionibus
1218 5737 1447 5793 Graecxs
1472 5753 1540 5791 ac
1582 5737 1811 5792 Latinis

152 5808 535 5864 consentiunt.

1993 4813 2106 4881 (80)
2146 4813 2243 4867 Sic
2286 4828 2492 4869 omnes
2545 4810 2680 4865 edit.
2715 4825 2785 4863 ac
2835 4824 2982 4881 mss.
3018 4808 3240 4881 aliquot
3274 4805 3420 4881 :_a_li_i
3449 4821 3596 4863 vero

1921 4877 2150 4954 partim,
2183 4906 2203 4932 α
2241 4884 2316 4936 ita
2349 4888 2409 4937 ut
2442 4883 2625 4954 Filius
2653 4897 2664 4935 :
2704 4905 2725 4927 »
2763 4880 2994 4954 partim,
3043 4877 3179 4954 «ita
3209 4881 3267 4933 et
3296 4877 3481 4933 Filius
3516 4894 3529 4934 :
3568 4901 3591 4926 ι»

1921 4951 1979 5009 at
2000 4971 2105 5026 pro
2141 4956 2335 5026 utique
2358 4969 2574 5026 omnes
2587 4952 2795 5026 _t_‘crme_
2813 4951 3290 5026 habent,_itaque.

1992 5020 2104 5094 (8|)
2154 5020 2299 5079 Ms's.
2358 5024 2662 5087 nonnulli,
2727 5022 3105 5076 «invisibilis
3155 5025 3448 5094 natura)...
3488 5020 3591 5091 qui

1922 5113 2103 5166 super
2134 5112 2363 5150 omnem
2420 5098 2512 5148 est
2562 5095 2879 5149 cicationis
2911 5094 3091 5148 totius
3125 5093 3327 5163 opifex
3357 5096 3593 5147 creatu-

1922 5186 1982 5221 l'll
1993 5186 2043 5220 Ill
2055 5210 2065 5221 .
2115 5193 2134 5214 η

1992 5227 2103 5308 (82)
2155 5238 2510 5293 Ambrosius
2552 5238 2648 5292 hic
2680 5241 2735 5291 ct
2784 5237 2897 5291 sub
2932 5238 3104 5291 tinem
3138 5236 3457 5308 sequentis
3478 5251 3594 5289 nu-

1920 5307 2086 5377 meri,
2104 5315 2163 5363 ut
2188 5310 2573 5387 missionnem
2598 5309 2976 5387 temporalem
2996 5308 3250 5387 Spiritus
3267 5307 3587 5387 signiticet,

1919 5376 2157 5457 adhibet
2178 5376 2764 5457 verbumprocedefe
2782 5396 2795 5435 :
2810 5395 2991 5457 quare
3008 5376 3223 5457 mirum
3250 5376 3593 5457 estEstium

1922 5454 1980 5506 in
2014 5453 2115 5527 lib.
2142 5453 2373 5527 rSent.,
2403 5447 2538 5527 dist.
2573 5453 2793 5527 tl._ista
2828 5447 3129 5527 fseripisse
3156 5466 3177 5527 :_
3216 5447 3591 5527 «Sciendum

1920 5540 2037 5578 non
2064 5523 2232 5578 facile
2266 5520 2514 5593 reperiri
2536 5524 2692 5593 apud
2742 5524 2975 5589 Patres,
3012 5520 3314 5593 utimissio
3340 5520 3597 5593 Spiritus

1921 5596 2111 5648 sancti
2141 5587 2377 5649 nomine
2428 5587 2843 5666 processionis
2902 5587 3292 5663 significetur,
3341 5587 3591 5656 praeter-

1920 5682 2093 5736 quam
2120 5667 2270 5735 apud
2298 5667 2536 5720 Bcdam.
2574 5690 2594 5713 ι»
2623 5668 2734 5738 etc.
2895 5734 2932 5738 __
3078 5732 3094 5738 _
3385 5728 3395 5738 ,

1991 5738 2101 5803 (8:3)
2134 5726 2381 5802 Quidam
2414 5754 2587 5808 mss.,
2631 5760 2651 5783 ι‹
2688 5736 2842 5791 intra
2861 5732 3096 5806 aliquod
3130 5742 3349 5804 corpus
3381 5726 3594 5808 imple:

1918 5825 2070 5864 Inus.
2101 5834 2120 5856 υ
