4090 6174
535 355 768 421 763·

1984 350 2049 414 S.
2094 349 2246 415 AM]

2363 348 2539 414 DSII.
3693 399 3696 406 -
3814 351 3902 418 764

537 557 656 614 non
685 561 993 630 separatur
1021 575 1053 613 a
1074 558 1269 628 Patre,
1295 573 1412 613 non
1435 559 1743 630 separatur
1761 573 1795 612 a
1813 555 1982 612 Filio.
2000 555 2209 622 Quem-
2235 557 2296 620 Α
2325 554 2560 610 Christo
2593 554 2780 624 (Rom.
2812 516 2854 624 i,
2886 555 2966 624 Ἴ).
3004 577 3026 604 υ
3062 554 3218 610 Ecce
3247 553 3524 610 habemus
3544 555 3668 626 quia
3690 555 3906 612 Patriset

539 649 854 705 admodum
925 649 1082 702 enim
1159 647 1426 718 separari
1499 651 1695 718 potest
1759 664 1792 702 a
1851 648 2046 717 Patre,
2105 645 2209 716 qui

541 738 798 809 Spiritus
819 739 942 793 oris
967 737 1099 810 ejus
1129 741 1220 793 est
1240 737 1428 808 (Psal.
1461 737 1717 806 xxvn,6)
1738 738 1765 792 ‘2
1811 735 1980 800 Quod
2011 735 2210 806 utique

541 833 598 882 et
629 829 972 883 aeternitatis
1003 829 1307 898 indicium,
1330 830 1387 882 et
1415 825 1737 882 divinitatis
1771 817 2046 896 exprimit
2075 822 2210 878 uni-

541 921 739 974 tatem.

613 1007 735 1062 121.
771 1008 877 1062 Est
911 1023 1056 1080 ergo
1079 1011 1137 1062 et
1167 1009 1360 1063 manet
1391 1021 1648 1077 semper,
1683 1005 1784 1076 qui
1821 1004 1944 1060 oris
1969 1004 2061 1057 est
2088 1001 2217 1073 Spi-

540 1097 712 1167 ritus,
735 1097 842 1152 sed
862 1098 1226 1152 descendere
1250 1097 1503 1166 videtur,
1522 1111 1655 1150 cum
1678 1095 1842 1148 illum
1865 1093 2214 1162 recipimus,

546 1191 610 1242 ut
652 1187 874 1242 habitet
931 1187 990 1240 in
1040 1187 1216 1242 nobis
1263 1203 1277 1256 ;
1313 1202 1386 1241 ne
1427 1201 1538 1240 nos
1571 1186 1762 1238 simus
1791 1199 1825 1236 a
1854 1183 2040 1254 gratia
2085 1180 2220 1251 ejus

550 1279 746 1332 alieni.
763 1277 954 1332 Nobis
973 1277 1340 1332 descendere
1364 1275 1614 1344 videtur,
1641 1289 1759 1328 non
1781 1272 1936 1344 quod
1962 1271 2058 1326 ille
2080 1269 2222 1324 des-

553 1367 781 1438 cendat,
816 1368 923 1424 scd
952 1367 1112 1439 quod
1141 1366 1212 1420 ad
1239 1367 1402 1420 illum
1429 1366 1661 1420 animus
1692 1366 1898 1418 noster
1919 1359 2220 1416 ascendat.

553 1457 639 1512 De
698 1473 814 1528 quo
847 1457 1080 1527 plenius
1110 1456 1468 1525 diceremus,
1495 1453 1612 1509 nisi
1653 1451 2135 1508 meminissemus
2165 1448 2226 1502 in

551 1546 724 1622 libris
749 1546 874 1618 jam
907 1545 1318 1616 superioribus
1339 1545 1464 1614 (lib.
1496 1561 1534 1597 v
1555 1543 1628 1599 de
1659 1541 1830 1610 Fide,
1871 1556 2000 1610 cap.
2031 1538 2086 1609 '7)
2115 1552 2226 1608 po-

557 1635 734 1690 situm
791 1637 948 1706 quod
1005 1639 1062 1690 et
1116 1637 1290 1689 Pater
1329 1633 1542 1689 dixerit
1575 1648 1587 1688 :
1627 1655 1649 1680 «
1688 1629 2134 1686 Descendamus
2172 1628 2230 1681 et

559 1725 994 1780 confundamus
1022 1725 1260 1797 linguas
1285 1739 1487 1780 eorum
1511 1721 1684 1792 (Gen.
1719 1737 1802 1787 χι,
1833 1719 1888 1788 ’7)
1915 1734 1927 1773 :
1963 1719 2020 1772 et
2041 1715 2228 1770 Filius

559 1815 810 1870 dixerit:
843 1837 864 1862 ‹ι
887 1813 994 1879 Qui
1017 1813 1209 1886 diligit
1232 1829 1348 1883 me,
1371 1827 1706 1868 sermonem
1721 1823 1916 1864 meum
1939 1805 2228 1874 servabit,

2328 643 2458 698 Filii
2481 661 2597 700 una
2620 647 2712 700 est
2742 644 2950 716 gratia,
2971 647 3028 700 et
3044 643 3236 699 Patris
3267 647 3322 698 et
3368 642 3494 698 Filii
3537 659 3645 698 una
3671 647 3752 700 est
3785 661 3907 716 pax:

2329 734 2435 788 sed
2477 733 2605 788 haec
2645 734 2832 806 gratia
2883 737 2939 788 et
2970 749 3084 804 pax
3132 733 3360 787 fructus
3391 734 3479 787 est
3505 731 3753 803 Spiritus,
3795 733 3911 788 sicut

2328 823 2458 894 ipse
2483 823 2806 894 Apostolus
2838 823 3038 878 docuit
3057 823 3264 878 dicens
3292 837 3305 877 :
3329 845 3349 869 ιι
3377 820 3618 876 Fructus
3635 823 3804 876 autem
3818 820 3914 892 Spi-

2329 912 2480 966 ritus
2511 914 2602 966 est
2634 911 2916 981 charitas,
2963 911 3265 984 gaudium,
3295 926 3428 982 pax,
3459 909 3715 981 patientia
3743 908 3912 979 (Galat.

2331 1018 2389 1072 v,
2423 1002 2536 1066 22).
2573 1025 2596 1049 ι»
2633 1001 2702 1055 Et
2734 1001 2890 1056 bona
2927 1017 3044 1072 pax
3083 1004 3141 1056 et
3169 999 3526 1068 necessaria,
3557 1001 3616 1054 ut
3641 1013 3791 1052 nemo
3823 997 3917 1052 dis-

2333 1091 2700 1162 putationum
2747 1091 3018 1146 tui-hetur
3072 1089 3337 1159 incertis,
3392 1103 3577 1160 neque
3638 1087 3918 1158 passionum

2337 1180 2735 1250 corporalium
2780 1178 2892 1250 (85)
2949 1182 3298 1250 tempestate
3347 1177 3671 1250 quatiatur:
3701 1175 3792 1230 sed
3817 1176 3922 1230 sim-

2337 1269 2593 1340 plicitate
2618 1269 2772 1334 fidei,
2809 1271 2866 1324 et
2895 1269 3312 1340 tranquillitate
3343 1265 3551 1322 mentis
3573 1265 3782 1337 quiet-us
3807 1263 3924 1318 circa

2339 1358 2445 1414 Dei
2479 1361 2700 1414 cuttum
2729 1362 3076 1429 perseveret
3106 1355 3376 1412 ati‘ectus.

2413 1448 2532 1502 121.
2567 1447 2651 1502 De
2681 1463 2826 1518 pace
2865 1447 3248 1518 probavimus
3283 1461 3296 1501 :
3331 1445 3403 1500 de
3433 1445 3616 1518 gratia
3643 1445 3810 1497 autem
3831 1457 3929 1512 pro-

2339 1537 2516 1608 pheta
2539 1537 2856 1591 Zacharias
2887 1535 3191 1608 dicit,quia
3222 1533 3495 1606 promisit
3517 1533 3666 1588 Deus
3691 1529 3926 1586 etl‘undere

2343 1626 2400 1680 in
2425 1626 2758 1680 Jerusalem
2779 1625 3060 1696 Spiritum
3077 1626 3282 1697 gratiae
3297 1625 3356 1679 et
3368 1617 3930 1689 misericordiie(Zacb.

2344 1732 2446 1784 xii,
2483 1715 2591 1785 10),
2635 1718 2692 1769 et
2729 1715 3040 1785 apostolus
3072 1715 3284 1769 Petrus
3317 1712 3461 1768 dicit
3493 1729 3504 1766 :
3540 1733 3562 1761 ai
3594 1707 3931 1764 Paenitentiam

2347 1805 2526 1876 agite,
2552 1807 2608 1858 et
2628 1804 2957 1874 baptizatur
2977 1803 3398 1874 unusquisque
3419 1803 3674 1856 vestrum
3693 1798 3744 1852 in
3760 1795 3936 1851 nomine

563 1907 618 1958 et
641 1905 814 1958 Pater
835 1919 1003 1958 meus
1035 1903 1240 1976 diliget
1269 1919 1402 1957 eum
1428 1917 1439 1957 :
1475 1904 1530 1956 et
1559 1901 1629 1955 ad
1655 1915 1788 1954 eum
1811 1897 2142 1965 veniemus,
2177 1895 2234 1949 et
2268 1887 2316 1948 Β
2350 1893 2581 1948 Domini
2606 1894 2749 1948 Jesu
2781 1893 3022 1964 Christi,
3059 1893 3118 1946 in
3148 1891 3568 1947 remissionem
3598 1890 3937 1959 peccatorum:

564 1993 934 2048 mansionem
963 1993 1116 2064 apud
1150 2007 1280 2047 eum
1306 1990 1593 2059 faciemus
1611 1991 1800 2057 (Joan.
1833 2003 1954 2055 xw,
1987 1983 2098 2054 23).
2135 2003 2158 2034 ι

638 2082 760 2137 122.
820 2082 919 2137 Sic
976 2082 1158 2154 igitur
1205 2080 1366 2136 venit
1422 2079 1698 2149 Spiritus,
1743 2072 2238 2148 quemadmodum

565 2172 728 2226 ve‘nit
757 2171 950 2242 Pater,
986 2171 1120 2242 quia
1154 2171 1252 2225 ubi
1287 2170 1460 2223 Pater
1509 2171 1621 2237 est,
1657 2166 1735 2220 ibi
1767 2167 1858 2220 est
1905 2167 1962 2218 et
2000 2161 2187 2216 Filius
2223 2176 2236 2215 :

569 2265 625 2318 et
647 2261 747 2314 ubi
780 2261 964 2316 Filius
999 2264 1110 2330 est,
1145 2260 1227 2314 ibi
1259 2263 1315 2314 et
1351 2257 1609 2328 Spiritus
1638 2257 1904 2310 sanctus.
1941 2252 2073 2306 Non
2095 2264 2240 2322 ergo

569 2350 824 2406 discrete
855 2350 1058 2405 venire
1105 2347 1489 2404 aestimandus
1522 2348 1614 2400 est
1655 2343 1911 2414 Spiritus
1972 2342 2240 2394 sanctus.

569 2440 745 2496 Venit
773 2443 964 2494 autem
998 2455 1114 2494 non
1147 2439 1218 2494 de
1250 2439 1382 2492 loco
1423 2435 1493 2490 ad
1526 2435 1741 2502 locum,
1777 2431 1884 2487 sed
1913 2446 1947 2484 a
1977 2427 2242 2499 disposi-

569 2530 730 2584 tione
754 2527 1194 2584 constitutionis
1215 2528 1285 2581 ad
1305 2519 2072 2600 gratiamsanctiﬁcationis,
2089 2519 2151 2572 ut
2173 2517 2245 2571 de

571 2619 750 2674 terris
808 2619 882 2672 ad
921 2617 1155 2686 coelum,
1207 2617 1278 2671 de
1336 2614 1554 2687 injuria
1584 2613 1652 2667 ad
1690 2611 1938 2684 gloriam
1979 2607 2113 2678 (84),
2175 2605 2246 2659 de

579 2707 824 2762 servitio
856 2707 929 2761 ad
961 2722 1211 2779 regnum
1240 2705 1576 2760 transferat.

650 2796 774 2851 123.
809 2795 908 2850 Sic
940 2811 1085 2870 ergo
1109 2795 1268 2850 venit
1284 2793 1560 2864 Spiritus,
1579 2785 2072 2862 quemadmodum
2089 2784 2252 2839 venit

581 2887 776 2940 Pater.
799 2885 957 2940 Dixit
987 2884 1141 2940 enim
1173 2883 1389 2938 Filius:
1426 2882 1554 2953 Ego
1585 2884 1642 2936 et
1674 2879 1846 2934 Pater
1871 2900 1892 2924 «ι
1919 2875 2248 2942 veniemus,

584 2979 642 3031 et
680 2975 1050 3030 mansionem
1071 2973 1223 3046 apud
1247 2988 1382 3028 eum
1400 2971 1708 3026 faciemus.
1729 2991 1750 3016 υ
1785 2963 2086 3037 Numquid
2117 2978 2253 3017 cor-

584 3065 865 3137 poraliter
909 3065 1084 3120 Pater
1109 3043 1346 3120 ivenit?
1399 3061 1496 3116 Sic
1528 3075 1674 3132 ergo
1725 3059 1782 3110 et
1810 3054 2066 3126 Spiritus
2106 3043 2250 3107 626

584 3155 766 3225 venit,
783 3157 843 3210 in
874 3169 990 3226 quo
1022 3169 1156 3209 cum
1179 3151 1362 3222 venit,
1379 3154 1434 3206 et
1454 3149 1645 3204 Patris
1677 3150 1734 3202 et
1755 3144 1888 3202 Filii
1907 3143 2079 3216 plena
2098 3156 2255 3212 prm-

589 3247 780 3302 sentia
813 3247 924 3302 est.

661 3336 784 3392 124.
819 3334 964 3401 Quis
993 3337 1187 3388 autem
1215 3333 1412 3404 potest
1441 3345 1474 3382 a
1501 3329 1674 3382 Patre
1711 3328 1768 3379 et
1796 3322 1946 3376 Filio
1977 3319 2258 3392 Spiritum

591 3428 864 3482 sanctum
886 3438 1187 3495 separare,
1221 3436 1353 3476 cum
1371 3418 1466 3474 vel
1487 3415 1788 3488 appellare
1821 3413 2049 3466 Patrem
2083 3412 2139 3464 et
2159 3407 2260 3463 Fi-

589 3516 735 3571 lium
767 3515 896 3570 sine
919 3513 1140 3584 Spiritu
1177 3526 1296 3566 non
1317 3522 1605 3581 queamus
1623 3506 1652 3560 ?
1687 3526 1708 3552 α
1735 3503 1922 3556 Nemo
1945 3499 2102 3554 enim
2123 3497 2264 3552 dicit

594 3605 908 3660 Dominum
927 3603 1154 3672 Jesum,
1187 3601 1302 3656 nisi
1335 3599 1394 3654 in
1417 3596 1638 3668 Spiritu
1669 3594 1875 3648 sancto
1907 3589 1963 3660 (Ι
1990 3589 2126 3644 Cor.
2157 3603 2262 3656 xu,

593 3695 670 3766 3).
709 3717 730 3745 ι
770 3694 928 3768 Ergo
954 3693 1008 3749 si
1037 3690 1332 3763 appellare
1382 3687 1696 3741 Dominum
1719 3683 1926 3738 Jesum
1971 3675 2266 3768 sineSpi-

595 3787 713 3842 ritu
769 3766 887 3840 non
916 3796 1264 3855 possumus,
1295 3778 1497 3850 utique
1527 3775 1660 3830 sine
1690 3769 1912 3842 Spiritu
1941 3766 2268 3839 praedicare

599 3891 718 3931 non
747 3887 1094 3945 possumus.
1157 3869 1220 3924 Si
1251 3871 1445 3923 autem
1475 3867 1534 3921 et
1558 3861 1758 3934 angeli
1790 3857 2114 3930 praedicant
2145 3855 2266 3910 Do—

599 3965 820 4020 minum
845 3963 1072 4030 Jesum,
1109 3974 1282 4032 quem
1308 3971 1482 4012 nemo
1513 3953 1710 4024 potest
1731 3949 1862 4003 sine
1875 3946 2096 4018 Spiritu
2126 3959 2272 4016 prae-

601 4054 822 4124 dicare,
854 4055 911 4108 et
943 4052 1004 4106 in
1034 4050 1184 4122 ipsis
1217 4063 1362 4120 ergo
1395 4043 1651 4116 Spiritus
1683 4036 1876 4094 sancti
1907 4051 2124 4090 munus
2143 4048 2275 4104 ope-

601 4145 782 4199 ratur.

674 4235 798 4290 125.
831 4231 1225 4288 Probavimus
1273 4227 1456 4300 igitur
1497 4239 1673 4280 unam
1697 4217 2078 4292 praesentiam
2108 4227 2269 4282 esse,

2352 1988 2410 2038 et
2437 1983 2742 2052 accipietis
2773 1982 3022 2054 gratiam
3051 1981 3308 2052 Spiritus
3350 1980 3540 2034 sancti
3567 1978 3712 2048 (Act.
3740 1992 3792 2044 ιι,
3816 1972 3900 2039 38).
3925 1993 3938 2017 ι

2353 2074 2512 2146 Ergo
2545 2074 2700 2127 sicut
2747 2071 2942 2126 Patris
2991 2073 3050 2126 et
3105 2068 3259 2140 Filii,
3313 2069 3392 2124 ita
3452 2070 3508 2122 et
3549 2065 3782 2136 Spiritus
3807 2059 3943 2116 sancti

2356 2163 2544 2236 gratia
2577 2165 2687 2216 est.
2715 2160 3022 2226 Quomodo
3052 2160 3210 2214 enim
3253 2158 3388 2213 sine
3411 2155 3628 2228 Spiritu
3658 2154 3825 2224 potest
3847 2163 3944 2203 esse

2359 2252 2566 2325 gratia,
2610 2266 2746 2305 cum
2783 2249 2970 2322 gratia
3019 2248 3217 2302 divina
3250 2247 3447 2303 omnis
3477 2246 3536 2300 in
3564 2243 3766 2314 Spiritu
3793 2240 3942 2293 sancto

2359 2342 2436 2396 sit
2463 2342 2492 2394 ἱ)

2432 2427 2562 2485 128.
2589 2427 2785 2502 [Alias
2807 2444 2935 2498 cap.
2968 2425 3118 2500 XIl.]
3136 2425 3262 2482 Nec
3283 2425 3482 2480 solum
3495 2438 3692 2495 pacem
3709 2417 3950 2490 etgratiam

2362 2519 2619 2590 legimus
2647 2518 2836 2572 Patris
2859 2521 2916 2572 et
2934 2517 3060 2572 Filii
3085 2519 3142 2571 et
3171 2515 3432 2586 Spiritus
3463 2513 3680 2579 sancti;
3710 2509 3801 2564 sed
3829 2505 3951 2561 etiam

2365 2609 2729 2676 charitatcm,
2755 2611 2812 2661 et
2842 2607 3338 2674 communionem,
3384 2603 3576 2660 ﬁdelis
3596 2600 3835 2670 Auguste
3859 2591 3952 2661 (86).

2367 2695 2450 2752 De
2483 2697 2765 2752 charitate
2817 2696 2970 2750 enim
3024 2695 3244 2749 dictum
3274 2696 3371 2748 est
3417 2709 3430 2748 :
3484 2715 3506 2738 ει
3557 2688 3738 2746 Gratia
3786 2679 3954 2738 Domini

2366 2787 2558 2842 nostri
2588 2787 2732 2842 Jesu
2763 2784 3003 2854 Christi,
3039 2785 3096 2838 et
3145 2783 3408 2838 charitas
3439 2780 3543 2835 Dei
3584 2777 3658 2848 (Il
3709 2775 3824 2830 Cor.
3871 2783 3956 2832 xm,
4022 2817 4023 2832 χ

2368 2875 2479 2947 13).
2509 2900 2530 2924 ιι
2571 2875 2929 2946 Accepimus
2969 2873 3315 2928 charitatem
3349 2869 3564 2926 Patris.
3596 2865 3792 2921 Eadem
3817 2855 3959 2914 chari-

2366 2967 2458 3020 tas
2482 2981 2614 3037 quae
2645 2963 2859 3032 Patris,
2913 2963 3088 3018 etiam
3134 2959 3264 3015 Filii
3295 2963 3411 3016 est.
3475 2959 3609 3029 Ipse
3654 2955 3794 3010 enim
3817 2947 3956 3037 dixit:

2373 3078 2395 3104 α
2430 3029 2543 3120 Qui
2562 3069 2654 3109 me
2686 3029 2898 3126 diligit,
2933 3052 3214 3124 diligetur
3240 3067 3274 3104 a
3309 3051 3485 3105 Patre
3515 3061 3663 3114 meo,
3685 3047 3736 3098 et
3762 3053 3857 3111 ego
3880 3029 3965 3126 dili-

2371 3160 2510 3216 εειπι
2531 3159 2665 3199 eum
2701 3124 2894 3213 (τῙοᾶηο
2928 3159 3050 3212 XIV,
3082 3141 3194 3211 21).
3233 3163 3255 3188 η
3293 3137 3440 3204 Quae
3481 3140 3574 3192 est
3601 3134 3748 3190 enim
3772 3124 3964 3216 charitas

2376 3209 2526 3302 Filii,
2560 3233 2678 3288 nisi
2705 3209 2848 3304 quia
2877 3247 2944 3287 se
2973 3209 3080 3302 pro
3113 3209 3290 3285 nobis
3317 3226 3552 3294 obtulit,
3584 3226 3640 3280 et
3659 3235 3760 3276 suo
3784 3209 3967 3304 sangui-

2374 3341 2447 3380 ne
2469 3339 2580 3380 nos
2602 3303 2850 3378 redemit
2869 3321 3118 3393 (E’plies.
3133 3335 3190 3390 v,
3205 3319 3260 3388 2)
3277 3319 3305 3372 2
3329 3317 3554 3372 Eadem
3575 3315 3757 3368 autem
3777 3303 3967 3393 charitas

2375 3417 2435 3470 et
2463 3415 2523 3470 in
2555 3415 2726 3469 Patre
2765 3387 2888 3479 est,
2919 3387 3056 3482 quia
3088 3387 3379 3478 scriptum
3412 3408 3509 3460 est
3549 3419 3562 3459 ε
3601 3427 3622 3450 α
3647 3400 3738 3456 Sic
3765 3394 3890 3452 enim
3911 3387 3970 3442 di-

2376 3505 2521 3559 lexit
2551 3503 2712 3558 Deus
2768 3499 3072 3568 mundum,
3124 3500 3186 3552 ut
3217 3495 3438 3550 Filium
3469 3508 3642 3550 suum
3684 3482 3971 3559 unigenitum

2380 3594 2545 3648 daret
2575 3593 2765 3664 (Joan.
2799 3608 2880 3660 ιιι,
2915 3588 3025 3659 16).
3055 3611 3078 3636 n

2455 3699 2578 3756 129.
2629 3697 2896 3754 Tradidit
2929 3711 3076 3768 ergo
3126 3695 3298 3748 Pater
3328 3691 3568 3762 Filium,
3617 3691 3672 3744 et
3699 3682 3861 3742 Filius
3880 3676 3974 3768 ipse

2385 3782 2531 3846 627
2578 3804 2645 3844 se
2703 3787 2960 3843 tradidit.
3003 3765 3290 3840 Servatur
3346 3781 3630 3847 charitas,
3665 3789 3765 3831 nec
3805 3765 3974 3824 laeditur

2383 3881 2610 3952 pietas;
2643 3877 2802 3933 nulla
2834 3879 2929 3931 est
2957 3875 3114 3930 enim
3134 3873 3372 3944 pietatis
3399 3864 3744 3943 injuria,ubi
3772 3856 3898 3952 ualle
3915 3849 3974 3952 εξί

2384 3935 2720 4024 traditionis
2750 3980 3032 4022 aerumna.
3058 3935 3322 4018 Tradidit
3349 3935 3668 4023 volentem,
3699 3945 3898 4007 tradidit
3917 3935 3977 4024 off

2390 4022 2697 4127 terentem,
2730 4071 2850 4111 non
2881 4053 3082 4125 utique
3103 4051 3176 4105 ad
3199 4065 3439 4122 poenam
3489 4022 3661 4102 Pater
3688 4039 3885 4101 Filium,
3910 4022 3980 4124 Sid

2391 4149 2461 4202 ad
2487 4149 2756 4220 gratiam.
2792 4145 2852 4200 Si
2872 4142 3124 4198 discutis
3145 4139 3283 4194 facti
3306 4137 3606 4204 meritum,
3622 4133 3882 4220 interroga

2391 4202 2528 4294 tati;
2563 4234 2935 4292 vocabulum.
2970 4231 3091 4286 Vas
3131 4227 3444 4284 electionis
3478 4202 3748 4280 unitatem
3775 4216 3898 4271 hanc
3921 4202 3980 4256 di‘

606 4340 784 4382 unam
816 4323 1062 4396 gratiam
1095 4335 1233 4375 esse
1253 4295 1448 4373 Patris
1467 4317 1524 4369 et
1539 4312 1670 4368 Filii
1693 4314 1750 4367 et
1771 4308 2026 4381 Spiritus
2047 4302 2276 4396 sancti;
2391 4327 2549 4382 vim,
2587 4323 2889 4380 (maritmis
2947 4320 3254 4376 evidenter
3309 4315 3592 4383 ostendit,
3626 4308 3754 4382 quia
3779 4304 3826 4359 οι
3867 4295 3984 4350 Pater

605 4431 740 4488 quae
771 4386 888 4468 tam
921 4409 1186 4466 caelestis
1209 4410 1383 4480 atque
1421 4403 1617 4460 divina
1639 4403 1752 4470 est,
1786 4401 1849 4454 ut
1895 4411 2015 4488 pro
2044 4407 2246 4488 tea—age

2393 4415 2632 4470 tradidit
2663 4412 2896 4478 Filium,
2929 4413 2986 4465 et
3018 4407 3346 4477 Filiusipse
3377 4420 3446 4460 se
3461 4400 3716 4460 tradidit.
3751 4386 3986 4488 Ρεῐθξίτξς

606 4474 831 4579 gratias
855 4501 1012 4556 Patri
1041 4498 1248 4566 Filius,
1287 4474 1496 4550 dicens
1522 4507 1534 4548 :
1583 4513 1603 4538 α
1631 4488 1929 4581 Conﬁteor
1951 4482 2083 4581 tibi,
2107 4482 2283 4536 Pater
2309 4517 2366 4581 D
2397 4505 2562 4574 didit,
2595 4503 2693 4575 qui
2748 4524 2770 4550 ι,
2807 4474 2954 4554 Fijio
3011 4474 3258 4570 proprio—
3301 4511 3422 4550 non
3482 4488 3736 4564 pepercit
3751 4474 3892 4581 ,ΜΞθᾶ
3914 4480 3985 4581 ιίιῐο

609 4559 846 4652 domine
875 4590 1010 4647 coeli
1043 4591 1100 4644 et
1131 4559 1326 4656 terrae,
1359 4583 1517 4656 quod
1547 4575 1928 4667 abscondisti
1951 4574 2082 4628 haec
2113 4587 2147 4625 a
2179 4584 2280 4667 sil-
2310 4559 2364 4581 ν
2398 4559 2575 4652 gobi's
2606 4559 2884 4648 amnibus
2921 4559 3162 4644 περιίὰῇ
3191 4586 3356 4641 mum
3403 4559 3596 4656 (35m:
3626 4568 3854 4643 “mgf”,

609 4641 910 4756 pientibus
943 4641 1441 4750 et‘pliudentibus,
1475 4674 1531 4726 et
1577 4665 1856 4725 revelasti
1887 4680 1954 4720 ea
2011 4656 2279 4732 parvulis
2398 4641 3047 4755 (Ιᾘξᾶίιξᾶἰ
3081 4641 3240 4742 Qui
3269 4690 3336 4729 se
3365 4641 3607 4728 ttﬁadidit
3633 4641 3735 4739 pm'
3757 4671 3853 4756 ’ωε
3877 4641 3986 4756 (6ῗέ

611 4731 1201 4845 {iniit-133.12%)...
1426 4731 1439 4744 '
2013 4731 2025 4732 ί

3025 4731 3236 4838 inquit.
3269 4763 3334 4820 Si
3364 4761 3596 4836 gratim,
3634 4731 3775 4828 quid
3814 4731 3988 4814 arguoi

2402 4864 2455 4919 si
2486 4861 2746 4935 injuriae,
2779 4859 2915 4931 plus
2949 4856 3159 4913 debeo.

2473 4931 2597 5026 iac.
2639 4968 2755 5026 Sed
2785 4967 2941 5023 sicut
2970 4965 3144 5019 Pater
3197 4960 3436 5017 tradidit
3495 4955 3718 5020 Filium,
3763 4947 3813 5002 et
3857 4931 3990 5026 Fili?S

2401 5019 2537 5134 ipse
2550 5019 2914 5125 seti—edidit,
2947 5053 3150 5124 accipe
3184 5052 3322 5124 quia
3361 5053 3417 5104 et
3442 5046 3836 5134 Spiritusellm.
3861 5019 3986 5134 9“}:

1253 4851 1506 4909 CAPUT
1522 4848 1648 4906 ΧΠ.

615 4950 826 5006 Patris
858 4956 917 5004 et
947 4947 1100 5004 Filii
1129 4951 1188 5001 et
1221 4943 1488 5016 Spiritus
1507 4937 1702 4994 sancti
1732 4944 2059 5016 unaniesse
2085 4940 2289 5016 pacem

691 5004 865 5094 atque
895 5020 1192 5094 gratiam:
1217 5004 1505 5094 similiter
1538 5025 1704 5094 unam
1738 5004 2125 5094 ‘c‘haritatem,
2163 5012 2290 5094 qius

692 5076 948 5148 maxime
1013 5095 1075 5146 in
1129 5089 1424 5144 hominum
1480 5079 1890 5154 I'cdemptiqne
1949 5076 2219 5144 apparuit

2401 5077 2531 5134 ipse
2563 5076 2630 5115 ΒΘ
2657 5076 2914 5125 ινααιαιι,
2947 5076 3150 5124 Βοοψθ
3184 5076 3322 5124 quia
3361 5076 3417 5104 Ut.
3442 5076 3693 5118 oyu'uuo
3722 5076 3836 5154 Eun;
3856 5076 3898 5154 ’ζ
3929 5107 3992 5154 ρει

2419 5152 2457 5154 Η
2537 5150 2566 5154 Ᾱ
2646 5149 2657 5154 ’
2710 5151 2717 5154 Α
2952 5147 2961 5154 ⁴
3089 5143 3099 5154 ⁸
3301 5141 3346 5154 η’
3512 5137 3675 5154 ν--η-
3759 5138 3818 5154 ..η
3843 5136 3852 5154 ι
3946 5145 3953 5154 Α,

696 5121 948 5148 "Idalia":
1013 5121 1074 5146 lu
1129 5121 1422 5144 uuuuuuu.
1480 5121 1497 5137 ι
1520 5121 1684 5137 νυν-ιι
1707 5121 1885 5132 ,ηνμν
1949 5121 1977 5128 ν.
2062 5121 2113 5125 __
2141 5121 2211 5123 .-η
2276 5121 2283 5122 ,
2426 5121 2444 5134 ⁵
2901 5121 2908 5125 _
3084 5121 3098 5124 _
3202 5121 3222 5124 _

696 5181 864 5221 unam
896 5163 1149 5234 denique
1181 5161 1360 5214 trium
1393 5121 2050 5211 communicationemfr
2404 5152 2505 5207 dit,
2531 5149 2825 5218 Scriptum
2877 5147 2968 5200 est
3007 5143 3165 5198 enim
3203 5159 3214 5197 ε
3246 5164 3268 5188 κ
3301 5141 3465 5194 Tunc
3501 5137 3676 5191 Jesus
3721 5123 3907 5234 ductluSI
3929 5121 3976 5234 εἰ

3002 5233 3011 5234 ί
3077 5232 3085 5234 ⁸
3131 5232 3138 5234 ‘
3411 5231 3419 5234 -
3511 5229 3520 5234 -
3635 5225 3644 5234 ι
3751 5231 3767 5234 -
3818 5227 3830 5234 ι
3853 5221 3890 5234 ιη
3913 5214 3950 5234 ιη

697 5195 863 5221 υηαω
896 5195 1031 5219 de...
1080 5195 1148 5216 ασ
1181 5195 1358 5214 ουκ...
1393 5195 1994 5211 νυ.,.........ν..-.ν.------
2405 5195 2505 5207 ν...
2531 5195 2825 5218 murum-
2881 5195 2966 5200 η,
3206 5195 3212 5197 ν

697 5273 820 5328 126.
855 5195 1208 5344 [ΑΙίαέοερ.
1243 5263 1364 5337 XL]
1397 5263 1556 5336 Ergo
1605 5275 1737 5315 cum
1767 5272 1882 5312 una
1931 5249 2162 5308 vacatio
2193 5246 2291 5316 sit,
2520 5240 2822 5344 desertum
2867 5234 2941 5290 ab
2965 5232 3234 5344 “Spiritu,
3266 5235 3366 5344 aut
3404 5225 3727 5344 tentaret-:1;
3733 5231 3796 5344 ἔα
3815 5195 3995 5344 ἓξὲἰέιᾶ

697 5285 820 5328 125.
855 5285 1050 5344 [Alias
1081 5285 1208 5338 cap.
1243 5285 1364 5337 AL]
1397 5285 1556 5336 largo
1605 5285 1737 5315 cum
1771 5285 1882 5312 uu'u
1938 5285 2162 5308 νυιιωιυ
2193 5285 2291 5316 οη,
2405 5285 2464 5296 οι·
2522 5285 2820 5294 -ν-ιν---η-
2870 5285 2936 5290 ——
3003 5285 3233 5304 ⁷ιννηηι
3354 5319 3366 5331 ⁸
3407 5317 3416 5330 ⁸
3599 5313 3609 5322 _
3641 5311 3650 5320 _
3887 5285 3995 5344 did“

626 5380 741 5420 una
771 5361 945 5418 etiam
972 5358 1162 5432 gratia
1193 5359 1304 5411 est.
1323 5354 1586 5424 Denique
1619 5349 1908 5419 scriptum
1941 5347 2070 5398 est:
2110 5363 2130 5385 «
2157 5338 2300 5432 ςινδ-
2685 5343 2764 5396 ιν»
2801 5325 2926 5432 1):."
2965 5322 3125 5432 ξῖιέξ)
3180 5325 3237 5376 et
3266 5302 3919 5432 SPll'ltufggﬁingjgis
3960 5371 3999 5423 et

626 5387 741 5420 una
771 5387 945 5418 ulla!"
972 5387 1162 5432 διύιια
1193 5387 1304 5411 cae.
1324 5387 1586 5424 ucuuiuu
1619 5387 1708 5405 σν.
1723 5387 1908 5419 qu“...
1942 5387 2033 5398 ν...
2058 5387 2070 5396 .
2167 5387 2225 5392 τ-
2245 5387 2271 5389 ν-
2413 5387 2427 5401 κ
2503 5420 2512 5430 .
2600 5418 2610 5429 ι
2643 5417 2654 5429 ⁸
2751 5387 2761 5396 ,
2841 5387 2848 5392 ν
2877 5415 2887 5426 ,
3051 5387 3080 5394 _
3103 5412 3114 5424 .
3312 5387 3331 5392 ν
3633 5401 3642 5410 ³
3784 5391 3804 5418 )
3835 5387 3919 5438 tis
3960 5387 3981 5423 Θ

626 5455 705 5510 tia
734 5452 910 5508 vobis
943 5453 1000 5506 et
1019 5465 1136 5520 pax
1155 5463 1188 5501 a
1207 5446 1329 5500 Deo
1353 5444 1522 5498 Patre
1552 5443 1758 5496 nostro
1789 5439 1846 5491 et
1877 5433 2128 5489 Domino
2151 5428 2299 5483 Jesu
2411 5421 2516 5476 Dei
2548 5418 2780 5474 Filium.
2830 5417 2992 5470 Sicut
3022 5427 3179 5468 enim
3210 5425 3325 5466 una
3365 5408 3454 5464 est
3485 5402 3734 5458 charitas
3767 5393 3866 5444 lﬂl

2414 5550 2471 5602 et
2499 5545 2673 5618 edit;
2671 5546 2736 5598 ut
2766 5543 2826 5597 in
2857 5543 3042 5596 textu.
3387 5605 3397 5616 _
3619 5589 3794 5618 “Am
3824 5566 4000 5618 “hmi-

2417 5581 3071 5686 σ’(ἒὲῖλιτῖὲὲ“ιίι“εὲἶῖἀ
3107 5605 3575 5665 communionem
3617 5589 3796 5651 ﬁdelis
3823 5581 3962 5637 aeterm

2417 5690 2577 5744 tatis.
2609 5707 2630 5736 υ

703 5577 818 5646 (84)
859 5576 1006 5631 Mss.
1038 5573 1282 5646 aliquot,
1321 5591 1343 5617 «
1377 5569 1450 5622 de
1483 5565 1692 5620 inferis
1725 5558 2152 5646 adgloriamxi:

705 5640 817 5720 (85)
847 5640 1386 5720 Nonnulli-mssa}
1421 5651 1613 5706 neque
1645 5640 2300 5720 pass‘ionemncorpor-ar-

633 5700 1573 5799 lium’tempestatum‘patiamur:
1596 5729 1617 5754 η
1647 5700 1898 5799 ἶιιιίἰξιιιιι
1948 5700 2141 5764 etiam,
2166 5711 2304 5799 «.ne:

637 5769 1192 5862 iiiié’pis'éi‘ohdm...
1225 5769 1634 5850 tempestatem
1680 5769 2004 5846 patiamur:
2044 5791 2064 5818 σι
2101 5769 2300 5822 caeteri
