4090 6174
83 400 199 465 765

1230 396 1343 463 DE
1386 398 1728 465 SPIRITU
1771 398 2103 466 SANCTO
2150 401 2310 464 LIB.
2357 399 2407 464 Ι.

3423 397 3546 465 766

81 604 229 673 Filii,
263 602 343 658 ita
372 599 525 656 hanc
583 599 926 656 charitatem
977 601 1080 657 Dei
1139 618 1319 673 supra
1378 600 1595 658 effundi
1641 617 1747 673 per
1792 583 1839 645 Α
1883 603 2039 658 niam
2068 605 2125 659 et
2155 603 2409 674 Spiritus
2442 605 2685 661 sanctus
2717 603 2778 661 in
2806 604 3042 662 nomine
3075 603 3210 661 Filii
3248 603 3430 675 venit,
3462 603 3544 660 si-

83 694 362 766 Spiritum
393 693 667 747 sanctum
716 692 905 761 (Rom.
958 709 1015 762 v,
1072 692 1149 763 5),
1210 695 1268 746 et
1311 692 1565 747 fructum
1608 708 1745 746 esse

85 783 273 840 sancti
328 781 588 853 Spiritus
647 781 1100 853 declaravimus,
1152 782 1290 854 quia
1340 803 1362 832 α
1398 782 1628 836 fructus
1656 786 1748 837 est

83 874 337 945 Spiritus
373 871 656 942 charitas,
699 872 1001 944 gaudium,
1034 888 1170 943 pax,
1220 871 1496 942 patientia
1526 871 1745 942 (Galat.

81 981 130 1033 v,
166 962 283 1031 22).
318 985 340 1009 ι

148 1052 275 1107 131.
308 1049 506 1124 [Alias
534 1066 662 1121 cap.
695 1049 869 1123 XlII,]
923 1050 1526 1107 Communicationcm
1558 1055 1751 1105 autem

85 1145 135 1197 et
162 1141 362 1196 Patris
391 1144 451 1195 et
480 1140 610 1194 Filii
642 1155 779 1195 esse
811 1141 1187 1197 manifestum
1225 1144 1335 1211 est,
1389 1142 1523 1212 quia
1554 1142 1749 1211 scrip-

83 1231 201 1285 tum
233 1232 366 1285 est:
403 1252 425 1277 α
462 1228 534 1283 Et
564 1230 1015 1285 communicatio
1057 1233 1262 1286 nostra
1299 1246 1431 1285 cum
1465 1232 1656 1299 Patre,
1693 1233 1749 1285 et

87 1319 230 1375 Filio
263 1319 401 1391 ejus
431 1320 579 1375 Jesu
624 1318 862 1374 Christo
918 1319 977 1389 (Ι
999 1320 1165 1375 Joan.
1201 1337 1241 1389 ι,
1270 1320 1366 1391 3);
1403 1343 1424 1367 ι›
1487 1323 1542 1374 et
1570 1320 1745 1375 alibi:

85 1430 103 1459 ι
135 1408 605 1464 Communicatio
622 1408 879 1479 Spiritus
902 1410 1094 1464 sancti
1117 1426 1250 1465 cum
1274 1411 1548 1471 omnibus
1572 1411 1745 1464 vobis

82 1498 160 1567 (II
186 1498 335 1553 Cor.
350 1515 475 1567 xm,
496 1496 602 1567 13).
628 1520 649 1546 ιι
676 1497 737 1575 Si
762 1498 945 1569 igitur
970 1515 1083 1552 una
1106 1516 1241 1569 pax,
1269 1516 1379 1553 una
1402 1501 1607 1570 gratia,
1638 1516 1750 1553 una

86 1588 371 1655 charitas,
392 1602 503 1641 una
525 1587 974 1642 communicatio
988 1592 1079 1641 est
1095 1588 1284 1643 Patris
1308 1592 1363 1643 et
1386 1589 1519 1643 Filii
1541 1592 1595 1643 et
1616 1589 1751 1658 Spi-

85 1679 231 1731 ritus
254 1676 470 1745 sancti,
496 1692 611 1730 una
630 1679 788 1732 certe
808 1678 1068 1747 Operatio
1089 1680 1207 1733 est:
1234 1682 1290 1733 et
1313 1679 1409 1732 ubi
1428 1696 1539 1733 una
1556 1694 1754 1748 opera.

87 1766 160 1821 tio
180 1768 295 1835 est,
319 1766 523 1837 utique
546 1782 663 1820 non
684 1769 879 1836 potest
894 1767 1083 1821 virtus
1100 1782 1240 1822 esse
1280 1768 1490 1837 divisa,
1531 1771 1587 1822 et
1623 1768 1752 1821 dis-

90 1858 246 1910 creta
286 1855 642 1909 substantia.
679 1855 830 1910 Nam
868 1856 1556 1929 quomodo-operationis
1592 1856 1755 1927 ejus-

91 1944 216 1999 dem
235 1944 425 2017 gratia
449 1945 792 2000 conveniret
815 1946 844 1999 ?

711 2051 962 2109 CAPUT
987 2054 1139 2110 XIII.

93 2160 445 2215 Divinarum
478 2159 658 2216 trium
683 2177 1075 2232 personarum
1120 2179 1289 2217 unum
1322 2178 1456 2218 esse
1490 2178 1696 2217 nomen
1728 2186 1760 2225 ε

161 2232 507 2305 Scripturis
528 2232 897 2305 demonstrat
926 2234 1282 2289 Ambrosius
1303 2255 1319 2288 :
1351 2242 1411 2289 at
1456 2236 1517 2288 in
1543 2235 1760 2305 primis

161 2304 739 2377 unitatem‘nominis
768 2304 920 2377 Filii
949 2321 1017 2360 ac
1050 2306 1319 2377 Spiritus
1365 2307 1599 2370 sancti;
1631 2322 1758 2368 cum

163 2382 416 2446 uterque
444 2374 801 2430 Paracletus
830 2376 1068 2431 dicatur
1096 2374 1157 2432 et
1198 2379 1441 2432 veritas.

162 2482 285 2537 132.
320 2480 519 2553 [Alias
547 2498 675 2552 cap.
716 2481 894 2556 XIV.)
923 2482 1067 2548 Quis
1107 2484 1290 2557 igitur
1341 2486 1623 2539 unitatem
1652 2499 1760 2538 ne-

92 2587 234 2644 gare
282 2572 495 2626 audeat
524 2570 638 2641 (87)
668 2574 945 2641 nominis,
982 2589 1115 2627 cum
1171 2575 1529 2643 operationis
1570 2574 1764 2628 videat

94 2662 383 2715 unitatem
403 2662 432 2715 ?
486 2660 601 2715 Sed
632 2661 773 2733 quid
818 2677 931 2734 ego
989 2664 1267 2718 unitatem
1298 2664 1556 2718 nominis
1587 2680 1763 2735 argu-

95 2751 313 2805 mentis
344 2753 591 2820 astruo;
650 2766 782 2805 cum
814 2750 1029 2806 divinm
1084 2753 1253 2807 vocis
1310 2753 1555 2807 evidens
1602 2752 1766 2807 testi-

97 2840 364 2895 monium
389 2842 468 2894 sit
490 2855 668 2893 unum
720 2855 935 2895 nomen
983 2856 1122 2896 esse
1169 2842 1382 2912 Patris,
1431 2845 1487 2896 et
1535 2840 1685 2909 Filii,
1712 2843 1769 2895 et

106 2929 374 3000 Spiritus
403 2929 641 2984 sancti?
668 2929 963 3000 Scriptum
996 2934 1089 2985 est
1141 2931 1331 2985 enim:
1379 2952 1402 2981 α
1438 2930 1540 2999 Ite,
1574 2930 1766 3000 bapti-

99 3022 222 3074 zate
257 3021 476 3090 gentes
507 3018 571 3073 in
600 3019 835 3074 nomine
897 3020 1087 3074 Patris
1144 3023 1200 3074 et
1260 3020 1387 3074 Filii
1430 3022 1487 3075 et
1515 3020 1768 3090 Spiritus

96 3110 287 3163 sancti
336 3108 579 3176 (Matth.
639 3125 846 3179 xxvm,
882 3108 972 3178 19)
1006 3128 1030 3158 ι
1091 3109 1157 3163 In
1188 3110 1421 3164 nomine
1453 3109 1619 3180 dixit,
1652 3125 1770 3164 non

101 3198 159 3252 in
190 3197 563 3252 nominibus.
596 3197 730 3253 Non
756 3213 902 3271 ergo
933 3199 1092 3253 aliud
1122 3214 1335 3254 nomen
1364 3200 1577 3269 Patris,
1611 3198 1771 3254 aliud

102 3303 318 3342 nomen
350 3286 477 3357 filii,
500 3286 657 3342 aliud
676 3303 892 3343 nomen
922 3287 1179 3359 Spiritus
1211 3288 1421 3357 sancti,
1448 3288 1585 3360 quia
1615 3304 1770 3343 unus

100 3376 293 3432 Deus:
332 3392 456 3431 non
489 3377 658 3447 plura
687 3377 924 3432 nomina
982 3376 1115 3448 (88),
1175 3377 1311 3449 quia
1359 3393 1477 3433 non
1510 3378 1624 3433 duo
1658 3378 1769 3449 Dii,

100 3481 213 3522 non
242 3469 376 3521 tres
408 3466 500 3520 Dii
533 3465 591 3535 (Ῑ
618 3465 754 3521 Cor.
787 3483 912 3535 vm,
949 3467 1060 3536 43).

174 3573 302 3628 133.
340 3572 414 3627 Et
445 3575 508 3628 ut
537 3573 790 3645 aperiret
821 3574 959 3645 quia
1011 3590 1127 3629 una
1158 3575 1456 3642 divinitas,
1514 3590 1629 3629 uua
1656 3590 1775 3628 ma-

101 3665 293 3734 jestas
324 3666 438 3732 est,
474 3665 610 3735 quia
641 3680 825 3718 unum
858 3680 1072 3719 nomen
1102 3664 1295 3719 Patris
1319 3668 1375 3719 et
1404 3665 1531 3719 Filii
1565 3669 1621 3720 et
1646 3665 1778 3735 Spi-

104 3752 254 3807 ritus
285 3752 501 3819 sancti,
537 3768 647 3808 nec
678 3753 737 3808 in
766 3753 880 3808 alio
913 3754 1149 3809 nomine
1205 3754 1435 3809 venerit
1475 3753 1682 3823 Filius,
1715 3755 1775 3809 in

103 3841 218 3897 alio
249 3842 492 3897 nomine
528 3842 790 3913 Spiritus
822 3847 1089 3911 sanctus,
1150 3844 1228 3897 ait
1267 3844 1396 3914 ipse
1453 3844 1771 3899 Dominus:

110 3951 132 3981 σ
165 3930 296 4003 Ego
329 3931 468 3986 veni
498 3931 558 3986 in
588 3933 825 3987 nomine
848 3932 1040 3987 Patris
1062 3932 1195 4004 mei,
1230 3936 1285 3987 et
1311 3948 1430 3987 non
1459 3934 1775 4003 accepistis

106 4036 232 4076 me:
265 4021 321 4075 si
351 4021 504 4075 alius
536 4022 765 4077 venerit
793 4022 853 4076 in
883 4022 1118 4077 nomine
1136 4035 1267 4093 suo,
1289 4022 1452 4077 illum
1469 4022 1775 4093 accipietis

106 4109 299 4179 (Joan.
337 4125 394 4180 v,
424 4109 538 4180 43).
576 4131 599 4160 ι

175 4234 320 4290 133‘.
354 4234 521 4300 Quod
553 4238 746 4291 autem
775 4251 990 4291 nomen
1048 4234 1244 4290 Patris
1302 4237 1414 4305 est,
1448 4236 1562 4291 hoc
1618 4236 1774 4290 idem

110 4323 243 4378 Filii
275 4324 586 4394 Scriptura
617 4325 896 4393 declarat,
919 4325 1055 4397 quia
1077 4325 1137 4379 in
1172 4324 1377 4380 Exodo
1410 4325 1775 4381 dixitDomi-

112 4430 254 4469 nus:
290 4435 314 4463 ι
353 4414 479 4486 Ego
511 4415 853 4469 antecedam
892 4417 948 4469 te
1007 4415 1066 4468 in
1126 4430 1360 4469 nomine
1420 4430 1550 4470 meo
1581 4415 1691 4485 (89)
1723 4418 1779 4470 et

117 4493 262 4558 628
292 4503 522 4558 vocabo
553 4502 609 4557 in
642 4503 877 4559 nomine
910 4520 1040 4559 meo
1069 4504 1380 4559 Dominum
1401 4503 1461 4558 in
1494 4520 1780 4575 conspec-

110 4593 173 4646 tu
201 4596 301 4648 tuo
362 4592 578 4651 (Exod.
640 4610 849 4664 χχχιιι,
882 4594 990 4661 19).
1029 4614 1051 4643 ι
1115 4593 1398 4648 Dominus
1458 4609 1602 4666 ergo
1635 4593 1780 4648 dixit

1886 698 1982 748 cut
2011 694 2296 764 scriptum
2352 697 2479 751 est:
2552 717 2574 743 α
2638 695 2979 751 Paracletus
3037 698 3231 749 autem
3288 694 3545 764 Spiritus

1888 788 2132 838 sanctus
2164 800 2339 856 quem
2360 785 2546 840 mittet
2568 786 2744 840 Pater
2762 780 3094 840 in‘nomine
3128 800 3280 852 meo,
3304 783 3403 838 ille
3437 799 3548 838 vos

1888 874 2122 927 docebit
2152 876 2344 928 omnia
2375 876 2564 941 (Joan.
2596 875 2852 946 x1v,26).
2883 870 2915 923 »ι’
2949 873 3061 940 Qui
3083 878 3277 928 autem
3297 873 3458 927 venit
3487 872 3548 927 in

1887 964 2123 1018 nomine
2143 964 2287 1033 Filii,
2313 964 2511 1035 utique
2540 964 2711 1019 etiam
2743 965 2803 1018 in
2842 963 3078 1019 nomine
3120 962 3312 1017 Patris
3344 962 3546 1031 venit;

1889 1054 2024 1123 quia
2043 1069 2223 1107 unum
2245 1069 2458 1108 nomen
2478 1054 2672 1108 Patris
2695 1057 2750 1108 et
2773 1052 2903 1107 Filii
2927 1056 3038 1109 est.
3065 1052 3163 1107 Sic
3183 1051 3247 1106 tit
3283 1055 3345 1106 ut
3365 1066 3545 1105 unum

1889 1146 1944 1197 et
1974 1143 2164 1197 Patris
2186 1146 2242 1197 et
2271 1143 2402 1197 Filii
2426 1159 2639 1197 nomen
2663 1144 2742 1197 sit
2762 1144 2818 1197 et
2849 1142 3104 1213 Spiritus
3136 1140 3347 1195 sancti.
3374 1162 3395 1189 α
3425 1140 3550 1195 Nec

1889 1232 2045 1285 enim
2074 1232 2337 1286 estaliud
2361 1248 2575 1287 nomen
2598 1232 2711 1287 sub
2731 1232 2880 1287 coelo
2904 1232 3120 1302 datum,
3156 1231 3215 1285 in
3238 1246 3354 1302 quo
3379 1245 3551 1301 opor-

1886 1323 2003 1375 teat
2020 1336 2129 1376 nos
2153 1321 2355 1376 salvos
2379 1322 2502 1376 ﬁeri
2526 1322 2681 1383 (Act.
2705 1339 2783 1389 ιν,
2809 1321 2918 1392 1‘2).
2953 1341 2981 1372 ››

1964 1410 2083 1465 135.
2116 1410 2299 1465 Simul
2332 1412 2530 1466 docuit
2560 1412 2839 1468 unitatem
2870 1410 3055 1465 divini
3116 1408 3374 1464 nominis
3408 1422 3547 1462 esse

1888 1500 2262 1570 credendam,
2288 1517 2406 1555 non
2428 1501 2873 1571 disparilitatem
2897 1516 2909 1556 :
2949 1499 3226 1572 quoniam
3244 1499 3303 1552 in
3326 1496 3547 1552 unitate

1889 1590 2145 1645 nominis
2163 1590 2321 1644 venit
2340 1589 2615 1645 Christus
2640 1606 2651 1645 :
2695 1590 2753 1645 in
2776 1606 2887 1647 suo
2926 1592 3122 1644 autem
3153 1588 3388 1642 nomine
3411 1601 3553 1641 ven-

1887 1681 2057 1734 turus
2089 1679 2489 1733 Antichristus
2523 1682 2633 1748 est,
2667 1681 2821 1734 sicut
2862 1681 3149 1749 scriptum
3178 1681 3307 1732 est:
3363 1698 3384 1725 ε
3420 1675 3549 1747 Ego

1889 1770 2026 1823 veni
2058 1769 2117 1822 in
2148 1768 2383 1822 nomine
2415 1768 2607 1823 Patris
2640 1768 2774 1836 mei,
2810 1770 2867 1822 et
2897 1782 3016 1822 non
3054 1766 3372 1836 accepistis
3418 1779 3553 1819 me:

1889 1858 1943 1912 si
1964 1858 2117 1912 alius
2130 1857 2357 1913 venerit
2378 1858 2437 1913 in
2454 1857 2688 1913 nomine
2711 1873 2842 1927 suo,
2865 1856 3031 1911 illum
3044 1854 3347 1927 accipietis
3363 1853 3550 1919 (Joan.

1804 1966 1847 2027 Β
1887 1964 1945 2017 v,
1978 1947 2089 2012 43).
2127 1970 2149 1996 ι)

1966 2052 2088 2109 136.
2123 2054 2221 2123 (90)
2269 2053 2554 2109 Edoctum
2585 2056 2677 2109 est
2707 2054 2889 2126 igitur
2927 2069 3001 2108 ex
3032 2052 3127 2107 his
3159 2067 3277 2107 non
3308 2065 3446 2106 esse
3498 2050 3557 2105 in

1896 2143 2067 2198 Patre
2099 2145 2155 2198 et
2186 2143 2334 2197 Filio
2366 2147 2422 2196 et
2452 2143 2672 2213 Spiritu
2722 2144 2929 2196 sancto
2959 2141 3266 2209 Paracleto
3296 2139 3556 2194 nominis

1894 2232 2329 2287 diversitatem:
2365 2236 2421 2286 et
2448 2232 2602 2303 quod
2636 2247 2851 2285 nomen
2908 2233 3000 2284 est
3058 2230 3271 2298 Patris,
3324 2228 3381 2283 id
3412 2243 3552 2283 esse

1896 2322 2070 2377 etiam
2100 2320 2229 2401 Filii
2261 2337 2504 2375 nomen:
2542 2320 2814 2375 similiter
2842 2319 2999 2391 quod
3029 2334 3245 2373 nomen
3276 2320 3367 2372 est
3397 2316 3550 2387 Filii,

1898 2427 2035 2465 esse
2065 2411 2120 2464 id
2154 2411 2326 2465 etiam
2358 2410 2611 2480 Spiritus
2644 2409 2854 2478 sancti,
2888 2407 3121 2479 quando
3171 2407 3343 2462 etiam
3372 2407 3557 2460 Para-

1900 2501 2087 2555 cletus
2119 2500 2305 2554 Filius
2337 2500 2569 2567 dicitur,
2604 2499 2757 2553 sicut
2801 2501 2859 2553 et
2901 2497 3155 2568 Spiritus
3189 2500 3453 2551 sanctus.
3491 2495 3561 2549 Et

1896 2591 2028 2645 ideo
2061 2591 2140 2644 ait
2169 2590 2226 2643 in
2258 2589 2580 2660 Evangelio
2640 2587 2924 2642 Dominus
2965 2587 3182 2641 Jesus:
3222 2606 3245 2636 «
3312 2584 3562 2656 Rogabo

1898 2682 2126 2735 Patrem
2158 2695 2373 2747 meum,
2406 2682 2462 2733 et
2492 2677 2667 2731 alium
2699 2677 3058 2748 paracletum
3080 2674 3240 2729 dabit
3268 2674 3440 2729 vobis
3462 2674 3566 2745 qui

1897 2770 2209 2824 vobiscum
2251 2769 2328 2822 sit
2350 2769 2410 2821 in
2460 2770 2743 2821 aeternum
2777 2766 3061 2836 Spiritum
3083 2763 3348 2819 veritatis
3375 2764 3559 2823 (Joan.

1897 2875 2019 2926 xw,
2054 2858 2141 2928 16,
2176 2857 2280 2918 1'7).
2319 2878 2340 2906 ι
2377 2856 2447 2910 Et
2475 2856 2625 2910 bene
2656 2855 2803 2909 dixit
2851 2854 3047 2921 alium,
3081 2869 3155 2908 ne
3214 2853 3411 2924 ipsum
3468 2850 3567 2906 Fi-

1897 2947 2061 3017 lium,
2096 2948 2293 3017 ipsum
2325 2944 3010 3017 Spiritumintelligeres,
3045 2944 3238 2998 unitas
3270 2942 3426 2997 enim
3456 2958 3561 2996 no-

1898 3037 2076 3092 minis
2106 3039 2218 3107 est,
2253 3052 2371 3091 non
2400 3035 2534 3091 Filii
2565 3034 2941 3107 Spiritusque
2982 3033 3316 3088 Sabelliana
3349 3031 3560 3087 confu-

1903 3127 1993 3183 sio
2024 3125 2149 3188 (91).

1976 3234 2097 3290 137.
2132 3232 2326 3306 [Alias
2356 3249 2483 3303 cap.
2515 3231 2667 3304 XV.]
2698 3232 2897 3303 Itaque
2927 3230 3080 3285 alius
3103 3227 3447 3284 Paracletus
3470 3229 3563 3282 est

1804 3332 1857 3399 α
1906 3323 2113 3393 Filius,
2148 3323 2301 3377 alius
2322 3322 2655 3393 paracletus
2704 3321 2959 3391 Spiritus
3019 3321 3287 3389 sanctus,
3348 3317 3563 3373 Filium

1903 3414 2058 3469 enim
2089 3413 2447 3483 paracletum
2479 3412 2624 3465 dixit
2654 3412 2827 3465 etiam
2847 3410 3129 3479 Joannes,
3164 3408 3321 3463 sicut
3341 3407 3563 3463 habes:

1906 3526 1927 3552 α
1961 3504 2021 3557 Si
2042 3503 2175 3575 quis
2194 3502 2550 3573 peccaverit,
2574 3500 2943 3555 Paracletum
2964 3499 3252 3553 habemus
3272 3497 3427 3568 apud
3449 3497 3565 3551 Pa-

1908 3596 2052 3647 trem
2073 3592 2594 3647 JesumChristum
2616 3590 2671 3661 (Ι
2696 3589 2860 3645 Joan.
2895 3606 2955 3659 ιι,
2980 3589 3050 3661 4).
3088 3613 3111 3637 ι»
3146 3588 3346 3659 Itaque
3369 3602 3569 3658 quem-

1904 3683 2214 3737 admodum
2230 3683 2424 3737 unitas
2437 3680 2714 3748 nominis,
2737 3680 2812 3733 ita
2841 3679 3012 3733 etiam
3028 3678 3223 3732 unitas
3255 3675 3567 3748 potestatis

1907 3775 2018 3841 est,
2040 3771 2317 3826 ubienim
2350 3771 2684 3840 paracletus
2727 3769 3002 3839 Spiritus,
3028 3766 3107 3821 ibi
3142 3767 3315 3821 etiam
3357 3765 3563 3820 Filius.

1979 3862 2101 3916 138.
2134 3862 2282 3915 Nam
2304 3862 2457 3915 sicut
2475 3860 2569 3914 hic
2590 3861 2645 3913 in
2670 3862 2954 3913 aeternum
2977 3857 3288 3912 Dominum
3308 3855 3571 3910 futurum

1910 3967 2045 4005 cum
2075 3950 2351 4005 fidelibus
2385 3949 2667 4020 Spiritum
2691 3948 2851 4016 dicit,
2877 3947 2953 4002 ita
2978 3947 3153 4002 etiam
3201 3945 3274 4001 de
3315 3960 3383 4000 se
3430 3944 3571 3999 alibi

1908 4040 2163 4095 ostendit
2193 4040 2349 4111 quod
2380 4039 2439 4093 in
2472 4041 2756 4093 mternum
2780 4053 2910 4092 cum
2934 4035 3222 4107 apostolis
3244 4034 3321 4089 sit
3338 4033 3574 4088 futurus

1908 4130 2113 4184 dicens
2139 4145 2150 4184 :
2191 4151 2211 4175 «
2249 4128 2401 4183 Ecce
2434 4144 2547 4200 ego
2565 4128 2880 4183 vobiscum
2905 4142 3039 4181 sum
3062 4125 3339 4181 omnibus
3361 4122 3574 4177 diebus

1908 4235 2100 4291 usque
2129 4219 2201 4273 ad
2234 4218 2801 4273 consummationem
2850 4216 3054 4271 mundi
3086 4214 3329 4284 (Matth.
3362 4228 3568 4277 xxvm,

1911 4307 2021 4377 20).
2047 4333 2068 4355 »ι
2089 4308 2283 4362 Unum
2307 4309 2445 4361 sunt
2467 4323 2614 4379 ergo
2642 4306 2827 4361 Filius
2852 4308 2909 4359 et
2932 4305 3219 4376 Spiritus;
3252 4318 3434 4360 unum
3478 4317 3577 4356 no-

1914 4414 2048 4453 men
2080 4401 2171 4453 est
2200 4397 2522 4467 Trinitatis,
2558 4398 2614 4451 et
2668 4411 2804 4455 una.
2828 4393 3362 4466 inseparabilisque
3419 4406 3578 4462 pras-

1915 4488 2123 4543 sentia.

1993 4604 2113 4659 139.
2149 4603 2312 4659 Sicut
2342 4606 2538 4658 autem
2571 4601 2941 4657 ostendimus
2977 4598 3346 4654 Paracletum
3368 4596 3582 4652 Filium

113 4682 245 4753 (ἰυίε
273 4683 337 4737 in
367 4682 604 4737 nomine
645 4698 756 4738 SUO
812 4683 1049 4737 vocabit
1107 4682 1456 4738 Dominum:
1494 4684 1777 4739 Dominus
1808 4705 1863 4768 ι)
1916 4695 2296 4762 nominatum,
2332 4694 2409 4746 ita
2455 4692 2629 4746 etiam
2661 4690 3030 4746 ostendimus
3058 4687 3361 4743 veritatem
3392 4685 3581 4757 Spiri-

117 4784 257 4843 ergo
287 4774 345 4826 et
375 4770 567 4825 Patris
598 4775 690 4827 est
711 4788 926 4827 nomen
957 4774 1014 4827 et
1044 4771 1199 4826 Filii.

186 4878 307 4933 134.
340 4877 487 4934 Cum
516 4881 712 4933 autem
743 4895 923 4933 unum
952 4894 1166 4935 nomen
1197 4879 1275 4934 sit
1300 4879 1495 4934 Patris
1536 4882 1592 4934 et
1620 4880 1776 4949 Filii,

117 4967 314 5039 accipe
346 4969 485 5039 quia
507 4971 563 5023 et
583 4969 837 5039 Spiritus
860 4969 1047 5023 sancti
1083 4967 1238 5025 idem
1271 4985 1486 5025 nomen
1517 4969 1614 5040 sit,
1635 4984 1780 5041 quo-

186 5111 295 5179 (8'7)
328 5110 504 5180 Edit.,
542 5134 565 5157 α
604 5111 880 5167 unitatem
912 5127 1192 5181 separare
1233 5113 1464 5168 audeat.
1505 5136 1525 5159 ιι

188 5183 297 5251 (88)
332 5183 478 5237 Mss.
511 5183 751 5254 aliquot,
775 5206 795 5230 α
822 5200 939 5238 non
961 5185 1127 5254 plura
1145 5185 1406 5240 numina.
1428 5206 1449 5235 ν
1467 5186 1600 5240 Non
1620 5185 1777 5240 bono

125 5267 402 5398 fetialia
435 5327 552 5398 vet.
587 5326 723 5380 edit.
757 5341 826 5379 ac
856 5327 1060 5397 plures
1093 5342 1241 5383 mss.
1274 5343 1306 5381 a
1336 5328 1554 5398 quibus
1609 5330 1777 5383 Rom.

128 5394 231 5450 hoc
262 5397 394 5452 solo
432 5397 631 5465 distat,
683 5394 1105 5468 quod'exemit
1154 5394 1638 5468 praepdsitionem
1686 5401 1779 5453 in:

128 5468 357 5540 quidam
386 5473 583 5523 autem
613 5484 761 5523 mss.
812 5469 1074 5523 ultimam
1125 5473 1350 5540 partem
1409 5471 1691 5525 exhibent
1724 5472 1782 5524 in

130 5537 275 5594 hunc
305 5540 547 5595 modum
575 5556 588 5595 :
628 5563 650 5586 α
687 5540 977 5595 invocabo
1007 5544 1084 5607 te,
1104 5537 1340 5596 nomine
1364 5558 1514 5604 meo.
1540 5543 1782 5597 Domine

133 5622 231 5695 91c.
272 5644 292 5667 ι
330 5620 489 5675 LXX
520 5635 683 5687 vero,
711 5618 722 5639 '
752 5620 863 5692 Εγὼ
892 5618 1265 5694 παρελεύσομαι
1306 5618 1542 5695 πρότερός
1585 5642 1678 5675 σου
1719 5626 1783 5680 τῆ

131 5689 377 5772 ani-ipim,
421 5701 510 5752 καὶ
548 5697 742 5752 καλέσω
788 5689 861 5751 ’ὲῶ
911 5689 1120 5773 enisuri
1149 5689 1241 5755 τρέον
1292 5689 1551 5773 (quidam
1608 5720 1779 5771 mss.,

136 5775 591 5855 ὲιὸματικυρίουᾲ).
638 5779 1077 5855 Κύριοςνέναντίον
1115 5801 1229 5855 σου).
1275 5782 1441 5847 Quod
1500 5784 1779 5855 August.,

140 5848 344 5914 Quaest.
379 5848 495 5909 vet.
530 5848 786 5924 Testain,
819 5854 896 5909 ita
928 5854 1099 5911 vertit
1132 5877 1152 5902 «ι
1188 5854 1315 5929 Ego
1340 5848 1627 5910 transibo'
1648 5848 1781 5909 ante

1917 4788 2037 4839 tum
2069 4784 2487 4853 nuncupatum.
2521 4781 2754 4836 Veritas
2785 4780 3083 4849 Christus,
3116 4777 3336 4833 veritas
3390 4776 3580 4846 Spiri-

1913 4876 2051 4942 tus;
2084 4872 2270 4926 habes
2301 4872 2455 4925 enim
2489 4870 2546 4924 in
2582 4869 2832 4940 epistola
2888 4868 3175 4924 Joannis:
3229 4887 3251 4917 ι
3286 4865 3577 4932 Quoniam

1920 4962 2174 5034 Spiritus
2196 4964 2288 5015 est
2319 4960 2543 5014 veritas
2605 4958 2659 5031 (Ι
2683 4958 2854 5014 Joan.
2913 4974 2971 5028 v,
3022 4956 3093 5031 6).
3130 4980 3153 5006 ι»
3206 4956 3341 5012 Non
3387 4955 3582 5011 solum

1919 5108 1995 5175 te,
2032 5105 2220 5177 gloria
2250 5119 2417 5159 mea:
2451 5106 2507 5157 et
2537 5101 2762 5158 vocabo
2793 5102 3030 5157 nomine
3063 5100 3294 5156 Domini
3342 5100 3402 5155 in
3434 5116 3579 5156 con-

1921 5180 2484 5317 spfﬂctiilltdlgditione
2516 5246 2893 5301 Benedictina
2951 5244 3047 5317 his
3100 5245 3307 5317 decem
3350 5246 3581 5299 numeri

1923 5316 2285 5385 omittuntur,
2319 5319 2395 5371 ita
2428 5322 2487 5371 ut
2518 5318 2708 5373 series
2769 5333 2901 5387 quae
2961 5316 3043 5370 ibi
3099 5316 3335 5388 legitur,
3398 5317 3578 5372 seriei

1922 5408 2095 5461 quam
2128 5390 2496 5445 restituimus
2527 5389 2640 5443 hoc
2670 5389 2844 5443 modo
2863 5387 3255 5457 respondeat:
3294 5387 3413 5451 135,
3440 5388 3577 5456 155;

1922 5463 2044 5531 136,
2079 5462 2214 5532 156;
2248 5465 2304 5516 et
2336 5461 2425 5516 sic
2456 5460 2737 5531 deinceps
2767 5475 2959 5532 usque
3005 5459 3080 5513 ad
3136 5459 3311 5512 finem
3369 5457 3504 5511 libri
3535 5458 3577 5511 Ι.

2201 5505 2214 5533 ³
2248 5498 2304 5516 νυ
2336 5498 2425 5516 σιν
2456 5498 2737 5531 uvauvvya
2771 5498 2958 5532 uouuv
3005 5498 3080 5513 uu
3136 5498 3311 5512 ιιιιυμι
3369 5498 3504 5511 unus.
3535 5498 3577 5511 ιο

1923 5534 2273 5674 EI)(I£))-1)Vet.
2309 5605 2471 5673 edit,
2510 5627 2529 5651 ε.
2595 5603 2872 5674 Spiritus,
2908 5617 3040 5672 quae
3099 5603 3191 5654 est
3248 5597 3579 5674 Sabelliana

1929 5668 2234 5731 confusio:
2274 5699 2295 5724 »
2332 5668 2480 5730 mss.
2516 5668 2656 5743 duo;
2693 5699 2714 5722 α
2749 5668 3002 5743 Spiritus
3044 5668 3579 5743 quem__Sabelliana

1928 5750 2069 5803 dicit
2102 5748 2409 5802 confusio:
2445 5740 2647 5813 unus,
2674 5749 2736 5799 ut
2784 5740 2998 5798 fatetur
3052 5740 3383 5797 Sabelliana
3439 5754 3579 5799 con-

1925 5820 2102 5875 fusio.
2140 5842 2162 5873 »
2204 5818 2436 5889 Reliqui
2465 5821 2522 5872 et
2554 5812 2720 5872 ROm.
2748 5815 2883 5871 edit.
2917 5815 2981 5871 ut
3010 5813 3069 5869 in
3110 5812 3294 5871 textu.
