3964 6168
537 342 656 406 767

1895 340 1962 402 s.
1995 339 2436 406 AMBROSII.
3756 372 3834 436 768

533 558 677 634 ergo
707 544 960 616 Spiritus
989 545 1276 616 veritatis,
1311 543 1419 601 sed
1475 543 1649 600 etiam
1709 544 1931 634 veritas
1980 542 2200 634 dicitur
2221 523 2274 587 Α
2310 541 2566 634 tudinis:
2605 569 2626 593 ιι
2662 545 2822 602 Deus
2851 547 3006 605 enim
3038 553 3132 606 est
3161 551 3316 624 ignis
3347 570 3674 634 consumens,
3698 567 3839 626 nsicut

533 633 810 704 Spiritus,
843 635 998 690 sicut
1027 638 1082 690 et
1113 635 1298 690 Filius
1329 635 1547 690 veritas
1564 633 1934 705 praedicatur,
1961 633 2060 704 qui
2082 631 2192 686 ait:

537 745 558 771 α
596 723 723 797 Ego
755 741 888 780 sum
917 725 1010 778 via
1043 728 1100 780 et
1129 726 1348 780 veritas
1380 729 1436 780 et
1465 725 1583 778 vita
1615 723 1671 793 (Ι
1695 723 1859 778 Joau.
1891 738 2012 792 xw,
2057 721 2132 791 6).
2169 742 2192 769 ιν

1058 841 1202 906 629
1235 849 1485 905 CAPUT
1520 849 1674 904 XIV.

532 954 818 1027 Singulas
859 957 1176 1012 Trinitatis
1189 973 1483 1028 personas
1515 973 1547 1012 e
1567 957 1764 1011 sacris
1783 955 2089 1028 codicibus
2104 953 2196 1028 Iu_-

603 1025 728 1082 cem
758 1043 934 1091 esse;
985 1025 1274 1099 Spiritum
1307 1036 1499 1083 autem
1533 1029 1710 1082 etiam
1743 1029 1942 1097 ignem
1972 1025 2198 1097 signifi-

605 1101 734 1171 cari
757 1099 909 1170 apud
939 1100 1175 1166 Isaiam,
1201 1100 1368 1170 cujus
1399 1100 1631 1171 quidem
1663 1100 1824 1171 ignis
1853 1099 1914 1171 in
1963 1099 2198 1171 Maj'sis

605 1169 870 1242 rubo,’in
900 1171 1123 1242 linguis
1153 1169 1459 1234 ﬂammeis,
1495 1178 1554 1225 et
1593 1171 1655 1224 in
1691 1169 1932 1240 lagenis
1963 1169 2194 1242 Gedeo-

609 1243 704 1314 nis
736 1241 1217 1314 ﬁguracxstitit.
1251 1243 1485 1314 Negari
1541 1258 1654 1314 non
1695 1256 1873 1314 posse
1933 1241 2194 1314 ejusdem

605 1312 872 1382 Spiritus
903 1313 1299 1376 divinitatem,
1335 1312 1462 1368 cum
1493 1312 1709 1368 eadem
1755 1313 1838 1366 sit
1886 1312 2035 1383 ejus,
2071 1328 2195 1383 quae

607 1383 815 1456 Patris
837 1391 894 1438 et
915 1384 1058 1438 Filii
1090 1386 1370 1456 Operatio,
1401 1401 1503 1439 nec
1527 1400 1638 1440 non
1671 1383 1962 1440 Dominici
2003 1383 2197 1438 vultus

605 1454 797 1510 lumen
816 1456 1089 1529 ignisque
1103 1454 1490 1529 praedicetur.

603 1579 726 1636 140.
761 1579 954 1653 [Alias
987 1598 1112 1652 cap.
1146 1581 1320 1655 XVI.]
1352 1581 1501 1647 Quid
1531 1584 1726 1636 autem
1753 1584 2015 1636 astruam
2037 1579 2196 1652 quod

533 1668 689 1724 sicut
719 1670 890 1742 Pater
917 1671 1134 1741 lumen,
1169 1671 1246 1726 ita
1276 1673 1451 1727 etiam
1481 1671 1667 1726 Filius
1696 1671 1912 1738 lumen,
1946 1673 2004 1726 et
2058 1669 2196 1742 Spi-

531 1760 682 1815 ritus
714 1765 958 1816 sanctus
990 1761 1187 1817 lumen
1217 1765 1309 1816 est
1329 1763 1356 1816 εν
1383 1760 1549 1826 Quod
1583 1761 1782 1832 utique
1839 1761 2055 1816 divinae
2085 1776 2195 1832 po-

531 1849 729 1904 tentiae
759 1853 870 1905 est.
901 1851 1060 1905 Deus
1093 1850 1247 1905 enim
1278 1849 1380 1905 lux
1411 1853 1520 1919 est,
1555 1850 1709 1905 sicut
1731 1850 1876 1905 dixit
1898 1850 2193 1906 Joannes:

537 1959 558 1984 ιι
592 1938 738 2003 Quia
767 1939 926 1994 Deus
957 1939 1059 1994 lux
1090 1942 1200 2010 est,
1253 1942 1309 1995 et
1345 1939 1605 1994 tenebrae
1662 1939 1722 1994 in
1779 1955 1849 1995 eo
1881 1955 2000 1994 non
2057 1943 2196 1995 sunt

529 2025 582 2097 (Ι
609 2027 774 2084 Joau.
809 2045 848 2099 ι,
879 2027 955 2099 5).
993 2051 1016 2078 η

603 2133 725 2190 141.
758 2135 889 2191 Lux
919 2139 1114 2191 autem
1144 2139 1200 2192 et
1249 2135 1458 2206 Filius,
1495 2159 1517 2183 «
1553 2137 1690 2208 quia
1747 2136 1864 2192 vita
1923 2139 2047 2191 erat
2089 2136 2194 2192 lux

533 2222 835 2279 hominum
867 2226 1058 2297 (Joan.
1091 2243 1130 2296 ι,
1161 2226 1237 2295 4).
1276 2249 1297 2274 »
1335 2225 1407 2280 Et
1435 2230 1497 2280 ut
1527 2225 1866 2281 ostenderet
1897 2242 1963 2280 se
1987 2225 2058 2281 de
2088 2225 2193 2280 Dei

531 2311 680 2369 Filio
713 2313 1092 2388 Evangelista
1125 2315 1374 2385 dixisse,
1407 2316 1486 2370 ait
1516 2315 1588 2370 de
1619 2315 1845 2371 Joanne
1893 2315 2190 2386 Baptista:

535 2425 558 2452 σι
595 2402 727 2458 Non
759 2407 881 2458 erat
911 2405 1009 2459 ille
1040 2404 1162 2473 lux,
1197 2405 1302 2460 sed
1336 2408 1398 2460 ut
1427 2405 1824 2460 testimonium
1855 2403 2195 2474 perhiberet

531 2491 603 2546 de
634 2491 873 2548 lumine.
909 2493 1046 2548 Erat
1075 2494 1177 2549 lux
1207 2511 1366 2564 vera,
1418 2511 1552 2567 quae
1612 2494 1899 2548 illuminat
1956 2509 2190 2549 omnem

531 2579 827 2638 hominem
846 2583 1176 2639 venientem
1209 2585 1267 2638 in
1291 2584 1446 2639 hunc
1477 2583 1760 2638 mundum
1790 2582 1959 2652 (Ibid.
1981 2582 2034 2652 8,
2057 2582 2134 2650 9).
2164 2606 2186 2630 η

531 2669 691 2742 Ergo
722 2671 860 2742 quia
891 2672 1048 2726 Deus
1081 2672 1182 2728 lux
1209 2677 1323 2743 est,
1358 2673 1458 2729 lux
1514 2677 1709 2728 autem
1767 2688 1906 2727 vera
1964 2675 2055 2726 est
2086 2671 2189 2726 Dei

528 2757 747 2816 Filius:
783 2761 913 2816 sine
943 2761 1122 2818 dubio
1154 2763 1313 2818 Deus
1343 2780 1522 2818 verus
1554 2766 1646 2838 est
1666 2761 1770 2816 Dei
1803 2761 2008 2816 Filius.

601 2867 723 2923 142.
759 2869 960 2924 Habes
991 2871 1047 2924 et
1068 2869 1207 2924 alibi
1229 2871 1366 2942 quia
1385 2870 1570 2926 Filius
1595 2871 1696 2926 Dei
1720 2871 1823 2925 lux
1841 2874 1932 2926 est
1957 2885 1968 2924 :
2021 2893 2043 2917 ‹‹
2071 2869 2188 2924 Po-

525 2955 704 3028 pulus
735 2958 838 3030 qui
868 2958 1112 3014 sedebat
1131 2961 1192 3014 in
1222 2960 1484 3015 tenebris
1517 2964 1575 3015 et
1627 2959 1686 3014 in
1719 2960 1925 3014 umbra
1955 2959 2186 3030 mortis,

528 3044 718 3101 lucem
751 3047 896 3102 vidit
923 3063 1197 3120 magnam
1227 3049 1360 3120 (lsa.
1388 3067 1468 3120 1x,
1504 3049 1578 3119 ‘2).
1614 3071 1640 3100 ι)
1673 3048 1821 3115 Quid
1850 3051 2043 3104 autem
2074 3048 2188 3104 hoc

527 3135 881 3206 evidentius,
913 3138 1070 3210 quod
1100 3138 1207 3194 ait:
1247 3161 1269 3187 α
1303 3138 1589 3204 Quoniam
1637 3139 1790 3210 apud
1843 3140 1900 3194 te
1929 3141 2022 3194 est
2051 3137 2186 3192 fons

2309 631 2550 704 Moyses
2583 635 2730 690 dixit
2758 637 2952 703 (Deut.
2977 655 3055 708 iv,
3074 640 3184 710 24).

2379 723 2502 778 145.
2538 724 2694 779 Vidit
2723 727 2879 781 enim
2909 728 3038 799 ipse
3071 729 3130 784 in
3161 731 3306 787 rubo
3336 732 3532 805 ignem,
3567 743 3616 793 et
3655 743 3844 802 audierat

2308 811 2514 905 Deum,
2547 816 2688 905 tunc
2719 817 2952 886 quando
2985 833 3102 873 vox
3133 819 3282 875 facta
3311 826 3395 876 est
3421 824 3486 879 de
3524 827 3716 884 ﬂamma
3737 833 3846 905 ignis

2305 901 2379 955 ad
2427 917 2559 956 eum
2587 903 2834 960 dicens:
2883 928 2904 952 ιι
2941 906 3068 979 Ego
3125 924 3258 964 sum
3317 911 3464 968 Deus
3515 901 3777 989 Abraham,
3815 929 3851 976 et

2307 989 2466 1045 Deus
2498 991 2683 1062 Isaac,
2719 997 2775 1048 et
2804 993 2963 1049 Deus
2994 995 3178 1052 Jacob
3229 998 3436 1064 (Exod.
3490 1020 3562 1072 ιιι,
3609 1005 3669 1066 6).
3697 1027 3715 1056 ι
3763 1009 3850 1064 Vox

2306 1094 2451 1152 ergo
2483 1081 2553 1135 de
2584 1082 2813 1137 ﬂamma
2844 1089 2900 1139 et
2930 1086 2990 1140 in
3021 1087 3170 1142 rubo
3200 1089 3442 1160 ﬂamma,
3476 1095 3528 1147 et
3566 1095 3754 1150 ﬂamma
3777 1114 3855 1153 non

2305 1169 2502 1224 noxia.
2539 1170 2834 1227 Urebatur
2862 1174 3016 1228 enim
3048 1176 3257 1245 rubus,
3289 1181 3343 1233 et
3394 1197 3505 1236 non
3555 1185 3854 1254 exurebatur;

2303 1273 2374 1312 eo
2407 1259 2564 1330 quod
2596 1260 2696 1316 illo
2727 1264 3008 1333 mysterio
3032 1265 3318 1322 Dominus
3348 1269 3610 1342 ﬁguraret
3633 1274 3744 1343 quia
3769 1275 3860 1329 illu-

2304 1347 2633 1404 minaturus
2664 1351 2870 1422 spinas
2903 1355 3092 1409 nostri
3134 1359 3400 1427 corporis
3458 1360 3748 1416 adveniret:
3786 1379 3858 1417 nec

2304 1443 2766 1508 consumpturus
2796 1457 3192 1515 aerumnosos,
3223 1447 3330 1501 sed
3356 1448 3698 1522 mitigaturus
3721 1468 3865 1506 mmm-

2303 1542 2446 1582 nas:
2482 1529 2581 1599 qui
2611 1530 2716 1598 (93)
2749 1530 3070 1601 baptizaret
3095 1533 3156 1588 in
3213 1536 3431 1608 Spiritu
3488 1541 3674 1594 sancto
3718 1544 3763 1594 et
3782 1540 3865 1610 igni

2302 1619 2540 1689 (Matt/2.
2593 1637 2674 1674 ιιι.
2717 1620 2798 1682 11)
2841 1612 2987 1676 630
3024 1623 3087 1676 ut
3114 1619 3364 1692 gratiam
3392 1619 3670 1688 tribueret,
3696 1623 3866 1690 peccata

2303 1713 2699 1765 consumeret.
2736 1709 2894 1783 Ergo
2927 1711 2984 1765 in
3017 1711 3218 1782 specie
3249 1709 3410 1782 ignis
3441 1709 3592 1764 Deus
3608 1712 3869 1779 servatpro-

2300 1799 2579 1870 positum.

2225 1902 2280 1966 Β
2375 1887 2496 1943 146.
2530 1889 2592 1944 ln
2622 1889 2869 1944 Actibus
2901 1905 3137 1961 quoque
3173 1888 3576 1960 apostolorum
3611 1903 3724 1942 cum
3751 1902 3876 1956 supra

2301 1977 2510 2033 ﬁdeles
2539 1977 2792 2048 Spiritus
2815 1981 3059 2033 sanctus
3083 1977 3517 2045 descendisset,
3543 1977 3684 2048 ignis
3704 1975 3873 2045 species

2299 2066 2649 2136 videbatur;
2683 2066 2772 2121 sic
2791 2067 2947 2122 enim
2968 2065 3193 2122 habes:
3235 2088 3259 2112 κ
3293 2065 3367 2120 Et
3424 2065 3608 2119 factus
3635 2067 3715 2118 est
3737 2061 3879 2117 subito

2299 2155 2370 2209 de
2403 2155 2552 2210 coelo
2585 2171 2794 2224 sonus,
2826 2159 3102 2227 tanquam
3124 2155 3180 2208 vi
3212 2171 3432 2228 magna
3479 2153 3712 2226 Spiritus
3747 2153 3879 2207 ferre-

2296 2247 2431 2312 tur;
2464 2247 2521 2299 et
2547 2245 2796 2315 replevit
2825 2249 3002 2300 totam
3033 2244 3274 2299 domum
3306 2244 3413 2298 ubi
3450 2247 3609 2298 erant
3636 2242 3881 2297 sedentes:

2297 2337 2354 2388 et
2383 2333 2531 2389 visa)
2564 2337 2703 2388 sunt
2731 2334 2851 2388 illis
2881 2333 3172 2405 dispersa:
3229 2334 3459 2406 linguae
3505 2336 3752 2404 tanquam
3777 2329 3884 2402 ignis

2298 2423 2454 2485 (Act.
2487 2441 2546 2492 ιι,
2579 2423 2632 2493 ‘2,
2663 2423 2738 2486 3).
2775 2445 2796 2471 ι

2370 2511 2492 2567 147.
2527 2512 2694 2568 Unde
2723 2515 2779 2567 et
2812 2511 2953 2566 illud
3001 2512 3238 2584 quando
3297 2513 3544 2572 Gedeon
3581 2514 3893 2580 superaturos

2299 2601 2551 2670 Madian,
2572 2604 2869 2656 trecentos
2891 2601 3055 2656 viros
3073 2601 3265 2672 jussit
3285 2601 3533 2673 hydrias
3554 2590 3786 2664 sumere,
3801 2601 3842 2648 et
3857 2595 3896 2647 in

2300 2689 2528 2761 bydriis
2561 2690 2724 2744 faces
2753 2705 3042 2745 accensas
3073 2691 3319 2761 habere,
3355 2693 3416 2746 et
3446 2691 3506 2744 in
3529 2687 3737 2744 dextris
3754 2691 3898 2740 tenere

2300 2778 2474 2834 tubas
2496 2779 2706 2842 (Judic.
2731 2796 2831 2847 vn,
2858 2780 2943 2841 16)
2969 2795 2984 2850 ;
3042 2780 3119 2834 ita
3167 2781 3364 2836 nostri
3395 2783 3694 2850 acceptum
3717 2776 3778 2830 ab
3801 2788 3897 2843 apo-

2302 2868 2472 2923 stolis
2503 2884 2820 2925 servavere
2836 2869 3116 2942 majores,
3139 2871 3302 2942 quod
3322 2869 3557 2942 hydria}
3576 2870 3705 2924 sunt
3721 2877 3904 2933 corpora

2299 2962 2523 3028 nostra,
2547 2959 2798 3030 ﬁgurata
2828 2961 2900 3014 de
2930 2961 3070 3016 limo
3100 2975 3236 3031 quae
3267 2961 3488 3015 timere
3509 2973 3625 3013 non
3650 2957 3848 3018 norunt,
3870 2949 3906 3004 si

2299 3049 2533 3105 fervore
2563 3049 2670 3117 (91)
2711 3049 2918 3122 gratias
2965 3048 3252 3120 spiritalis
3318 3049 3658 3122 ignoscant,
3709 3048 3758 3100 et
3803 3042 3906 3098 lesu

2301 3139 2532 3194 Domini
2561 3139 2904 3210 passionem
2958 3154 3174 3194 canora
3229 3139 3410 3194 vocis
3471 3135 3823 3193 confessione
3848 3133 3906 3182 te-

524 3224 681 3296 vitas,
697 3229 754 3282 et
774 3227 834 3281 in
851 3226 1069 3284 lumine
1089 3231 1189 3284 tuo
1212 3228 1544 3284 videbimus
1567 3229 1764 3283 lumen
1784 3227 1974 3299 (Psal.
1998 3244 2182 3297 xxxv,
2219 3254 2274 3324 ο
2301 3232 2549 3285 stentur.

523 3312 662 3384 10)?
697 3338 719 3362 υ
759 3316 882 3370 Hoc
911 3320 1022 3388 est,
1080 3319 1237 3390 quod
1296 3318 1450 3390 apud
1481 3321 1556 3386 te,
1620 3318 1778 3372 Deus
1813 3318 2185 3388 omnipotens

525 3401 718 3474 Pater,
750 3405 849 3477 qui
883 3405 1018 3461 fons
1048 3407 1184 3461 vitae
1215 3423 1302 3476 es,
1339 3408 1397 3462 in
1419 3407 1638 3462 lumine
1661 3410 1760 3462 tuo
1792 3404 1962 3476 Filio,
1988 3406 2186 3461 lumen

521 3491 858 3550 videbimus
890 3495 1145 3566 Spiritus
1177 3497 1365 3551 sancti
1396 3498 1528 3568 (99.).
1553 3496 1716 3552 Sicut
1745 3497 1874 3568 ipse
1899 3495 2186 3551 Dominus

523 3583 780 3638 ostendit
835 3584 1078 3641 dicens:
1144 3609 1166 3634 ιι
1244 3587 1504 3658 Accipite
1571 3586 1852 3658 Spiritum
1910 3590 2180 3641 sanctum

520 3669 712 3741 (Joan.
745 3689 847 3742 xx,
881 3675 1012 3744 22);
1048 3699 1070 3723 »
1125 3677 1181 3730 et
1210 3674 1384 3731 alibi:
1441 3699 1463 3723 ιι

520 3773 591 3815 eo
619 3760 784 3830 (Luc.
816 3779 895 3832 vi,
932 3762 1040 3833 19).
1078 3789 1101 3812 ιι

593 3865 714 3922 143.
749 3868 948 3938 Ipsum
976 3874 1170 3926 autem
1226 3873 1460 3926 Patrem
1514 3872 1649 3944 quis
1705 3872 1932 3928 dubitet
1987 3871 2181 3927 lucem

519 3967 678 4024 esse,
714 3973 848 4012 cum
878 3957 1094 4014 lectum
1127 3959 1204 4014 sit
1233 3961 1304 4015 de
1337 3961 1486 4016 Filio
1534 3961 1668 4033 ejus
1713 3962 1850 4033 quia
1899 3962 2182 4034 splendor

517 4042 596 4098 sit
624 4043 775 4100 lucis
832 4049 1070 4102 aeternae
1129 4047 1338 4118 (Hebr.
1372 4067 1409 4120 ι,
1443 4051 1546 4119 3)?
1603 4050 1791 4122 Cujus
1852 4052 2007 4105 enim
2065 4051 2180 4106 nisi

515 4132 711 4189 Patris
743 4136 949 4190 aeterni
979 4137 1262 4206 splendor
1289 4141 1380 4193 est
1411 4139 1616 4208 Filius,
1649 4141 1748 4212 qui
1772 4142 1979 4195 etcum
2009 4142 2181 4196 Patre

517 4235 756 4294 semper
785 4228 896 4294 est,
923 4240 1030 4279 nec
1063 4225 1359 4297 dissimili,
1381 4227 1486 4282 sed
1511 4229 1713 4284 eadem
1735 4229 1993 4286 claritate
2019 4245 2180 4284 sem-

513 4326 624 4384 per
651 4313 1004 4387 praefulget?

1527 3676 1599 3731 Et
1627 3677 1815 3736 virtus
1861 3675 2059 3732 exibat
2109 3675 2182 3729 de

589 4419 712 4475 144.
750 4421 818 4474 Et
848 4422 1034 4477 Isaias
1065 4421 1364 4494 signiﬁcat
1409 4441 1526 4480 non
1581 4427 1774 4482 solum
1824 4427 2036 4496 lucem,
2071 4427 2178 4480 sed

516 4507 690 4564 etiam
723 4509 923 4582 ignem
953 4526 1092 4567 esse
1121 4513 1398 4583 Spiritum
1435 4519 1722 4584 sanctum,
1757 4516 2002 4572 dicens:
2049 4538 2070 4562 «
2110 4515 2181 4569 Et

2371 3316 2493 3374 148.
2526 3317 2671 3384 Quis
2703 3317 2886 3389 igitur
2915 3317 2988 3372 de
3029 3317 3330 3374 divinitate
3365 3317 3562 3372 sancti
3596 3314 3826 3386 Spiritus
3849 3309 3914 3360 dn-

2299 3407 2464 3476 bitet,
2499 3423 2631 3462 cum
2667 3407 2767 3462 ubi
2797 3406 3052 3478 Spiritus
3086 3407 3281 3479 gratia
3311 3407 3418 3476 sit,
3452 3406 3539 3462 ibi
3562 3404 3785 3476 species
3811 3397 3919 3454 divi-

2298 3497 2498 3552 nitatis
2528 3498 2851 3567 appareat?
2879 3495 3005 3561 Quo
3035 3495 3391 3551 testimonio
3416 3511 3540 3550 non
3557 3492 3915 3548 diversitatem.

2299 3586 2406 3642 sed
2438 3586 2718 3641 unitatem
2774 3585 2990 3640 divinae
3048 3585 3406 3657 colligimus
3463 3581 3788 3656 potestatis.
3815 3575 3923 3630 Nam

2296 3674 2786 3748 quemadmodum
2818 3677 3012 3745 potest
3043 3689 3179 3729 esse
3203 3673 3510 3729 discretio
3534 3667 3838 3744 potestatis,
3856 3661 3924 3716 ubi

2295 3781 2452 3820 unus
2482 3765 2542 3818 in
2574 3763 2850 3819 omnibus
2881 3763 3243 3834 operationis
3308 3761 3576 3818 atfectus
3605 3759 3738 3816 est?
3771 3754 3924 3822 Neque

2295 3870 2438 3908 vero
2469 3857 2663 3924 potest
2692 3867 2830 3908 esse
2889 3853 3076 3925 gratia
3133 3855 3690 3918 sacramentorum,
3739 3845 3836 3901 nisi
3861 3838 3924 3893 ubi

2297 3941 2474 3998 fuerit
2503 3943 2674 3998 venia
2709 3945 3104 4013 peccatorum.

2369 4049 2490 4105 1-19.
2525 4049 2670 4114 Quis
2703 4053 2795 4104 est
2826 4049 3004 4122 igitur
3033 4049 3144 4104 iste
3174 4049 3350 4121 ignis
3373 4051 3406 4104 ?
3470 4049 3612 4103 Non
3642 4047 3823 4115 utique
3849 4038 3924 4090 vir'

2297 4139 2479 4213 guttis
2501 4139 2721 4194 vilibus
2740 4141 3077 4208 concretus,
3097 4142 3197 4192 aut
3218 4139 3459 4210 stipula
3480 4137 3765 4192 silvarum
3788 4131 3924 4199 fragor

2295 4245 2402 4284 sus
2433 4228 2760 4284 incendiis:
2793 4229 2900 4284 sed
2933 4227 3091 4300 ignis
3123 4227 3243 4296 ille,
3283 4229 3398 4299 qui
3463 4231 3530 4282 ut
3589 4239 3787 4280 aurum
3827 4219 3924 4270 bona

2296 4317 2446 4373 facta
2478 4317 2763 4386 meliorat,
2798 4321 2855 4372 et
2895 4321 2957 4372 ut
3012 4316 3295 4388 stipulam
3362 4319 3622 4388 peccata
3678 4303 3922 4367 consumit

2298 4407 2406 4461 Hic
2430 4410 2521 4462 est
2539 4407 2738 4478 utique
2761 4405 3014 4477 Spiritus
3038 4409 3317 4474 sanctus,
3347 4407 3460 4478 qui
3481 4401 3774 4460 Dominici
3794 4396 3919 4451 vultu

2294 4499 2350 4551 et
2372 4497 2531 4569 ignis
2555 4496 2882 4566 appellatur
2903 4498 2958 4550 et
2979 4495 3176 4550 lumen
3197 4495 3311 4560 (95)
3344 4511 3360 4563 ;
3387 4496 3623 4562 lumen,
3645 4492 3790 4546 sicut
3807 4497 3924 4552 sup“

515 4597 626 4654 erit
653 4573 958 4654 lux'lsrael
979 4599 1039 4654 in
1062 4573 1258 4673 ignem
1278 4603 1408 4673 (lsa.
1436 4622 1492 4674 x,
1521 4605 1628 4674 1'7).
1657 4629 1678 4653 υ
1706 4573 1903 4676 itaque
1925 4605 2180 4675 prophe-

2305 4585 2592 4640 iiximus:
2631 4608 2653 4634 α
2691 4585 2997 4657 Signatum
3029 4588 3122 4639 est
3177 4584 3238 4639 in
3304 4585 3505 4640 nobis
3569 4584 3767 4638 lumen
3793 4573 3922 4669 vulta

515 4688 594 4741 tua
615 4703 748 4742 eum
781 4689 979 4761 ignem
1008 4691 1310 4747 ardentem
1341 4693 1654 4762 dixerunt;
1716 4693 1851 4765 quia
1884 4693 1942 4748 in
1985 4693 2176 4748 tribus

515 4773 650 4832 istis
683 4780 1008 4850 generibus
1039 4783 1396 4852 propensius
1455 4782 1823 4854 majestatem
1855 4783 2178 4837 divinitatis

516 4865 908 4924 advertimus:
943 4871 1218 4941 quoniam
1251 4875 1308 4926 et
1362 4873 1752 4940 sanctiﬁcare,
1813 4871 2173 4927 divinitatis:

517 4957 574 5008 et
603 4953 952 5026 illuminare,
985 4958 1142 5030 ignis
1175 4964 1230 5014 et
1290 4961 1441 5016 lucis
1487 4965 1579 5016 est
1634 4961 1969 5032 prOprium:
2032 4964 2088 5016 et
2118 4961 2177 5015 in

515 5044 716 5114 specie
749 5045 906 5118 ignis
929 5048 1178 5119 exprimi
1200 5051 1290 5106 vel
1321 5051 1510 5106 videri
1542 5051 1757 5107 divinae
1804 5055 1897 5105 est
1927 5067 2178 5106 consue-

586 5187 810 5262 (92ftilta
843 5207 1050 5245 omnes
1096 5193 1232 5247 edit.
1293 5197 1350 5247 et
1401 5193 1602 5262 plures
1659 5209 1850 5249 mss.:
1915 5195 2022 5248 sed
2079 5194 2178 5248 alii

515 5261 802 5333 nonnulli,
841 5283 863 5311 ι
898 5263 956 5317 in
984 5263 1202 5318 lumine
1244 5266 1322 5318 tui
1356 5264 1484 5318 Filii
1544 5265 1896 5333 videbimus,
1936 5289 1957 5313 ιι
2023 5270 2170 5320 elc.:

513 5331 748 5402 quidam
781 5333 972 5396 etiam.
1012 5356 1034 5380 α
1071 5335 1134 5390 ln
1168 5335 1385 5389 lumine
1436 5339 1533 5390 tuo
1582 5336 1706 5390 Filii
1757 5331 1955 5391 lumen
2001 5337 2169 5391 vide-

513 5419 647 5456 mus
677 5407 734 5458 et
763 5404 1016 5474 Spiritus
1048 5407 1256 5460 sancti.
1296 5429 1316 5454 υ

581 5474 694 5550 (93)
716 5475 873 5550 Mss.
907 5476 1148 5546 aliquot,
1183 5501 1203 5550 τι
1243 5493 1350 5532 nec
1373 5481 1832 5549 consumpturus
1853 5491 2172 5550 aerumnas,

514 5547 622 5601 sed
657 5546 1062 5617 mitigatur-us:
1097 5548 1218 5617 qui,
1259 5571 1280 5594 »
1317 5552 1427 5603 etc.

586 5619 700 5685 (94)
731 5619 876 5671 Mss.
911 5617 1211 5693 aliquot”
1249 5619 1479 5693 signata
1527 5620 1600 5675 de
1641 5620 1802 5687 limo,
1838 5637 1972 5693 quae
2003 5639 2181 5692 opera

515 5689 1236 5762 tenerenonnoruntmisi
1267 5689 1522 5760 fervore,
1551 5717 1572 5740 ι»
1614 5695 1750 5761 etc.;
1772 5689 2180 5762 nonnulli'alii,

525 5782 546 5814 με
585 5759 656 5822 de
687 5759 811 5814 limi
843 5775 1022 5832 opere
1053 5763 1273 5833 tenera,
1306 5779 1440 5836 quae
1479 5759 1766 5820 tumorem
1799 5780 1917 5822 non
1946 5759 2181 5837 norunt,

2292 4675 2397 4744 tui,
2423 4675 2669 4730 Domine
2693 4674 2874 4736 (Psal.
2900 4691 2978 4743 ιν,
3001 4673 3071 4736 7).
3115 4693 3137 4724 ι
3161 4671 3346 4736 Quod
3377 4679 3482 4729 est
3511 4688 3665 4746 ergo
3685 4671 3860 4724 lumen
3885 4659 3924 4712 si

2291 4767 2555 4838 gnatum,
2590 4765 2704 4819 nisi
2737 4764 2897 4819 illius
2930 4763 3225 4836 signaculi
3257 4763 3601 4834 spiritalis,
3639 4762 3697 4817 in
3726 4772 3830 4830 quo
3858 4763 3924 4804 crc'

2293 4853 2502 4910 dentes
2535 4875 2557 4905 ι
2595 4854 2835 4926 signati,
2866 4853 3074 4925 inquit,
3107 4853 3258 4908 estis
3295 4854 3543 4924 Spiritu
3577 4838 3924 4924 promissioni

2293 4947 2500 4999 sancto
2533 4943 2778 5016 (Eplics.
2809 4961 2847 5014 ι,
2881 4943 3008 5006 13)?
3045 4966 3066 4991 υ»

2365 5049 2488 5106 150.
2524 5049 2714 5112 (Alias
2743 5066 2871 5122 cap.
2903 5048 3106 5122 XVII.]
3129 5049 3200 5104 Et
3219 5050 3399 5107 sicut
3421 5051 3634 5106 lumen
3673 5049 3762 5102 est
3797 5040 3924 5094 vultu

2295 5195 2348 5249 si
2373 5194 2627 5262 fervore,
2658 5217 2680 5242 ι»
2707 5197 2842 5262 ete.;
2867 5193 3080 5264 reliqui
3101 5196 3155 5248 et
3183 5193 3337 5248 edit.
3369 5195 3436 5250 in
3486 5198 3765 5264 nostram~
3790 5183 3924 5242 let-tit

2293 5283 2427 5322 nem
2447 5265 2842 5320 consentiunt.
2868 5262 3032 5319 Hanc
3053 5281 3231 5336 porro,
3264 5267 3732 5336 expositionem
3754 5262 3924 5336 [8393

2292 5354 2423 5392 rum
2451 5353 2520 5392 ac
2553 5335 2896 5402 facularum,
2935 5331 3153 5406 quibus
3209 5331 3484 5393 Gedeon
3551 5352 3706 5392 usus
3759 5331 3923 5406 legit}!

2289 5409 2560 5490 invenies
2579 5409 2751 5464 etiam
2771 5399 2922 5490 apud
2945 5399 3266 5490 Qi'igenem
3291 5409 3538 5490 [10ng
3559 5409 3618 5462 in
3653 5407 3754 5460 lib.

2291 5469 2924 5562 Augustinpmﬁuaest.
3051 5469 3119 5533 in
3143 5477 3440 5562 eumdem
3474 5479 3723 5548 librum,
3753 5479 3802 5528 et
3839 5469 3924 5524 Gn:

2289 5550 2522 5624 gorium
2550 5550 2631 5624 ⁸Μ.
2667 5550 2767 5605 lib.
2803 5567 2928 5624 xxx
2957 5550 3304 5624 Moralium,
3345 5556 3473 5606 etc.

2362 5623 2465 5694 (95)
2496 5621 2692 5694 Albin.
2730 5622 2883 5690 cod.,
2949 5642 2971 5672 α
3005 5623 3062 5694 et
3117 5612 3369 5691 lumen;
3435 5623 3584 5694 quia
3645 5621 3833 5674 lumen
3877 5612 3924 5662 Dt

2292 5693 2508 5763 vultus,
2541 5693 2798 5766 Spiritus
2831 5694 3018 5747 sancti
3053 5693 3246 5746 lumen
3286 5697 3414 5748 est.
3457 5693 3482 5744 ἡ
