4090 6174
86 278 198 343 769

1229 272 1340 346 DE
1384 270 1724 350 SPIRITU
1764 267 2098 350 Salvere
2144 277 2302 349 LIB.
2352 288 2399 350 1.
2624 371 2628 375 ,
2676 264 2709 301 ‘

3429 276 3547 348 770

84 480 286 548 divini,
320 481 399 535 ita
429 479 604 534 etiam
633 470 795 552 ignis
837 481 1050 536 emicat
1095 497 1172 537 ex
1220 484 1328 539 Dei
1362 484 1527 540 vultu
1558 501 1572 555 ;
1622 484 1759 556 quia
1876 486 2167 559 intelligat
2198 487 2457 556 fontem;
2490 487 2711 543 fontem
2758 487 2960 559 utique
3004 485 3391 557 intelligimus
3420 499 3541 540 non

87 570 371 640 scriptum
407 572 500 624 est
534 584 547 625 :
589 591 611 619 α
649 570 816 642 Ignis
874 571 933 624 in
982 576 1306 642 conspectu
1349 573 1483 644 ejus
1531 573 1761 629 ardebit

86 657 270 727 (P531.
294 675 454 727 κων,
487 658 565 727 3).
601 682 623 706 ιν
657 659 982 732 Praefulget
1011 661 1167 715 enim
1198 663 1386 733 gratia
1408 662 1524 716 diei
1547 661 1758 733 judicii

82 748 211 818 (96),
234 752 299 802 ut
329 750 615 819 sequatur
647 749 964 816 absolutio,
999 765 1131 819 quae
1176 754 1516 805 sanctorum
1559 767 1757 807 remu-

84 840 324 891 neretur
355 837 731 909 obsequium.
766 841 812 892 Ο
860 854 1072 910 magna
1104 838 1460 894 abundantia
1490 840 1758 911 Scriptu—

84 942 301 995 rarum,
335 941 512 997 quam
542 942 716 981 nemo
738 928 929 997 possit
949 927 1204 982 humano
1226 929 1467 1000 ingenio
1499 945 1761 999 compre-

82 1015 343 1070 henbere
378 1013 391 1069 1
422 1014 469 1069 Ο
497 1015 817 1069 maximum
866 1016 1082 1071 divinae
1130 1018 1371 1072 unitatis
1425 1018 1707 1073 indicium
1741 1017 1754 1074 1

84 1104 186 1158 His
216 1104 380 1159 enim
410 1103 645 1159 duobus
685 1105 1005 1160 versiculis
1054 1122 1230 1178 quam
1279 1107 1461 1162 multa
1508 1108 1757 1181 signan-

84 1196 172 1248 tur
199 1192 320 1263 (9'1)
354 1191 367 1247 ι

738 1281 992 1337 CAPUT
1028 1283 1154 1339 XV.

83 1388 377 1461 Spiritum
407 1394 672 1462 sanetum
701 1405 875 1462 aeque
908 1390 1254 1462 acipatrem
1301 1397 1361 1447 et
1393 1390 1610 1446 Filium
1665 1394 1759 1446 vi-

151 1466 275 1514 tam
311 1476 478 1525 esse;
507 1460 622 1535 imo
663 1460 799 1535 verb
820 1460 876 1516 si
885 1477 954 1535 ve
973 1461 1585 1535 Patggintelligatur,
1612 1464 1763 1535 apud

152 1548 333 1603 quem
366 1538 456 1585 est
491 1531 623 1586 fons
677 1532 831 1596 vitae,
882 1532 1015 1586 sive
1062 1531 1279 1603 Filius,
1342 1531 1762 1589 fontem'illum

152 1602 329 1657 aliud
348 1618 459 1657 non
485 1618 618 1657 esse
647 1619 814 1657 quam
846 1602 1159 1657 Spiritum.

148 1618 325 1657 arma
348 1618 459 1657 11011
485 1618 618 1658 8850
647 1619 814 1675 quam
846 1618 1159 1674 δρΙΙἼΙΙΙΙΠ.

148 1707 280 1763 151.
313 1707 509 1781 [Alias
541 1724 669 1780 cap.
699 1708 931 1782 XVIII.]
963 1710 1232 1766 Diximus
1257 1711 1512 1783 quialux
1534 1714 1626 1767 est
1644 1713 1763 1767 Pa-

93 1800 197 1867 ter,
230 1797 337 1852 lux
370 1796 584 1865 Filius,
617 1797 722 1853 lux
747 1797 1002 1868 Spiritus
1061 1803 1305 1855 sanctus
1340 1817 1351 1855 :
1402 1802 1763 1873 accipiamus

89 1887 260 1940 etiam
291 1887 428 1958 quia
459 1888 578 1941 vita
612 1890 704 1942 est
732 1887 927 1957 Pater,
962 1888 1080 1943 vita
1111 1888 1318 1959 Filius,
1349 1889 1468 1944 vita
1507 1891 1765 1961 Spiritus

89 1981 361 2030 sanctus.
394 1975 554 2029 Dixit
575 1976 730 2031 enim
754 1976 1017 2032 Joannes
1053 1993 1065 2032 :
1107 2000 1128 2028 κ
1156 1976 1323 2042 Quod
1342 1983 1466 2033 erat
1484 1979 1556 2033 ab
1576 1979 1762 2051 initio,

87 2065 241 2136 quod
274 2065 611 2120 audivimus
645 2068 702 2120 et
730 2066 886 2136 quod
916 2064 1195 2133 vidimus,
1230 2070 1286 2123 et
1317 2067 1509 2122 oculis
1540 2070 1766 2124 nostris

94 2154 539 2225 perspeximus,
564 2158 622 2209 et
656 2170 866 2209 manus
910 2159 1132 2211 nostrae
1179 2160 1456 2211 serutatae
1507 2161 1645 2211 sunt
1693 2158 1765 2212 de

101 2243 298 2298 Verbo
331 2244 467 2298 vitia
500 2260 513 2298 :
546 2247 603 2298 et
632 2244 748 2298 vita
788 2244 1074 2315 apparuit,
1122 2249 1179 2299 et
1209 2246 1466 2300 vidimus
1498 2250 1554 2301 et
1582 2249 1767 2301 testa-

90 2348 220 2387 mur
250 2337 310 2387 et
330 2333 748 2387 annuntiamus
777 2332 951 2388 vobis
1000 2334 1072 2388 de
1122 2334 1261 2404 vita,
1293 2349 1426 2406 quae
1456 2336 1581 2389 erat
1612 2334 1767 2405 apud

100 2422 341 2477 Patrem
373 2419 430 2489 (I
454 2421 621 2477 Joan.
654 2438 693 2492 ι,
727 2421 779 2493 1,
810 2421 887 2490 2).
925 2442 947 2471 ι
985 2421 1057 2476 Et
1084 2422 1345 2477 Verbum
1372 2424 1510 2478 vita:
1527 2423 1675 2477 dixit
1711 2427 1768 2478 et

91 2512 331 2580 vitam;
370 2515 434 2564 ut
468 2511 606 2574 631
674 2513 733 2565 et
782 2510 1012 2565 Patrem
1066 2511 1247 2565 vitam
1294 2512 1659 2584 signiﬁcaret
1713 2515 1771 2567 et

89 2599 330 2655 Filium.
354 2598 523 2665 Quod
554 2600 710 2655 enim
740 2602 831 2655 est
861 2601 998 2656 vita
1026 2600 1308 2671 Verbum,
1340 2601 1458 2656 nisi
1481 2602 1587 2657 Dei
1618 2601 1769 2656 Ver-

94 2689 286 2744 bum?
315 2692 405 2743 Ac
436 2705 543 2759 per
572 2688 685 2743 hoc
714 2690 769 2744 ei
799 2690 957 2744 Deus
989 2692 1046 2744 et
1076 2689 1335 2745 Verbum
1384 2691 1489 2745 Dei
1530 2690 1646 2745 vita
1678 2695 1771 2746 est

86 2779 222 2848 (98).
261 2777 332 2832 Et
365 2780 522 2832 sicut
550 2778 809 2834 Verbum
839 2780 977 2833 vitae
1016 2779 1249 2849 dicitur,
1303 2779 1380 2833 ita
1426 2782 1483 2833 et
1512 2778 1768 2849 Spiritus

90 2870 251 2923 vitae.
285 2867 587 2938 Scriptum
619 2871 711 2922 est
750 2869 906 2923 enim
939 2884 950 2922 :
1005 2890 1026 2917 α
1061 2867 1317 2939 Spiritus
1362 2869 1499 2923 vitae
1530 2871 1655 2923 erat
1710 2868 1770 2924 in

85 2958 234 3013 rotis
268 2956 522 3029 (Ezeeli.
557 2974 596 3026 I,
637 2957 747 3027 10).
812 2981 834 3005 η
886 2957 1086 3028 Itaque
1130 2958 1285 3013 sicut
1326 2957 1587 3013 Verbum
1630 2957 1769 3013 vitae

87 3047 205 3101 vita
239 3048 360 3115 est,
394 3046 471 3099 ita
515 3050 576 3100 et
599 3046 737 3101 vitae
767 3045 1022 3117 Spiritus
1054 3046 1170 3100 vita
1193 3050 1303 3102 est.

154 3134 285 3190 152.
320 3132 522 3207 [Alias
552 3150 680 3205 cap.
732 3133 921 3206 XIX.]
956 3135 1196 3206 :Accipe
1245 3151 1401 3191 nunc
1450 3136 1587 3208 quia
1639 3136 1787 3193 sicu,

1877 592 2047 647 aquae
2080 578 2277 647 istius,
2331 594 2465 650 quia
2509 580 2777 632 creatura
2823 579 2916 632 est
2949 592 2961 632 :
2999 576 3106 631 sed
3146 575 3361 629 divinae
3404 574 3543 628 ilius

1877 666 2106 737 gratiae,
2149 665 2263 719 hoc
2294 670 2406 734 est,
2449 666 2704 736 Spiritus
2746 665 2935 719 sancti
2984 680 2995 719 :
3050 665 3179 734 ipse
3238 666 3330 717 est
3387 664 3545 717 enim

1875 769 2026 825 aqua
2064 754 2219 808 viva.
2263 756 2582 825 PrOpterea
2634 754 2919 810 Dominus
2952 753 3134 807 dicit:
3174 773 3196 803 cx
3238 751 3301 806 Si
3352 753 3542 806 scires

1875 841 2094 896 donum
2126 843 2249 911 Dei,
2284 844 2495 914 etquis
2530 846 2621 897 est
2650 844 2748 914 qui
2783 843 2921 896 dicit
2970 841 3075 894 tibi
3108 857 3119 895 :
3164 840 3246 893 Da
3278 840 3418 894 mihi
3449 840 3542 893 bi-

1875 930 2039 1001 bere,
2072 934 2133 986 tu
2164 931 2422 1002 petisses
2463 932 2535 986 ab
2566 947 2657 1001 eo,
2692 934 2747 985 et
2780 931 3045 986 dedisset
3085 930 3190 984 tibi
3220 945 3429 1000 aquam
3452 930 3543 983 vi-

1872 1036 2007 1073 vam
2041 1020 2228 1087 (Joan.
2262 1036 2340 1090 iv,
2374 1020 2483 1090 10).
2521 1040 2544 1070 ι

1946 1107 2070 1163 155.
2105 1109 2270 1163 Hanc
2297 1125 2513 1179 aquam
2546 1109 2731 1164 sitivit
2762 1109 2955 1163 anima
2988 1108 3171 1162 David
3201 1106 3389 1176 (Psal.
3422 1122 3539 1176 xm,

1872 1196 1950 1266 3).
1986 1198 2207 1252 Harum
2247 1197 2467 1252 fontem
2501 1213 2785 1269 aquarum
2809 1197 3105 1252 desiderat
3136 1211 3372 1265 cervus,
3424 1210 3543 1249 non
3652 1182 3660 1194 ’

1878 1286 2088 1340 sitiens
2119 1302 2345 1341 venena
2376 1290 2736 1357 serpentum.
2766 1287 2910 1341 Viva
2943 1288 3035 1340 est
3051 1285 3207 1349 enim
3227 1300 3375 1356 aqua
3409 1298 3546 1355 gra-

1874 1375 1971 1429 tia;
2003 1374 2309 1446 spiritalis,
2345 1392 2414 1431 eo
2457 1377 2612 1448 quod
2653 1376 2867 1431 mentis
2906 1376 3132 1430 interna
3165 1374 3455 1445 puriﬁcet,
3489 1374 3548 1427 et

1876 1479 2048 1519 omne
2078 1464 2258 1519 animi
2286 1470 2592 1537 peccatum
2622 1465 2838 1536 abluat,
2872 1465 3354 1535 occultorumque
3373 1477 3546 1516 mun-

1876 1553 1973 1608 det
2004 1569 2288 1610 errorem.

2464 1679 2717 1734 CAPUT
2762 1678 2912 1734 XVI.

1876 1802 2169 1875 Spiritum
2201 1810 2467 1859 sanctam
2497 1804 2713 1858 ﬂumen
2744 1819 2882 1857 esse
2914 1818 3205 1875 magmgn,
3238 1800 3547 1875 cujusn‘mf

1947 1891 2094 1929 nere
2115 1875 2731 1948 niysticaiJerusaIemg
2749 1875 3065 1948 irrigatur.
3090 1872 3378 1927 Eumdém
3396 1872 3549 1927 fonti

1946 1961 2068 2009 suo,
2105 1944 2311 2013 id'est,
2336 1947 2510 2000 Patri
2544 1962 2612 2017 ac
2658 1945 2814 2017 Filio
2850 1944 3142 2017 aequalem
3182 1950 3546 2017 essctratque

1947 2018 2008 2071 in
2032 2017 2349 2090 Scriptura
2367 2016 2722 2088 signiﬁcari.
2758 2015 3153 2090 Illius'aquam
3174 2016 3305 2090 sitit
3328 2016 3548 2090 Doctor

1946 2086 2207 2158 sanctus,
2243 2088 2351 2142 sed
2381 2086 2442 2141 ut
2473 2104 2540 2143 ea
2573 2093 2974 2158 conservetur
2998 2086 3069 2140 ’in
3104 2086 3296 2158 nobis,
3339 2086 3546 2158 diobo-

1948 2159 2084 2227 lum,
2108 2156 2509 2230 cupiditatem,
2527 2176 2593 2212 ac
2608 2158 2885 2230 haeresim
2900 2157 3171 2230 admonet
3193 2156 3374 2230 vitari
3386 2173 3552 2230 opor-

1952 2235 2100 2298 tere,
2128 2226 2254 2284 cum
2287 2230 2459 2284 nobis
2496 2226 2633 2283 vasa
2663 2226 3061 2299 sintfragilia
3115 2247 3132 2281 :
3178 2227 3549 2299 deserendas

1951 2297 2127 2356 etiam
2159 2302 2447 2355 contritas
2478 2300 2659 2368 lacus,
2697 2305 2755 2352 ut
2776 2297 3013 2353 Domini
3042 2314 3245 2369 aquam
3276 2297 3545 2352 Samari-

1953 2378 2104 2428 tanae
2127 2372 2722 2444 patriarcharumque
2754 2368 3020 2440 exemplo
3040 2368 3434 2423 inveniamus.

1951 2496 2073 2552 156.
2107 2496 2302 2569 [Alias
2330 2512 2458 2567 cap.
2492 2494 2647 2568 XX.]
2678 2494 2795 2550 Sed
2830 2508 2904 2549 ne
2925 2494 3060 2565 quis
3092 2492 3241 2549 forte
3271 2495 3547 2571 tanquam

1876 2586 2256 2659 pusillitatem
2307 2584 2385 2656 (2)
2443 2584 2699 2656 Spiritus
2729 2583 3066 2656 redarguat,
3113 2585 3169 2638 et
3224 2582 3363 2638 hinc
3412 2583 3551 2640 velit

1878 2675 2192 2748 quamdam
2242 2674 2442 2729 facere
2491 2674 2828 2729 distantiam
2871 2673 3332 2745 magnitudinis,
3391 2673 3551 2744 quod

1876 2781 2027 2838 aqua
2060 2765 2249 2835 portio
2281 2764 2549 2818 videatur
2578 2777 2717 2819 esse
2741 2762 2921 2817 fontis
2938 2762 3187 2834 exigua:
3214 2777 3551 2833 quanquam

1878 2858 2282 2909 creaturarum
2312 2852 2581 2922 exempla
2613 2852 2854 2907 minime
2874 2851 3161 2906 divinitati
3190 2852 3439 2921 aptanda
3456 2851 3549 2905 vi-

1878 2944 2127 2999 deantur
2154 2942 2269 3013 (3);
2300 2944 2493 2997 tamen
2514 2957 2588 2996 ne
2620 2941 2758 3013 quid
2783 2955 2856 2996 ex
2876 2940 2986 2995 hac
3003 2957 3237 3012 quoque
3261 2944 3549 2996 creatura

1878 3033 2315 3102 comparatione
2375 3029 2801 3102 praejudicent,
2882 3030 3115 3084 discant
3182 3045 3300 3084 non
3357 3029 3552 3084 solum

1877 3137 2111 3192 aquam,
2146 3121 2252 3175 sed
2272 3120 2443 3174 etiam
2468 3120 2685 3174 ﬂumen
2711 3119 2931 3173 dictum
2951 3117 3231 3188 Spiritum
3255 3122 3547 3189 sanctum,

90 3225 265 3279 Pater
293 3206 437 3278 fons
469 3224 604 3278 vitae
634 3227 744 3293 est,
780 3225 857 3278 ita
890 3225 1065 3279 etiam
1090 3225 1304 3279 Filium
1334 3206 1602 3297 plerique
1634 3225 1767 3280 fon-

1903 3209 2208 3264 lecundum
2239 3209 2395 3279 quod
2428 3208 2643 3263 lectum
2677 3211 2769 3262 est
2802 3223 2814 3262 :
2854 3229 2876 3255 ιι
2928 3206 3196 3262 Flumina
3241 3208 3314 3261 de
3344 3209 3551 3262 ventre

92 3318 204 3368 tem
237 3314 383 3367 vitae
415 3316 814 3367 memorarunt
844 3313 1244 3385 signiﬁcatum
1277 3331 1288 3368 :
1327 3330 1398 3369 eo
1428 3314 1585 3385 quod
1615 3314 1769 3385 apud

95 3407 169 3469 te,
210 3403 429 3473 inquit,
463 3402 623 3456 Deus
655 3402 1049 3473 omnipotens,
1076 3402 1266 3457 Filius
1297 3406 1436 3458 tuus
1468 3402 1604 3457 fons
1633 3404 1771 3458 vitm

98 3492 190 3561 sit,
222 3491 344 3545 hoc
376 3494 489 3559 est,
524 3490 660 3545 fons
690 3490 944 3561 Spiritus
986 3493 1175 3546 sancti
1211 3491 1363 3561 (99);
1413 3492 1549 3563 quia
1581 3492 1771 3562 Spiri-

101 3583 198 3634 tus
225 3581 349 3633 vita
380 3582 493 3648 est,
525 3579 680 3633 sicut
712 3579 998 3634 Dominus
1029 3581 1107 3634 ait
1139 3596 1151 3635 :
1191 3602 1213 3628 ‹‹
1258 3579 1452 3635 Verba
1482 3596 1616 3652 quae
1656 3595 1770 3654 ego

94 3668 332 3723 locutus
364 3671 504 3722 sunt
519 3667 714 3736 vobis,
748 3668 996 3739 spiritus
1028 3671 1085 3724 et
1130 3668 1248 3722 vita
1295 3673 1434 3724 sunt
1464 3670 1654 3738 (Joan.
1687 3686 1768 3741 vi,

99 3758 210 3827 65),
248 3777 272 3807 ι
315 3758 455 3828 quia
488 3757 586 3811 ubi
620 3757 896 3828 Spiritus,
931 3761 988 3812 et
1017 3757 1136 3813 vita
1158 3760 1268 3828 est,
1302 3762 1359 3814 et
1388 3757 1490 3813 ubi
1511 3758 1627 3813 vita
1657 3761 1771 3829 est,

98 3848 275 3901 etiam
304 3846 564 3915 Spiritus
604 3849 849 3901 sanctus
881 3846 978 3917 (1).

168 3936 293 3990 155.
326 3934 605 4006 Plerique
662 3938 857 3989 tamen
915 3935 1027 3990 hoc
1083 3935 1215 3990 loco
1276 3936 1518 3993 Patrem
1566 3936 1773 3991 volunt

96 4024 504 4079 tantummodo
535 4039 641 4094 per
679 4024 897 4079 fontem
947 4024 1382 4097 signiﬁcatum,
1435 4041 1772 4098 quanquam

109 4115 348 4168 videant
377 4113 517 4184 quid
548 4112 851 4184 Scriptura
887 4114 1302 4169 memoraverit
1347 4130 1359 4169 :
1398 4137 1419 4165 α
1464 4115 1637 4186 Apud
1694 4119 1771 4185 te,

96 4203 310 4274 inquit,
348 4201 483 4257 fons
514 4202 649 4257 vitae
681 4202 870 4272 (Psal.
904 4218 1086 4273 xxxv,
1123 4203 1232 4273 10),
1270 4224 1291 4253 υ
1327 4203 1441 4258 hoc
1473 4208 1584 4273 est,
1620 4204 1775 4274 apud

101 4292 330 4346 Patrem
368 4290 551 4346 Filius
577 4309 588 4346 :
615 4291 891 4362 quoniam
932 4292 1193 4347 Verbum
1214 4292 1365 4363 apud
1386 4293 1592 4364 Deum,
1616 4292 1775 4364 quod

105 4384 229 4434 erat
260 4382 318 4434 in
352 4381 661 4451 principio,
696 4384 753 4435 et
783 4384 907 4436 erat
935 4381 1089 4451 apud
1119 4382 1326 4437 Deum.

174 4469 293 4525 154.
326 4469 444 4525 Sed
474 4470 603 4524 sive
634 4471 867 4525 Patrem
897 4471 1032 4541 quis
1065 4470 1179 4525 hoc
1210 4471 1366 4542 loco,
1398 4471 1526 4526 sive
1561 4468 1774 4526 Filium

1879 3298 2015 3370 ejus
2047 3299 2229 3352 ﬂuent
2257 3313 2427 3369 aquae
2458 3296 2618 3351 vita).
2653 3296 2780 3351 Hoc
2813 3298 3008 3350 autem
3038 3296 3185 3360 632
3219 3295 3451 3350 dicebat
3479 3296 3551 3350 de

1880 3387 2125 3458 Spiritu,
2157 3402 2332 3459 quem
2374 3386 2735 3456 incipiebant
2780 3386 3071 3456 accipere,
3123 3386 3224 3456 qui
3274 3385 3553 3441 credituri

1881 3480 2047 3531 erant
2077 3476 2137 3529 in
2152 3491 2285 3530 eum
2317 3476 2510 3544 (Joan.
2542 3492 2643 3544 vn,
2676 3474 2768 3543 38,
2791 3474 2904 3544 39).
2941 3491 2963 3523 in

1954 3565 2077 3620 15Ἷ.
2119 3564 2279 3637 Ergo
2311 3564 2529 3619 ﬂumen
2559 3567 2652 3619 est
2671 3563 2928 3635 Spiritus
2951 3566 3216 3633 sanctus,
3248 3567 3305 3619 et
3334 3563 3553 3621 ﬂumen

1879 3655 2220 3723 maximum,
2265 3653 2419 3724 quod
2457 3653 2785 3708 secundum
2819 3652 3108 3708 Hebraeos
3133 3653 3204 3708 de
3225 3653 3370 3708 Jesu
3388 3654 3556 3710 ﬂuxit

1880 3744 1941 3798 in
1971 3743 2146 3799 terris
2176 3742 2275 3813 (4),
2319 3745 2381 3797 ut
2412 3758 2513 3796 ore
2545 3742 2715 3797 Isaiae
2747 3742 3085 3812 accepimus
3134 3742 3546 3813 prophetatum

1882 3832 2000 3903 (Isa
2031 3849 2189 3900 wa,
2220 3830 2329 3902 12).
2363 3831 2640 3903 Magnum
2660 3830 2773 3885 hoc
2796 3831 3033 3899 ﬂumen,
3058 3831 3215 3903 quod
3235 3832 3360 3887 ﬂuit
3390 3848 3553 3888 sem-

1882 3937 2008 3993 per,
2042 3925 2098 3975 et
2128 3936 2427 3991 nunquam
2458 3920 2655 3974 deﬁcit
2686 3917 2785 3989 (5).
2820 3919 2944 3974 Nec
2974 3920 3165 3975 solum
3185 3921 3423 3992 ﬂumen,
3448 3922 3555 3978 sed

1885 4010 2056 4065 etiam
2078 4009 2307 4080 profusi
2330 4010 2605 4078 impetus,
2631 4012 2688 4063 et
2707 4009 3129 4082 magnitudinis
3146 4010 3552 4082 redundantis,

1886 4099 2041 4154 sicut
2073 4100 2247 4154 etiam
2279 4098 2464 4153 David
2513 4097 2658 4152 dixit
2708 4113 2721 4153 :
2764 4121 2785 4145 «
2820 4097 2966 4162 Quia
3006 4098 3264 4153 ﬂuminis
3304 4099 3557 4171 impetus

1884 4189 2143 4244 laetificat
2167 4188 2461 4242 civitatem
2494 4188 2600 4242 Dei
2631 4186 2817 4256 (Psal.
2853 4204 2988 4257 xm,
3022 4188 3100 4257 5).
3139 4212 3160 4235 η

1958 4277 2081 4332 158.
2120 4277 2327 4348 Neque
2369 4278 2524 4331 enim
2570 4277 2779 4331 civitas
2810 4275 2908 4330 illa
2937 4277 3269 4332 Jerusalem
3300 4278 3562 4335 caelestis

1884 4368 2077 4422 meatu
2098 4364 2357 4437 alicujus
2386 4366 2549 4421 ﬂuvii
2580 4365 2883 4421 terrestris
2932 4366 3192 4420 abluitur
3238 4383 3250 4421 :
3303 4367 3410 4422 sed
3456 4367 3554 4422 ille

1887 4472 1963 4511 ex
1991 4455 2128 4510 vitae
2180 4455 2341 4510 fonte
2382 4455 2715 4526 procedens
2762 4453 3016 4525 Spiritus
3047 4458 3289 4509 sanctus
3314 4496 3328 4525 ,
3380 4454 3557 4526 cujus

175 4612 285 4687 (96‘)
314 4613 463 4687 Mss.
510 4612 806 4687 nonnulli,
863 4636 891 4687 α)
936 4613 1343 4687 Prmiulgurat
1382 4614 1536 4669 enim
1589 4616 1769 4687 gratia

1903 4598 2183 4671 allegans,
2218 4598 2318 4658 οἶδε
2338 4605 2459 4678 γὰρ,
2493 4596 2680 4668 inquit
2707 4604 2849 4677 παρά
2869 4607 2941 4656 τῶ
2963 4608 3075 4656 Θεῶ
3116 4606 3282 4678 Πατρὶ
3312 4596 3431 4657 ὄντα
3470 4603 3558 4658 τὸν

105 4682 209 4758 Dei
242 4685 299 4758 in
333 4684 602 4758 judicio;
642 4708 663 4732 η
697 4686 897 4758 caeteri
926 4688 988 4758 ut
1022 4682 1198 4758 pediti,
1232 4685 1348 4739 nisi
1380 4687 1537 4757 quod
1560 4682 1618 4741 in
1648 4687 1776 4758 qui-

106 4754 361 4827 busdam
395 4756 631 4825 legitur,
669 4777 691 4806 ι
725 4756 820 4811 die
845 4756 1076 4827 judicii.
1117 4779 1138 4803 η

181 4825 293 4900 (97)
328 4826 617 4900 Nonnulli
663 4825 862 4900 mss,
899 4849 948 4900 ιι⁸
985 4827 1218 4900 duobus
1266 4828 1546 4883 versibus
1602 4844 1778 4900 quam

101 4897 282 4950 multa
314 4898 624 4969 designari
653 4896 948 4952 diximus!
982 4898 1126 4963 Quia
1156 4899 1277 4967 lux,
1316 4921 1337 4947 η
1374 4903 1486 4954 etc.

176 4969 288 5037 (98)
318 4968 567 5033 Quidam
598 4985 769 5036 mss.,
809 4991 830 5019 ι
865 4986 934 5023 ac
976 4985 1084 5040 per
1121 4970 1233 5024 hoc
1265 4972 1322 5024 et
1372 4971 1476 5025 Dei
1517 4971 1777 5025 Verbum

105 5038 223 5112 vita
252 5045 343 5112 est
377 5043 435 5094 et
466 5041 665 5108 sicut,.
705 5063 725 5089 υ
761 5044 873 5095 etc.
907 5038 994 5094 Et
1024 5057 1142 5095 non
1172 5041 1352 5095 multo
1397 5045 1552 5112 post,
1608 5065 1628 5091 α
1682 5042 1777 5095 Fi-

106 5109 248 5164 lium
306 5111 527 5166 fontem
585 5113 721 5166 vitae
768 5116 1085 5167 memorart
1148 5109 1417 5183 oporteat
1468 5109 1777 5185 signiﬁca-

108 5186 248 5235 tum.
287 5207 308 5229 ιι

184 5254 294 5321 (99)
326 5253 461 5308 Non
494 5256 721 5325 poterat
749 5257 993 5309 sanctus
1024 5253 1119 5308 hic
1143 5254 1351 5309 doctor
1369 5254 1630 5325 apertius
1652 5270 1781 5325 pro-

117 5326 452 5398 cessionem
482 5326 738 5398 Spiritus
769 5341 859 5398 ex,
877 5326 1021 5379 Filio
1046 5326 1406 5398 signiﬁcare.
1434 5327 1495 5380 In
1516 5343 1630 5397 quo
1654 5327 1781 5398 qui-

113 5395 242 5468 dem
271 5397 326 5452 ei
361 5397 503 5450 illud
528 5395 663 5450 non
706 5397 1077 5468 negligenter
1111 5395 1605 5467 praetereundum
1665 5395 1778 5468 est,

112 5465 271 5521 illum
300 5483 431 5523 eam
463 5465 940 5537 opinionem'nou
960 5468 1077 5523 sibi
1098 5465 1437 5522 vindicasse
1469 5469 1640 5539 quasi
1663 5465 1781 5538 pri;

114 5544 319 5611 vatem,
355 5538 462 5593 sed
487 5539 753 5611 plerique
768 5554 1135 5594 communem
1160 5538 1506 5610 praedicare:
1534 5541 1657 5595 Nec
1678 5554 1779 5594 ve-

116 5623 181 5682 r_o
208 5610 449 5666 dubium
482 5614 593 5679 est,
629 5610 769 5682 quin
803 5625 1009 5666 eorum
1038 5611 1097 5665 in
1121 5625 1365 5666 numero
1388 5611 1781 5682 comprehen-

120 5679 262 5738 derit
281 5679 673 5738 Athanasium
708 5698 721 5740 :
753 5682 807 5737 is
838 5683 993 5739 enim
1023 5682 1126 5739 lib.
1159 5682 1235 5739 de
1262 5679 1541 5738 Humana
1566 5689 1780 5741 natura

121 5757 414 5836 suscepta,
458 5751 703 5815 Davidis
735 5769 980 5815 versum
1017 5754 1091 5816 ad
1119 5770 1296 5835 quem
1337 5754 1435 5814 hic
1463 5753 1743 5817 alluditur
1762 5794 1780 5842 ,

1890 4686 2008 4758 Tibv
2030 4689 2120 4739 τοῦ
2142 4687 2292 4757 ἀγίου
2321 4685 2625 4758 “nugatrix.

1963 4757 2042 4829 (1)
2078 4754 2263 4829 Ηῡιὶι.Δ
2298 4754 2618 4825 θειὶιίεοιθ,
2658 4779 2679 4803 ιε
2723 4756 2859 4826 quia
2890 4755 2991 4810 ubi
3023 4754 3279 4826 Spiritus
3302 4799 3316 4827 ,
3367 4760 3423 4812 et
3456 4757 3557 4813 ubi

1889 4827 2212 4883 vita'etiam
2243 4827 2499 4897 Spiritus
2533 4829 2797 4881 sanctus.
2836 4847 2859 4876 ι

1962 4899 2038 4969 (Ξ)
2076 4901 2219 4953 Mss.
2254 4899 2495 4969 aliquot,
2534 4921 2554 4945 σι
2591 4902 2866 4968 tanquam
2904 4898 3345 4967 pauxillitatem.
3375 4920 3397 4949 r

1966 4972 2043 5041 (3)
2091 4970 2373 5045 Similiter
2400 4969 2736 5045 Gregorius
2796 4970 3035 5045 Nazian.
3088 4986 3221 5045 cum
3277 4976 3421 5045 orat.
3463 4970 3554 5045 37,

1895 5058 1997 5097 eas
2029 5041 2331 5114 retulisset
2362 5040 2800 5114 similitudines,
2851 5041 3068 5111 quibus
3116 5042 3389 5097 catholici
3418 5040 3558 5114 per;

1894 5129 2175 5168 sonarum
2206 5112 2536 5165 divinarum
2567 5113 2984 5183 cogitationem
3008 5115 3302 5184 utcunque
3334 5112 3558 5171 facilio-

1892 5200 2016 5239 rem
2066 5184 2313 5238 reddere
2360 5184 2665 5252 cupientes
2710 5184 3039 5248 utebantur,
3092 5199 3158 5237 se
3189 5190 3382 5240 tamen
3439 5201 3557 5243 non

1894 5258 2024 5310 sine
2056 5256 2263 5309 timore
2294 5255 2548 5324 quodam
2578 5259 2752 5326 atque
2796 5254 3076 5326 scrupulo
3117 5257 3356 5316 easdem
3386 5258 3558 5313 adhi-

1892 5328 2055 5395 bere,
2087 5326 2412 5396 proﬁtetur.

1964 5398 2042 5467 (4)
2083 5398 2163 5451 lta
2204 5413 2411 5451 omnes
2444 5397 2581 5453 edit.
2628 5414 2696 5452 ac
2727 5397 2930 5467 plures
2979 5414 3162 5468 mss.;
3214 5399 3312 5453 alii
3366 5404 3561 5455 autem

1894 5469 2182 5538 nonnulli,
2248 5490 2269 5519 α
2325 5470 2395 5523 de
2456 5468 2600 5523 Jcsu
2632 5469 2755 5523 ﬂuit
2806 5470 3072 5523 internis.
3122 5492 3142 5517 υ
3181 5470 3251 5523 Et
3281 5473 3557 5525 continuo

1893 5544 2049 5612 post,
2083 5539 2345 5609 Amerb.,
2381 5539 2552 5595 Eras.
2604 5545 2661 5595 et
2696 5557 2845 5595 mss.
2893 5540 3113 5612 aliquot
3141 5541 3375 5612 habent,
3413 5563 3444 5612 ες
3497 5543 3562 5612 ut

1898 5609 1999 5666 ore
2031 5627 2193 5682 saepe
2232 5612 2570 5686 accepimus
2613 5609 3065 5683 prophetarum;
3112 5631 3134 5663 ι
3195 5611 3295 5666 ubi
3346 5609 3558 5686 reliqui

1892 5697 2042 5756 mss.
2077 5688 2252 5756 atque
2282 5684 2419 5756 edit.
2452 5688 2514 5739 ut
2540 5684 2602 5739 in
2633 5686 2932 5756 contextu.

1964 5755 2041 5834 (5)
2079 5752 2361 5815 Ndnnulli
2390 5770 2562 5833 mam,
2599 5776 2621 5805 α
2658 5756 2862 5814 etnon
2890 5752 3109 5815 deﬂuit.
3138 5774 3161 5808 η
