4090 6174
633 205 740 273 771

2068 199 2311 272 S.AM

2421 202 2630 270 tOSII.
3611 166 3619 171 ”
3881 213 3969 280 772

635 426 746 465 nos
802 408 973 464 brevi
1030 407 1314 464 satiamur
1369 407 1608 478 haustu,
1668 408 1728 462 in
1784 407 1904 463 illis
1957 408 2304 463 coelestibus
2330 393 2404 458 Ε
2419 407 2626 477 (Prov.
2658 424 2715 477 v,
2751 407 2980 478 15,16).
3022 406 3326 473 Quomodo
3373 407 3518 464 hanc
3559 425 3750 480 aquam
3797 414 3965 484 tenebo,

635 499 914 568 Thronis,
948 497 1459 553 Dominationibus
1519 501 1575 553 et
1600 498 2023 568 Potestatibus,
2056 497 2307 570 Angelis

635 591 693 644 et
720 587 1116 660 Archangelis
1147 587 1574 642 redundantius
1622 587 1856 642 videtur
1886 587 2150 655 efﬂuere,
2185 587 2308 658 ple-

633 693 710 733 no
743 681 972 748 septem
1003 677 1284 732 virtutum
1330 676 1682 746 spiritalium
1717 676 1958 731 fervens
1997 680 2210 730 meatu.
2245 675 2309 731 Si

637 766 794 822 enim
825 765 1042 821 ﬂuvius
1089 765 1350 836 riparum
1407 765 1582 820 editis
1623 765 1981 836 superfusus
2027 764 2305 835 exundat,

638 858 857 928 quanto
888 855 1082 928 magis
1113 855 1370 926 Spiritus
1402 870 1634 910 omnem
1665 854 2118 926 supereminens
2149 869 2310 909 crea-

634 949 845 1016 turam,
880 961 1012 1000 cum
1044 944 1271 1017 reliqua
1299 947 1576 1016 tanquam
1598 943 1878 1000 inferiora
1909 947 2130 999 nostrae
2154 959 2310 997 men-

633 1036 710 1091 tis
742 1051 884 1090 arva
912 1035 1294 1107 perstringat,
1349 1035 1656 1090 caelestem
1698 1034 1858 1089 illam
1907 1037 2310 1089 creaturarum

627 1128 894 1181 naturam
925 1121 1203 1180 eﬁ'usiore
1231 1123 1483 1196 quadam
1505 1123 1994 1179 sanctiﬁcationis
2026 1121 2301 1177 ubertate

632 1214 893 1270 laetiﬁcat
916 1211 928 1268 l

701 1341 824 1396 159.
858 1339 984 1395 Nec
1029 1340 1264 1394 moveat
1301 1337 1461 1410 quod
1503 1337 1599 1392 vel
1648 1337 1746 1392 hic
1794 1337 1941 1392 dixit
1993 1357 2016 1389 ι
2061 1335 2303 1391 ﬂumina

633 1430 822 1503 (Joan.
852 1446 955 1499 vii,
987 1427 1120 1509 38),.
1141 1451 1162 1476 η
1199 1427 1294 1481 vel
1324 1426 1466 1482 alibi
1499 1450 1520 1474 «
1559 1430 1785 1498 septem
1820 1426 2067 1497 spiritus
2098 1425 2306 1496 (Apoc.

633 1536 689 1590 v,
724 1519 822 1589 6);
857 1540 880 1567 ι»
917 1517 1012 1572 his
1035 1517 1191 1571 enim
1223 1516 1796 1570 sanctiﬁcationibus
1829 1516 1903 1585 (6)
1929 1518 2156 1585 septem
2189 1514 2312 1584 spi-

631 1607 908 1678 ritalium,
951 1606 1108 1661 sicut
1138 1605 1324 1660 Isaias
1358 1605 1504 1659 dixit
1536 1605 1676 1674 (lsn.
1710 1622 1790 1673 x1,
1822 1602 1898 1673 2),
1932 1603 2308 1676 significatur

629 1696 931 1768 plenitudo
961 1695 1276 1764 virtutum;
1329 1695 1576 1764 spiritus
1611 1694 1917 1764 sapientiae
1950 1698 2005 1746 et
2036 1692 2306 1747 intellec-

2419 497 2744 567 ne-efﬂuat,
2779 513 2851 552 ne
2881 497 3158 552 labatur?
3209 496 3502 562 Quomodo
3547 515 3644 553 vas
3679 516 3844 556 meum
3867 519 3962 558 con-

2419 587 2698 657 servabo,
2722 602 2795 642 ne
2817 603 2932 658 qua
2954 589 3272 658 penetrans
3301 586 3440 640 rima
3461 586 3534 656 (9)
3552 589 3771 658 peccati,
3799 594 3965 648 interna

2420 677 2554 730 vitae
2587 675 2830 731 distillet
2851 675 3205 731 humorem?
3252 677 3406 732 Doce
3453 691 3576 748 nos,
3622 677 3830 734 Domine
3855 681 3965 749 lesu,

2419 765 2566 820 doce
2595 765 2752 820 sicut
2782 765 3037 820 docuisti
3067 765 3369 836 apostolos
3423 767 3572 837 tuos,
3602 765 3782 823 dicens
3809 784 3820 822 :
3852 791 3868 817 ι
3893 770 3970 825 No-

2419 854 2519 909 lite
2546 855 2951 909 thesaurizare
2982 855 3156 910 vobis
3187 855 3498 910 thesauros
3516 855 3574 910 in
3593 857 3748 926 terra,
3769 857 3849 912 ubi
3873 874 3974 913 aeru-

2421 960 2498 1016 go
2521 947 2578 998 et
2605 943 2762 999 tinea
2791 943 3161 1016 exterminat,
3193 948 3252 1002 et
3279 945 3378 1001 ubi
3395 944 3552 1001 fures
3581 943 3827 1002 effodiunt
3849 950 3891 1002 et
3911 947 3972 1002 tu-

2422 1035 2628 1088 rantur
2665 1033 2903 1103 (Mattlz.
2935 1049 3014 1104 vr,
3048 1033 3161 1106 49).
3206 1057 3228 1082 η

2495 1158 2615 1212 163.
2650 1157 2865 1214 Furem
2893 1158 3169 1215 videlicet
3215 1159 3572 1216 immundum
3615 1159 3844 1230 spiritum
3881 1176 3972 1215 esse

2426 1248 2745 1319 significat,
2779 1248 2880 1320 qui
2909 1248 2976 1315 in,
2997 1248 3291 1304 bonorum
3329 1264 3567 1320 operum
3593 1248 3712 1304 luce
3739 1249 3974 1321 gradienti-

2422 1332 2538 1391 bus
2569 1352 2686 1391 non
2716 1335 2910 1407 possit
2940 1337 3230 1408 obrepere
3262 1354 3274 1394 :
3299 1339 3360 1393 in
3378 1337 3632 1394 tenebris
3660 1341 3821 1393 autem
3844 1354 3976 1393 sacu-

2421 1425 2634 1480 larium
2667 1425 3068 1498 cupiditatum,
3111 1430 3168 1482 et
3215 1427 3370 1483 inter
3415 1427 3800 1483 oblectamenta
3825 1431 3976 1482 terres-

2421 1515 2598 1569 trium
2659 1515 2714 1570 si
2759 1531 2932 1586 quem
2992 1518 3215 1586 ceperit
3245 1517 3601 1588 voluptatum
3621 1517 3739 1586 (10),
3761 1517 3882 1572 omni
3901 1518 3978 1570 vir-

2422 1605 2564 1658 tutis
2595 1607 2835 1660 aeternae
2857 1605 3001 1660 ﬂore
3023 1605 3334 1676 despoliet.
3359 1605 3427 1660 Et
3447 1606 3840 1660 ideo‘Dominus
3856 1605 3972 1658 dicit:

2423 1692 2844 1748 Thesaurizate
2897 1693 3072 1750 vobis
3090 1695 3410 1750 thesauros
3444 1695 3502 1750 in
3531 1695 3670 1750 cuilo
3703 1710 3713 1748 :
3742 1693 3824 1749 ubi
3851 1708 3974 1764 neque

631 1790 748 1853 tus,
783 1785 1030 1856 spiritus
1065 1783 1300 1838 consilii
1329 1785 1504 1854 atque
1536 1783 1794 1852 virtutis,
1819 1781 2066 1852 spiritus
2099 1781 2305 1852 cogni-
2343 1777 2396 1843 Β
2423 1797 2630 1854 aerugo
2660 1798 2852 1854 neque
2883 1784 3040 1838 tinea
3090 1783 3477 1855 exterminat;
3522 1788 3578 1839 et
3608 1783 3702 1838 ubi
3743 1783 3872 1837 fures
3904 1797 3976 1834 non

633 1876 816 1932 tionis
849 1878 1024 1946 atque
1062 1873 1319 1944 pietatis,
1367 1871 1614 1942 spiritus
1647 1871 1875 1926 timoris
1926 1870 2050 1926 Dei.
2112 1871 2308 1926 Unum

635 1980 781 2037 ergo
813 1964 1052 2032 ﬂumen,
1073 1962 1181 2017 sed
1212 1961 1378 2015 multi
1422 1960 1774 2031 spiritalium
1817 1959 2107 2015 donorum
2137 1975 2300 2014 mea-

635 2057 752 2110 tus.
789 2053 918 2108 Hoc
945 2052 1127 2124 igitur
1155 2051 1372 2105 ﬂumen
1403 2050 1524 2104 exit
1562 2065 1637 2104 ex
1667 2049 1827 2105 fonte
1859 2050 2016 2103 vitae.

705 2179 827 2234 160.
859 2177 986 2234 Nec
1019 2177 1116 2231 hic
1146 2189 1362 2230 rursus
1395 2189 1642 2230 sensum
1675 2177 1840 2229 tuum
1888 2173 1961 2229 ad
2022 2171 2308 2229 inferima

635 2266 1014 2340 detorquens,
1051 2265 1189 2338 quia
1235 2263 1505 2336 quaedam
1545 2263 1862 2318 diversitas
1891 2263 2127 2318 videtur
2169 2275 2310 2317 esse

635 2358 817 2416 fontis
849 2360 907 2412 et
942 2355 1243 2424 ﬂuminis;
1294 2357 1351 2409 et
1378 2357 1574 2408 tamen
1621 2353 1693 2408 ad
1745 2353 1938 2408 omnia
2003 2351 2312 2424 prospexit

636 2449 936 2518 Scriptura
968 2445 1184 2510 divina,
1221 2458 1294 2498 ne
1339 2443 1649 2497 inﬁrmitas
1694 2442 1934 2498 humani
1993 2447 2304 2512 caperetur

635 2536 863 2610 ingenii
881 2535 1102 2588 vilitate
1124 2547 1488 2588 sermonum.
1511 2533 1818 2604 Proponas
1840 2531 1943 2586 tibi
1965 2531 2100 2585 licet
2123 2530 2309 2601 quod-

640 2627 734 2681 vis
780 2626 1019 2693 ﬁumen,
1062 2638 1094 2676 e
1154 2621 1312 2676 fonte
1353 2623 1447 2676 est
1496 2637 1508 2676 :
1563 2622 1740 2676 unius
1806 2625 2000 2675 tamen
2059 2623 2305 2690 natura),

639 2715 817 2770 unius
849 2711 1188 2784 splendoris
1229 2715 1287 2766 et
1317 2711 1544 2783 gratiae.
1582 2711 1687 2766 Dic
1719 2726 1885 2780 sane,
1918 2714 1974 2764 et
2003 2712 2084 2778 tu,
2118 2707 2308 2779 Spiri-

637 2807 762 2860 tum
792 2805 1062 2858 sanctum
1091 2799 1270 2855 unius
1304 2815 1436 2854 cum
1456 2799 1603 2854 Filio
1639 2800 1740 2854 Dei
1765 2802 1821 2854 et
1843 2799 1963 2854 Deo
1981 2799 2152 2852 Patre
2170 2814 2310 2852 esse

637 2890 1009 2961 substantiae,
1043 2889 1220 2944 unius
1237 2885 1532 2944 claritatis
1555 2892 1610 2943 et
1631 2889 1858 2961 gloriae.
1883 2887 2120 2958 Capiam
2138 2885 2312 2942 ﬁdele

639 2981 1051 3053 compendium
1081 2979 1154 3034 de
1212 2979 1430 3033 unitate
1459 2977 1714 3047 virtutis,
1769 2993 1878 3032 nec
1908 2977 2164 3032 verebor
2196 2976 2309 3030 ali-

639 3071 900 3146 quamde
919 3069 1262 3124 diversitate
1279 3067 1705 3139 magnitudinis
1723 3067 2134 3138 quaestionem.
2159 3065 2310 3119 Nam

639 3163 814 3218 etiam
845 3161 906 3214 in
935 3159 1049 3214 hoc
1077 3157 1253 3213 nobis
1285 3156 1588 3228 Scriptura
1618 3157 1925 3227 prospexit
1951 3171 1964 3210 :
1986 3155 2126 3210 dicit
2157 3155 2309 3209 enim

639 3252 746 3308 Dei
778 3249 966 3304 Filius
1000 3264 1012 3305 :
1053 3270 1074 3298 α
1107 3246 1219 3312 Qui
1247 3245 1467 3300 biberit
1513 3245 1585 3300 de
1629 3262 1779 3316 aqua
1811 3261 1986 3316 quam
2017 3259 2130 3315 ego
2160 3243 2313 3296 dabo

639 3341 716 3411 ei,
751 3341 852 3396 ﬁet
873 3341 933 3394 in
965 3353 1035 3394 eo
1066 3337 1204 3392 fons
1234 3351 1406 3408 aqua)
1438 3334 1706 3390 salientis
1741 3336 1799 3388 in
1827 3334 2004 3388 vitam
2035 3337 2313 3388 aeternam

639 3431 830 3502 (Joan.
866 3444 944 3499 iv,
977 3427 1064 3498 13,
1089 3425 1200 3498 14).
1230 3447 1252 3474 ιι
1278 3425 1389 3479 Hic
1413 3423 1548 3479 fons
1576 3423 1777 3496 utique
1802 3425 2006 3495 gratim
2029 3421 2313 3493 Spiritalis

636 3523 726 3576 est
785 3517 1003 3573 fluvius
1051 3531 1127 3571 ex
1175 3515 1312 3570 vivo
1351 3512 1512 3568 fonte
1543 3513 1897 3584 procedens.
1933 3510 2095 3566 Fons
2126 3511 2312 3582 igitur

631 3613 771 3665 vitae
807 3608 982 3663 etiam
1023 3605 1283 3677 Spiritus
1315 3606 1562 3658 sanctus
1592 3605 1702 3658 est.
2284 3595 2312 3614 ’

707 3731 829 3790 161.
865 3731 1143 3787 Advertis
1175 3745 1320 3802 ergo
1343 3745 1419 3785 ex
1440 3727 1642 3784 verbis
1665 3727 1858 3799 ipsius
1877 3725 2093 3782 divinae
2125 3723 2318 3798 signi-

635 3821 801 3880 ﬁcari
831 3819 1255 3894 magnitudinis
1287 3819 1588 3888 unitatem,
1625 3833 1735 3872 nec
1780 3832 1962 3888 posse
1994 3815 2071 3886 ('7)
2103 3813 2316 3869 Chris-

635 3916 760 3967 tum
792 3911 969 3967 etiam
997 3926 1030 3963 a
1059 3908 1304 3980 perﬁdis
1335 3907 1557 3963 fontem
1605 3907 1852 3980 negari;
1887 3922 2021 3961 cum
2053 3903 2188 3959 fons
2221 3903 2316 3958 di-

639 4004 806 4058 catur
836 4003 893 4056 et
919 3999 1196 4068 Spiritus.
1222 3996 1294 4051 Et
1325 3998 1481 4051 sicut
1511 3997 1728 4050 ﬁumen
1775 3995 1990 4050 dicitur
2029 3993 2312 4065 Spiritus,

637 4075 716 4146 ita
749 4093 810 4145 ut
838 4089 1014 4144 Pater
1041 4087 1188 4141 dixit
1220 4101 1232 4141 :
1271 4109 1293 4133 ιι
1351 4082 1505 4140 Ecce
1535 4101 1648 4157 ego
1673 4085 1924 4140 decurro
1976 4083 2036 4138 in
2064 4099 2174 4138 vos
2205 4083 2308 4155 (8),

637 4181 795 4236 sicut
825 4177 1043 4233 ﬂuvius
1075 4175 1262 4248 pacis,
1295 4177 1353 4230 et
1383 4174 1538 4230 sicut
1579 4175 1815 4230 torrens
1857 4171 2151 4227 inundans
2183 4172 2317 4244 glo-

639 4270 788 4326 riam
820 4267 1085 4342 gentium
1115 4264 1272 4333 (Isai.
1307 4280 1462 4334 wa,
1500 4262 1611 4335 ω).
1669 4288 1690 4313 η
1748 4263 1895 4327 633
1939 4261 2084 4328 Quis
2123 4266 2317 4316 autem

640 4357 869 4413 dubitet
888 4357 1106 4410 ﬂumen
1124 4367 1262 4408 esse
1283 4353 1421 4406 vitae
1452 4351 1559 4408 Dei
1589 4351 1822 4423 Filium,
1847 4351 1919 4408 de
1943 4367 2060 4424 quo
2079 4353 2318 4406 aeternae

530 4475 538 4479 -
644 4449 784 4503 vitae
817 4445 1057 4500 ﬁumina
1094 4441 1466 4515 proﬂuebant
1494 4442 1522 4496 ‘2

707 4572 832 4628 162.
867 4571 1030 4626 Bona
1058 4583 1204 4640 ergo
1235 4582 1406 4639 aqua,
1433 4565 1717 4638 spiritalis
1740 4565 1928 4639 gratia
1961 4579 1973 4620 :
2008 4563 2144 4637 quis
2159 4563 2317 4619 hunc

635 4662 860 4718 fontem
893 4659 1055 4714 dabit
1082 4658 1308 4729 pectori
1339 4658 1510 4712 meo?
1541 4657 1604 4710 1n
1626 4672 1718 4711 me
1738 4655 1914 4710 saliat
1939 4670 1955 4726 ;
1987 4654 2050 4709 in
2069 4669 2161 4708 me
2178 4654 2320 4708 fluat

635 4752 774 4806 vitae
832 4749 1082 4823 largitor
1140 4750 1399 4802 aeternae.
1459 4745 1792 4816 Superﬁuat
1847 4743 1910 4798 in
1963 4743 2140 4798 nobis
2181 4741 2317 4797 fons

635 4840 791 4910 iste,
840 4855 960 4894 non
990 4837 1210 4892 effluat.
1248 4835 1400 4890 Dicit
1443 4835 1598 4890 enim
1647 4833 1944 4904 Sapientia
1996 4847 2010 4887 :
2067 4853 2090 4881 α
2146 4831 2320 4886 Bibe-

635 4944 849 5001 aquam
879 4928 950 4982 de
978 4928 1097 4982 tuis
1128 4925 1316 4996 vasis,
1347 4927 1404 4980 et
1436 4924 1508 4979 de
1538 4927 1848 4994 puteorum
1874 4925 2110 4976 tuorum
2143 4919 2320 4976 fonti-

633 5017 788 5088 bus,
848 5017 1027 5087 inque
1087 5015 1298 5086 plateis
1355 5013 1474 5069 tuis
1532 5011 1898 5084 superﬂuant
1955 5026 2125 5084 aquae
2172 5012 2310 5066 tuae.

707 5159 784 5228 (6)
813 5155 1096 5214 Nonnulli
1126 5172 1301 5228 mss.,
1355 5178 1376 5204 σι
1428 5156 1524 5211 his
1559 5155 1715 5210 enim
1746 5153 2310 5228 signiﬁcationibus.

705 5226 783 5303 ('7)
818 5231 962 5284 Mss.
997 5230 1238 5303 aliquot,
1287 5226 1309 5279 in
1363 5226 1830 5303 Advertisergo
1866 5243 1941 5303 ex
1989 5226 2192 5303 verbis
2223 5226 2316 5296 ip-

637 5298 771 5359 sius
818 5303 1042 5357 fontem
1073 5298 1289 5355 divinae
1338 5300 1668 5372 signiﬁcari
1715 5298 2314 5372 inagnitud_inis_,_nec

632 5391 838 5447 posse,
878 5394 900 5422 ι
921 5377 1040 5447 _et_c.
1077 5372 1308 5447 Reliqui
1343 5369 1581 5447 adedit.
1604 5373 1757 5447 inter
1862 5386 1979 5424 non
1999 5369 2311 5447 dissident,

632 5443 753 5502 nisi
783 5445 951 5518 quod,
973 5445 1077 5518 hie
1104 5444 1312 5518 legunt
1333 5466 1352 5493 ει
1372 5444 1565 5518 etiam,
1595 5465 1617 5489 ι»
1642 5443 2148 5518 illiautem_«_ergo
2171 5456 2182 5495 :
2209 5463 2239 5518 »_
2259 5443 2318 5518 et

631 5531 740 5591 pro
775 5511 1034 5591 (verbis
1065 5511 1238 5591 ipsis,
1276 5539 1298 5564 η
1325 5511 1702 5591 ςαοᾶβναα,
1733 5512 1867 5591 (_iill.
1896 5511 2146 5591 et‘Rom.
2172 5511 2316 5591 edit.

604 5583 754 5676 'prte
785 5604 852 5648 se
884 5583 1107 5662 ferunt,
1157 5583 1400 5643 Amerb.
1450 5586 1507 5642 et
1543 5583 1693 5640 mss.
1747 5583 1966 5641 habent
2025 5607 2047 5634 α
2111 5583 2314 5641 verbis

2407 5494 2421 5506 .
2499 5453 2578 5521 (9)
2617 5451 2699 5504 lta
2728 5449 2873 5508 edit.
2911 5464 3118 5504 omnes
3151 5465 3222 5504 ac
3251 5450 3452 5520 plures
3503 5459 3644 5500 mss.
3705 5454 3717 5494 :

2428 5523 2732 5595 aliquot_,_»
2768 5536 2843 5577 ne
2867 5536 3025 5595 aqua
3055 5525 3376 5595 penetrans
3408 5521 3688 5595 rimam.__n

2423 1871 2706 1927 effodiunt
2735 1875 2792 1927 et
2833 1871 3122 1927 furantur.
3177 1872 3295 1928 Ubi
3335 1873 3490 1928 enim
3537 1872 3700 1928 fuerit
3748 1871 3973 1926 thesaurus

2421 1964 2581 2032 tuus,
2616 1961 2698 2016 ibi
2729 1961 2841 2016 erit
2870 1963 2927 2016 et
2966 1977 3070 2016 cor
3099 1964 3283 2017 tuum.
3325 1984 3348 2012 ι

2494 2086 2618 2141 164.
2655 2085 2890 2159 Aﬁrugo
2921 2089 3125 2142 nostra
3170 2087 3422 2142 lascivia
3477 2090 3585 2158 est,
3633 2101 3812 2158 aerugo
3848 2087 3978 2139 nostra

2423 2175 2608 2231 libido
2648 2178 2762 2246 est,
2795 2191 3002 2248 aerugo
3032 2178 3236 2230 nostra
3265 2176 3504 2232 luxuria
3531 2179 3636 2245 est,
3664 2191 3781 2247 quae
3805 2174 3978 2244 ﬂagitic-

2423 2281 2556 2320 rum
2587 2265 2869 2320 sordibus
2891 2265 3078 2320 aciem
3097 2265 3313 2320 mentis
3338 2265 3650 2322 obducunt.
3671 2264 3825 2319 Tinea
3841 2275 3979 2316 rursus

2425 2359 2628 2410 nostra
2649 2355 2829 2409 Arius
2863 2357 2973 2424 est,
3015 2356 3172 2410 tinea
3213 2359 3420 2410 nostra
3476 2355 3746 2410 Photinus
3791 2355 3878 2419 est,
3919 2349 3978 2419 qui

2425 2448 2696 2499 sanctum
2737 2443 3028 2499 Ecclesiae
3060 2445 3480 2500 vestimentum
3503 2443 3772 2515 impietate
3790 2456 3875 2496 sua
3890 2439 3984 2492 scin-

2423 2533 2606 2603 dunt;
2639 2537 2695 2588 et
2725 2535 3005 2588 unitatem
3033 2533 3250 2588 divinis
3299 2533 3616 2605 potestatis
3671 2531 3798 2596 634
3843 2525 3985 2583 indivi-

2425 2623 2600 2677 duam
2630 2638 2910 2694 separare
2941 2623 3270 2693 cupientes,
3308 2623 3602 2695 sacrilego
3632 2635 3810 2676 morsu
3836 2615 3984 2688 pretio-

2425 2727 2557 2766 sum
2571 2712 2706 2766 ﬁdei
2724 2711 2992 2766 velamen
3010 2711 3326 2766 obrodunt.
3342 2711 3627 2767 Funditur
3645 2725 3796 2782 aqua,
3818 2707 3858 2762 si
3873 2703 3986 2759 Arius

2426 2801 2657 2855 dentem
2691 2800 3066 2872 impresserit
3097 2815 3111 2856 ε
3158 2801 3370 2872 efﬂuit,
3423 2801 3478 2856 si
3514 2801 3763 2856 aculeum
3803 2792 3986 2851 suumin

2425 2889 2684 2961 alicujus
2732 2904 2840 2944 vas
2896 2890 3188 2944 Photinus
3225 2888 3507 2946 inﬁxerit.
3566 2889 3686 2944 Vile
3738 2886 3985 2959 ﬁgmentum

2427 2994 2658 3050 sumus,
2692 2979 2806 3034 cito
2837 2979 2977 3033 vitia
3007 2979 3322 3034 sentimus.
3366 2979 3484 3035 Sed
3502 2994 3665 3034 nemo
3692 2977 3814 3032 dicit
3833 2970 3979 3044 ﬁgulo:

2431 3087 2452 3118 α
2486 3067 2638 3133 Quid
2667 3083 2760 3122 me
2789 3066 2988 3123 fecisti
3017 3069 3108 3122 sic
3154 3067 3347 3138 (Rom.
3399 3085 3482 3140 ix,
3515 3068 3602 3134 20)
3633 3069 3661 3122 ?
3700 3087 3720 3116 »
3761 3063 3881 3119 Nam
3921 3055 3987 3112 etsi

2351 3149 2403 3214 C
2427 3157 2541 3212 vile
2571 3172 2680 3211 vas
2711 3160 3002 3227 nostrum,
3033 3157 3192 3212 aliud
3223 3160 3423 3212 tamen
3453 3159 3514 3213 in
3551 3157 3775 3223 honore,
3817 3148 3932 3206 aliud
3953 3146 3986 3197 in

2426 3246 2782 3301 contumelia
2812 3250 2924 3302 est.
2960 3245 3098 3300 Noli
3126 3261 3274 3318 ergo
3305 3247 3538 3318 aperire
3567 3231 3986 3314 lacumtuum,noli

2426 3335 2630 3392 fodere
2683 3337 2845 3390 vitiis
2909 3339 3084 3407 atque
3133 3336 3486 3392 criminibus
3513 3378 3528 3409 ,
3574 3351 3644 3392 ne
3715 3332 3828 3405 quis
3882 3325 3987 3381 diui.

2432 3447 2455 3476 α
2491 3426 2711 3481 Lacum
2741 3424 2989 3496 aperuit,
3023 3428 3080 3479 et
3110 3423 3314 3480 effodit
3333 3441 3470 3482 eum
3504 3441 3516 3481 :
3551 3428 3606 3482 et
3649 3421 3828 3480 incidit
3861 3417 3904 3472 in
3935 3411 3987 3466 ἴθ’

2424 3531 2597 3570 veam
2621 3531 2797 3588 quam
2837 3518 3115 3585 operatus
3143 3517 3238 3570 est
3265 3514 3460 3584 (Psal.
3492 3531 3592 3585 vii,
3624 3512 3725 3584 16).
3758 3533 3778 3559 ι

2500 3641 2622 3698 165.
2655 3640 2719 3696 Si
2749 3640 2956 3696 Jesum
2986 3640 3275 3712 quaeritis,
3311 3641 3597 3697 contritos
3624 3639 3775 3696 lacus
3799 3626 3987 3690 deserite:

2426 3732 2702 3790 Christus
2731 3730 2887 3785 enim
2917 3745 3037 3785 non
3053 3730 3128 3785 ad
3157 3730 3374 3803 lacum,
3395 3731 3504 3787 sed
3521 3732 3592 3786 ad
3612 3734 3822 3802 puteum
3845 3718 3983 3776 sedere

2428 3819 2759 3878 consuevit.
2792 3819 2879 3874 Ibi
2909 3833 3044 3874 eum
3076 3818 3447 3875 Samaritana
3485 3820 3581 3875 illa
3631 3833 3751 3891 quae
3801 3803 3983 3868 credidit

2425 3911 2525 3966 illa
2557 3926 2690 3982 quae
2721 3924 2933 3981 aquam
2962 3908 3200 3964 haurire
3233 3909 3528 3980 cupiebat,
3559 3906 3765 3964 invenit
3787 3901 3928 3973 (.1080.
3941 3907 3988 3984 ῐνη

2425 3999 2503 4072 6).
2535 3999 2816 4066 Quamvis
2849 4013 3017 4052 mane
3049 3998 3254 4053 venire
3296 3999 3599 4070 debueris,
3642 4001 3814 4051 tamen
3837 3987 3991 4042 etiamst

2429 4089 2628 4145 serius
2659 4088 2920 4158 veneris,
2957 4087 3130 4142 etiam
3163 4092 3336 4142 sexta
3367 4089 3514 4144 hora
3547 4087 3739 4142 Jesum
3779 4075 3990 4163 fatigalutn

2427 4178 2502 4234 ab
2534 4179 2742 4234 itinere
2774 4177 3064 4232 invenies.
3101 4177 3410 4248 Fatigatus
3443 4180 3554 4250 est,
3585 4175 3686 4232 sed
3719 4175 3771 4227 in
3798 4171 3872 4234 te;
3906 4169 3990 4250 (Ill,Ia

2429 4269 2529 4324 diu
2559 4274 2612 4324 te
2643 4266 2938 4340 quaesivit,
2973 4270 3073 4322 tua
3110 4246 3278 4322 illum
3308 4267 3512 4322 tandiu
3541 4246 3878 4326 incredulitas
3900 4246 3986 4304 fati-

2428 4359 2609 4432 gavit.
2679 4357 2814 4412 Non
2843 4355 3161 4412 offenditur
3213 4360 3431 4427 tamen,
3485 4356 3539 4412 si
3591 4352 3751 4410 modo
3799 4341 3988 4400 venias:

2427 4449 2570 4520 petit
2600 4447 2826 4517 bibere,
2858 4446 3125 4502 daturus.
3161 4444 3319 4501 Bibit
3349 4450 3544 4502 autem
3571 4459 3683 4500 non
3710 4437 3992 4520 αειιιιιιιιιδξ8⁸

2349 4522 2403 4586 D
2428 4511 2770 4592 termeantis
2814 4511 3023 4606 Irivuli,
3070 4534 3180 4590 sed
3221 4535 3474 4591 salutem
3511 4537 3662 4590 tuam
3693 4546 3706 4586 :
3737 4523 3859 4584 bibit
3880 4511 3996 4606 att-'80-

2427 4629 2551 4682 tum
2580 4629 2764 4696 tuum,
2804 4624 2954 4680 bibit
2993 4602 3258 4696 calicem,
3295 4624 3412 4680 hoc
3442 4627 3552 4696 est,
3583 4602 3993 4698 passionemtllfm

2432 4718 2670 4772 tuorum
2701 4715 3014 4770 criminum
3043 4712 3500 4786 redemptricem
3520 4695 3545 4784 ;7
3565 4715 3625 4767 ut
3651 4713 3708 4765 tu
3733 4702 3862 4761 sitim
3879 4695 3992 4749 istius

2431 4805 2656 4878 mundi,
2690 4804 2847 4860 sacri
2874 4807 3051 4876 potus
3083 4819 3295 4860 cruore
3325 4805 3684 4876 restinguas.

2505 4931 2626 4986 166.
2659 4929 2757 4986 Sic
2790 4928 3091 4984 Abraham
3112 4929 3299 4986 Deum
3328 4932 3707 5001 posteaquam
3732 4919 3920 4992 puteum
3937 4901 3994 4957 ἷο·

2431 5021 2535 5094 dit,
2568 5022 2817 5076 emeruit
2845 5018 3021 5084 (Gen.
3057 5033 3182 5092 xxx,
3216 5019 3328 5087 30).
3362 5018 3462 5073 Sic
3491 5018 3653 5072 Isaac
3683 5012 3805 5067 dum
3828 5001 3884 5057 ad
3925 5006 3995 5064 P“'

2427 5165 2642 5236 ipsius,
2680 5183 2704 5214 ι
2739 5177 2948 5236 nempe
2983 5162 3086 5217 Dei
3111 5160 3248 5217 Filii
3277 5178 3458 5233 supra
3488 5161 3583 5216 cit.

2497 5215 2690 5308 (erit.
2713 5215 3201 5308 ηῑέέξιρῑιιῑιέέῖαε
3225 5215 3534 5308 sanares:
3574 5215 3670 5284 an
3703 5223 3867 5308 ωερε
3900 5215 3996 5308 εεξξ·

2428 5275 2594 5377 milli,
2628 5313 2684 5362 et
2713 5310 2828 5362 vet.
2863 5275 3072 5374 cidit”:
3099 5275 3408 5360 deminuam
3521 5275 3626 5358 vos
3657 5315 3668 5354 :
3703 5319 3723 5347 ι
3749 5295 3885 5348 Rom.
3902 5275 3994 5334 θάιί·

2429 5397 2506 5436 ex
2526 5381 2719 5434 sacris
2752 5377 2918 5446 cod.,
2954 5398 2976 5428 ι
3015 5377 3325 5432 decurram
3350 5393 3406 5431 in
3438 5390 3562 5431 eos.
3591 5397 3612 5422 υ
3822 5427 3848 5441 _,

2499 5453 2578 5488 HM
2619 5451 2694 5488 lin
2728 5449 2843 5488 ΑΑΗ
2911 5464 3117 5488 ηπὶηρςι
3152 5465 3219 5488 nn
3251 5450 3452 5488 nlui-aa
3503 5459 3644 5488 mss-
3705 5454 3717 5488 2
3770 5429 3850 5488 8111
3896 5425 3995 5474 vero

2500 5571 2623 5671 (ἶῧῇ
2637 5571 2808 5651 ’Μεᾶ
2816 5571 3088 5668 aliquot:
3102 5571 3231 5650 751'
3237 5571 3673 5669 quem—ceperit
3687 5571 3961 5638 volutatum.
3979 5573 3995 5602 '
