3964 6168
101 264 202 328 773

1117 250 1231 313 DE
1275 244 1618 315 SPIRITU
1665 248 1997 315 SANCTO
2044 240 2204 313 LIB.
2252 250 2332 313 II.

3356 252 3475 314 774

121 467 245 518 teum
266 451 543 511 deambulat
572 449 748 520 (Gen.
801 467 964 520 xxxv,
1010 450 1122 523 62),
1163 453 1499 507 venientem
1529 452 1688 507 illam
1718 436 1776 499 Α
1805 452 1988 507 becca
2047 452 2203 507 sicut
2259 451 2537 524 legimus,
2598 451 2906 522 petitorem
2961 450 3186 507 invenit
3240 450 3356 521 (11)
3402 451 3476 506 ad

108 552 157 605 in
180 552 282 619 typo
305 540 555 598 Ecclesia
585 539 813 610 accepit
843 555 1091 595 uxorem
1149 541 1328 609 (Ibid.
1365 540 1476 610 6'7).
1508 541 1688 595 Fide-

115 638 171 691 lis
192 635 247 690 ad
270 636 492 705 puteum,
523 628 779 685 infidelis
812 629 883 683 ad
914 629 1127 685 lacum.
1164 630 1431 701 Denique
1480 634 1536 685 et
1567 631 1688 686 Re-

1808 541 2049 611 fontem,
2103 544 2157 596 et
2188 541 2535 595 meretrices
2590 541 2651 594 in
2680 540 2812 595 lacu
2870 540 3106 596 Jezabel
3136 556 3203 596 se
3263 554 3474 596 cruore

1807 631 2079 687 laverunt
2108 630 2202 701 (Ill
2229 632 2377 703 Heg.
2413 634 2579 701 xxu).

168 803 254 875 (ll)
278 802 403 857 Mss.
431 815 540 854 non
571 799 764 870 pauci,
803 822 824 845 «ι
864 798 1219 871 Rebeccam,
1254 799 1411 855 sicut
1438 799 1716 872 legimus,
1748 800 1960 871 petitor
1988 800 2248 857 invenit:
2289 822 2310 852 ι
2346 804 2491 873 tres,
2532 823 2551 852 «ι
2587 801 2878 873 petiturus
2910 801 3149 857 invenit.

3148 983 3432 995 ﬂ

1185 1092 1561 1171 LIBER
1633 1091 2318 1172 SECUNDUS.

630 1356 1059 1415 PROLOGUS.

109 1504 228 1560 Tres
249 1502 446 1558 divinas
468 1518 766 1573 personas
796 1506 856 1556 ut
897 1501 1123 1573 priscis
1161 1500 1476 1573 judicibus
1511 1501 1596 1556 ita
1631 1505 1691 1556 et

152 1575 234 1630 M0
256 1575 315 1628 'si
335 1590 429 1629 non
457 1573 651 1628 fuisse
682 1575 953 1645 ignotas:
986 1573 1349 1628 (lac/aratam
1373 1574 1551 1627 etiam
1566 1589 1693 1627 cum

152 1592 271 1699 alib'i
291 1652 390 1699 tum
417 1645 566 1699 apud
596 1644 762 1699 illum
793 1643 948 1698 Filii
977 1661 1103 1698 cum
1134 1644 1344 1699 Patre.
1368 1660 1480 1698 non
1519 1660 1693 1699 secus

149 1643 271 1700 alibi
291 1652 390 1699 tum
417 1645 566 1716 apud
596 1643 762 1699 illuin
793 1643 948 1716 Filii
977 1661 1103 1698 cum
1124 1644 1344 1716 Al’atre,
1368 1660 1480 1698 non
1519 1660 1694 1699 secus

148 1732 198 1772 ac
221 1717 371 1771 trium
389 1714 546 1771 inter
567 1731 633 1771 se
658 1715 1077 1788 aequalitatem.
1103 1714 1400 1787 Spiritum
1424 1721 1691 1771 sanctum

148 1788 365 1844 adfuisse
406 1787 697 1856 Samsoni,
724 1786 1247 1859 ~czq'nsﬂdeinceps
1285 1795 1693 1859 percurritur

145 1860 264 1912 mira
286 1859 518 1913 historia
572 1864 632 1913 et
672 1857 863 1930 variis
908 1857 1202 1930 Ecclesia
1232 1857 1555 1930 mysteriis
1585 1875 1689 1929 ap-

148 1936 286 1983 tatur.
310 1930 528 2001 (Eodem
563 1934 758 2001 autem
817 1928 1055 2001 Spiritu
1096 1928 1441 1999 recedente,
1482 1928 1692 2001 ipsum

147 2002 193 2054 in
216 2000 543 2073 multiplices
575 2000 868 2073 incidisse
917 2000 1306 2073 calamitates,
1342 2000 1492 2073 quod
1522 2000 1694 2057 rese-

144 2072 264 2154 catis
286 2071 503 2154 capillis
538 2088 614 2127 ne
644 2071 979 2154 tribuatur,
1000 2072 1315 2153 spiritales
1352 2071 1590 2128 illorum
1622 2073 1699 2127 si-

141 2142 499 2213 gniﬁcationes
521 2144 805 2215 proponit
836 2142 1216 2198 Ambrosius.

145 2268 182 2322 1.
208 2265 316 2322 Etsi
345 2267 399 2323 in
429 2268 586 2323 libro
616 2268 807 2339 primo
854 2268 1078 2323 veteris
1126 2267 1395 2324 historia
1442 2267 1694 2324 lectione

94 2355 376 2425 patefactum
406 2358 481 2412 sit
512 2357 668 2427 (12);
703 2360 760 2412 et
787 2357 845 2411 in
876 2357 1028 2428 ipsis
1078 2356 1387 2429 judicibus
1434 2361 1701 2414 veterum

88 2443 360 2502 Iudaeorum
381 2446 752 2517 septiformis
797 2439 1047 2519 gratiam
1069 2446 1325 2517 Spiritus
1362 2446 1698 2519 refulsisse,

92 2537 131 2586 et
146 2550 228 2603 per
250 2535 514 2606 Spiritum
542 2539 817 2591 sanctum
843 2536 1173 2591 caelestium
1194 2540 1699 2593 sacramentorum

91 2623 291 2678 revelata
342 2626 642 2696 mysteria,
705 2641 881 2697 quem
938 2625 1176 2696 Moyses
1224 2641 1341 2681 non
1398 2626 1693 2698 ignoravit

93 2715 335 2767 aeternum.
355 2714 623 2786 Denique
659 2714 856 2769 statim
892 2714 952 2768 in
990 2714 1281 2785 principio
1323 2714 1544 2784 mundi,
1579 2715 1717 2779 imo.

96 2801 190 2853 anle
202 2801 554 2873 principium,
584 2819 718 2858 cum
749 2802 1104 2874 Deojunxit,
1140 2819 1316 2874 quem
1345 2805 1478 2859 ante
1496 2803 1698 2858 mundi

91 2888 380 2960 principium
429 2892 862 2962 sempiternum
894 2907 1032 2947 esse
1078 2893 1378 2964 cognovit.
1432 2892 1699 2964 Namque

92 2976 126 3027 si
148 2978 257 3047 quis
283 2978 599 3053 diligenter
624 2981 908 3051 advertat,
943 2984 999 3036 et
1032 2982 1267 3036 Patrem
1316 2982 1375 3036 in
1407 2982 1699 3053 principio

1807 1372 2174 1429 cognoscas,
2228 1356 2385 1412 sicut
2432 1357 2579 1411 dixit
2620 1358 2795 1413 Pater
2857 1362 2914 1414 et
2939 1359 3143 1431 ﬁFilius
3175 1360 3348 1416 dicit:
3400 1361 3478 1415 ita

1808 1448 1866 1500 et
1893 1446 2069 1500 Pater
2098 1449 2394 1516 operatur,
2427 1448 2484 1501 et
2543 1445 2730 1502 Filius
2761 1448 2922 1503 dicit.
2974 1450 3149 1504 Pater
3175 1454 3474 1521 operatur,

1808 1535 1963 1589 sicut
1992 1535 2280 1605 scriptum
2308 1538 2434 1590 est:
2473 1557 2494 1581 α
2530 1536 2705 1591 Pater
2734 1552 2904 1592 meus
2925 1554 3119 1609 usque
3149 1539 3322 1594 modo
3346 1554 3479 1609 ope-

1806 1627 1971 1677 ratur
2025 1623 2215 1692 (Joan.
2252 1641 2307 1692 v,
2369 1623 2478 1692 17).
2517 1647 2540 1671 υ
2575 1616 2720 1679 635
2755 1625 2960 1680 Habes
3012 1628 3230 1681 dictum
3273 1628 3346 1681 ad
3378 1627 3477 1682 Fi-

1806 1712 1947 1765 lium
1976 1727 1987 1767 :
2027 1734 2049 1759 ‹‹
2089 1712 2193 1766 Dic
2225 1712 2410 1767 verbo
2443 1716 2499 1765 et
2547 1713 2853 1768 sanabitur
2901 1715 3143 1783 (Matt/2.
3178 1731 3302 1785 vui,
3334 1717 3409 1786 8).
3446 1738 3469 1764 η

1809 1800 1879 1855 Et
1909 1801 2096 1855 Filius
2126 1801 2268 1855 dicit
2315 1801 2509 1855 Patri:
2575 1825 2596 1848 α
2633 1801 2782 1856 Volo
2812 1805 2877 1857 ut
2929 1803 3031 1857 ubi
3063 1819 3177 1876 ego
3238 1820 3391 1874 sum,
3424 1805 3483 1859 et

1807 1889 1904 1944 isti
1937 1890 2058 1944 sint
2088 1905 2317 1945 mecum
2350 1890 2539 1961 (Joan.
2573 1907 2715 1960 xvn,
2750 1891 2861 1962 24).
2892 1913 2913 1939 »
2942 1891 3105 1947 Fecit
3136 1892 3309 1948 Pater
3323 1892 3482 1966 quod

1807 1976 1995 2033 Filius
2027 1978 2195 2033 dixit.

1877 2084 1930 2140 4.
1956 2083 2071 2139 Sed
2089 2100 2198 2139 nec
2221 2084 2519 2140 Abraham
2541 2086 2837 2157 ignoravit
2856 2087 3137 2159 Spiritum
3173 2091 3477 2145 sanctum:

1808 2173 2066 2245 denique
2097 2177 2221 2228 tres
2250 2174 2413 2243 vidit,
2469 2179 2526 2229 et
2558 2192 2740 2230 unum
2789 2176 3056 2231 adoravit
3101 2177 3276 2247 (Gen.
3310 2195 3477 2249 xvm,

1807 2262 1860 2328 2,
1897 2263 1993 2333 3):
2053 2263 2190 2335 quia
2219 2279 2375 2318 unus
2432 2264 2613 2334 Deus,
2672 2280 2827 2319 unus
2872 2266 3180 2336 Dominus,
3233 2270 3289 2321 et
3319 2283 3475 2323 unus

1809 2350 2085 2423 Spiritus.
2121 2351 2192 2407 Et
2221 2352 2353 2408 ideo
2402 2353 2599 2407 unitas
2629 2354 2897 2425 honoris,
2955 2355 3093 2427 quia
3121 2355 3316 2411 unitas
3368 2372 3471 2427 po-

1810 2442 2062 2497 testatis.

1880 2547 1934 2604 5.
1971 2549 2044 2603 Et
2072 2549 2211 2621 quid
2242 2549 2313 2604 de
2344 2550 2605 2625 singulis
2658 2550 2911 2622 loquar?
2969 2552 3221 2607 Samson
3279 2554 3477 2609 divina

1810 2639 2210 2710 promissione
2232 2644 2575 2711 generatus,
2599 2639 2855 2710 Spiritus
2896 2641 3269 2696 comitantem
3299 2642 3485 2698 habe-

1810 2727 1944 2782 bat:
1970 2728 2060 2781 sic
2082 2728 2239 2782 enim
2260 2728 2549 2800 legimus:
2580 2751 2602 2775 ‹‹
2625 2728 2772 2793 Quia
2786 2729 3089 2785 benedixit
3106 2731 3159 2785 ei
3176 2730 3484 2802 Dominus,

1814 2819 1872 2872 et
1890 2817 2068 2887 coepit
2090 2815 2348 2887 Spiritus
2386 2817 2619 2872 Domini
2654 2819 2921 2873 comitari
2944 2834 3078 2873 cum
3096 2835 3166 2874 eo
3208 2820 3267 2874 in
3292 2824 3488 2876 castra

1815 2906 2031 2975 (Judic.
2057 2922 2182 2976 xm,
2208 2906 2321 2977 25).
2349 2930 2371 2954 ι»
2404 2906 2473 2960 Et
2490 2907 2623 2961 ideo
2639 2906 2900 2963 futurum
2923 2909 3261 2978 praevidens
3288 2926 3488 2965 sacra-

1822 2999 2103 3066 mentum,
2130 3011 2206 3050 ex
2254 2995 2608 3068 alienigenis
2655 2996 2941 3066 poscebat
2990 3013 3235 3052 uxorem
3268 2999 3488 3068 (Judic.

89 3066 127 3117 θί
147 3063 322 3158 mlum
352 3074 686 3142 οοεηοεοθῐ
743 3073 798 3125 θί
829 3070 1132 3141 δρίνίίωη·
1196 3071 1279 3125 De
1310 3070 1485 3125 Ρεηνθ
1545 3071 1702 3126 enim
1738 3066 1788 3127 (ἶ
1816 3101 1940 3154 xxv,
1976 3085 2029 3155 1)
2060 3063 2265 3156 ίᾳιιοει
2298 3063 2471 3139 Pater
2498 3083 2633 3157 ejus
2656 3063 2733 3139 ac
2764 3089 2968 3157 mater,
2990 3090 3052 3142 ut
3076 3063 3362 3158 scriptum
3400 3092 3494 3143 est

93 3156 315 3224 scriptum
346 3163 469 3215 est:
508 3181 530 3209 α
570 3160 636 3213 In
665 3159 954 3229 principio
986 3159 1125 3214 fecit
1183 3160 1344 3215 Deus
1403 3161 1615 3215 calum
1649 3164 1706 3215 et

90 3244 251 3299 tenam
280 3246 451 3316 (Gen.
485 3266 524 3317 ι,
564 3248 639 3318 1).
673 3273 693 3295 n
730 3248 812 3303 De
841 3249 1061 3319 Spiritu
1094 3248 1314 3303 dictum
1346 3252 1475 3305 est:
1513 3273 1535 3296 «
1566 3249 1703 3321 Spi-

92 3330 197 3387 ritus
237 3338 719 3407 superferebatur
764 3353 946 3408 super
991 3354 1179 3410 aquas
1228 3338 1405 3408 (Ibid.
1453 3338 1528 3411 2).
1578 3364 1599 3387 »
1636 3339 1708 3394 Et

92 3416 200 3477 bene
235 3424 289 3479 in
317 3427 569 3483 exordio
631 3430 918 3482 creaturae
949 3427 1228 3497 baptismi
1277 3427 1468 3499 ﬁgura
1498 3429 1706 3500 signa-

92 3510 170 3577 tur,
193 3528 286 3582 per
335 3516 493 3586 quod
526 3515 738 3570 habuit
794 3520 1064 3571 creatura
1112 3517 1420 3572 mundari.-
1464 3517 1710 3572 Lectum

93 3597 219 3655 etiam
243 3602 309 3658 de
350 3604 502 3661 Filio
535 3605 699 3677 quod
748 3604 877 3676 ipse
922 3608 1033 3677 est,
1084 3605 1184 3677 qui
1218 3606 1503 3661 discrevit
1561 3608 1713 3663 inter

90 3688 289 3746 medium
314 3692 467 3749 lucis
498 3698 561 3750 et
591 3694 1006 3765 tenebrarum;
1048 3711 1205 3749 unus
1238 3698 1333 3750 est
1364 3696 1520 3751 enim
1551 3696 1711 3751 Deus

92 3772 220 3832 Pater
242 3782 336 3852 qui
361 3782 528 3855 dicit,
573 3786 630 3839 et
660 3799 817 3839 unus
849 3783 1137 3839 Dominus
1183 3783 1367 3841 Jesus
1397 3787 1498 3858 qui
1550 3784 1735 3841 facit.‘

140 3882 310 3943 2.Sed
338 3906 412 3946 ne
465 3907 691 3947 rursus
729 3893 830 3946 aut
882 3907 1175 3964 arrogans
1224 3896 1398 3963 putes
1458 3893 1713 3948 dicentis

92 3970 361 4047 imperium,
385 3983 489 4035 aut
507 3980 634 4035 vile
652 3980 929 4035 facientis
952 3982 1308 4053 obsequium
1331 3981 1443 4053 (13)
1469 3998 1483 4053 ;
1518 3998 1715 4055 aqua-

89 4056 171 4115 lem
195 4065 295 4121 sibi
323 4068 502 4125 Pater
531 4069 752 4125 Filium
786 4070 1100 4125 conﬁtetur
1128 4072 1328 4142 operis
1362 4072 1603 4142 unitate,
1637 4072 1720 4126 di-

96 4162 229 4206 cens:
262 4178 281 4201 -
314 4155 639 4214 Faciamus
669 4159 969 4214 hominem
999 4160 1073 4214 ad
1105 4160 1426 4233 imaginem
1458 4164 1515 4216 et
1546 4161 1717 4215 simi-

92 4234 336 4300 litudinem
391 4252 670 4303 nostram
726 4246 905 4315 (Ibid.
955 4248 1068 4318 26).
1112 4270 1133 4298 ιι
1193 4250 1396 4322 Imago
1446 4250 1603 4305 enim
1662 4254 1720 4305 et

1817 3174 2192 3246 ignorabant,
2225 3175 2504 3245 quoniam
2534 3190 2567 3228 a
2602 3175 2847 3230 Domino
2904 3179 2996 3230 est
3027 3175 3206 3244 (Ibid.
3248 3177 3325 3245 4).
3357 3176 3493 3231 Me-

1816 3263 2049 3334 ritoque
2081 3262 2291 3318 fortior
2320 3263 2555 3318 caeteris
2588 3263 2935 3334 habebatur,
2969 3264 3107 3335 quia
3139 3280 3275 3319 eum
3304 3265 3493 3335 Spiri-

1818 3353 1915 3406 tus
1950 3352 2178 3407 Domini
2212 3352 2524 3425 dirigebat,
2556 3368 2672 3424 quo
2704 3353 2875 3422 duce,
2910 3353 3080 3408 solus
3109 3370 3267 3409 nunc
3296 3354 3496 3409 alieni-

1821 3456 2107 3514 genarum
2166 3440 2411 3513 fugabat
2464 3442 2738 3513 populos,
2798 3458 2955 3497 nunc
2994 3442 3227 3498 leonem
3282 3459 3489 3501 morsu

1820 3530 2205 3600 inviolabilis,
2253 3529 2594 3586 fortitudine
2651 3532 3095 3603 insuperabilis,
3159 3533 3494 3604 dicerptum

1822 3620 2098 3674 manibus
2127 3619 2425 3675 dividebat
2456 3619 2636 3688 (Ibid.
2671 3621 2725 3690 5,
2759 3620 2835 3691 6).
2869 3620 3105 3675 Utinam
3135 3624 3254 3676 tam
3285 3626 3494 3678 cautus

1824 3709 1898 3763 ad
1927 3708 2281 3764 servandam
2310 3708 2581 3781 gratiam,
2615 3725 2792 3781 quam
2815 3709 2988 3765 fortis
3008 3710 3081 3765 ad
3100 3712 3497 3782 superandam

1824 3798 2077 3853 bestiam
2106 3795 2118 3852 Ι

1896 3904 1950 3961 6.
1975 3905 2045 3960 Et
2062 3904 2319 3961 fortasse
2342 3904 2453 3961 hoc
2477 3921 2595 3961 non
2612 3906 2807 3962 solum
2844 3907 3085 3963 virtutis
3123 3907 3493 3980 miraculum,

1828 3995 1936 4050 sed
1954 3996 2128 4049 etiam
2142 3996 2448 4066 sapientia
2465 3998 2833 4067 mysterium,
2850 3997 3177 4069 prephetia
3197 3998 3500 4055 oraculum

1828 4084 1957 4140 fuit.
1990 4085 2198 4157 Neque
2228 4085 2385 4139 enim
2418 4085 2672 4140 otiosum
2705 4086 2938 4142 videtur
2953 4088 3111 4158 quod
3134 4103 3268 4142 cum
3298 4089 3500 4143 tende-

1830 4176 1921 4229 ret
1949 4174 2022 4228 ad
2054 4174 2400 4245 mysterium
2453 4174 2815 4245 nuptiarum,
2850 4175 2943 4230 leo
2976 4177 3224 4249 rugiens
3249 4179 3506 4232 occurrit

1830 4263 1905 4333 ei,
1927 4279 2103 4335 quem
2126 4263 2401 4318 manibus
2432 4263 2530 4319 ille
2562 4265 2902 4335 discerpsit,
2937 4265 2997 4320 in
3028 4266 3203 4338 cujus
3252 4281 3500 4337 corpore

97 4332 301 4426 operatio
328 4339 384 4390 et
422 4336 761 4392 similitudo
810 4338 1166 4409 communis,
1213 4339 1354 4410 quid
1384 4339 1543 4394 aliud
1600 4339 1708 4395 nisi

1892 4332 2129 4408 innubio
2184 4353 2479 4424 potiturus
2539 4356 2733 4423 optato
2766 4332 2925 4425 (14-),
2978 4332 3502 4427 congregationem

94 4418 365 4488 maiestatis
395 4426 682 4498 ejusdem
711 4424 1012 4498 significat
1038 4428 1319 4482 unitatem
1340 4429 1370 4483 ?

142 4522 184 4579 3.
209 4527 415 4587 Tamen
446 4536 514 4588 ut
538 4532 938 4605 aqualitatem
974 4533 1210 4604 plenius
1230 4534 1427 4590 Patris
1469 4533 1719 4608 Filiique

147 4666 380 4748 (Μηδία
415 4692 637 4732 omnes
686 4676 823 4731 edit.
876 4693 945 4731 ac
974 4675 1177 4748 plures
1208 4693 1392 4734 mss.:
1448 4678 1545 4733 alii
1577 4694 1721 4734 vero

100 4742 331 4815 nonnulli,
395 4770 417 4794 α
453 4748 819 4819 patefactum
849 4750 948 4818 sit,
975 4742 1058 4803 'si
1091 4749 1409 4819 diligenter
1456 4751 1723 4805 adverta-

99 4820 283 4895 ξιξυεηει
304 4819 455 4895 ipsis
476 4819 792 4895 judicibus
815 4819 1450 4895 veter_um_Judaorum
1482 4822 1722 4892 spirita-

102 4875 555 4962 lemxinvenimiis
602 4892 851 4962 gratiam
894 4891 1212 4946 refulsisse
1234 4875 1723 4962 :quidam‘omit-

101 4951 207 5021 lunt,
238 4978 258 5002 ε
287 4951 714 5035 εἱλάἱιὶεειῆθν
762 4962 1168 5035 advertamus.
1206 4986 1229 5011 ι»
1280 4951 1396 5018 Sed
1446 4967 1562 5018 tam
1611 4964 1724 5018 hoc

150 5031 547 5103 [amverbum'u
574 5034 945 5103 invenimus;
983 5057 1005 5081 η
1038 5034 1363 5089 verisimile
1399 5038 1493 5089 est
1530 5035 1725 5089 additu

121 5102 342 5176 Nasoab
374 5103 452 5158 iis
486 5103 775 5172 librariis,
808 5105 907 5176 qui
936 5102 1281 5160 elationem
1331 5105 1390 5160 in
1422 5110 1538 5160 ant.
1574 5122 1723 5161 mss.

102 5171 403 5246 Pependere,
440 5191 561 5230 nec
588 5171 844 5245 plenum—
860 5192 1106 5230 sensum
1146 5177 1430 5231 exhibere
1461 5177 1727 5231 animad-

102 5245 370 5319 fglfterunt.
392 5246 750 5319 Quanquam
770 5250 965 5302 autem
1005 5248 1064 5301 in
1082 5252 1379 5319 receptam
1416 5248 1726 5303 lectionem

104 5311 263 5391 lilium
290 5330 363 5369 ex
394 5311 611 5391 aliqua
628 5334 774 5373 voce
806 5319 865 5373 in
898 5335 1048 5374 mss.
1080 5311 1484 5389 praetermissa
1535 5321 1726 5391 irrep-

104 5389 225 5458 εὶεεεζ
274 5402 389 5441 non
423 5389 808 5458 diffiteamur,
872 5392 1165 5445 malumus
1210 5395 1404 5447 tamen
1462 5389 1729 5446 mancam

105 5453 325 5535 ςξωάᾳπξ
335 5459 703 5535 relinquere,
729 5453 903 5532 quam
927 5462 1043 5533 ipsi
1064 5463 1393 5519 membrum
1424 5463 1579 5535 quod
1596 5463 1733 5518 alie-

14 5528 17 5545 l
105 5528 890 5599 nntn_judicemiis,assuere.

14 5678 15 5681 η
146 5595 245 5671 ,(18)
262 5598 393 5656 Non
415 5595 877 5660 defueruntanti
923 5605 982 5661 ui
1002 5606 1211 5661 Patres
1257 5608 1315 5661 et
1343 5609 1476 5662 ante
1508 5608 1566 5661 et
1591 5608 1731 5689 post

14 5700 17 5716 ς
107 5656 364 5716 Nicannm
396 5675 718 5716 ηηηηίιίιηη
775 5621 1136 5716 nni$nhsnm
1181 5677 1333 5716 mlin
1363 5692 1728 5716 τινωηηηιιιορ

14 5678 17 5758 ξ
107 5675 367 5730 Noenum
396 5675 742 5755 concilium,
775 5676 878 5758 qui
901 5675 1141 5737 Patrem
1180 5677 1333 5737 Filio
1363 5675 1728 5757 praecepisse

1834 4459 2011 4514 apum
2039 4443 2277 4514 reperit,
2312 4445 2368 4498 et
2398 4442 2511 4497 mel
2544 4442 2784 4498 sustulit
2816 4443 2887 4498 de
2919 4459 3021 4499 ore
3051 4443 3384 4516 ejus,fquod
3403 4446 3504 4498 Pa-

1835 4534 1907 4587 tri
1931 4532 2224 4588 edendum
2264 4533 2552 4604 matrique
2593 4532 2795 4588 tribuit
2824 4532 3001 4603 (Ibid.
3023 4531 3077 4603 8,
3101 4533 3199 4604 9)).
3237 4532 3504 4588 Habebat

1838 4678 2358 4757 agnoscerenthut
2404 4675 2667 4757 [renatis
2837 4692 2919 4742 ιιι,
2955 4690 3087 4757 εῑεη),ζ
3112 4672 3167 4745 8,
3200 4677 3258 4730 et
3285 4674 3387 4730 lib.
3421 4692 3500 4757 iv,

1841 4746 1968 4872 capi.
2003 4748 2107 4802 '75:
2145 4746 2366 4827 Marius
2415 4746 2635 4815 Victor,
2696 4746 2796 4827 lib:
2830 4762 2893 4827 1,.
2930 4746 3004 4801 de
3034 4748 3256 4801 Rerum
3313 4746 3501 4829 creat.

1840 4820 1915 4874 At
1961 4819 2226 4886 anasius,
2253 4818 2353 4871 lib.
2378 4817 2556 4871 Decr.
2582 4817 2790 4889 synodi
2808 4818 3108 4889 Nicaeum;
3140 4823 3195 4873 et
3220 4819 3501 4889 Basilius,

1841 4890 1916 4945 de
1933 4890 2167 4961 Spiritu
2195 4894 2433 4961 sancto,
2462 4903 2588 4956 cap.
2615 4888 2709 4961 16.
2723 4888 2837 4961 Sed
2869 4890 3178 4961 imperium
3197 4888 3506 4960 paternum

1841 4959 2001 5037 esse,
2027 4976 2145 5037 non
2177 4959 2546 5037 despoticum
2564 4974 2580 5037 _:
2615 4959 2949 5037 nullamque
2972 4961 3031 5014 in
3049 4959 3215 5037 Filio’
3246 4963 3507 5037 servitu-

1840 5035 1959 5087 tem
1981 5029 2261 5086 inducere
2286 5029 2460 5084 iidem
2483 5029 2821 5102 existimant
2844 5029 2870 5101 ;’
2889 5032 3382 5102 quemadmodum
3413 5034 3507 5089 lu-

1844 5103 2110 5176 culenter
2131 5102 2428 5176 explicant
2451 5100 2828 5176 llasiliuslib.
2855 5100 2951 5157 cit.
2978 5119 3107 5174 cap.
3147 5105 3208 5159 8:
3248 5106 3505 5176 Cyrillus

1843 5175 2013 5248 Alex.
2048 5176 2109 5229 in
2138 5172 2666 5248 eumdem__l_ocum
2704 5173 3030 5248 Geneseos,
3052 5172 3123 5248 'et
3178 5172 3507 5248 Gregorius

1844 5247 2085 5301 Nazian.
2120 5248 2265 5299 orat.
2298 5244 2387 5299 36.
2423 5245 2567 5300 V'ide
2597 5260 2730 5316 qua
2762 5261 2872 5300 nos
2919 5246 3021 5301 lib.
3069 5247 3144 5303 de
3171 5244 3330 5303 Fide
3381 5248 3508 5319 jam

1843 5319 2199 5373 notavimus.

1916 5389 2030 5457 (14)
2064 5387 2301 5443 Amerb.
2338 5390 2394 5443 et
2426 5386 2619 5461 Eras.,
2658 5410 2679 5435 α
2743 5390 3035 5445 connubia
3078 5390 3367 5461 petiturus
3399 5405 3508 5458 op-

1845 5464 1995 5515 tata:
2035 5484 2056 5508 η
2091 5459 2565 5532 ωεε.γιιοηηιι11ἱ,
2602 5482 2625 5511 ι
2662 5462 3021 5517 connubium
3077 5459 3368 5532 petiturus
3401 5474 3509 5529 op-

1846 5534 2061 5604 tatum:
2126 5554 2148 5604 »ξ
2212 5531 2311 5586 alii
2339 5532 2564 5604 plures,
2622 5535 2859 5590 etcum
2912 5532 3009 5591 his
3037 5531 3171 5590 Gill.
3231 5546 3300 5588 ac
3336 5532 3505 5592 Rom.

1846 5602 2009 5677 edit.,
2042 5605 2106 5662 ut
2134 5603 2195 5661 iu
2223 5602 2406 5662 textu.
