4090 6174
257 306 389 406 77,.

1419 299 1531 367 DE
1561 250 1901 368 SPIRITU
1932 302 2460 368 SANCTO'LIB.
2494 298 2573 365 II.

3616 301 3745 371 778

277 528 351 567 ex
408 509 514 564 illo
576 505 762 578 capite
800 505 1183 577 pullulantes,
1216 507 1287 560 de
1320 522 1436 577 quo
1477 506 1698 561 dictum
1740 510 1831 561 est
1866 523 1876 561 :
1920 529 1940 555 α
1968 488 2031 557 ι
2068 503 2367 562 Christum
2398 506 2506 561 Dei
2532 506 2805 561 virtutem
2838 521 2997 576 esse,
3057 508 3114 562 et
3150 505 3257 561 Dei
3296 504 3643 577 sapientiam
3672 506 3731 576 (I

271 600 459 669 Caput
491 598 626 663 viri,
659 594 937 650 Christus
969 594 1022 659 (Ι
1061 594 1197 650 Cor.
1221 613 1301 663 x1,
1327 596 1415 659 3):
1457 618 1477 645 η
1506 600 1561 649 et
1582 596 1723 649 alibi
1758 612 1769 650 :
1796 618 1816 642 «ι
1841 594 1947 649 Ca-

268 694 371 761 put
402 687 541 759 ejus
572 701 779 740 aurum
811 684 1053 754 eephas,
1090 688 1146 738 et
1189 685 1387 738 crines
1443 684 1577 755 ejus
1606 684 1832 738 abietes
1863 685 1950 738 ni-

270 794 396 851 grae
456 775 652 845 (Cant.
707 791 765 843 v,
828 774 938 841 1t).
980 794 1001 822 ι
1064 772 1135 826 Et
1192 773 1364 827 bonae
1414 788 1488 827 ex
1534 773 1725 827 abiete
1765 789 1950 827 naves

2062 594 2261 666 Cor.1,
2294 596 2407 661 24).
2459 595 2744 667 Legimus
2792 596 2963 650 etiam
3024 597 3161 666 quia
3194 596 3385 649 virtus
3415 599 3509 651 est
3540 597 3730 664 Pater,

2059 685 2214 739 sicut
2263 685 2548 754 scriptum
2597 688 2690 738 est
2749 699 2762 738 :
2840 707 2860 730 «
2897 684 3188 739 V’idebitis
3219 685 3432 739 Filium
3481 684 3739 740 hominis

2062 774 2364 827 sedentem
2413 774 2484 827 ad
2527 774 2835 829 dexteram
2868 774 3104 828 virtutis
3148 774 3250 828 Dei
3283 774 3522 841 (Matth.
3578 790 3740 843 xxvx,

267 866 521 922 Tharsis
555 865 688 934 (24),
725 878 857 934 quae
892 862 1170 916 ﬂuctibus
1212 866 1596 933 supernatent
1642 862 1864 929 mundi,
1899 867 1955 916 et
2059 862 2168 931 61).
2206 886 2227 910 ιο
2270 862 2378 916 Hie
2437 864 2636 933 utique
2680 864 2955 917 virtutem
2990 863 3219 918 Patrem
3247 863 3414 932 dixit,
3451 862 3631 934 cujus
3660 863 3736 917 ad

268 961 456 1012 tutum
498 954 810 1025 remigium
843 952 1053 1005 salutis
1084 952 1419 1006 exhibeant.

346 1047 434 1100 15.
454 1044 623 1099 Unde
644 1045 701 1097 et
722 1042 780 1095 in
806 1040 1129 1111 Evangelio
1152 1041 1438 1095 Dominus
1462 1042 1666 1095 noster
1686 1039 1957 1094 visibiles

281 1135 494 1205 capitis
516 1138 572 1188 et
602 1130 1009 1201 intelligibiles
1035 1130 1281 1199 capillos
1313 1131 1601 1200 quosdam
1623 1145 1762 1184 esse
1780 1129 1963 1201 signi-

287 1225 500 1293 ﬁeans,
522 1222 603 1275 ait
636 1236 650 1276 :
688 1244 710 1268 α
761 1219 876 1274 Sed
910 1222 966 1273 et
1013 1218 1209 1289 capilli
1249 1219 1458 1288 capitis
1509 1218 1692 1273 vestri
1752 1233 1960 1273 omnes

286 1311 578 1368 numerati
626 1312 766 1364 sunt
827 1307 941 1379 (25)
988 1308 1227 1378 (Matth.
1260 1325 1319 1377 x,
1371 1306 1484 1377 30),
1520 1328 1543 1357 ι
1609 1307 1961 1378 spiritalium

278 1402 559 1457 videlicet
588 1398 938 1471 significans
970 1396 1123 1451 facta
1141 1396 1417 1451 virtutum
1441 1412 1456 1466 ;
1489 1411 1681 1467 neque
1704 1396 1860 1450 enim
1890 1395 1963 1449 de

286 1490 521 1561 capillis
558 1487 781 1543 nostris
813 1502 954 1540 cura
993 1488 1086 1540 est
1132 1486 1275 1540 Deo.
1327 1485 1672 1556 Quanquam
1731 1487 1788 1539 et
1818 1483 1966 1538 illud

298 1596 423 1635 non
451 1577 771 1633 absurdum
804 1576 882 1630 sit
911 1576 1227 1645 aestimare,
1261 1576 1397 1646 quia
1427 1590 1536 1646 pro
1557 1573 1869 1646 majestate
1888 1573 1968 1627 di'

294 1670 436 1724 vina
466 1683 601 1723 eum
632 1667 812 1720 latere
842 1664 988 1719 nihil
1017 1665 1228 1735 possit.

357 1758 446 1813 16.
482 1756 597 1811 Sed
657 1755 799 1827 quid
838 1754 980 1809 mihi
1016 1753 1275 1824 prodest,
1311 1754 1366 1808 si
1398 1753 1557 1808 Deus
1586 1753 1718 1823 ipse
1758 1766 1968 1807 omnes

287 1863 458 1902 meos
503 1846 669 1900 novit
725 1843 971 1914 capillos
1000 1842 1159 1913 (26)?
1213 1843 1360 1897 Illud
1406 1842 1547 1897 mihi
1597 1841 1885 1897 redundat
1915 1839 1973 1896 et

299 1936 558 2008 proﬁcit,
595 1934 646 1989 si
675 1934 967 1988 bonorum
992 1947 1235 2002 operum
1266 1931 1518 2004 pervigil
1542 1931 1735 2001 testis,
1768 1947 1969 1986 remu-

288 2026 657 2081 nerationem
690 2022 900 2095 gloriae
930 2022 1109 2076 donet
1154 2024 1413 2075 aeternis.
1451 2022 1714 2091 Denique
1754 2023 1811 2075 et
1840 2021 1970 2090 ipse

293 2116 553 2171 Samson
585 2129 703 2167 non
749 2111 1113 2181 corporales,
1148 2111 1253 2165 sed
1285 2109 1690 2181 intelligibiles
1722 2109 1835 2164 hos
1868 2124 1971 2164 ca-

292 2204 472 2276 pillos
503 2218 643 2259 esse
674 2200 986 2256 declarans
1016 2200 1096 2253 ait
1126 2216 1139 2254 :
1180 2222 1201 2248 α
1226 2198 1294 2253 Et
1327 2199 1380 2254 si
1410 2203 1621 2253 tonsus
1636 2198 1826 2268 fuero,
1851 2197 1974 2252 dis-

293 2293 468 2348 cedet
494 2308 529 2346 a
568 2307 660 2345 me
689 2290 880 2345 virtus
912 2305 1040 2343 mea
1072 2288 1286 2357 (Judie.
1319 2305 1442 2357 xvx,
1482 2287 1589 2349 17).
1627 2310 1650 2336 κ
1716 2287 1844 2342 Hoc
1902 2286 1974 2341 de

291 2381 579 2453 mysterio
615 2396 627 2435 :
664 2394 821 2434 nunc
851 2378 1123 2433 lectionis
1147 2377 1364 2432 seriem
1396 2376 1866 2433 consideremus.

834 2521 1087 2576 CAPUT
1128 2520 1453 2576 PRIMUM.

296 2650 594 2723 Spiritum
622 2645 862 2723 Domini
883 2647 1060 2723 etiam
1092 2646 1495 2723 Do_m_in_um_ac
1518 2645 1799 2723 virtutem
1821 2659 1976 2715 esse,

517 2736 625 2775 nec
648 2720 709 2773 in
740 2720 849 2774 hoc
879 2717 1058 2772 Patri
1088 2717 1183 2772 vel
1207 2717 1371 2773 Filio
1391 2716 1764 2772 inferiorem.

374 2845 463 2901 1'7.
489 2844 677 2916 Supra
707 2843 901 2898 habes
935 2843 1069 2915 quia
1107 2866 1129 2891 α
1156 2840 1467 2897 Bcnedixit
1498 2843 1553 2897 ei
1584 2842 1893 2909 Dominus,
1928 2843 1985 2896 et

303 2935 488 3006 erepit
542 2934 797 3005 Spiritus
856 2933 1088 2987 Domini
1150 2933 1418 2987 comitari
1467 2949 1602 2987 cum
1643 2948 1712 2987 eo
1765 2930 1981 3001 (Judic.

299 3042 432 3095 xm,
467 3023 557 3094 24,
587 3024 732 3092 25).»
758 3022 915 3076 Infra
954 3022 1033 3075 ait
1066 3037 1077 3076 :
1113 3042 1135 3071 ι
1164 3021 1235 3076 Et
1255 3022 1473 3076 direxit
1504 3037 1687 3093 super
1708 3037 1840 3076 eum
1872 3019 1984 3090 (2'7)

303 3114 568 3184 Spiritus
628 3111 859 3166 Domini
899 3110 1118 3179 (Judie.
1176 3127 1300 3180 xxv,
1334 3106 1410 3180 6).
1448 3133 1470 3159 »
1515 3110 1658 3164 Item
1702 3111 1781 3164 ait
1816 3124 1828 3163 :
1865 3131 1887 3155 α
1924 3108 1983 3162 Si

300 3207 523 3259 tonsus
576 3201 763 3270 fuero,
823 3200 1089 3255 discedet
1142 3216 1176 3254 a
1235 3214 1327 3254 me
1373 3200 1563 3254 virtus
1611 3215 1738 3254 mea
1768 3198 1983 3269 (Judie.

305 3310 432 3357 xvi,
471 3291 580 3360 1'7).
620 3312 643 3341 ι
677 3290 1074 3360 Posteaquam
1105 3292 1319 3344 tonsus
1360 3292 1472 3359 est,
1520 3289 1655 3344 vide
1687 3288 1987 3359 Scriptura

307 3381 459 3455 quid
509 3380 665 3435 dicat
713 3395 727 3435 :
784 3403 806 3429 α

314 3470 501 3542 (Ibid.
534 3470 647 3541 eo).
684 3493 706 3518 ι.

390 3576 478 3632 18.
539 3576 722 3631 Vides
753 3591 902 3648 ergo
947 3574 1085 3646 quia
1115 3574 1214 3630 ille
1245 3575 1347 3646 qui
1396 3573 1802 3642 comitabatur,
1860 3572 1989 3643 ipse

314 3667 624 3723 discessit.
650 3666 807 3720 Idem
840 3668 932 3719 est
962 3680 1107 3736 ergo
1133 3664 1439 3733 Dominus,
1464 3664 1563 3735 qui
1598 3662 1850 3733 Spiritus
1885 3662 1994 3715 Do-

317 3756 488 3825 mini,
521 3755 636 3810 hoe
666 3758 759 3809 est
790 3755 987 3825 ipsum
1034 3754 1314 3824 Spiritum
1344 3753 1469 3823 Dei,
1497 3752 1804 3807 Dominum
1838 3764 1991 3805 nun-

868 3379 1175 3449 Dominus,
1233 3378 1442 3451 inquit,
1504 3378 1752 3434 dicessit
1794 3377 1867 3432 ab
1917 3392 1988 3432 eo

314 3845 578 3917 eupavit,
640 3843 795 3898 sicut
851 3843 1173 3913 Apostolus
1222 3842 1344 3896 ait:
1413 3863 1436 3889 ιι
1473 3841 1762 3907 Dominus
1799 3842 2029 3893 autem'

318 3934 582 4005 Spiritus
615 3936 708 3987 est
739 3948 752 3988 :
787 3932 891 3986 ubi
919 3934 1113 3985 autem
1143 3931 1397 4001 Spiritus
1430 3930 1683 3999 Domini,
1708 3929 1786 3982 ibi
1820 3928 1995 3982 liber-

315 4028 416 4080 tas
475 4022 562 4092 (II
607 4022 742 4077 Cor.
797 4018 1021 4090 111,17).
1061 4040 1084 4070 ι
1128 4019 1329 4074 Habes
1378 4035 1522 4091 ergo
1552 4019 1866 4073 Dominum
1903 4016 1995 4071 di-

321 4116 484 4168 ctum
505 4112 681 4167 etiam
712 4110 992 4181 Spiritum
1021 4112 1290 4163 sanctum
1316 4124 1330 4177 ;
1365 4125 1481 4163 non
1514 4107 1669 4162 enim
1698 4105 1996 4175 unus,sed

319 4217 508 4258 unum
540 4199 953 4270 suntSpiritus
984 4202 1231 4253 sanctus
1261 4200 1318 4252 et
1350 4196 1609 4268 Filius(1
1635 4196 1801 4252 Joan.
1833 4212 1891 4264 v,
1916 4196 1993 4263 Ἴ).

400 4291 488 4345 19.
531 4289 661 4344 Hoc
690 4303 927 4361 quoque
960 4288 1091 4342 loco
1123 4288 1397 4341 virtutem
1420 4286 1586 4355 dixit,
1634 4289 1690 4340 et
1720 4285 2001 4355 Spiritum

325 4379 732 4453 signiﬁcavit.
784 4377 948 4432 Sicut
976 4377 1133 4431 enim
1160 4377 1336 4430 Pater
1364 4376 1573 4444 virtus,
1620 4376 1697 4429 ita
1729 4378 1786 4428 et
1816 4373 2001 4428 Filius

328 4470 549 4540 virtus,
566 4471 623 4523 et
636 4466 893 4538 Spiritus
917 4464 1488 4521 sanctusestvirtus.
1512 4464 1594 4518 De
1614 4462 1761 4518 Filio
1781 4462 2000 4534 legisti,

2062 952 2362 1005 dexteram
2380 949 2563 1006 Filius
2586 953 2773 1023 sedet,
2795 955 2950 1006 sicut
2983 952 3168 1007 habes
3195 969 3206 1007 :
3230 975 3251 1000 α
3278 952 3436 1006 Dixit
3456 952 3743 1007 Dominus

2066 1031 2214 1094 638
2284 1039 2531 1094 Domino
2583 1054 2715 1094 meo
2777 1055 2790 1094 :
2850 1039 3002 1095 Sede
3052 1040 3125 1094 ad
3180 1040 3486 1096 dexteram
3541 1056 3734 1096 meam

2067 1126 2254 1198 (Psal.
2280 1144 2396 1198 cux,
2433 1129 2503 1198 1).
2545 1151 2565 1177 ι»
2611 1128 2898 1184 Virtutem
2929 1129 3101 1184 etiam
3133 1129 3414 1201 Spiritum
3462 1134 3739 1185 sanctum

2067 1218 2195 1288 ipse
2230 1218 2517 1272 Dominus
2548 1219 2909 1289 nuncupavit
2929 1218 3135 1273 dicens
3169 1236 3181 1274 :
3220 1242 3242 1267 α
3278 1219 3600 1290 Accipietis
3622 1219 3741 1274 vir-

2069 1310 2270 1377 tutem,
2304 1307 2651 1363 adveniente
2700 1308 2760 1363 in
2790 1324 2901 1363 vos
2948 1308 3172 1379 Spiritu
3204 1312 3410 1364 sancto
3433 1305 3547 1380 (28)
3578 1308 3741 1381 (Act.

2071 1413 2112 1467 ι,
2139 1395 2215 1467 8).
2246 1416 2269 1446 ι

2738 1467 2991 1524 CAPUT
3014 1469 3082 1524 II.

2082 1574 2267 1630 Unam
2299 1590 2434 1632 esse
2462 1576 2672 1632 Patris
2688 1582 2748 1632 et
2776 1576 2930 1702 Flitii
2960 1582 3018 1633 et
3049 1576 3318 1649 Spiritus
3346 1576 3542 1632 sancti
3562 1574 3751 1634 consi-

2843 1666 2981 1702 lUID.

2843 1666 2981 1703 1010.

2145 1752 2234 1808 20.
2267 1753 2400 1824 Ipse
2441 1754 2598 1809 enim
2656 1754 2913 1825 Spiritus
2941 1754 3132 1809 virtus
3166 1757 3280 1824 est,
3320 1755 3458 1827 quia
3496 1754 3700 1828 legisti
3734 1766 3753 1815 :

2084 1866 2104 1890 ι.
2149 1842 2430 1914 Spiritum
2462 1842 2698 1898 concilii
2744 1846 2917 1914 atque
2945 1843 3178 1898 virtutis
3228 1843 3369 1912 (Isa.
3405 1861 3487 1915 xl,
3519 1844 3596 1915 2).
3623 1869 3647 1894 υ
3682 1842 3757 1900 Et

2082 1932 2237 1987 sicut
2267 1931 2454 1986 Filius
2501 1933 2698 2003 magni
2732 1933 2967 1986 consilii
2990 1933 3265 2005 angelus,
3293 1933 3371 1987 ita
3402 1931 3579 1989 etiam
3608 1934 3745 2006 Spi-

2083 2020 2235 2075 ritus
2258 2020 2494 2075 consilii
2522 2025 2633 2089 est,
2659 2027 2721 2075 ut
2748 2037 2931 2075 unum
2980 2022 3140 2076 scias
3169 2022 3364 2076 Patris
3408 2027 3465 2077 et
3513 2022 3649 2077 Filii
3695 2025 3755 2079 et

2083 2110 2340 2180 Spiritus
2376 2110 2565 2163 sancti
2597 2125 2737 2165 esse
2768 2110 3104 2165 consilium.
3136 2108 3466 2165 Consilium
3498 2127 3616 2167 non
3644 2111 3759 2182 (20)

2085 2199 2158 2253 de
2207 2198 2388 2253 rebus
2437 2198 2682 2254 incertis
2722 2199 3041 2271 aliquibus,
3074 2199 3182 2255 sed
3212 2202 3600 2274 praecognitis
3631 2204 3760 2257 sta-

2085 2287 2249 2343 tutis.

2158 2377 2247 2432 21.
2307 2375 2609 2432 Arbitrum
2665 2379 2859 2433 autem
2914 2376 3098 2433 divini
3163 2378 3400 2435 consilii
3454 2379 3758 2453 Spiritum,

2091 2468 2265 2524 etiam
2318 2466 2455 2521 inde
2496 2482 2816 2539 cognosce.
2870 2466 3020 2521 Nam
3052 2483 3185 2523 cum
3217 2484 3397 2540 supra
3427 2468 3539 2541 (30)
3561 2469 3687 2527 (lib.
3720 2486 3763 2543 ι,

2095 2572 2224 2628 cap.
2256 2555 2310 2625 6)
2333 2555 2711 2610 docuerimus
2742 2554 3027 2611 arbitrum
3057 2557 3430 2628 baptismatis
3462 2575 3601 2614 esse
3633 2560 3766 2631 Spi-

2090 2647 2267 2701 ritum
2299 2647 2588 2715 sanctum,
2643 2645 2998 2716 baptismum
3039 2650 3234 2702 autem
3263 2648 3367 2703 Dei
3399 2664 3537 2704 esse
3568 2650 3769 2705 consi-

2094 2735 2238 2790 lium
2277 2734 2599 2806 legerimus
2631 2734 2786 2788 sicut
2809 2735 2994 2790 habes
3026 2735 3137 2806 (31)
3163 2752 3176 2792 :
3206 2759 3227 2785 ι(
3255 2737 3543 2793 1³1181ιίεωὶ
3574 2741 3770 2794 autem

2098 2823 2413 2880 consilium
2464 2823 2567 2878 Dei
2602 2828 2955 2894 spreverunt
2984 2826 3043 2880 in
3075 2841 3161 2895 se,
3215 2842 3335 2883 non
3391 2827 3664 2899 baptizati
3696 2828 3770 2883 ab

2098 2931 2169 2970 eo
2201 2915 2363 2984 (Luc.
2397 2929 2497 2983 vn,
2529 2912 2655 2982 30);
2693 2937 2715 2962 ιι
2750 2913 2972 2986 liquido
2996 2915 3197 2985 claret,
3232 2931 3366 2971 cum
3388 2917 3519 2972 sine
3551 2917 3774 2989 Spiritu

2097 3004 2390 3074 baptisma
2409 3018 2547 3058 esse
2578 3018 2697 3058 non
2716 3005 2928 3075 possit,
2962 3006 3093 3061 sine
3132 3004 3355 3077 Spiritu
3384 3021 3622 3079 quoque
3654 3022 3773 3063 non

2100 3109 2240 3149 esse
2273 3092 2586 3147 consilium
2612 3092 2737 3147 Dei.

2172 3200 2262 3255 22.
2288 3200 2358 3253 Et
2391 3202 2452 3254 ut
2479 3198 2742 3253 sciamus
2764 3199 2998 3270 plenius
3020 3201 3295 3256 virtutem
3316 3217 3455 3257 esse
3470 3201 3771 3273 Spiritum,

2103 3290 2259 3345 scire
2281 3289 2566 3344 debemus
2587 3288 2784 3359 ipsum
2816 3305 2953 3345 esse
2977 3292 3360 3361 promissum,
3376 3291 3611 3363 quando
3628 3291 3777 3347 dixit

2106 3379 2392 3435 Dominus
2426 3394 2438 3434 :
2478 3400 2501 3426 α
2537 3377 2848 3433 Effundam
2895 3379 2967 3435 de
2998 3379 3218 3450 Spiritu
3266 3394 3398 3435 meo
3430 3395 3613 3451 super
3643 3395 3776 3436 om-

2104 3485 2236 3524 nem
2271 3484 2508 3523 carnem
2531 3467 2764 3537 (Joeln,
2799 3468 2909 3537 28).
2952 3488 2973 3518 »
3008 3469 3109 3523 Ille
3131 3484 3276 3540 ergo
3299 3470 3399 3541 qui
3432 3471 3770 3540 promissus

2104 3564 2197 3616 est
2227 3558 2421 3625 nobis,
2457 3557 2586 3627 ipse
2632 3560 2724 3611 est
2754 3556 2979 3626 virtus;
3013 3558 3168 3613 sicut
3197 3560 3371 3612 etiam
3402 3560 3461 3613 in
3495 3559 3772 3631 Evange-

2107 3650 2185 3704 lio
2216 3648 2370 3702 idem
2422 3646 2527 3699 Dei
2586 3644 2773 3699 Filius
2821 3646 3142 3700 declaravit
3192 3647 3447 3703 dicens:
3502 3671 3525 3695 α
3561 3647 3633 3702 Et
3665 3663 3778 3720 ego

2109 3742 2272 3793 mitto
2301 3735 2598 3806 promissa
2622 3734 2813 3788 Patris
2843 3736 2956 3789 mei
2982 3735 3041 3789 in
3073 3751 3332 3807 vos,vos
3352 3740 3547 3792 autem
3577 3737 3780 3792 sedete

2111 3829 2170 3881 in
2228 3825 2482 3894 civitate,
2541 3838 2854 3896 quousque
2913 3824 3237 3880 induamini
3295 3826 3511 3882 virtute
3559 3842 3633 3882 ex
3663 3827 3781 3883 alto

2110 3917 2274 3988 (Luc.
2305 3930 2468 3982 XXIV,
2498 3913 2610 3983 49).
2647 3937 2669 3962 n

2179 4003 2268 4059 23.
2310 4003 2592 4073 ansque
2620 4006 2817 4057 autem
2847 4002 3124 4059 virtutem
3156 4019 3295 4059 esse
3328 4004 3611 4081 Spiritum
3642 4022 3785 4062 san-

2112 4099 2268 4149 etum
2301 4091 2667 4164 evangelista
2724 4092 3044 4164 significat,
3096 4095 3158 4147 ut
3203 4096 3261 4148 et
3304 4109 3440 4148 eum
3469 4096 3527 4148 vi
3572 4110 3786 4167 magna

2113 4200 2246 4240 eum
2261 4185 2504 4237 sanctus
2528 4181 2720 4235 Lucas
2744 4181 3133 4236 descendisse
3156 4186 3526 4249 memoraret,
3543 4183 3781 4238 dicens:

2120 4295 2142 4324 ι
2179 4273 2248 4327 Et
2278 4272 2471 4326 factus
2503 4274 2595 4325 est
2642 4270 2838 4324 subito
2879 4270 2951 4324 de
2984 4271 3133 4325 coelo
3165 4286 3374 4342 sonus,
3424 4274 3698 4343 tanquam
3727 4272 3789 4326 vi

2117 4377 2331 4434 magna
2360 4360 2614 4430 Spiritus
2646 4359 2899 4413 ferretur
2919 4358 3078 4430 (Act.
3112 4377 3175 4430 ιι,
3208 4360 3287 4429 2).
3316 4383 3337 4408 ιι

2188 4452 2276 4506 24.
2311 4449 2428 4504 Sed
2474 4464 2546 4503 ne
2586 4463 2800 4502 rursus
2832 4451 3005 4519 putes
3037 4447 3109 4501 ad
3153 4446 3464 4505 sensibilia
3494 4450 3552 4501 et
3579 4462 3788 4518 corpo-

401 4612 516 4683 (24)
547 4611 676 4666 νει·
712 4608 873 4681 edit»
910 4608 1053 4683 LE!
1094 4608 1269 4663 bona?
1320 4607 1546 4683 abicies
1591 4622 1773 4661 naves
1815 4600 2100 4667 “3“”
2122 4596 2561 4683 aliqu”t_§‘f’:9:z
2626 4589 3174 4683 ἷὲδνῗῖξξῗηίξῗιλῗ
3207 4604 3335 4683 ιῖῗῗ
3363 4588 3617 4683 ῗξῖίνῖίίέῗ
3641 4605 3790 4683 Ξ“.¹ὶ“

334 4680 525 4751 εἱε;ἰ›
591 4683 787 4751 Rom.,
846 4680 867 4727 ά
912 4680 984 4735 Et
1040 4681 1193 4735 bene
1252 4695 1328 4733 ex
1384 4680 1575 4751 abiete
1625 4685 1763 4732 sunt
1819 4693 2006 4751 naves

329 4755 584 4810 Tharsis
617 4770 631 4809 :
661 4775 683 4802 ιι
719 4768 866 4806 mss.
909 4768 1054 4806 vero
1102 4752 1416 4806 nobiscum
1466 4750 1706 4816 faciunt,
1739 4750 2007 4817 exceptis

330 4826 543 4899 paucis
574 4827 632 4879 in
662 4824 882 4896 quibus
898 4823 1137 4894 legitur,
1171 4844 1198 4866 «
1233 4822 1304 4877 Et
1323 4823 1497 4877 bonae
1527 4821 1887 4875 adducentes
1908 4836 2008 4873 na-

334 4915 468 4965 ves,
511 4901 623 4951 etc.
660 4920 683 4944 »ι

401 4959 521 5039 (25)
543 4969 789 5033 Quidam
812 4982 982 5039 mss.,
1022 4989 1043 5012 «ι
1078 4968 1133 5019 et
1162 4967 1346 5039 totum
1378 4963 1712 5035 remigium.
1753 4985 1774 5008 ιι
1812 4959 1879 5015 Et
1919 4960 2011 5014 iu-

334 5038 447 5107 fra,
488 5063 509 5085 α
545 5055 752 5092 omnes
777 5054 808 5091 a
840 5038 959 5091 Deo
984 5038 1271 5091 numerati
1302 5039 1458 5090 sunt.
1497 5058 1518 5081 ι»

405 5111 525 5179 (26)
560 5109 705 5164 Mss.
740 5110 984 5180 aliquot,
1018 5110 1072 5163 si
1104 5108 1264 5162 Deus
1298 5107 1673 5177 omnipotens
1705 5119 1871 5158 meos
1905 5119 2012 5157 no-

335 5185 421 5238 vit
456 5182 725 5252 capillos.
758 5206 780 5227 ι»

410 5249 730 5322 (2Ἶ)Ἰίοῐη.
784 5252 921 5307 edit.
956 5252 1104 5318 sola,
1168 5272 1190 5301 α
1246 5252 1303 5305 et
1356 5249 1525 5304 irruit
1564 5262 1749 5318 super
1779 5261 1954 5322 eum;
1994 5269 2013 5291 η

337 5318 768 5395 πιεεξειιίῳιοΐ,
811 5344 833 5371 ι
872 5323 939 5376 Et
968 5322 1185 5377 decidit
1215 5337 1397 5395 super
1426 5336 1559 5395 eum
1586 5336 1659 5395 ελ»
1698 5335 1811 5395 non
1847 5318 2015 5395 male.

342 5400 405 5452 In
440 5389 796 5467 quibusdam
838 5395 993 5448 enim
1040 5393 1268 5449 Graecis
1293 5389 1749 5461 exemplaribus
1781 5389 2017 5458 legitur,

339 5473 759 5532 ηἰκατῆλαυνεν
780 5470 1058 5536 ὲπὶαύτόν,
1105 5474 1249 5527 licet
1297 5472 1585 5526 habeatur
1637 5470 1696 5523 in
1727 5468 2019 5539 pluribus,

340 5561 431 5611 καὶ
454 5551 630 5627 ἥλατο,
669 5579 691 5605 α
727 5560 782 5610 et
806 5555 1010 5609 insiliit
1039 5558 1094 5609 et
1124 5553 1314 5621 irruit,
1349 5556 1459 5606 etc.
1488 5574 1508 5599 ιτ

419 5630 535 5698 (28)
589 5618 758 5683 Rom.
810 5628 947 5681 edit.
981 5642 1116 5680 eum
1169 5618 1318 5679 mss.
1355 5621 1678 5698 nonnullis,
1705 5620 1812 5698 hic
1836 5623 1892 5673 et
1919 5618 2020 5698 lib.

347 5719 388 5771 ι,
425 5690 555 5773 cap,
606 5699 661 5773 7,
716 5722 739 5746 α
799 5698 1106 5768 accipietis
1172 5690 2027 5773 virtutem_advenientemnin

348 5760 461 5831 vos
496 5760 803 5846 .Spiritum
853 5760 1162 5842 sanctum;
1196 5791 1218 5819 η
1254 5769 1370 5824 vet.
1406 5764 1548 5823 edit.
1580 5763 1677 5821 hic
1711 5778 1845 5819 cum
1890 5760 2025 5817 aliis

649 5887 907 5948 Punon.
946 5858 1103 5948 XVI.

2123 4660 2237 4735 cti‘,
2272 4691 2293 4713 »
2345 4664 2569 4719 eaedem
2628 4666 2743 4716 vet.
2805 4661 2941 4715 edit.
2970 4661 3165 4735 citato
3207 4660 3339 4735 loco
3372 4660 3471 4714 lib.
3506 4678 3521 4713 ι
3554 4665 3612 4735 et
3641 4677 3789 4735 mss.

2123 4730 2325 4808 plures
2384 4734 2789 4808 utrobiqu_e_....
2857 4730 3263 4808 u_adveni_enle
3322 4731 3381 4784 in
3420 4747 3529 4785 vos
3574 4732 3794 4802 Spiritu

2125 4802 2354 4863 sancto.
2395 4829 2416 4855 ιι
2453 4806 2567 4859 Sed
2604 4802 2831 4858 “ultimae
2863 4802 2995 4856 duae
3027 4802 3311 4855 lectiones
3342 4818 3510 4873 teque
3542 4817 3795 4874 respon-

2125 4890 2263 4943 dent
2315 4886 2542 4942 Graecis
2602 4882 2823 4951 verbis,
2875 4878 3155 4940 ἐπελθόντος
3215 4884 3305 4933 τοῦ
3347 4882 3496 4954 ἀγίου
3558 4883 3793 4959 Ηνεὺμα-

2123 4987 2227 5029 τος.

2198 5039 2311 5108 (29)
2345 5037 2574 5108 Thuan.
2607 5049 2779 5108 mss.,
2847 5056 2868 5081 α
2906 5036 2969 5088 ut
3025 5048 3204 5087 unum
3240 5033 3401 5087 scias
3437 5034 3688 5106 Patrem,
3743 5041 3801 5091 et

2130 5106 2362 5179 Filium,
2394 5114 2449 5163 et
2480 5106 2759 5177 Spiritum
2815 5108 3084 5159 sanctum
3116 5120 3276 5172 esse,
3313 5107 3629 5162 consilium
3657 5124 3796 5177 non,

2130 5188 2241 5239 etc.
2281 5205 2303 5228 »ι

2202 5254 2313 5322 (30)
2346 5249 2591 5315 Quidam
2642 5264 2812 5318 mss.,
2853 5270 2874 5294 ιι
2910 5248 3083 5303 etiam
3114 5247 3248 5303 inde
3294 5250 3797 5321 cognoscendum,

2132 5326 2282 5398 quia,
2301 5338 2499 5398 su_p_ra,
2533 5325 2643 5374 etc.
2673 5343 2694 5367 »

2205 5395 2315 5461 (31)
2348 5388 2573 5446 Thuau.
2604 5407 2713 5445 ms.
2750 5390 2974 5461 Expos.
3011 5390 3067 5444 in
3101 5390 3269 5460 Luc.,
3302 5391 3403 5445 lib.
3436 5407 3515 5459 VI,
3549 5406 3706 5444 num.
3743 5388 3798 5461 4,

2133 5460 2457 5522 Consilium
2502 5463 2603 5517 Dei
2662 5466 2755 5517 est
2820 5466 2877 5515 in
2932 5463 3283 5531 baptismate
3327 5462 3571 5515 Joannis
3608 5476 3621 5515 :
3666 5460 3802 5529 quis

2135 5535 2566 5611 igiturAdubitet
2600 5534 2699 5587 Dei
2733 5550 2871 5611 esse
2913 5530 3227 5611 consilium
3284 5533 3342 5611 in
3384 5530 3805 5611 Christidava-

2136 5602 2237 5665 cro
2259 5612 2286 5663 Ξ)
2320 5608 2443 5661 Hoc
2478 5610 2569 5660 est
2591 5604 2904 5659 consilium
2935 5603 3090 5675 quod
3122 5602 3578 5675 magniconsilii
3607 5602 3806 5672 Ange-

2135 5682 2229 5737 lus
2250 5678 2486 5751 reperit,
2512 5677 2678 5751 quod,
2692 5691 2863 5751 nemo
2881 5672 3194 5751 cognovit.
3226 5672 3371 5739 Quis
3396 5672 3556 5727 enim
3577 5687 3804 5745 cogno-

2134 5753 2219 5811 vit
2248 5747 2495 5809 sensum
2514 5747 2745 5807 Domini
2772 5749 2801 5804 ξ)
2839 5748 2951 5803 etc.
2991 5765 3014 5796 ι

3418 5857 3513 5921 25.
