4090 6174
414 298 542 368 779

412 502 559 560 ralia
579 501 694 559 hoc
723 517 862 559 esse
890 504 1258 575 vertendum,
1280 505 1482 577 accipe
1504 505 1639 577 quia
1663 504 1753 561 sic
1774 504 2082 563 descendit
2112 491 2171 557 Α

412 595 471 649 et
502 592 781 664 Spiritus,
824 594 1317 664 quemadmodum
1348 597 1755 651 descensurus
1785 600 1878 651 est
1907 596 2081 651 Chri-

410 685 564 739 stus.
599 682 747 737 Nam
778 686 835 737 et
864 685 993 754 ipse
1040 700 1153 739 ‘um
1188 686 1399 740 virtute
1429 686 1774 756 descendet,
1808 687 1962 741 sicut
1987 687 2082 741 ha-

407 769 521 827 bes
550 785 564 827 :
603 794 626 819 u
664 771 960 827 Videbunt
982 772 1189 827 Filium
1227 774 1483 830 hominis
1515 775 1845 831 venientem
1878 776 1938 829 in
1974 791 2081 831 nu-

405 859 587 917 bibus
618 859 771 927 coeli,
802 862 865 916 in
886 863 1099 917 virtute
1131 865 1383 919 maxima
1413 867 1470 919 et
1496 865 1804 936 majestate
1836 864 2075 935 (Matth.

406 966 571 1019 XXIV,
595 948 708 1021 30).
747 974 769 998 υ

477 1057 565 1112 25.
598 1056 903 1122 Quomodo
952 1057 1107 1113 enim
1136 1076 1255 1115 non
1285 1063 1378 1115 est
1407 1075 1521 1115 una
1561 1060 1751 1115 virtus
1778 1061 1955 1131 atque
1984 1074 2080 1115 ea-

407 1147 541 1203 dem
569 1149 875 1217 potestas;
916 1164 1050 1203 cum
1099 1165 1280 1204 unum
1334 1165 1504 1221 opus,
1541 1165 1721 1205 unum
1763 1148 2075 1220 judicium,

405 1251 589 1291 unum
616 1235 921 1308 templum,
957 1253 1072 1292 una
1121 1238 1463 1309 viviﬁcatio,
1506 1253 1621 1294 una
1665 1237 2075 1309 sanctiﬁcatio,

1846 304 1916 370 Β.
1976 300 2431 373 AMBROSII.

3718 314 3828 384 no

2850 506 3105 568 CAPUT
3131 506 3228 568 IV.

2200 652 2489 726 Spiritum
2525 658 2791 728 sanctum
2822 670 2934 709 non
2965 670 3138 728 secus
3161 671 3227 710 ac
3256 655 3494 728 Patrem
3525 661 3581 711 et
3609 656 3828 728 Filium,

2481 726 2826 797 operatione
2847 742 2961 782 non
2991 727 3056 781 di
3067 743 3238 782 versa
3273 728 3331 782 vi
3340 727 3591 783 videare.

2268 847 2356 904 29.
2406 846 2556 914 Quid
2605 852 2800 905 autem
2832 850 3046 905 mirum
3075 850 3130 906 si
3161 850 3414 921 Spiritus
3443 854 3703 923 operator
3749 856 3831 909 est

2196 935 2354 1006 vitae,
2386 937 2487 1009 qui
2509 938 2770 993 vxviﬁcat
2799 938 2957 993 sicut
2989 938 3180 1010 Pater,
3194 939 3452 995 vivificat
3470 941 3617 996 sicut
3644 940 3828 1011 Filius,

2196 1024 2386 1095 (Joan.
2418 1042 2476 1095 v,
2518 1026 2609 1097 21)
2631 1028 2660 1080 ?
2718 1026 3036 1083 Viviﬂcare
3074 1032 3270 1083 autem
3298 1028 3432 1101 quis
3461 1029 3669 1086 abnuat
3707 1045 3829 1086 esse

2195 1112 2527 1185 majestatis
2548 1116 2829 1171 aeternas?
2871 1115 3170 1188 Scriptum
3209 1122 3302 1173 est
3332 1118 3524 1174 enim:
3558 1141 3581 1166 α
3611 1118 3832 1174 Vivitica

2197 1218 2437 1259 servum
2475 1208 2638 1259 tuum
2676 1204 2865 1275 (Psal.
2897 1220 3099 1277 cxvm,
3141 1206 3252 1277 1⁸7).
3291 1231 3315 1256 ι.
3351 1206 3683 1263 Viviﬂcatur
3705 1221 3833 1281 ergo

2196 1294 2297 1365 qui
2326 1307 2542 1348 servus
2569 1295 2683 1364 est,
2714 1291 2829 1349 hoc
2860 1298 2954 1350 est
2982 1294 3180 1365 homo,
3220 1294 3322 1368 qui
3352 1297 3532 1352 vitam
3559 1299 3687 1352 ante
3730 1296 3831 1353 non

405 1339 589 1380 unum
619 1322 794 1381 etiam
851 1341 1102 1400 regnum
1145 1328 1224 1383 sit
1266 1327 1457 1384 Patris
1487 1331 1545 1383 et
1573 1325 1705 1383 Filii
1733 1330 1791 1383 et
1820 1326 2076 1399 Spiritus

407 1413 647 1471 uno“?
1647 1381 1657 1383 '
1697 1381 1701 1382 ⁷
1743 1381 1785 1383 "
1840 1381 1884 1399 "
1932 1381 1940 1382 ’
2196 1381 2561 1471 habuit,_sed
2591 1381 2942 1454 uthaberet,
2976 1384 3224 1456 accepit.

2262 1468 2355 1525 30.
2406 1469 2725 1527 Videamus
2768 1471 2955 1544 igitur
3000 1476 3195 1529 utrum
3224 1474 3559 1531 viviﬁcetur
3583 1475 3830 1547 Spiritus,

2194 1574 2269 1615 an
2297 1559 2430 1631 ipse
2456 1559 2737 1616 viviﬁcet.
2752 1559 2871 1616 Sed
2888 1561 3177 1633 scriptum
3192 1565 3320 1620 est:
3350 1586 3373 1613 ει
3388 1563 3603 1621 Littera
3623 1562 3833 1634 occidit,

2193 1647 2450 1718 Spiritus
2481 1652 2676 1704 autem
2706 1648 2969 1707 viviﬁcat
2996 1650 3083 1723 (II
3108 1649 3247 1708 Cor.
3278 1669 3363 1723 in,
3385 1652 3465 1724 6).
3490 1676 3512 1702 η
3558 1651 3681 1726 Ego
3707 1651 3837 1707 vivi-

2192 1735 2330 1792 ticat
2356 1736 2635 1807 Spiritus.

2102 1871 2165 1940 ,Β
2264 1839 2497 1940 31..Βθξ1
2519 1847 2599 1940 ut
2644 1844 2945 1919 intelligas
3002 1845 3196 1902 Patris
3252 1849 3315 1904 et
3364 1846 3497 1904 Filii
3524 1851 3583 1904 et
3608 1846 3835 1940 Spiritus

2193 1933 2384 1987 sancti
2416 1932 2871 1990 vivificationem
2893 1951 3011 1991 non
3041 1951 3181 1992 esse
3211 1936 3489 2009 divisam,
3508 1938 3701 2009 accipe
3718 1935 3839 2010 quia

2191 2020 2607 2077 vivificationis
2637 2038 2875 2096 quoque
2908 2024 3105 2080 unitas
3143 2026 3260 2095 sit;
3307 2026 3544 2099 quando
3590 2027 3712 2097 ipse
3746 2038 3839 2096 per

2192 2110 2476 2182 Spiritum
2495 2111 2758 2167 vivificat
2787 2112 2981 2184 Deus;
3021 2113 3170 2169 dixit
3196 2114 3357 2170 enim
3392 2115 3609 2171 Paulus
3634 2131 3647 2170 :
3692 2137 3713 2162 ιι
3741 2112 3837 2178 Qui

2192 2200 2504 2255 suscitavit
2531 2198 2831 2256 Christum
2862 2216 2938 2256 ex
2967 2203 3238 2273 mortuis,
3271 2204 3598 2261 vivificabit
3624 2207 3679 2259 et
3703 2217 3838 2258 mor-

2192 2289 2326 2344 talia
2355 2305 2603 2360 corpora
2636 2294 2832 2346 vestra
2869 2295 3108 2362 propter
3134 2291 3565 2350 inhabitantem
3583 2292 3836 2365 Spiritum

1053 1558 1306 1616 CAPUT
1336 1559 1431 1615 III.

405 1699 579 1772 Sicut
617 1700 734 1755 vita
768 1705 861 1756 est
895 1701 1549 1772 cognoscereiPatrem
1606 1706 1666 1756 et
1727 1700 1968 1772 Filium,
1997 1702 2082 1758 ita

405 1771 416 1798 ⁴
484 1772 663 1846 vitam
695 1786 829 1846 esse
862 1771 1218 1846 cognoscere
1249 1771 1539 1843 Spiritum
1569 1780 1868 1846 sanctum;
1885 1771 2084 1846 proin-

479 1843 717 1915 dequea
740 1841 952 1897 Patris
982 1842 1045 1897 di
1056 1841 1305 1897 trinitate
1334 1858 1448 1899 non
1478 1841 1891 1915 separandum.

477 1983 567 2042 26.
610 1985 817 2040 Dicant
869 1984 1025 2039 enim
1061 1986 1122 2040 in
1170 2001 1286 2056 quo
1328 1985 1866 2042 dissimilitudinem
1898 1987 2083 2043 divini

407 2074 611 2147 operis
668 2074 1046 2129 arbitrentur.
1105 2072 1591 2146 Quandoquidem
1640 2075 1796 2131 sicut
1827 2078 1943 2131 vita
1990 2080 2084 2133 est

396 2178 783 2236 .cognoscere
815 2162 1045 2217 Patrem
1076 2166 1133 2217 et
1162 2161 1390 2225 Filium,
1427 2165 1920 2236 quemadmodum
1953 2166 2081 2236 ipse

406 2250 696 2308 Dominus
719 2251 1042 2307 declaravit
1071 2251 1314 2307 dicens:
1350 2244 1494 2307 639
1533 2277 1555 2300 α
1592 2253 1735 2309 Haec
1766 2257 1859 2308 est
1888 2258 2082 2310 autem

403 2341 526 2398 vita
554 2345 795 2412 eterna,
831 2343 893 2395 ut
922 2344 1289 2412 cognoscant
1310 2345 1365 2396 te
1397 2342 1592 2396 solum
1623 2356 1829 2397 verum
1871 2343 2077 2413 Deum,

394 2434 464 2517 ,οι
493 2445 671 2503 quem
703 2430 920 2485 misisti
952 2430 1155 2484 Jesum
1192 2428 1492 2484 Christum
1522 2431 1713 2500 (Joan.
1748 2448 1890 2502 xvu,
1922 2432 2019 2503 3);
2055 2454 2076 2481 »

403 2518 485 2573 ita
515 2520 687 2575 etiam
739 2519 856 2574 vita
914 2522 1006 2573 est
1056 2533 1425 2590 cognoscere
1473 2519 1755 2589 Spiritum
1784 2526 2075 2576 sanctum.

408 2607 563 2664 Dicit
615 2609 773 2664 enim
831 2608 1119 2663 Dominus
1160 2621 1173 2661 ε

399 2965 709 3037 accipere;
739 2966 876 3037 quia
907 2980 1027 3019 non
1050 2964 1208 3019 videt
1238 2980 1392 3033 eum,
1419 2980 1530 3020 nec
1562 2968 1873 3038 cognoscit
1904 2983 2072 3023 eum:

398 3068 512 3110 vos
540 3057 736 3110 autem
767 3055 938 3109 scitis
970 3070 1125 3124 eum,
1158 3053 1293 3125 quia
1325 3054 1480 3125 apud
1511 3070 1621 3111 vos
1651 3060 1866 3128 manet,
1908 3060 1967 3113 et
2014 3056 2077 3113 in

398 3142 576 3200 vobis
607 3147 700 3199 est
728 3144 919 3216 (Joan.
946 3160 1064 3216 xxv,
1101 3142 1187 3216 15,
1214 3143 1324 3216 17).
1354 3166 1377 3194 ι

469 3268 559 3327 27.
592 3269 754 3343 Ergo
801 3269 1058 3326 mundus
1097 3285 1218 3326 non
1265 3268 1521 3326 habebat
1558 3270 1738 3326 vitam
1770 3273 2071 3343 aeternam,

396 3359 536 3433 quia
565 3375 684 3417 non
721 3362 1034 3430 acceperat
1064 3358 1345 3430 Spiritum
1382 3375 1394 3414 :
1431 3359 1533 3415 ubi
1565 3363 1760 3416 autem
1791 3360 2069 3434 Spiritus,

396 3447 484 3505 ibi
511 3449 629 3503 vita
660 3451 911 3518 mterna;
944 3450 1073 3520 ipse
1106 3452 1198 3503 est
1228 3449 1385 3504 enim
1414 3448 1669 3520 Spiritus
1703 3450 1837 3505 vitae
1866 3466 2074 3521 opera-

396 3540 492 3594 tor
511 3541 769 3594 eternae.
797 3537 966 3593 Unde
996 3538 1179 3592 miror
1208 3538 1322 3607 (32)
1354 3553 1461 3593 cur
1516 3538 1589 3594 de
1646 3538 1777 3594 solo
1824 3543 1881 3594 et
1928 3554 2071 3596 vero

397 3627 523 3684 Deo
560 3628 764 3683 Ariani
794 3631 1070 3682 moveant
1099 3629 1516 3698 quaestionem.
1551 3627 1718 3684 Sicut
1768 3628 1924 3683 enim
1953 3630 2071 3684 vita

399 3720 619 3773 eterna
663 3722 757 3772 est
795 3732 1166 3789 cognoscere
1197 3717 1390 3771 solum
1422 3721 1475 3773 et
1516 3732 1721 3773 verum
1755 3718 1961 3788 Deum,
1992 3719 2072 3774 ita

396 3806 516 3861 vita
546 3811 766 3862 aeterna
804 3810 898 3860 est
955 3822 1324 3877 cognoscere
1375 3807 1583 3862 Jesum
1640 3806 1960 3878 Christum,
1992 3808 2071 3862 ita

396 3894 517 3949 vita
563 3898 782 3950 aeterna
842 3898 935 3948 est
976 3911 1347 3966 cognoscere
1400 3897 1681 3966 Spiritum
1729 3901 2000 3952 sanctum
2051 3912 2065 3954 :

396 3997 575 4056 quem
604 3983 695 4037 sic
721 3998 837 4037 non
858 3983 1017 4037 videt
1043 3985 1816 4056 mundus,quemadmodum
1836 3986 2071 4042 Patrem

396 4072 512 4144 (38)
557 4087 571 4128 :
632 4071 723 4126 sic
762 4088 880 4127 non
937 4074 1270 4147 cognoscit,
1299 4073 1794 4144 quemadmodum
1833 4072 2067 4132 Filium.

396 4161 508 4229 Qui
553 4164 749 4217 autem
810 4162 881 4216 de
940 4161 1054 4216 hoc
1108 4162 1327 4216 mundo
1384 4176 1502 4217 non
1533 4165 1645 4231 est,
1688 4161 1864 4218 habet
1891 4165 2070 4220 vitam

396 4254 702 4319 eternam,
734 4254 945 4306 etcum
976 4252 1109 4321 ipso
1140 4254 1337 4305 manet
1382 4249 1639 4321 Spiritus
1669 4251 1729 4307 in
1760 4254 2065 4326 mternum,

394 4342 498 4416 qui
526 4343 620 4397 est
647 4340 845 4395 lumen
867 4341 1003 4395 vitae
1037 4344 1297 4395 aeternae.

466 4467 555 4524 28.
588 4466 748 4539 Ergo
778 4465 831 4521 si
864 4465 978 4521 hoc
1010 4465 1241 4521 confert
1273 4464 1533 4538 cognitio
1565 4464 1756 4522 solius
1778 4467 1907 4524 veri
1936 4467 2062 4536 Dei,

394 4557 556 4632 quod
587 4556 819 4613 confert
847 4554 978 4609 Filii
1020 4555 1393 4627 Spiritusque
1417 4556 1697 4628 cognitio,
1719 4572 1826 4612 cur
1855 4556 2065 4613 Filium
2085 4598 2145 4666 ὓ

394 4651 455 4703 et
483 4646 765 4717 Spiritum
819 4661 852 4699 a
899 4644 1025 4698 veri
1086 4644 1193 4699 Dei
1247 4644 1472 4699 honore
1519 4646 1811 4716 secernis,
1845 4662 1979 4701 cum
2032 4662 2066 4702 a

395 4735 800 4807 magnitudine
828 4733 1101 4789 beneﬁcii
1124 4749 1242 4789 non
1264 4735 1593 4789 secernas?
1622 4736 1738 4789 Aut
1763 4734 1920 4791 enim
1939 4751 2067 4793 cre-

395 4823 504 4880 das
535 4838 788 4879 necesse
818 4826 874 4877 et
902 4822 1091 4877 solius
1124 4839 1262 4878 vere
1294 4823 1616 4878 divinitatis
1638 4838 1778 4879 esse
1800 4824 1914 4879 hoc
1945 4841 2066 4880 ma-

393 4912 619 4969 ximum
648 4927 884 4980 munus,
909 4915 967 4966 ct
996 4912 1183 4965 solam
1214 4916 1271 4966 et
1299 4927 1500 4966 veram
1529 4912 1891 4968 divinitatem
1908 4913 2065 4970 sicut

394 5007 453 5060 et
471 5002 687 5071 Patris,
707 5002 784 5055 ita
817 5005 873 5054 et
904 4998 1031 5053 Filii
1076 5005 1131 5055 et
1152 5000 1407 5071 Spiritus
1438 5000 1797 5056 conﬂtebere
1832 5018 1845 5055 :
1881 5006 1980 5056 aut
2010 5003 2064 5057 si

394 5092 622 5149 dixeris
661 5089 800 5161 quia
857 5089 1034 5143 vitam
1084 5093 1361 5144 aeternam
1393 5094 1588 5160 potest
1617 5094 1674 5144 et
1706 5091 1758 5144 is
1790 5091 2063 5146 conferre

394 5180 530 5252 (34),
562 5180 663 5253 qui
699 5194 877 5233 verus
909 5178 1069 5232 Deus
1101 5195 1219 5233 non
1251 5181 1363 5249 sit;
1400 5179 1628 5234 incides
1658 5182 1719 5233 ut
1750 5181 1902 5235 Patri
1940 5197 2064 5235 ma-

394 5271 491 5345 gis
513 5270 804 5341 derogare
827 5268 1107 5337 vidcaris,
1134 5268 1309 5339 cujus
1340 5284 1490 5338 opus
1522 5285 1639 5324 non
1671 5273 1842 5340 putes
1875 5269 2064 5324 solius

391 5376 553 5416 verm
575 5358 899 5414 divinitatis
922 5374 1060 5413 esse
1084 5359 1469 5430 praecipuum,
1486 5358 1593 5414 sed
1614 5361 1899 5415 creaturae
1921 5374 2067 5430 ope-

391 5450 562 5507 ribus
583 5448 1031 5505 conferendum.

465 5624 579 5698 (32)
601 5626 779 5682 Pauci
803 5640 976 5695 mss.,
1015 5646 1037 5672 α
1074 5622 1243 5679 Unde
1264 5622 1557 5698 interdum
1579 5623 1780 5698 miror.
1815 5645 1837 5671 υ

490 5692 582 5768 33)
613 5698 760 5753 Mss.
793 5692 1035 5768 aliquot,
1073 5719 1094 5742 α
1131 5692 1625 5768 quemadmodum
1654 5694 1909 5768 Patrem.
1945 5718 1967 5745 η

490 5702 582 5768 83)
613 5702 760 5753 Mss.
793 5702 1035 5768 aliquot,
1073 5719 1094 5742 α
1131 5702 1625 5768 quemadmOdum
1654 5702 1909 5751 Patrem.
1945 5718 1967 5745 η

468 5702 584 5843 184)
620 5768 901 5826 Nonnulli
950 5781 1122 5839 mss.,
1181 5767 1377 5841 potest
1425 5763 1695 5822 conferre
1734 5763 1837 5840 qui
1880 5780 2062 5826 verus

1231 2630 1251 2653 α
1285 2606 1349 2661 Si
1405 2607 1655 2681 diligitis
1686 2625 1779 2665 me
1809 2610 2079 2665 mandata

403 2711 535 2753 mea
564 2700 840 2766 servate;
874 2701 931 2751 et
962 2711 1075 2767 ego
1107 2695 1334 2768 rogabo
1371 2696 1621 2767 Patrem,
1666 2702 1723 2753 et
1753 2698 1932 2754 alium
1968 2699 2079 2754 Pa-

400 2785 676 2842 raclitum
697 2784 858 2840 dabit
886 2784 1084 2855 vobis,
1118 2788 1180 2839 ut
1210 2789 1441 2841 maneat
1477 2786 1790 2842 vobiscum
1818 2788 1879 2843 in
1908 2791 2078 2843 aeter-

400 2891 564 2947 num,
598 2873 883 2947 Spiritum
914 2875 1201 2945 veritatis,
1233 2891 1408 2947 quem
1431 2876 1686 2932 mundus
1734 2892 1852 2932 non
1884 2880 2080 2948 potest

2190 2378 2325 2451 ejus
2355 2378 2416 2434 in
2446 2378 2619 2435 vobis
2647 2379 2838 2451 (Rom.
2874 2396 2999 2451 vni,
3032 2378 3143 2451 11).
3174 2403 3196 2430 υ

2743 2521 2890 2588 640
2915 2530 3171 2589 CAPUT
3230 2535 3300 2590 ν.

2188 2654 2357 2711 Sicut
2389 2653 2638 2732 Patrem
2669 2670 2737 2732 ac
2759 2654 2996 2732 Filium,
3030 2658 3115 2732 ita
3152 2659 3335 2732 etiam
3366 2658 3653 2732 Spiritum
3693 2670 3837 2712 crea-

2269 2734 2456 2803 torem
2475 2727 2538 2780 in
2562 2726 3254 2803 Scripturasignilicari.
3271 2726 3619 2803 Hoc-ipsum
3636 2746 3666 2785 a
3682 2743 3837 2803 paga-

2262 2800 2358 2873 nis
2375 2812 2594 2873 quoque
2606 2799 3007 2869 scriptoribus
3018 2800 3337 2856 adumbrat
3344 2816 3435 2857 um
3452 2799 3473 2867 ξ
3509 2802 3617 2858 sed
3637 2799 3838 2873 plenis-

2259 2870 2410 2943 sime
2423 2870 2888 2943 demonstratum
2903 2873 3114 2943 essein
3126 2874 3425 2943 mysterio
3439 2870 3839 2928 incarnationis

2261 2941 2335 2996 de
2353 2955 2460 3013 qua
2470 2939 2582 2997 ubi
2596 2939 2796 2994 delibo
2809 2942 2889 2995 vit
2924 2939 3287 2998 Ambrosius
3303 2944 3600 3009 nonnulla,
3617 2949 3837 3013 coeptum

2260 3011 2673 3090 argumentum
2699 3027 2875 3090 exeo
2904 3013 3055 3090 quod
3083 3015 3524 3090 adoratio,quae
3542 3011 3837 3090 solidaba-

2264 3082 2361 3139 tui'
2393 3082 2689 3148 Creatori,
2708 3085 2887 3138 etiam
2909 3082 3170 3156 Spiritui
3186 3082 3506 3159 debeatur,
3538 3084 3836 3142 conﬁrmat.

2100 3233 2158 3304 ο
2257 3206 2346 3304 32.
2416 3205 2588 3304 Quis
2625 3222 2772 3263 vero
2828 3207 3098 3304 dubitare
3154 3213 3369 3304 potest,
3415 3212 3554 3304 quia
3606 3208 3838 3304 vivificet

2187 3297 2382 3354 omnia
2413 3297 2673 3369 Spiritus
2696 3299 2964 3369 sanctus,
2988 3299 3224 3370 quando
3253 3304 3315 3355 et
3354 3301 3485 3373 ipse
3507 3302 3660 3357 sicut
3684 3300 3837 3355 Pater

2186 3392 2245 3445 et
2289 3386 2495 3457 Filius,
2530 3390 2764 3442 creator
2790 3389 2883 3441 est
2913 3388 3193 3453 omnium,
3251 3405 3367 3445 nec
3399 3391 3711 3464 quidquam
3737 3385 3839 3444 nisi

2188 3494 2324 3533 cum
2353 3476 2574 3548 Spiritu
2612 3474 2725 3547 (35)
2765 3479 2972 3531 sancto
3033 3476 3192 3532 Deus
3251 3480 3628 3552 omnipotens
3680 3478 3835 3533 Pater

2185 3567 2549 3639 intelligatur
2586 3568 2863 3636 operatus
2898 3579 2913 3621 :
2947 3566 3432 3639 quandoquidem
3465 3573 3525 3625 et
3552 3571 3610 3625 in
3637 3564 3834 3641 princi-

2185 3657 2283 3729 pio
2306 3658 2593 3712 creaturae
2615 3653 2872 3725 Spiritus
2906 3654 3402 3726 superfembatur
3428 3672 3611 3730 super
3648 3669 3834 3728 aquam

2183 3746 2358 3817 (Gen.
2389 3745 2479 3815 1)?

2252 3834 2343 3890 35.
2390 3834 2590 3905 Itaque
2650 3847 2786 3889 cum
2836 3834 3331 3906 superferebatur
3379 3836 3654 3910 Spiritus,
3696 3832 3834 3891 nulla

2184 3927 2310 3980 erat
2335 3926 2524 3997 gratia
2547 3925 2834 3979 creaturae
2866 3938 2879 3978 :
2925 3927 3133 3995 postea
3173 3940 3319 3981 vero
3351 3942 3529 3999 quam
3569 3924 3835 3999 operatio-

2182 4028 2317 4069 nem
2349 4012 2604 4083 Spiritus
2634 4012 2808 4067 etiam
2837 4015 3106 4069 creatura
3137 4014 3343 4070 mundi
3375 4015 3551 4072 istius
3572 4011 3831 4084 suscepit,

2183 4117 2416 4159 omnem
2440 4101 2592 4156 hanc
2622 4102 2831 4174 gratiae
2853 4104 3067 4157 meruit
3116 4108 3512 4176 venustatem,
3543 4121 3653 4178 qua
3681 4115 3831 4158 mun-

2181 4193 2295 4249 dus
2319 4192 2529 4247 illuxit.
2547 4190 2812 4263 Denique
2830 4191 2962 4247 sine
2979 4191 3203 4263 Spiritu
3215 4198 3430 4251 sancto
3448 4189 3828 4250 universitatis

2180 4282 2429 4356 gratiam
2448 4296 2685 4336 manere
2705 4296 2824 4336 non
2855 4296 3039 4351 posse
3061 4282 3361 4353 PrOpheta
3402 4283 3715 4339 declaravit
3747 4278 3827 4334 di-

2181 4387 2328 4427 cens
2362 4388 2374 4427 :
2411 4394 2433 4418 u
2461 4370 2717 4425 Auferes
2745 4369 3029 4440 Spiritum
3050 4386 3278 4442 eorum,
3314 4376 3375 4428 et
3395 4372 3683 4441 deficient,
3703 4371 3756 4425 et
3778 4366 3829 4421 in

2179 4463 2483 4534 pulverem
2515 4475 2692 4515 suum
2712 4461 3103 4534 revertentur.
3125 4459 3339 4516 Emitte
3363 4462 3647 4534 Spiritum
3665 4463 3825 4520 tuum,

2178 4556 2236 4607 et
2284 4549 2664 4619 creabuntur,
2713 4552 2770 4603 et
2814 4548 3130 4605 innovabis
3164 4566 3402 4607 omnem
3434 4551 3643 4607 faciem
3671 4551 3824 4603 terra

2177 4640 2367 4714 (Psal.
2394 4656 2510 4704 cm,
2544 4638 2633 4707 29,
2665 4637 2778 4707 30).
2814 4661 2837 4686 »ι
2864 4637 2998 4694 Non
3027 4638 3222 4695 solum
3264 4639 3450 4713 igitur
3479 4642 3608 4695 sine
3634 4634 3828 4709 Spiritu

2178 4730 2378 4787 docuit
2404 4742 2640 4785 omnem
2668 4729 2995 4784 creaturam
3024 4733 3182 4784 stare
3198 4744 3318 4785 non
3335 4744 3542 4801 posse,
3556 4726 3659 4785 sed
3674 4723 3824 4781 etiam

2181 4823 2507 4875 creatorem
2538 4816 2722 4872 totius
2744 4831 2885 4872 esse
2915 4816 3196 4888 Spiritum
3221 4823 3534 4875 creaturis.

2247 4909 2337 4964 34.
2373 4907 2442 4962 Et
2471 4907 2608 4979 quis
2638 4909 2816 4978 neget
2842 4922 2994 4978 opus
3015 4922 3155 4963 esse
3186 4907 3445 4978 Spiritus
3470 4907 3656 4963 sancti
3681 4897 3823 4975 quod

2178 5001 2374 5054 creata
2396 4999 2490 5053 est
2517 5001 2694 5066 terra,
2719 4995 2895 5068 cujus
2917 5011 3068 5067 opus
3098 5000 3190 5051 est
3219 4998 3376 5069 quod
3394 4994 3682 5053 novatur?
3695 4991 3823 5047 Nam

2179 5089 2231 5144 si
2263 5103 2484 5160 negare
2544 5086 2784 5157 cupiant
2824 5086 2981 5157 quod
3031 5102 3137 5157 per
3164 5086 3446 5157 Spiritum
3481 5086 3562 5142 sit
3615 5082 3822 5144 creata;

2178 5193 2309 5233 cum
2343 5193 2449 5248 per
2487 5176 2768 5247 Spiritum
2810 5175 3139 5229 novandam
3173 5191 3392 5247 negare
3424 5190 3543 5230 non
3583 5168 3821 5245 possint;

2177 5267 2481 5322 meliorem
2530 5280 2675 5337 ergo
2697 5265 3096 5335 operationem
3126 5264 3382 5336 Spiritus
3415 5262 3625 5331 sancti,
3666 5269 3820 5330 quam

2181 5358 2372 5412 Patris
2427 5360 2483 5411 et
2532 5353 2687 5423 Filii,
2735 5354 2837 5426 qui
2868 5353 3111 5425 cupiunt
3149 5368 3451 5425 separare,
3484 5347 3819 5407 defendent:

2178 5446 2339 5518 quod
2358 5443 2637 5500 abhorret
2666 5458 2700 5498 a
2719 5457 2863 5498 vero
2888 5458 2902 5514 ;
2936 5457 3128 5516 neque
3145 5443 3301 5499 enim
3321 5441 3564 5499 dubium
3580 5441 3668 5496 est
3682 5427 3818 5508 quod

2177 5639 2298 5683 non
2330 5626 2423 5677 est
2452 5621 2614 5679 Deus
2652 5639 2665 5679 :
2708 5638 2829 5680 non
2859 5622 2949 5679 sic
2988 5622 3219 5681 incides
3252 5626 3326 5681 et.
3360 5660 3377 5679 .
3411 5659 3430 5679 .
3471 5618 3641 5693 cujus
3686 5620 3818 5686 0P”

2177 5712 2296 5752 non
2324 5698 2539 5766 potest,
2573 5699 2685 5751 etc.
2716 5718 2739 5744 ι·

2247 5757 2360 5842 (85)
2384 5757 2537 5823 Mss;
2566 5766 2807 5842 aliquot.
2837 5787 2859 5815 α
2880 5782 2991 5825 nec
3013 5782 3273 5845 unquam
3293 5762 3411 5826 nisi
3428 5777 3564 5825 eum
3582 5757 3809 5839 Spiritu!

3978 4802 3979 4853 1

3970 5246 3971 5327 1

3968 5378 3969 5445 1

3966 5474 3967 5563 1

3964 5594 3965 5681 1

3962 5708 3963 5799 1

3958 5820 3961 5917 1
