4090 6174
289 289 427 365 781
481 315 492 325 ·

1475 301 1589 366 DE
1629 282 1972 367 SPIRITU
2016 285 2342 367 SANCTO
2387 301 2548 365 LIB.
2592 300 2672 365 II.

3634 293 3756 366 782

315 503 526 556 novata
554 501 710 556 terra
733 499 961 570 melior,
998 517 1174 573 quam
1207 505 1399 557 creata
1432 504 1529 558 sit.
1565 504 1682 558 Aut
1711 502 1763 557 si
1795 503 1984 574 primo
2019 487 2050 545 λ
2091 499 2203 571 20).
2229 501 2299 556 Et
2315 488 2646 556 secundum
2662 500 2882 556 Lucam
2902 501 3049 558 dixit
3077 501 3149 558 ad
3179 501 3460 558 Mariam:
3517 523 3540 550 α
3575 501 3759 574 Spiri-

309 591 438 645 sine
461 591 802 660 operatione
818 590 1071 660 Spiritus
1092 597 1336 646 sanctus
1358 597 1572 646 terram
1593 592 1764 647 Pater
1778 592 1915 646 fecit
1929 595 1988 646 et

312 679 536 734 Filius:
573 684 776 750 postea
809 696 951 734 vero
982 681 1236 750 Spiritus
1267 682 1458 736 sancti
1501 682 1765 751 operatio
1798 697 1982 751 copu-

313 767 583 836 labatur;
613 769 911 823 videbitur
941 769 998 822 id
1027 770 1184 840 quod
1235 769 1450 824 factum
1501 773 1612 839 est,
1646 770 1780 837 ejus
1827 769 1984 841 quod

315 857 576 913 accessit
587 859 834 930 eguisse
851 859 1153 929 praesidio.
1170 858 1284 913 Sed
1299 859 1455 913 absit
1473 862 1534 912 ut
1548 859 1657 913 hoc
1671 858 1986 930 quisquam

313 947 635 1016 existimet,
669 950 732 1002 ut
763 947 1024 1018 operatio
1056 948 1254 1002 divina
1301 949 1643 1002 varietatem
1697 946 1987 1002 creatoris

316 1035 432 1106 (36)
465 1051 639 1107 quam
671 1035 1035 1090 Manichacus
1067 1026 1309 1097 inducit,
1346 1037 1564 1091 habere
1597 1037 1890 1091 credatur.

387 1125 479 1179 35.
505 1126 596 1179 An
618 1141 759 1180 vero
780 1127 912 1180 sine
943 1141 1121 1196 opere
1165 1125 1421 1197 Spiritus
1471 1127 1660 1180 sancti
1711 1126 1989 1180 substan-

316 1213 457 1269 tiam
479 1218 752 1285 putamus
782 1231 920 1270 esse
951 1219 1262 1283 terrarum,
1294 1216 1425 1269 sine
1457 1215 1634 1286 cujus
1667 1201 1845 1285 opere
1878 1229 1988 1269 nec

321 1303 456 1359 cceli
515 1319 780 1358 convexa
840 1304 1227 1359 subsistunt?
1285 1304 1580 1374 Scriptum
1641 1307 1735 1358 est
1791 1305 1986 1358 enim:

325 1415 347 1442 ι
371 1392 570 1446 Verbo
599 1392 832 1446 Domini
864 1393 998 1447 coeli
1045 1393 1258 1447 firmati
1304 1397 1461 1459 sunt,
1515 1397 1572 1448 et
1613 1392 1835 1462 Spiritu
1867 1393 1990 1447 oris

323 1481 463 1552 ejus
486 1482 673 1537 omnis
693 1482 883 1537 virtus
904 1498 1107 1538 eorum
1131 1482 1318 1550 (Psal.
1340 1499 1528 1536 xxxu.
1567 1480 1642 1552 6).
1669 1502 1696 1532 ι)
1734 1481 1991 1536 Adverte

326 1570 471 1642 quid
495 1571 676 1626 dicat:
735 1570 1002 1642 Omnem,
1037 1571 1245 1642 inquit,
1287 1572 1562 1627 virtutem
1604 1570 1888 1626 caalorum
1920 1569 1993 1624 ad

319 1658 606 1729 Spiritum
635 1675 776 1714 esse
807 1660 1198 1715 referendam.
1233 1657 1344 1725 Qui
1374 1661 1529 1714 enim
1579 1658 1994 1730 superfereba—

315 1750 434 1817 tur,
497 1752 811 1820 antequam
866 1751 1023 1804 terra
1071 1749 1258 1820 ﬁeret,
1317 1747 1613 1822 quomodo
1645 1763 1779 1804 cum
1839 1751 1996 1802 terra

317 1835 490 1891 ﬁeret
521 1837 654 1906 (3'7),
688 1837 1012 1894 feriabatur
1033 1839 1062 1892 ‘?

392 1943 483 1999 36.
544 1944 806 2000 Gentiles
863 1944 1136 2000 homines
1194 1960 1302 2016 per
1355 1943 1625 2000 umbram
1682 1943 1995 2016 quamdam

319 2036 565 2088 nostros
597 2034 807 2102 secuti,
841 2034 976 2105 quia
995 2034 1301 2089 veritatem
1329 2034 1585 2105 Spiritus
1619 2035 1856 2088 haurire
1881 2049 1997 2088 non

323 2125 597 2192 poterant
628 2122 763 2191 (38),
817 2122 972 2193 quod
1023 2123 1235 2177 ccelum
1281 2139 1351 2178 ac
1399 2127 1612 2192 terras,
1662 2123 1817 2178 lunae
1850 2113 1988 2177 641

325 2226 563 2283 quoque
615 2211 1037 2282 stellarumque
1087 2213 1427 2267 micantium
1479 2211 1696 2283 globos
1745 2211 2000 2280 Spiritus

324 2300 488 2354 intus
519 2300 651 2368 alat,
686 2301 818 2354 suis
849 2300 1127 2356 versibus
1159 2300 1518 2356 indiderunt.
1570 2299 1731 2372 Ergo
1784 2300 1868 2353 illi
1896 2315 2005 2370 per

326 2387 613 2460 Spiritum
631 2405 750 2443 non
772 2392 992 2461 negant
1013 2390 1287 2444 virtutem
1313 2389 1648 2444 subsistere
1669 2392 1956 2444 creaturae
1985 2403 2000 2445 :

327 2493 444 2534 nos
477 2477 576 2549 qui
607 2477 888 2550 legimus,
922 2478 1288 2550 denegamus
1311 2480 1338 2532 ἱ)
1369 2478 1485 2534 Sed
1515 2478 1753 2532 flatilem
1784 2479 2003 2548 putatis

327 2567 404 2622 ab
437 2567 557 2621 illis
589 2567 863 2638 spiritum
895 2567 1293 2639 designatum.
1329 2566 1388 2621 Si
1421 2566 1506 2620 illi
1546 2572 1846 2622 auctorem
1878 2583 2002 2620 om-

328 2657 493 2712 nium
518 2656 757 2710 ﬂatilem
777 2656 1064 2727 Spiritum
1095 2656 1488 2724 declararunt,
1518 2671 1630 2711 nos
1668 2656 2004 2711 dubitamus

326 2744 613 2816 Spiritum
646 2745 754 2800 Dei
784 2761 924 2800 esse
955 2746 1218 2800 omnium
1250 2749 1578 2802 creatorem
1598 2747 1626 2801 ἰ)

400 2852 491 2907 3Ἶ.
525 2852 644 2908 Sed
671 2852 812 2925 quid
861 2851 1073 2908 alienis
1107 2853 1433 2908 immoror?
1481 2853 1789 2924 Accipiant
1821 2853 2008 2908 docu-

328 2945 592 2997 mentum
615 2942 882 3007 evidens,
899 2941 1044 2996 nihil
1068 2957 1248 3012 posse
1263 2958 1404 2998 esse
1425 2943 1581 3015 quod
1596 2943 1852 3013 Spiritus
1869 2958 2005 2996 san-

333 3035 469 3086 ctus
492 3035 744 3103 negetur
763 3035 1064 3101 operatus,
1099 3047 1209 3087 nec
1239 3031 1311 3086 de
1345 3032 1615 3103 Angelis,
1655 3047 1765 3087 nec
1787 3033 1859 3086 de
1893 3033 2008 3085 Ar-

335 3119 670 3192 changelis,
703 3135 814 3174 nec
845 3120 917 3174 de
949 3120 1229 3189 Thronis,
1264 3135 1374 3175 nec
1406 3120 1478 3174 de
1499 3120 2010 3174 Dominationibus

2093 595 2190 646 tus
2222 595 2466 646 sanctus
2499 591 2878 662 superveniet
2909 593 2965 646 in
2998 597 3052 646 te
3074 592 3235 660 (Luc.
3271 610 3310 662 ι,
3341 591 3454 662 35).

2165 680 2253 734 38.
2279 680 2440 750 Opus
2463 697 2608 752 ergo
2628 679 2884 749 Spiritus
2923 681 3190 752 Virginis
3214 684 3417 751 partus
3453 683 3565 735 est.
3597 679 3760 751 Opus

2096 769 2354 839 Spiritus
2386 769 2614 824 fructus
2646 773 2738 824 est
2767 771 2994 824 ventris
3027 770 3356 825 secundum
3399 769 3558 841 quod
3603 769 3760 824 scri-

2098 861 2259 929 ptum
2283 861 2374 912 est
2398 874 2411 914 :
2448 882 2470 905 u
2498 858 2814 913 Benedicta
2833 861 2894 914 tu
2917 858 3071 914 inter
3089 859 3390 928 mulieres,
3425 862 3482 914 et
3511 858 3764 915 benedi-

2099 951 2230 1002 ctus
2255 947 2481 1002 fructus
2503 949 2731 1003 ventris
2769 948 2854 1003 tui
2885 948 3062 1013 (Ibid.
3106 949 3218 1010 42).
3249 973 3270 997 ιι
3313 948 3476 1020 Opus
3507 947 3764 1019 Spiritus

2097 1036 2209 1091 nos
2231 1036 2450 1091 radicis
2467 1040 2591 1092 est:
2626 1037 2744 1107 ille,
2778 1038 3036 1110 inquam,
3076 1038 3208 1102 ﬂos,
3245 1039 3316 1094 de
3345 1054 3462 1111 quo
3493 1037 3644 1093 bene
3674 1039 3768 1094 est

2092 1125 2534 1197 prophetatum:
2576 1147 2598 1174 α
2634 1125 2807 1181 Exiet
2837 1127 3004 1200 virga
3027 1127 3100 1182 de
3122 1127 3320 1184 radice
3341 1128 3541 1197 Jesse,
3572 1131 3630 1182 et
3651 1127 3764 1183 ﬂos

2096 1215 2167 1270 de
2199 1215 2397 1269 radice
2429 1213 2564 1286 ejus
2594 1216 2876 1271 ascendet
2906 1215 3047 1287 (Isa.
3083 1234 3163 1287 xi,
3199 1217 3273 1288 1).
3311 1240 3333 1266 η
3371 1216 3562 1272 Radix
3591 1215 3771 1274 Jesse

2097 1303 2451 1374 patriarcha
2512 1304 2730 1359 familia
2776 1305 3141 1376 Judmorum,
3188 1307 3361 1379 virga
3392 1305 3598 1377 Maria,
3658 1305 3772 1361 ilos

2100 1393 2301 1448 Mariae
2359 1392 2671 1464 Christus;
2732 1394 2831 1467 qui
2889 1394 3111 1450 bonum
3167 1395 3412 1451 odorem
3466 1393 3604 1449 ﬁdei
3648 1397 3772 1449 toto

2103 1497 2426 1552 sparsurus
2447 1482 2613 1551 orbe,
2636 1482 2914 1556 virginali
2929 1499 3006 1540 ex
3026 1487 3194 1540 utero
3219 1483 3593 1558 germinavit,
3616 1482 3775 1539 sicut

2101 1571 2232 1641 ipse
2262 1570 2440 1626 dixit:
2477 1592 2504 1621 ‹‹
2538 1571 2664 1644 Ego
2695 1572 2808 1628 flos
2839 1573 3054 1645 campi,
3103 1576 3162 1630 et
3195 1573 3384 1629 lilium
3414 1570 3776 1630 convallium

2103 1659 2298 1730 (Cant.
2334 1677 2393 1725 ιι,
2429 1660 2503 1730 1).
2538 1681 2562 1710 ι

2174 1748 2263 1803 39.
2316 1747 2456 1803 Flos
2489 1749 2732 1805 odorem
2779 1765 2956 1806 suum
2986 1754 3043 1806 et
3072 1750 3351 1807 succisus
3394 1753 3686 1819 reservat,
3719 1755 3781 1807 et

2029 1865 2073 1926 Β
2107 1837 2396 1893 contritus
2428 1839 2780 1910 accumulat,
2840 1855 2952 1896 nec
2997 1841 3250 1897 avulsus
3308 1842 3555 1913 amittit;
3614 1841 3693 1897 ita
3721 1843 3781 1898 et

2109 1926 2396 1982 Dominus
2429 1927 2609 1983 Jesus
2633 1930 2692 1983 in
2723 1928 2824 1983 illo
2852 1930 3113 2000 patibulo
3145 1931 3365 2002 crucis,
3417 1946 3529 1986 nec
3561 1929 3780 1987 contri-

2107 2021 2203 2072 tus
2236 2017 2539 2087 emarcuit,
2573 2032 2682 2072 nec
2731 2019 2979 2074 avulsus
3023 2020 3297 2089 evanuit;
3328 2022 3385 2075 et
3422 2019 3520 2075 illa
3550 2020 3775 2077 lanceae

2108 2105 2425 2177 punctione
2471 2105 2780 2176 succisus,
2813 2122 2986 2162 sacro
3019 2107 3353 2178 speciosior
3381 2107 3501 2164 fusi
3546 2108 3781 2164 cruoris

2111 2195 2310 2250 colore
2340 2196 2629 2263 vernavit,
2665 2195 2811 2250 mori
2843 2196 2972 2267 ipse
2995 2197 3261 2267 nescius,
3293 2199 3352 2253 et
3382 2197 3629 2252 mortuis
3659 2196 3775 2269 (39)

2111 2287 2350 2339 internae
2370 2285 2506 2338 vitae
2531 2299 2747 2339 munus
2766 2285 3073 2340 exhalans.
3098 2285 3162 2340 In
3185 2285 3299 2341 hoc
3320 2285 3503 2358 igitur
3521 2287 3779 2359 Spiritus

2112 2377 2357 2428 sanctus
2387 2373 2576 2445 virgae
2607 2373 2830 2446 regalis
2863 2375 3007 2430 ﬂore
3039 2374 3353 2447 requievit.

2183 2462 2272 2517 40.
2292 2463 2454 2517 Bona
2468 2463 2658 2535 virga,
2676 2470 2732 2518 ut
2748 2463 2986 2535 quidam
3000 2467 3224 2536 putant,
3239 2467 3332 2521 est
3353 2479 3492 2521 caro
3526 2463 3783 2538 Domini,

2113 2567 2247 2623 quae
2279 2551 2352 2606 de
2397 2552 2593 2607 radice
2642 2559 2873 2608 terrena
2926 2553 2997 2608 ad
3039 2570 3296 2625 superna
3335 2571 3404 2610 se
3434 2555 3784 2629 subrigens,

2115 2640 2450 2696 odoriferos
2470 2656 2662 2697 sacrae
2675 2642 2905 2697 fructus
2923 2641 3236 2716 religionis
3256 2644 3614 2700 circumtulit
3626 2663 3789 2702 mun-

2115 2730 2212 2800 do,
2231 2731 2534 2802 mysteria,
2559 2730 2776 2786 divinae
2793 2733 3221 2806 generationis,
3246 2737 3305 2789 et
3333 2733 3586 2808 gratiam
3608 2734 3786 2793 coele-

2115 2819 2310 2874 stibus
2343 2819 2630 2874 altaribus
2663 2821 3128 2892 superfundens.

2186 2925 2275 2981 41.
2300 2925 2578 2983 Dubitare
2601 2943 2746 3000 ergo
2769 2944 2888 2984 non
2911 2945 3238 3000 possumus
3255 2930 3539 3004 Spiritum
3569 2935 3792 2990 creato-

2117 3031 2264 3082 rem,
2301 3033 2474 3088 quem
2510 3017 2834 3074 Dominicae
2888 3021 3317 3093 cognoscimus
3365 3023 3789 3080 incarnationis

2118 3109 2440 3161 auctorem.
2501 3105 2646 3172 Quis
2699 3109 2854 3162 enim
2912 3109 3156 3174 dubitet,
3209 3127 3343 3167 cum
3389 3112 3450 3167 in
3497 3113 3790 3185 principio

333 3191 522 3281 posse
554 3208 829 3278 dubitari,
860 3209 1019 3280 quod
1064 3208 1200 3280 ejus
1250 3209 1590 3280 Operatione
1639 3210 2012 3279 subsistant;
2041 3236 2092 3296 ρ
2120 3195 2428 3296 Evangelii
2460 3197 2702 3296 habeas.
2738 3195 2876 3296 quia
2914 3197 3156 3296 Christi-
3171 3200 3488 3296 generatio
3518 3191 3666 3296 6_42
3697 3201 3789 3296 sic

332 3298 816 3371 quandoquidem
864 3299 993 3369 ipse
1044 3299 1372 3353 secundum
1423 3313 1661 3353 carnem
1700 3299 2007 3368 Dominus,

333 3388 431 3443 cui
463 3388 659 3460 angeli
693 3388 1051 3457 serviebant,
1087 3389 1309 3459 Spiritu
1338 3388 1398 3443 in
1443 3389 1750 3460 Virginem
1796 3403 2012 3458 super-

337 3478 635 3546 veniente,
654 3478 894 3549 genitus
915 3480 995 3533 sit
1021 3495 1036 3549 ;
1069 3480 1224 3534 sicut
1246 3482 1303 3533 et
1323 3478 1654 3532 secundum
1673 3477 2010 3532 Matthaeum

340 3567 413 3622 ad
437 3566 662 3637 Joseph
684 3567 936 3639 angelus
951 3567 1131 3622 dixit:
1163 3590 1184 3614 α
1203 3567 1452 3637 Joseph,
1473 3567 1555 3620 fili
1575 3567 1781 3632 David,
1808 3566 1925 3621 noli
1945 3566 2014 3620 ti-

339 3672 503 3712 mere
532 3657 805 3727 accipere
836 3656 1078 3711 Mariam
1125 3672 1374 3712 uxorem
1419 3659 1618 3726 tuam;
1666 3656 1825 3727 quod
1857 3656 2014 3710 enim

341 3761 416 3801 ex
449 3761 518 3801 ea
548 3749 846 3813 nascetur,
881 3746 952 3801 de
981 3745 1206 3817 Spiritu
1233 3748 1439 3802 sancto
1490 3747 1584 3800 est
1617 3765 1640 3794 ι
1693 3745 1935 3815 (Matth.
1971 3762 2012 3815 ι,

415 3887 698 3970 (βὸῌὶιιίρ
723 3888 800 3942 sit
820 3887 975 3970 quod
999 3886 1312 3942 Manichaei
1346 3903 1453 3970 per
1478 3885 1821 3970 varietatem
1855 3903 2017 3970 creat

342 3962 496 4031 toris
530 3958 946 4028 intellexerint,
980 3974 1263 4030 perquam
1293 3963 1492 4029 aperte
1515 3959 1802 4031 cognosci
1824 3961 2017 4031 potest

343 4048 420 4088 ex
444 4030 814 4101 Epiphanio;
847 4031 942 4085 hic
964 4029 1141 4100 enim,
1171 4031 1314 4084 haer.
1351 4031 1440 4095 66,
1480 4029 1640 4084 num.
1681 4030 1769 4084 25.
1805 4029 2017 4084 delira-

343 4108 542 4158 menta
565 4118 697 4172 qua:
715 4103 788 4156 ab
811 4103 1065 4157 Archelo
1089 4104 1387 4156 mutuatus
1417 4101 1608 4156 fuerat
1629 4101 2014 4168 Manichams,

345 4176 486 4229 dum
508 4177 947 4244 commemorat,
971 4174 1146 4228 multa
1169 4174 1388 4244 quibus
1408 4173 1505 4228 hic
1518 4172 1822 4227 Ambrosii
1847 4173 2016 4227 locus

342 4245 698 4313 illustretur,
733 4243 928 4298 habet.
1191 4243 1204 4244 ί
1409 4251 1412 4253 ’

419 4317 535 4385 (3Ἳ)
568 4316 833 4384 Amerb.,
869 4315 1038 4370 Eras.
1074 4318 1132 4370 et
1161 4331 1308 4370 mss.
1356 4314 1597 4386 aliquot,
1655 4335 1677 4365 α
1709 4330 1827 4369 non
1861 4313 2017 4368 fere-

345 4389 562 4454 batur;
624 4411 646 4434 »
683 4387 815 4442 Gill.
849 4403 919 4441 ac
954 4388 1122 4442 Rom.
1166 4387 1302 4442 edit.
1365 4403 1499 4442 cum
1529 4403 1677 4441 mss.
1723 4386 2016 4458 pluribus,

353 4483 374 4506 ει
411 4458 755 4513 feriabatur.
796 4481 818 4505 ι»

2120 3292 2279 3342 erat:
2317 3309 2338 3334 «
2373 3285 2518 3340 Cum
2549 3285 2907 3356 desponsata
2940 3289 3106 3342 esset
3137 3286 3320 3343 Maria
3348 3288 3597 3360 Joseph,
3628 3293 3792 3346 ante-

2120 3392 2294 3447 quam
2328 3376 2732 3444 convenirent,
2765 3376 2999 3431 inventa
3032 3380 3124 3430 est
3155 3377 3215 3431 in
3257 3381 3424 3434 utero
3453 3378 3684 3435 habens
3714 3394 3792 3434 ex

2120 3465 2340 3537 Spiritu
2370 3469 2576 3519 sancto
2609 3465 2720 3534 (40)
2748 3463 2986 3534 (Matth.
3018 3482 3057 3535 ι,
3083 3465 3171 3535 18)
3198 3467 3227 3520 εν
3263 3489 3284 3515 υ

2190 3554 2278 3608 42.
2316 3553 2462 3607 Nam
2494 3553 2633 3608 licet
2673 3553 2939 3624 plerique
2988 3553 3264 3626 habeant,
3317 3578 3339 3603 α
3374 3555 3447 3611 de
3478 3556 3722 3628 Spiritu,
3760 3581 3785 3606 ιι

2120 3643 2368 3699 Graecus
2405 3645 2598 3696 tamen
2633 3641 2786 3696 unde
2813 3642 3242 3698 transtulerunt
3271 3644 3482 3717 Latini,
3525 3646 3582 3698 bc
3622 3646 3786 3699 Πνεῦ-

2119 3749 2277 3806 ματος
2320 3729 2468 3802 ἁγίου
2509 3730 2678 3802 dixit,
2709 3731 2822 3786 hoc
2853 3734 2966 3803 est,
2991 3748 3068 3787 ex
3107 3732 3328 3804 Spiritu
3363 3738 3591 3791 sancto.
3619 3735 3790 3800 Quod

2193 3875 2306 3946 (40)
2330 3875 2478 3951 Mss.
2493 3873 2734 3951 aliquot,
2751 3898 2782 3951 ε
2798 3874 2870 3930 de
2882 3874 3104 3945 Spiritu
3117 3880 3346 3932 sancto.
3368 3878 3520 3951 Nam
3532 3879 3672 3935 licet
3687 3880 3787 3951 ple

2121 3947 2289 4019 rique
2312 3963 2430 4019 non
2454 3947 2725 4015 habeant,
2741 3947 2988 4019 Graecus
3003 3951 3217 4017 tamen,
3241 3953 3396 4004 etc.»
3423 3949 3573 4016 Quid
3594 3947 3790 4007 autem

2123 4017 2579 4092 praepositiones
2626 4034 2703 4072 ex
2730 4022 2786 4073 et
2835 4017 2909 4092 de
2956 4018 3110 4092 inter
3149 4035 3222 4092 se
3265 4019 3557 4092 diti‘erant,
3616 4023 3788 4078 lucu-

2125 4091 2313 4165 l_e_nter
2332 4089 2598 4165 explicat
2615 4090 2988 4165 Augustinus
3008 4091 3111 4144 lib.
3137 4091 3225 4145 De
3245 4100 3455 4146 natura
3473 4089 3635 4164 boni,
3659 4111 3785 4165 cap.

2124 4163 2190 4216 2'1
2217 4177 2232 4230 ;
2264 4162 2359 4236 ibi
2376 4162 2534 4215 enim
2562 4161 2674 4216 hoc
2703 4161 3167 4236 rApo_stol_i_textu
3193 4185 3212 4207 ι·
3241 4165 3521 4233 quoniam
3551 4161 3628 4219 ex
3655 4161 3788 4236 ipso

2129 4238 2184 4287 et
2210 4249 2317 4303 per
2347 4232 2569 4304 ipsum,
2601 4253 2623 4282 ι
2659 4235 2796 4302 etc.,
2829 4232 2888 4286 in
2941 4232 3303 4288 Manichaeos
3332 4236 3657 4304 proposito,
3677 4232 3789 4288 'ita

2125 4304 2404 4376 disserit:
2441 4303 2528 4357 Ex
2555 4303 2700 4376 ipso,
2723 4325 2745 4354 α
2782 4308 2974 4376 autem
3010 4320 3125 4358 non
3145 4304 3258 4358 hoc
3288 4303 3606 4374 significat,
3630 4306 3790 4376 quod

2132 4397 2152 4424 ιι
2190 4376 2260 4429 de
2291 4375 2444 4445 ipso.
2483 4396 2504 4423 η
2541 4375 2709 4439 Quod
2739 4375 2896 4428 enim
2926 4375 2999 4428 de
3030 4375 3161 4443 ipso
3193 4378 3304 4443 est,
3337 4379 3533 4444 potest
3565 4375 3680 4430 dici
3714 4392 3789 4430 ex

2126 4447 2293 4516 ipso:
2329 4462 2447 4501 non
2477 4450 2672 4500 autem
2703 4460 2875 4500 omne
2905 4446 3063 4515 quod
3096 4461 3172 4498 ex
3193 4445 3336 4516 ipso
3369 4452 3482 4513 est,
3511 4450 3671 4501 recte
3703 4447 3789 4500 di-

933 4527 1207 4584 Nazianz.
1260 4502 1406 4584 orat:
1439 4528 1506 4584 3‘7
1539 4532 1787 4583 testatur
1833 4527 2056 4600 sancti.
2129 4502 2280 4600 ςῖίιιιι*
2310 4518 2567 4600 {181980.
2605 4517 2694 4571 Ex
2723 4502 3069 4600 ipso‘enim‘
3097 4502 3309 4596 coelum
3338 4520 3396 4570 et
3441 4502 3620 4598 terra,
3653 4519 3792 4600 quia

348 4586 609 4673 Spiritus
666 4586 726 4655 in
771 4600 936 4655 orbis
983 4601 1412 4673 gubernatione
1459 4601 1862 4673 operationem
1905 4599 2004 4673 sui

2129 4590 2256 4673 ipse
2308 4589 2445 4673 fecit
2473 4603 2573 4669 ea:
2636 4603 2756 4673 non
2786 4590 2986 4673 autern
3039 4586 3332 4673 deoipso;
3376 4587 3515 4657 quia
3568 4586 3791 4673 nvonnde

349 4659 710 4745 quibusdam
732 4659 1041 4745 rnominu‘r’n
1073 4671 1404 4745 involucris
1434 4659 1803 4745 designatam
1835 4659 2080 4745 fuissew
2129 4659 2675 4745 spbstantiavejus,
2707 4662 2819 4745 etc.
2860 4679 2880 4745 ιε

351 4743 426 4799 ab
458 4747 535 4798 iis
571 4743 953 4798 Ethnicorum
985 4744 1083 4814 qui
1115 4743 1432 4813 theologiae
1456 4743 1666 4812 majori
1693 4744 2026 4814 floruerunt

354 4816 552 4884 laude,
574 4817 940 4886 propiusque
959 4812 1028 4868 ad
1063 4830 1173 4868 nos
1204 4812 1610 4886 accesserunt,
1645 4812 2027 4886 nimirumuab

354 4883 705 4954 AristOtele,
751 4883 1126 4954 Anaxagora,
1178 4889 1235 4940 et
1287 4885 1708 4954 Hermonymo,
1761 4887 1822 4937 ut
1866 4883 2027 4935 Elias

355 4959 512 5014 Cret.
535 4959 967 5027 interpretatur.
986 4957 1109 5010 Nec
1124 4957 1366 5010 dubium
1379 4959 1472 5010 est
1484 4955 1625 5026 quin
1638 4954 1750 5008 hoc
1769 4955 1899 5008 loco
1914 4954 2030 5006 Na-

357 5031 618 5085 zianzeni
652 5030 929 5100 vestigiis
971 5029 1208 5082 insistat
1241 5028 1617 5100 Ambrosius,
1643 5042 1850 5079 verum
1897 5039 2030 5100 cum

358 5102 651 5156 scriberet
685 5097 908 5154 Latinis
939 5100 1300 5166 hominibus,
1333 5099 1738 5152 auctoritatem
1770 5113 1903 5166 quae
1936 5097 2033 5147 iis-

361 5173 489 5226 dem
523 5173 719 5226 notior
748 5178 929 5239 esset,
966 5171 1274 5224 indicatam
1307 5171 1510 5224 voluit.
1549 5169 1733 5222 Petita
1763 5168 1873 5222 fuit
1931 5167 2029 5220 illa

363 5258 393 5298 e
421 5244 526 5298 lib.
565 5261 620 5297 v1
653 5243 972 5312 zEneidos,
1005 5242 1107 5296 ubi
1139 5243 1408 5296 canitur:

455 5368 725 5430 Principio
758 5368 964 5425 caelum,
989 5381 1049 5416 ac
1076 5373 1262 5424 terras,
1292 5377 1615 5427 camposque
1646 5364 1934 5424 liquentes,

453 5433 848 5491 Lucentemque
879 5431 1094 5493 globum
1120 5430 1278 5488 lunae,
1308 5430 1597 5493 titaniaque
1645 5433 1787 5474 astra

457 5495 690 5558 Spiritus
717 5493 871 5558 intus
889 5492 996 5549 alit,
1028 5499 1293 5552 totamque
1330 5492 1507 5538 infusa
1536 5503 1629 5550 per
1667 5495 1814 5558 artus

458 5552 608 5608 Mens
643 5557 748 5620 agit
773 5555 979 5614 molem,
1006 5559 1056 5602 et
1087 5567 1276 5619 magno
1303 5566 1361 5602 se
1388 5565 1610 5616 corpore
1641 5552 1846 5600 miscet.

434 5675 546 5748 (39)
577 5672 861 5738 Nonnulli
919 5686 1093 5750 mss,
1131 5693 1154 5722 «ι
1209 5673 1266 5733 et
1295 5671 1588 5746 mortuus,
1653 5691 1675 5720 η
1712 5682 1832 5728 non
1893 5665 2043 5725 satis

341 5771 350 5790 έ
371 5751 559 5811 recte.

2947 4656 3086 4710 Item
3118 4657 3176 4710 in
3206 4658 3370 4711 Actis
3399 4656 3536 4712 cum
3597 4659 3792 4714 Felice

2131 4728 2576 4785 Manichaeolib’.
2602 4747 2664 4798 ιι,
2698 4744 2832 4781 cum
2863 4728 3184 4781 haereticus
3213 4733 3508 4798 quaereret
3557 4731 3630 4785 de
3661 4731 3792 4784 ani-

2130 4819 2222 4856 ma
2255 4801 2542 4874 rationali,
2566 4823 2607 4874 _-
2639 4805 2832 4874 utrum
2862 4813 3002 4852 vere
3027 4813 3108 4874 ex
3134 4799 3259 4874 Deo
3289 4803 3428 4874 est_?_
3460 4825 3482 4848 η
3521 4803 3796 4874 Augusti-

2133 4889 2247 4927 nus
2279 4873 2463 4926 dixit:
2503 4894 2524 4919 α
2564 4871 2651 4925 Ex
2687 4871 2826 4935 Deo,
2861 4884 2978 4923 non
3010 4869 3081 4923 de
3133 4870 3274 4924 Deo.
3309 4895 3331 4918 η
3381 4869 3796 4928 Verumtamen

2136 4961 2252 4999 non
2277 4959 2514 5012 semper
2555 4958 2622 4996 ea
2643 4942 2959 4995 severitate
2989 4939 3310 5010 loquuntur
3325 4942 3465 4998 boni
3496 4950 3793 5012 auctores,

2136 5020 2193 5069 at
2214 5016 2550 5087 promiscue
2569 5013 2894 5087 eodemque
2909 5027 3094 5087 sensu
3109 5014 3214 5066 has
3233 5015 3552 5082 particulas
3573 5016 3798 5087 passim

2141 5083 2444 5155 usurpant.
2480 5084 2550 5138 Et
2578 5100 2721 5139 sane
2753 5086 2811 5136 in
2843 5083 3092 5157 Vulgata
3115 5087 3413 5147 versione.
3439 5087 3541 5140 ubi
3571 5083 3677 5157 par
3705 5091 3798 5140 est

2138 5156 2574 5228 religiosiorem
2599 5171 2757 5224 esse,
2781 5155 3022 5208 tralator
3051 5160 3297 5211 cunctos
3329 5173 3513 5227 prope
3543 5155 3709 5213 locos
3740 5158 3801 5210 in

2140 5238 2359 5308 quibus
2401 5235 2456 5287 ἐκ
2497 5236 2689 5291 Graeci
2723 5236 2962 5308 codices
2993 5234 3231 5303 habent,
3266 5253 3373 5306 per
3402 5239 3476 5292 de
3517 5236 3789 5308 reddidit.

2141 5307 2261 5362 limo
2284 5324 2424 5361 vero
2449 5308 2779 5362 cautionem
2811 5307 2960 5359 hanc
2993 5321 3415 5378 nonnunquam
3447 5307 3802 5362 AmbrOsius

2141 5381 2268 5450 ipse
2289 5379 2571 5450 neglexit,
2608 5385 2668 5433 ut
2700 5378 2992 5432 videbitur
3022 5378 3174 5431 infra
3211 5395 3337 5448 cap.
3362 5381 3415 5445 9,
3455 5395 3614 5432 num.
3648 5378 3714 5450 9t
3747 5381 3804 5430 et

2143 5448 2272 5522 seq.
2301 5466 2313 5505 :
2349 5448 2431 5504 ibi
2462 5453 2620 5504 enim
2650 5454 2712 5504 ut
2743 5450 2951 5522 probet
2995 5463 3176 5502 voces
3209 5471 3235 5522 ξι
3284 5466 3358 5504 ex
3405 5450 3538 5522 ipso
3575 5473 3598 5496 ι»
3631 5448 3804 5522 etiam

2143 5519 2382 5592 Spiritui
2415 5526 2622 5577 sancto
2684 5521 3023 5589 convenire,
3085 5520 3420 5592 testimonia
3476 5521 3536 5573 in
3586 5519 3805 5591 quibus

2144 5591 2219 5649 de
2273 5609 2394 5665 pro
2438 5610 2516 5648 ex
2569 5595 2826 5665 ponitur,
2888 5592 3120 5665 passim
3163 5591 3454 5665 adhibet;
3514 5593 3572 5665 et
3626 5604 3808 5665 supra

2140 5660 2304 5798 intra.
2338 5664 2428 5739 88,
2463 5685 2487 5721 ix
2523 5660 2719 5724 omnia
2749 5660 2993 5724 esse—de
3023 5661 3264 5736 Spiritu,
3301 5679 3326 5713 ι
3359 5661 3582 5719 diserte
3628 5660 3812 5736 profi~

2167 5753 2198 5795 e
2227 5753 2316 5798 ur.

2167 5740 2316 5801 etur.
