3964 6168
310 272 440 339 783.

315 471 474 528 enim
510 481 586 522 ex
625 464 824 536 aliquo
865 464 974 530 est,
1013 465 1112 518 aut
1141 477 1217 518 ex
1256 461 1587 518 substantia
1635 462 1746 532 est,
1780 462 1880 516 aut
1908 476 1981 515 ex
2010 451 2069 516 Α

309 559 599 630 potestate
634 554 790 624 ejus.
827 553 913 607 Ex
936 553 1286 617 substantia,
1307 552 1463 606 sicut
1492 551 1698 612 Filius,
1735 551 1836 622 qui
1859 551 1941 604 ait
1967 565 1981 604 :

317 669 342 698 ι
369 646 458 701 Ex
483 659 586 698 ore
607 641 900 697 Altissimi
923 641 1154 712 prodivi
1194 641 1406 707 (Eccli.
1446 657 1609 710 xxxv,
1637 641 1692 709 5)
1720 655 1735 709 ς
1771 662 1794 687 ιι
1831 638 1986 692 sicut

313 734 593 806 Spiritus,
633 755 655 780 α
692 731 827 802 quia
858 747 891 785 a
940 730 1108 785 Patre
1157 730 1422 801 procedit
1451 730 1641 799 (Joan.
1685 744 1784 796 xv,
1817 725 1930 796 26),
1959 748 1982 774 υ

321 825 394 879 de
425 838 542 894 quo
567 821 709 876 dicit
743 819 964 874 Filius:
1005 841 1027 867 ιι
1064 819 1164 873 Ille
1206 835 1298 873 me
1331 817 1714 884 clariﬁcabit;
1748 815 1886 886 quia
1916 813 1988 868 de

318 927 450 968 meo
475 911 769 982 accipiet»
796 908 985 976 (Joan.
1011 907 1265 977 1011,14).
1296 927 1318 958 ι
1348 907 1436 962 Ex
1457 908 1745 979 potestate
1771 907 1986 972 autem,

318 1003 468 1056 sicut
504 999 649 1054 illud
679 1001 804 1052 est:
843 1019 866 1044 α
905 997 1074 1051 Unus
1106 997 1268 1052 Deus
1303 996 1495 1066 Pater,
1529 1010 1604 1049 ex
1647 1007 1764 1066 quo
1796 991 1990 1047 omnia

319 1090 375 1162 (1
406 1091 686 1157 Cor.vm,
721 1084 796 1156 6)‘
838 1109 861 1134 ιι

389 1177 478 1248 48,
499 1175 804 1242 Quomodo
835 1189 983 1247 ergo
1017 1173 1076 1228 in
1106 1176 1272 1228 utero
1307 1173 1511 1228 habuit
1540 1171 1721 1226 Maria
1751 1185 1827 1225 ex
1857 1167 1993 1239 Spi-

317 1266 435 1324 ritu
467 1265 718 1322 sancto‘?
747 1263 808 1319 Si
842 1263 1017 1335 quasi
1049 1279 1125 1317 ex
1154 1262 1506 1326 substantia,
1555 1275 1702 1332 ergo
1733 1258 1993 1329 Spiritus

320 1356 383 1412 in
411 1371 650 1412 carnem
677 1355 734 1408 et
765 1369 908 1408 ossa
940 1367 1276 1408 conversus
1306 1353 1443 1406 est?
1506 1349 1640 1405 Non
1674 1349 1896 1419 utique.
1929 1345 1993 1400 Si

323 1444 495 1518 quasi
526 1459 603 1498 ex
632 1443 973 1514 operatione
1002 1445 1060 1497 et
1086 1442 1378 1512 potestate
1411 1438 1546 1510 ejus
1569 1437 1753 1510 Virgo
1786 1449 1998 1491 conce-

323 1535 430 1606 pit,
465 1533 600 1606 quis
633 1535 810 1604 neget
836 1530 1119 1602 Spiritum
1149 1528 1521 1584 creatorem?

394 1621 485 1677 44.
511 1621 662 1686 Quid
693 1619 849 1691 quod
882 1620 1055 1673 etiam
1088 1617 1200 1672 Job
1235 1619 1562 1672 creatorem
1593 1630 1766 1670 suum
1804 1611 1996 1684 Spiri-

331 1714 456 1767 tum
493 1710 800 1765 evidenter
828 1707 1086 1762 ostendit
1115 1707 1356 1760 dicens:
1397 1727 1419 1751 ‹‹
1453 1703 1707 1774 Spiritus
1739 1702 1999 1770 divinus,

330 1799 430 1874 qui
465 1797 606 1854 fecit
635 1813 726 1852 me
757 1796 892 1868 (Joh
924 1811 1134 1864 χχχιιι,
1171 1795 1228 1865 4)
1249 1795 1278 1848 ?
1313 1816 1336 1842 ο
1374 1792 1444 1847 Et
1491 1792 1758 1847 divinum
1803 1793 2003 1860 utique

329 1893 385 1944 et
437 1891 765 1943 creatorem
811 1901 928 1940 uno
979 1883 1279 1939 versiculo
1316 1881 1764 1936 demonstravit.
1805 1878 2003 1952 [Alias

330 1994 458 2048 cap.
507 1976 631 2045 Vl.)
676 1975 738 2029 Si
773 1975 956 2045 igitur
999 1976 1232 2027 creator
1279 1976 1371 2026 est
1417 1971 1693 2041 Spiritus,
1745 1985 1866 2024 non
1915 1971 2007 2023 est

330 2067 536 2138 utique
571 2067 840 2118 creatura
868 2078 884 2131 ς
918 2064 1248 2116 creaturam
1282 2059 1438 2114 enim
1471 2058 1795 2130 Apostolus
1837 2072 2008 2112 crea-

329 2158 640 2226 toremque
675 2153 880 2206 divisit
931 2151 1180 2205 dicens:
1250 2172 1272 2197 «
1335 2149 1680 2203 Servierunt
1723 2150 2009 2202 creatura)

329 2245 534 2317 potius
565 2258 740 2314 quam
775 2238 1040 2295 Creatori
1074 2239 1260 2310 (Rom.
1297 2254 1335 2292 ι.
1369 2238 1481 2308 25).
1517 2259 1544 2286 ι

401 2333 493 2388 45.
529 2331 715 2386 Simul
779 2329 1033 2384 creatori
1092 2328 1367 2382 admonet
1428 2325 1814 2382 serviendum
1871 2324 2008 2395 (41),

333 2421 662 2478 damnando
682 2435 787 2475 eos
811 2419 911 2490 qui
949 2417 1217 2472 serviunt
1247 2421 1552 2482 creaturae,
1587 2431 1722 2470 cum
1749 2414 2010 2469 Creatori

337 2511 649 2567 servitium
680 2509 1024 2562 debeamus.
1052 2505 1420 2576 thuoniam
1450 2503 1797 2559 Creatorem
1824 2502 2012 2573 Spiri-

340 2605 464 2656 tum
523 2601 790 2666 noverat,
842 2597 1015 2650 docet
1071 2594 1264 2648 eidem
1321 2593 1706 2649 serviendum
1765 2593 2010 2646 dicens:

341 2712 364 2738 «ι
389 2687 598 2742 Videte
617 2701 818 2755 canes,
840 2685 1032 2738 videte
1064 2683 1253 2737 malos
1289 2683 1617 2754 operarios,
1649 2683 1844 2737 videte
1875 2695 2015 2735 con-

339 2777 628 2833 cisionem
654 2791 666 2829 :
703 2790 814 2828 nos
839 2773 995 2828 enim
1019 2788 1228 2826 sumus
1253 2772 1650 2842 circumcisio,
1692 2771 1790 2842 qui
1823 2769 2012 2841 Spiri-

339 2866 422 2922 tui
456 2865 558 2920 Dei
589 2863 701 2934 (42)
724 2863 1022 2918 servimus
1053 2860 1344 2933 (Philipp.
1383 2877 1464 2930 ιιι,
1497 2857 1551 2930 2,
1585 2859 1663 2930 3).
1704 2883 1726 2908 »ι

417 2955 508 3010 46.
532 2953 697 3019 Quod
723 2954 775 3006 si
797 2951 933 3024 quis
957 2950 1030 3006 de
1051 2950 1396 3005 Latinorum
1435 2949 1706 3004 codicum
1736 2948 2016 3004 varietate

349 3042 670 3112 contendit,
691 3057 942 3114 quorum
965 3040 1198 3112 aliquos
1221 3039 1433 3110 perﬁdi
1454 3039 1838 3108 falsaverunt,
1862 3038 2020 3094 Grae-

350 3149 456 3190 cos
476 3132 752 3205 inspiciat
779 3131 1040 3197 codices,
1066 3133 1122 3184 et
1157 3129 1422 3184 advertat
1451 3129 1587 3200 quia
1617 3129 1698 3184 ibi
1731 3129 2018 3199 scriptum

349 3227 478 3279 est:
533 3224 582 3275 οὶ
623 3219 879 3295 Πνεύματι
919 3221 1050 3271 Θεοῦ
1091 3215 1430 3292 ὶατρεὺοντες,
1477 3219 1636 3290 quod
1666 3219 2018 3289 interpreta-

358 3315 456 3368 tur
496 3312 754 3366 latinus:
794 3333 816 3358 α
853 3310 954 3382 qui
983 3308 1223 3380 Spiritui
1257 3307 1362 3362 Dei
1395 3307 1713 3362 servimus.
1752 3331 1774 3355 η

421 3402 514 3457 47.
547 3400 706 3474 Ergo
767 3416 901 3455 cum
930 3397 1313 3454 serviendum
1369 3396 1526 3452 dicat
1563 3397 1804 3468 Spiritui
1865 3397 2020 3453 idem

354 3489 701 3563 Apostolus,
737 3489 839 3561 qui
869 3504 988 3542 non
1021 3490 1330 3556 creaturae,
1365 3485 1472 3540 sed
1524 3486 1776 3541 creatori
1805 3487 2024 3542 asserit

351 3579 768 3648 serviendum;
801 3577 1108 3632 evidenter
1138 3577 1338 3648 utique
1372 3578 1428 3630 et
1460 3575 1590 3646 ipse
1622 3579 1893 3630 sanctum
1923 3591 2021 3631 os-

349 3669 537 3724 tendit
567 3668 848 3739 Spiritum
883 3670 1230 3734 creatorem,
1265 3667 1322 3719 et
1371 3665 1432 3718 in
1463 3667 1702 3719 aeternae
1752 3665 2026 3720 divinita-

353 3757 432 3812 tis
464 3756 689 3811 honore
721 3755 1160 3823 venerandum;
1192 3754 1329 3824 quia
1363 3753 1662 3824 Scriptum
1688 3756 1782 3808 est
1809 3769 1822 3810 :
1862 3777 1885 3802 α
1911 3755 2024 3810 Do-

356 3845 582 3900 minum
611 3845 797 3898 Deum
845 3847 1008 3899 tuum
1037 3843 1338 3914 adorabis,
1393 3845 1451 3898 et
1479 3843 1597 3914 ipsi
1628 3843 1744 3900 soli
1791 3845 2024 3900 servies

358 3933 600 4005 (Matth.
631 3949 711 4005 ιν,
745 3931 856 4004 10).
894 3956 916 3980 ιι

881 4057 1028 4122 643
1054 4118 1062 4125 ,
1087 4064 1340 4121 CAPUT
1391 4065 1484 4120 VI.

362 4173 810 4250 Ohjicientihus
831 4189 908 4228 ex
933 4171 1144 4250 verbis
1154 4172 1339 4250 {imos
1359 4171 1562 4250 creari
1579 4171 1891 4250 Spiritum,
1923 4190 2028 4230 re-

423 4241 832 4322 poniturhanc
868 4260 1066 4300 vocem
1099 4242 1222 4298 illic
1253 4241 1705 4316 intelligendam
1735 4245 1810 4300 de
1835 4241 2026 4320 Vento,

431 4371 544 4444 (41)
575 4371 818 4438 Quidam
853 4385 1026 4444 mss.,
1066 4391 1088 4416 «ι
1135 4367 1321 4444 Simul
1368 4383 1501 4422 cum
1543 4370 1794 4444 creatori
1824 4370 2030 4444 admo-

361 4440 462 4501 net
492 4440 898 4512 serviendum,
941 4440 1307 4513 damnandos
1355 4454 1462 4494 eos
1512 4441 1787 4513 ostendit,
1835 4443 2026 4513 qui....

361 4518 434 4572 Et
454 4517 732 4581 quoniam
757 4511 989 4570 creator
1007 4516 1100 4567 est
1121 4511 1396 4581 Spiritus,
1423 4526 1534 4564 nos
1571 4511 1974 4581 addocetfetc.
2001 4535 2024 4566 ι

496 4533 732 4571 uonlam
757 4533 989 4570 creator
1007 4533 1100 4567 881.
1121 4533 1396 4581 opu'uus,
1424 4533 1534 4564 1108
1571 4533 1838 4581 auuocet,
1863 4533 1974 4569 Θῑῡ.
2001 4535 2024 4566 ι

435 4533 546 4656 (2‘2)
577 4587 658 4641 Ita
718 4602 864 4640 mss.
927 4587 1194 4656 septem;
1253 4597 1482 4656 omnes
1517 4587 1710 4656 autem
1769 4585 1906 4640 edit.
1959 4602 2027 4640 ac

362 4653 538 4730 pauci
569 4674 740 4726 mss.,
775 4679 798 4708 ι
838 4655 1085 4730 Spiritui
1116 4653 1302 4730 Deo;q
1330 4676 1352 4701 »
1387 4653 1805 4730 aliiddenique
1837 4657 2030 4730 adhuc

363 4725 700 4800 pauciores,
728 4725 761 4800 ει
798 4725 1017 4800 Spiritu
1049 4727 1192 4800 Deo.
1232 4748 1253 4800 ρ
1277 4725 1652 4800 Augustinus
1671 4725 1907 4800 quidem
1927 4729 2026 4783 lib.

365 4796 450 4869 iu,
496 4799 665 4854 Cont.
708 4796 861 4853 duas
887 4799 1084 4869 Epist.
1131 4797 1334 4868 Pelag.
1373 4796 1500 4866 cap.
1535 4796 1588 4865 'l,
1621 4796 1745 4851 tres
1776 4799 2030 4869 hujusce

365 4870 484 4925 loci
513 4871 800 4924 lectiones
833 4870 1032 4925 refert.
1067 4868 1174 4922 sed
1206 4883 1380 4925 quam
1419 4869 1556 4922 aliis
1605 4869 2030 4925 praeferendam

366 4883 484 4925 loci
514 4883 800 4924 lectiones
833 4883 1032 4935 reteri,
1067 4883 1174 4922 seu
1206 4883 1380 4938 quam
1419 4883 1556 4922 alus
1605 4883 2034 4938 praeterendam

366 4944 548 5020 putet,
585 4957 702 5020 non
740 4940 918 5020 addit.
953 4939 1169 4992 Verum
1212 4939 1314 5018 lib.
1350 4939 1507 5020 InlJe
1557 4939 1774 5020 Trinit.
1815 4957 1942 5020 cap.
1976 4942 2030 5020 6,

365 5010 427 5066 in
459 5011 736 5066 omnibus
767 5014 866 5063 aut
894 5024 1042 5080 pene
1072 5010 1348 5063 omniaus
1379 5010 1605 5064 Graacis
1639 5010 1946 5067 codicibus
1978 5019 2038 5068 et

366 5083 640 5155 pluribus
661 5082 884 5155 Latinis
909 5081 1795 5155 observatscriptum,Spiritui
1824 5085 1927 5137 Dei
1955 5099 1967 5138 :
2008 5104 2030 5135 ι

367 5151 526 5227 quod
586 5157 780 5207 autem
833 5153 892 5206 in
941 5151 1312 5227 quibusdam,
1354 5153 1698 5227 reperiatur,
1737 5176 1759 5201 α
1815 5156 2036 5224 Spiritu

369 5223 514 5294 Deo,
543 5247 566 5272 ι»
594 5239 856 5279 errorem
878 5238 1036 5277 esse.
1061 5224 1208 5276 Cum
1223 5225 1417 5277 autem
1439 5223 1612 5294 paulo
1633 5229 1766 5280 aute
1790 5223 2034 5281 Ambro-

369 5298 526 5352 sium
558 5311 676 5370 non
707 5295 963 5350 obscure
1012 5294 1416 5370 designaverit
1461 5297 1638 5366 (quod
1690 5297 2038 5370 intelligitur

368 5385 486 5425 non
522 5367 715 5422 solum
747 5383 822 5422 ex
851 5383 923 5422 eo
979 5368 1136 5436 quod
1169 5367 1280 5420 hos
1337 5367 1522 5420 libros
1574 5374 1804 5422 constat
1848 5367 2036 5424 lectos

370 5455 510 5496 esse
541 5441 614 5494 ab
649 5439 858 5494 eodem
892 5440 1247 5509 Augustino,
1281 5439 1388 5492 sed
1420 5439 1594 5493 etiam
1642 5441 1800 5510 quod
1833 5442 2038 5496 eadem

370 5511 532 5589 Pauli
571 5516 746 5589 atque
781 5511 1038 5589 Matthaai
1061 5511 1594 5589 _test_imonia,__quae
1636 5509 1736 5589 hic
1764 5514 2036 5589 citantur,

369 5581 701 5655 allegantur
719 5597 956 5654 quoque
981 5582 1040 5655 in
1059 5581 1292 5636 laudato
1315 5581 1623 5655 capitejlib.
1647 5597 1665 5634 ι
1687 5581 1775 5655 De
1795 5581 2039 5646 Trinit.)

369 5651 516 5736 inde
537 5651 757 5736 collige
785 5651 1244 5736 corruptionem,
1280 5651 1458 5736 cujus
1506 5652 1792 5736 haeretici,
1837 5655 2042 5736 Ariani

373 5723 622 5797 scilicet,
642 5723 740 5781 hic
757 5727 1134 5796 accusantur,
1167 5725 1228 5778 in
1256 5738 1326 5780 eo
1355 5723 1548 5780 fuisse
1567 5724 1842 5798 positam,
1875 5726 2036 5798 quod

1749 262 1816 324 S.
1859 253 2301 326 AMBROSII.

2061 4549 2120 4616 D

3595 266 3696 334 784

2169 459 2504 532 quisaepius
2532 463 2808 532 creatur:
2831 456 2984 530 quod
2996 471 3158 532 sane
3185 455 3301 512 dici
3329 473 3431 532 non
3451 467 3616 532 potest
3643 480 3699 520 ac

2171 529 2406 604 Spiritu
2419 537 2624 604 sancto
2643 546 2656 585 :
2684 529 2894 604 quippe
2909 529 3006 600 qui
3019 534 3078 583 et
3088 534 3346 604 aiternus
3358 529 3558 604 sit.'_nec
3568 551 3700 589 mor-

2173 599 2357 674 te,aurl
2370 602 2656 674 haeretica
2669 599 2730 654 fu
2747 599 2992 674 Patrem
3006 599 3308 674 refusione
3319 601 3522 674 resolvi
3525 606 3701 674 possit.

2176 673 2339 747 Quod
2350 673 2407 726 si
2420 679 2670 747 urgeant
2679 687 2792 742 per
2804 671 2988 747 ri_caci
2993 687 3060 725 us
3075 670 3332 747 eumdem
3343 671 3510 726 locum
3522 670 3585 747 de
3600 675 3708 747 Spi-

2171 745 2231 798 ri
2237 751 2296 797 tu
2307 741 2512 798 sancto
2525 741 2814 813 scriptum
2835 743 3044 811 fuisse,
3062 741 3233 796 docet
3243 741 3712 801 recurrendum'ad

2174 815 2604 886 exposuionem
2617 813 3010 886 spiritualem:
3033 813 3332 886 Christum
3343 814 3484 868 enim
3495 815 3560 869 ad
3569 823 3712 871 ventu

2173 883 2278 940 suo
2297 888 2575 944 tonitrua.
2596 883 2660 938 id
2693 891 2806 953 est,
2829 883 3146 938 verborum
3168 883 3232 938 di
3242 885 3487 938 vinorum
3511 886 3610 939 vim
3627 886 3717 940 lir-

2174 972 2264 1037 ma
2278 957 2475 1037 visse;
2504 971 2623 1037 per
2647 954 2941 1037 Spiritum
2972 954 3489 1037 autemhhumanam
3510 957 3720 1011 animam

2175 1024 2534 1098 signiﬁcari,
2565 1024 2723 1080 sicut
2755 1031 2814 1080 et
2844 1041 3084 1098 carnem
3102 1041 3135 1098 a
3159 1024 3396 1098 Christo
3414 1035 3716 1098 susceptam.

2173 1095 2365 1170 Hidus
2380 1113 2563 1170 porro
2584 1113 2712 1170 cum
2731 1095 3010 1170 quaelibet
3035 1096 3349 1170 Trinitatis
3353 1095 3588 1170 persona
3609 1113 3723 1170 vere

2177 1167 2572 1237 sit'creatrix,
2599 1167 3060 1222 inde’astruitur
3081 1167 3370 1238 Spiritum
3383 1167 3639 1222 similiter
3655 1168 3725 1222 in-

2181 1239 2552 1294 carnationis
2607 1238 2847 1293 Domini
2893 1246 3193 1293 auctorem
3259 1253 3388 1292 esse
3432 1239 3520 1310 qui
3564 1254 3730 1294 rerum

2181 1310 2437 1366 omnium
2470 1316 2712 1364 creator
2729 1311 2857 1381 jam
2891 1317 3029 1363 ante
3061 1317 3332 1364 assertus
3361 1317 3467 1364 est.

2181 1398 2269 1454 48.
2303 1397 2500 1468 (Alias
2533 1413 2659 1468 cap.
2694 1397 2836 1467 VII).
2871 1397 2997 1453 Nec
3029 1413 3120 1452 me
3153 1398 3410 1468 praeterit
3452 1396 3726 1454 haareticos

2111 1488 2413 1560 objectare
2433 1487 2826 1542 consuevisse
2854 1485 2988 1541 ideo
3005 1485 3196 1547 videri
3223 1489 3476 1542 creatum
3494 1485 3738 1556 Spiritum

2112 1581 2406 1646 sanctum,
2469 1576 2606 1648 quia
2657 1575 2926 1647 plerique
2975 1591 3182 1631 eorum
3241 1575 3314 1630 ad
3371 1578 3738 1647 argumentum

2111 1665 2452 1721 astruendaa
2503 1681 2630 1720 sua
2663 1665 2980 1734 impietatis
3038 1663 3382 1719 adsciscunt
3429 1663 3584 1733 illud,
3609 1663 3742 1734 quod

2115 1757 2298 1810 Amos
2329 1755 2400 1808 de
2432 1753 2571 1808 ﬂatu
2601 1757 2912 1808 ventorum
2959 1753 3196 1808 locutus
3230 1757 3340 1820 est,
3375 1756 3435 1807 ut
3479 1753 3599 1820 ipse
3625 1766 3743 1822 pro-

2115 1843 2387 1916 pheticus
2420 1859 2618 1898 sermo
2651 1842 2929 1898 declarat.
2965 1842 3064 1898 Sic
3105 1842 3266 1896 enim
3298 1841 3516 1896 habes:
3564 1861 3587 1891 ι
3618 1839 3748 1894 Ecce

2116 1949 2230 2005 ego
2263 1933 2505 1986 firmans
2536 1931 2880 2001 tonitruum,
2913 1935 2972 1986 et
3003 1947 3216 1986 creans
3249 1931 3536 2002 spiritum,
3557 1933 3610 1984 et
3623 1944 3747 1983 nun-

2117 2023 2272 2077 tians
2304 2023 2366 2075 in
2396 2021 2668 2076 homines
2699 2019 2998 2076 Christum
3033 2036 3230 2091 suum,
3266 2019 3490 2074 faciens
3515 2018 3687 2073 lucem
3704 2019 3753 2072 et

2118 2111 2412 2180 nebulam,
2449 2114 2507 2166 et
2547 2111 2882 2165 ascendens
2939 2125 3123 2180 super
3178 2109 3441 2178 excelsa,
3502 2107 3754 2162 Dominus

2119 2200 2281 2255 Deus
2311 2201 2686 2270 omnipotens
2716 2215 2929 2254 nomen
2963 2202 3056 2254 est
3085 2199 3141 2254 ei
3172 2200 3384 2268 (Amos
3416 2213 3493 2267 iv,
3525 2194 3625 2266 13).
3657 2217 3678 2244 ι

2193 2287 2283 2343 49.
2308 2289 2372 2344 Si
2407 2288 2546 2343 hinc
2591 2287 2814 2343 faciunt
2859 2289 3274 2360 quaestionem,
3323 2273 3482 2358 quod
3529 2288 3759 2340 creatum

2121 2377 2404 2449 Spiritum
2433 2377 2597 2442 dixit,
2655 2377 2792 2448 quia
2841 2380 3078 2432 creatur
3119 2376 3378 2447 Spiritus
3427 2373 3638 2429 Esdras
3665 2385 3761 2426 nos

2123 2467 2342 2535 docuit,
2377 2466 2584 2520 dicens
2635 2465 2695 2520 in
2743 2473 2954 2538 quarto
3003 2465 3155 2521 libro
3205 2465 3356 2536 (43):
3425 2486 3446 2510 α
3482 2462 3550 2517 Et
3591 2462 3646 2516 in
3687 2459 3766 2514 die

2125 2555 2390 2611 secundo
2434 2555 2648 2609 iterum
2694 2555 2912 2609 creasti
2964 2554 3237 2625 spiritum
3293 2549 3635 2608 firmamenti
3675 2545 3772 2619 (IV

2125 2645 2416 2713 Esdr.vi,
2449 2643 2580 2713 4t);
2622 2666 2642 2690 ι»
2677 2647 2870 2698 tamen
2918 2645 2980 2698 ut
3024 2641 3354 2714 propositis
3402 2641 3770 2695 inhaereamus

2128 2733 2240 2802 (44)
2271 2733 2366 2787 his
2395 2733 2670 2786 videlicet
2700 2747 2834 2802 quae
2861 2733 3047 2786 Amos
3079 2731 3248 2802 dixit,
3275 2745 3474 2786 nonne
3497 2728 3772 2784 evidenter

2129 2822 2418 2877 dictorum
2447 2819 2796 2875 testiﬁcatur
2825 2821 3017 2876 series
3039 2821 3112 2876 de
3134 2821 3317 2876 istius
3349 2823 3615 2876 creatura
3632 2829 3775 2870 mun-

2128 2911 2186 2966 di
2216 2911 2477 2966 locutum
2499 2909 2845 2980 prophetam
2863 2912 2892 2966 ?

2199 3001 2288 3056 50.
2341 2999 2606 3070 Denique
2638 3001 2714 3054 ita
2745 3001 2959 3070 cmpit:
3011 3020 3033 3050 ι
3067 2997 3197 3072 Ego
3231 2995 3528 3056 Dominus
3561 2995 3780 3052 ﬁrmans

2128 3089 2470 3159 tonitruum,
2490 3093 2547 3144 et
2569 3103 2781 3144 creans
2798 3088 3092 3159 spiritum.
3113 3088 3252 3160 Ipse
3275 3089 3425 3144 ordo
3443 3102 3556 3142 nos
3577 3085 3780 3151 doceat,

2049 3183 2106 3255 α
2133 3195 2265 3233 nam
2294 3179 2349 3233 si
2377 3177 2450 3232 de
2481 3177 2704 3248 Spiritu
2733 3181 2941 3232 sancto
2981 3177 3183 3232 dicere
3213 3177 3539 3248 voluisset,
3585 3187 3697 3230 non
3723 3170 3784 3226 de

2131 3267 2384 3324 tonitrus
2404 3267 2606 3338 utique
2622 3267 3036 3337 praemisisset.
3062 3266 3275 3338 Neque
3293 3266 3458 3322 enim
3477 3263 3784 3335 antiquiora

2131 3359 2386 3412 tonitrua
2416 3360 2554 3410 sunt
2582 3371 2757 3426 quam
2788 3356 3043 3426 Spiritus
3074 3359 3327 3411 sanctus
3353 3371 3368 3412 :
3403 3352 3674 3428 quamvis
3693 3350 3785 3404 im-

2133 3446 2213 3519 pii
2244 3447 2384 3515 sint,
2416 3448 2610 3500 tamen
2641 3444 2700 3499 id
2730 3459 2848 3500 non
2876 3444 3092 3500 audent
3141 3444 3371 3500 dicere.
3427 3441 3648 3498 Deinde
3675 3452 3791 3494 cum

2135 3534 2472 3606 subjectum
2489 3534 2796 3589 videamus
2818 3549 2959 3589 esse
2989 3533 3062 3588 de
3093 3533 3229 3589 luce
3251 3537 3314 3588 et
3342 3531 3585 3600 nebula,
3618 3539 3792 3584 nonne

2134 3623 2514 3679 manifestum
2544 3625 2637 3678 est
2694 3623 2854 3696 quod
2882 3623 2955 3678 de
3012 3626 3288 3678 creatura
3333 3622 3543 3678 mundi
3601 3619 3797 3674 dictum

2137 3713 2586 3786 intelligendum
2631 3713 2758 3767 sit?
2816 3711 2961 3768 Cum
2991 3713 3150 3767 enim
3205 3713 3367 3768 ﬁunt
3423 3709 3798 3782 aliqumtem-

2136 3806 2399 3874 pestates
2429 3802 2604 3856 istius
2659 3801 2883 3871 mundi,
2915 3801 3258 3872 praecedere
3317 3802 3604 3870 tonitrua,
3652 3791 3805 3866 sequi

2137 3895 2447 3946 ventorum
2478 3891 2676 3962 flatus,
2703 3891 2916 3946 caelum
2941 3891 3178 3947 nebulis
3204 3890 3500 3964 caligare,
3525 3888 3710 3944 lucem
3729 3897 3808 3938 re-

2139 3979 2304 4036 fundi
2323 3996 2400 4036 ex
2420 3979 2707 4050 tenebris,
2730 3979 2862 4050 ipso
2881 3996 2997 4036 usu
3030 3980 3412 4052 quotidiano,
3435 3975 3809 4048 exemploque

2139 4071 2584 4142 cognoscimus.
2608 4068 2756 4124 Nam
2788 4071 2964 4125 etiam
2994 4069 3170 4125 ﬂatus
3204 4075 3534 4126 ventorum
3581 4063 3806 4137 spiritus

2139 4159 2374 4230 dicitur,
2405 4159 2562 4214 sicut
2589 4158 2875 4230 scriptum
2906 4162 3030 4215 est:
3071 4182 3093 4206 «
3130 4159 3304 4232 Ignis
3357 4162 3420 4215 et
3453 4155 3723 4230 sulphur,
3763 4150 3812 4204 et

2139 4249 2394 4320 Spiritus
2425 4248 2706 4319 procellae
2739 4247 2930 4319 (Psal.
2964 4265 3023 4316 κ,
3056 4248 3135 4318 '7).
3175 4271 3198 4296 η

2139 4389 2246 4444 pro
2275 4396 2296 4422 α
2323 4373 2564 4444 Spiritui
2602 4372 2729 4442 Dei,
2773 4396 2796 4422 »
2835 4369 3234 4444 reposuerint,
3268 4395 3294 4422 ε
3337 4369 3570 4444 Spiritu
3605 4366 3758 4424 Deo:
3791 4385 3810 4410 ι

2141 4445 2352 4500 deinde
2383 4461 2524 4500 vero
2569 4444 2893 4516 legitimam
2924 4460 3062 4500 esse
3113 4445 3446 4500 lectionem
3498 4456 3676 4515 quam
3703 4451 3814 4491 am-

2140 4517 2470 4588 plectimur.
2506 4515 2654 4572 Nam
2685 4516 2822 4570 licet
2853 4515 3022 4570 Eras.
3057 4516 3196 4570 edit.
3232 4521 3296 4571 et
3327 4531 3469 4588 seq.
3501 4527 3622 4569 non
3650 4521 3812 4588 secus

2140 4613 2209 4653 ac
2242 4613 2388 4652 mss.
2421 4597 2643 4668 aliquot
2671 4596 2914 4652 Graecas
2944 4610 3128 4651 voces
3159 4595 3240 4650 ita
3273 4587 3557 4666 efferant,
3600 4591 3651 4644 οἱ
3670 4587 3814 4668 11πῇ-

2137 4671 2396 4752 ματιΘεῷ
2419 4665 2754 4750 λατρεὐοντες,
2801 4680 2998 4731 tamen
3045 4675 3252 4747 plures
3292 4691 3454 4730 mss.
3500 4665 3561 4728 et
3593 4665 3813 4752 Amerbj

2140 4748 2540 4830 tantummodo
2599 4758 2900 4826 exhibent,
2927 4751 3542 4830 Πνύματιλατρεῦοντες.
3588 4751 3732 4818 Quin
3769 4748 3820 4800 et

2143 4830 2312 4884 Eras.
2348 4829 2476 4898 ipse
2507 4830 2564 4882 in
2597 4844 2774 4900 cujus
2813 4830 2951 4882 edit.
3004 4829 3558 4882 Ambrosianorum
3590 4831 3816 4900 operum

2141 4924 2260 4962 vox
2287 4897 2397 4978 Θεῷ
2424 4897 2689 4978 primum
2729 4908 2968 4963 inducta
3023 4912 3134 4979 est,
3196 4908 3260 4962 in
3321 4922 3442 4962 sua
3498 4909 3694 4961 tamen
3721 4897 3819 4979 ob:

2144 4969 2480 5035 servatione
2511 4982 2583 5034 ad
2614 4981 2884 5034 eumdem
2944 4969 3216 5050 Aposioli
3269 4969 3821 5050 textum_agnoscit

2141 5051 2451 5106 lectionem
2484 5058 2748 5106 nostram
2779 5048 3078 5106 Ambrosii
3111 5066 3276 5105 esse.
3316 5050 3494 5104 Hanc
3527 5048 3712 5106 ipsam
3734 5054 3818 5095 se-

2143 5124 2340 5193 quitur
2367 5123 2621 5178 Zezerus
2651 5124 2711 5176 in
2743 5123 2946 5177 eadem
2978 5122 3180 5190 verba,
3215 5125 3440 5193 etnon
3471 5118 3668 5175 solum
3689 5118 3818 5193 Am:

2141 5191 2332 5266 lirosii
2353 5201 2527 5266 atque
2548 5195 2890 5265 Augustini,
2925 5193 3032 5248 sed
3063 5195 3242 5248 etiam
3273 5192 3551 5247 Salviani
3582 5191 3819 5244 auctori-

2145 5269 2258 5319 tate
2290 5265 2572 5320 defendit.

2214 5335 2328 5405 (43)
2361 5337 2487 5391 νει.
2521 5335 2659 5408 edit.
2695 5351 2766 5390 ac
2796 5351 2943 5391 mss.
2997 5351 3182 5406 prope
3209 5335 3288 5389 ad
3347 5350 3558 5408 unum,
3595 5329 3724 5408 «Δία

2143 5401 2252 5462 bro
2276 5401 2467 5480 tertio.
2490 5431 2518 5480 in
2561 5407 2633 5462 Et
2677 5423 2823 5462 sane
2846 5401 3332 5480 quin-Ambrosii
3363 5407 3501 5462 hmc
3531 5401 3702 5480 lectio
3729 5401 3816 5464 sit:

2145 5479 2290 5560 nihil
2311 5479 2624 5560 prohibet,
2657 5495 2691 5533 a
2711 5473 2886 5560 nobis
2905 5479 3061 5560 enim
3085 5481 3144 5534 in
3164 5477 3584 5560 Admonitaad
3615 5473 3818 5560 librum

2145 5550 2233 5606 De
2249 5545 2402 5605 bona
2439 5545 2656 5604 mortis
2695 5549 3075 5606 observatum
3107 5556 3200 5604 est
3231 5551 3354 5605 hos
3385 5549 3602 5604 Esdrm
3643 5545 3817 5601 libros

2145 5621 2307 5676 varie
2339 5623 2400 5676 in
2428 5621 2610 5677 variis
2644 5623 2953 5678 codicibus
2985 5622 3305 5678 distinctos
3339 5635 3510 5681 esse.

2183 5694 2330 5821 ί
2354 5694 2500 5750 Mss.
2537 5693 2781 5767 aliquot,
2811 5717 2833 5743 ει
2876 5699 2939 5751 ut
2967 5695 3403 5770 proposuistis,
3439 5691 3728 5752 inhaerem
3789 5722 3813 5766 ο

2147 5779 2258 5823 etc.
2297 5787 2320 5816 »
