4090 6174
308 382 429 446 785

1433 384 1548 485 DE
1591 385 1933 451 SPIRITU
1977 386 2311 453 SANCTO
2358 389 2521 458 LIB.
2566 390 2647 454 ΙΙ.

3657 358 3785 461 786.

367 580 458 671 ξι.
509 581 584 637 Et
613 584 677 638 ut
707 583 903 640 scires
935 566 1072 656 quia
1130 584 1287 640 hunc
1327 586 1601 656 spiritum
1649 586 1815 657 dixit,
1850 588 1931 642 ait
1964 605 1977 643 :
2005 572 2062 637 Α
2096 592 2277 646 nitrui
2312 592 2697 665 dicebantur;
2748 597 2805 650 et
2853 611 2984 671 cum
3032 613 3153 652 vox
3185 596 3384 652 Patris
3427 596 3577 653 facta
3609 601 3777 655 esset

300 694 324 718 α
361 670 638 726 Firmans
672 674 992 728 tonitruum
1020 715 1033 740 ,
1087 678 1144 729 et
1188 690 1401 730 creans
1443 676 1753 746 spiritum;
1791 697 1813 726 ι
1850 678 1985 749 quia

300 759 649 831 frequenter
688 766 966 816 creantur
1015 764 1149 831 ista,
1202 780 1334 818 cum
1368 765 1513 818 fiunt
1546 780 1558 819 :
1591 764 1846 835 Spiritus
1875 782 1983 820 au-

300 852 416 904 tem
452 853 698 905 sanctus
718 855 980 905 aeternus
1002 855 1095 906 est
1115 867 1129 919 ;
1146 868 1327 926 quem
1352 854 1404 905 si
1424 853 1557 923 quis
1581 855 1754 908 audet
1784 855 1983 910 dicere

299 941 604 1007 creatum,
654 955 773 994 non
822 943 1017 1010 potest
1046 942 1241 995 tamen
1286 942 1484 996 dicere
1526 943 1683 1012 quod
1723 944 1983 1013 quotidie

298 1030 556 1097 creatur,
590 1028 746 1082 sicut
792 1028 975 1082 flabra
1016 1033 1347 1084 ventorum.
1400 1031 1666 1100 Denique
1710 1032 1837 1101 ipsa
1871 1032 1982 1086 Sa-

293 1115 514 1187 pientia
547 1117 874 1171 secundum
914 1120 1179 1188 suscepti
1220 1118 1412 1173 locuta
1444 1120 1840 1188 corporis(45)
1875 1136 1976 1175 sa-

296 1211 682 1275 cramentum,
717 1207 797 1261 ait
831 1221 844 1261 :
873 1228 897 1254 α
935 1207 1223 1262 Dominus
1241 1208 1464 1261 creavit
1488 1223 1577 1261 me
1604 1208 1814 1277 (Prov.
1848 1226 1972 1274 vui,

295 1293 410 1363 2‘2).
459 1314 482 1343 ι
514 1293 798 1359 Quamvis
847 1298 1095 1350 ventura
1147 1297 1559 1366 proplietaret,
1612 1300 1807 1351 tamen
1841 1299 1981 1369 quia
2044 1296 2051 1303 ’

294 1383 763 1454 prmdestinatus
824 1388 950 1438 erat
1012 1385 1244 1440 Domini
1284 1385 1609 1439 Salvatoris
1648 1385 1974 1442 adventus:

296 1472 453 1537 644
480 1489 595 1527 non
623 1473 792 1542 dixit,
827 1476 987 1528 creat
1027 1489 1138 1542 me,
1174 1474 1280 1528 sed
1313 1478 1567 1541 creavit,
1602 1490 1675 1529 ne
1708 1475 1982 1546 frequen-

298 1564 410 1630 ter,
463 1561 568 1615 sed
617 1561 804 1615 semel
854 1560 1165 1616 crederent
1211 1577 1291 1617 ex
1338 1562 1583 1635 Virgine
1617 1563 1797 1617 Maria
1831 1564 1978 1619 Jesu

296 1665 519 1720 corpus
549 1665 688 1705 8888
717 1651 1062 1722 generandu
1071 1666 1124 1704 ιιι
1134 1692 1148 1705 .

362 1739 454 1793 52.
489 1738 562 1793 Et
607 1738 723 1793 hoc
760 1739 943 1811 igitur
988 1740 1145 1810 quod
1177 1739 1338 1795 velut
1396 1741 1795 1811 quotidianam
1827 1746 2007 1811 Ope-'

287 1828 585 1884 rationem
626 1828 727 1883 Dei
758 1828 819 1882 in
852 1828 1095 1883 tonitrui
1116 1829 1508 1898 firmamento,
1543 1834 1599 1884 et
1630 1831 1688 1885 in
1719 1830 1975 1901 Spiritus

290 1917 595 1973 creatione
619 1916 907 1987 propheta
936 1917 1275 1987 declaravit,
1293 1919 1625 1991 intelligere
1658 1920 1827 1975 nefas
1852 1923 1943 1975 cst

288 2009 351 2061 ut
388 2006 464 2061 de
493 2005 715 2076 Spiritu
745 2008 951 2061 sancto
982 2007 1096 2062 tale
1118 2007 1338 2078 aliquid
1371 2009 1758 2078 aestimemus,
1792 2024 1969 2080 quem

289 2096 408 2164 ipsi
446 2094 613 2165 impii
641 2097 775 2149 ante
809 2096 1032 2150 saecula
1084 2111 1223 2150 esse
1265 2112 1487 2167 negare
1517 2113 1634 2151 non
1674 2102 1967 2168 possunt;

287 2184 449 2240 unde
479 2188 538 2239 et
574 2198 814 2253 semper
859 2200 995 2239 eum
1039 2200 1198 2254 esse,
1243 2190 1297 2239 et
1329 2201 1568 2256 semper
1597 2202 1834 2240 manere
1873 2186 1968 2256 pia

288 2275 627 2330 assertione
656 2277 961 2329 testamur.
984 2274 1191 2345 Neque
1222 2275 1377 2328 enim
1400 2275 1500 2345 qui
1522 2278 1654 2328 ante
1685 2275 1968 2329 mundum

286 2363 779 2435 superferebatur
815 2379 999 2433 super
1028 2378 1213 2434 aquas
1246 2363 1422 2432 (Gen.
1463 2381 1502 2433 ι,
1538 2364 1612 2431 ‘2),
1655 2366 1850 2434 potest
1876 2365 1968 2417 vi-

290 2453 419 2509 deri
461 2453 720 2524 ccepisse
752 2455 890 2523 post
919 2453 1202 2506 mundum
1234 2468 1247 2506 :
1280 2455 1379 2506 aut
1410 2452 1628 2506 multos
1658 2468 1798 2507 esse
1831 2453 1969 2523 Spi-
2074 2466 2083 2517 ς

287 2542 441 2598 ritus
472 2544 716 2596 sanctos
738 2540 1022 2596 aestimari
1044 2539 1136 2595 fas
1158 2543 1270 2607 est,
1296 2541 1395 2611 qui
1417 2541 1596 2595 veluti
1623 2541 1960 2612 quotidiana

285 2630 672 2705 generatione
704 2633 1083 2703 generentur.
1118 2630 1292 2685 Absit
1334 2634 1395 2683 ut
1427 2646 1493 2683 se
1524 2630 1839 2700 quisquam
1868 2629 1970 2685 tali

286 2721 586 2792 impietate
653 2720 1046 2788 contaminet;
1079 2722 1139 2773 ut
1170 2719 1327 2773 dicat
1384 2719 1724 2789 frequenter
1754 2719 1964 2787 creari,

284 2814 385 2864 aut
416 2824 677 2880 unquam
726 2809 916 2863 creari
960 2808 1244 2878 Spiritum
1308 2810 1599 2861 sanctum.
1654 2806 1773 2860 Cur
1812 2808 1966 2861 enim

288 2899 636 2970 frequenter
664 2899 853 2953 creari
871 2897 1159 2965 videatur,
1193 2913 1310 2951 non
1340 2897 1606 2968 intelligo
1631 2912 1646 2964 ;
1678 2897 1792 2950 nisi
1818 2896 1967 2952 forte

285 2992 344 3043 et
374 2988 672 3043 morieum
706 2987 947 3041 credant
977 2986 1341 3058 frequenter,
1363 2989 1419 3039 et
1442 2986 1782 3049 frequenter
1804 3001 1967 3040 creao

284 3077 357 3133 ri.
395 3077 516 3134 Sed
548 3076 1044 3149 quemadmodum
1075 3076 1223 3130 mori
1254 3079 1449 3145 potest
1486 3074 1753 3145 Spiritus
1782 3075 1967 3130 vitae?

282 3165 449 3239 Ergo
479 3166 534 3221 si
567 3166 716 3220 mori
745 3181 865 3220 non
914 3167 1145 3236 potest,
1204 3179 1445 3219 causam
1487 3180 1605 3219 non
1645 3163 1821 3218 habet
1859 3180 1967 3220 cur

284 3257 516 3326 sapius
555 3254 634 3309 sit
664 3254 980 3309 creandus.

350 3343 447 3412 53,
480 3344 557 3398 At
593 3344 696 3416 qui
722 3344 894 3398 aliter
921 3346 1125 3413 putant
1148 3341 1282 3413 (46),
1318 3343 1376 3397 in
1407 3342 1548 3397 illud
1581 3342 1965 3414 sacrilegium

275 3433 589 3503 recidunt,
651 3436 714 3487 ut
760 3448 878 3487 non
919 3432 1287 3504 distinguant
1336 3432 1621 3502 Spiritum
1652 3435 1962 3501 sanctum,

275 3524 383 3596 qui
412 3521 767 3593 prolativum
800 3521 1060 3577 Verbum
1103 3521 1217 3591 (47)
1267 3524 1469 3592 putant
1498 3521 1558 3574 in
1601 3520 1831 3574 Patrem
1863 3534 1961 3575 re-

275 3611 449 3680 dire,
507 3610 861 3681 prolativum
912 3609 1194 3680 Spiritum
1238 3611 1295 3664 in
1348 3610 1532 3664 Deum
1587 3609 1858 3679 refundi;
1903 3611 1963 3664 ut

275 3701 463 3764 unius
507 3699 736 3756 refusio
770 3700 866 3769 sit,
900 3703 957 3753 et
986 3700 1258 3771 quaadam
1281 3698 1635 3753 vicissitudo
1668 3699 1729 3752 in
1760 3698 1960 3753 varias

273 3790 507 3846 formas
541 3804 609 3844 se
649 3804 812 3860 saepe
844 3790 1168 3857 mutantis;
1220 3804 1354 3843 cum
1399 3787 1599 3842 Patris
1629 3790 1687 3842 et
1718 3787 1850 3841 Filii
1905 3791 1963 3841 et

274 3878 541 3951 Spiritus
574 3879 768 3933 sancti
788 3892 1034 3932 manens
1056 3893 1294 3948 semper
1315 3876 1816 3948 immutabilisque
1840 3876 1961 3931 dis-

271 3968 506 4037 tinctio,
540 3968 822 4022 unitatem
850 3983 978 4021 suae
1006 3970 1202 4021 teneat
1230 3966 1560 4037 potestatis.

349 4056 444 4111 54.
477 4055 540 4111 Si
570 4054 706 4127 quis
736 4058 932 4109 tamen
954 4055 1363 4125 propheticum
1387 4055 1605 4108 dictum
1635 4054 1768 4108 ideo
1799 4053 1959 4108 deri-

270 4144 536 4199 vandum
566 4148 728 4215 putat
758 4144 831 4198 ad
872 4144 1418 4214 interpretationem
1450 4142 1707 4213 Spiritus
1743 4143 1955 4212 sancti,

271 4234 417 4307 quia
448 4232 671 4288 habet:
713 4254 734 4282 α
770 4232 1146 4287 Annuntians
1211 4234 1272 4285 in
1326 4231 1597 4286 homines
1655 4230 1957 4285 Christum

272 4338 453 4378 suum
485 4322 693 4379 (Amos
720 4338 798 4391 iv,
842 4319 968 4392 15);
1018 4321 1070 4375 is
1106 4321 1178 4374 ad
1231 4320 1655 4374 incarnationis
1696 4319 1957 4373 Domini-

274 4428 364 4468 (ιω
404 4411 752 4483 mysterium
789 4410 1005 4465 dictum
1037 4409 1273 4464 facilius
1298 4408 1608 4463 derivabit.
1643 4408 1791 4462 Nam
1823 4408 1876 4461 si
1898 4411 1954 4462 te

273 4505 478 4557 movet
510 4502 645 4572 quia
681 4501 955 4570 spiritum
1004 4499 1174 4567 dixit,
1215 4502 1271 4552 et
1302 4498 1433 4553 ideo
1464 4513 1582 4551 non
1621 4497 1733 4552 hoc
1783 4500 1953 4568 putas

272 4590 665 4647 derivandum
696 4589 769 4643 ad
802 4589 1144 4660 mysterium
1176 4587 1605 4657 nssumptionis
1644 4586 1952 4657 humanae;

2096 680 2349 736 dicentis
2381 684 2453 736 ad
2489 683 2702 738 Filium
2728 700 2741 740 :
2771 707 2793 734 «
2821 671 3325 755 Ειίδιιοιιοιτίἢυενί,
3352 691 3408 742 et
3437 687 3648 743 iterum
3666 687 3772 743 ho-

2094 770 2419 826 norificabo
2450 772 2638 835 (Joan.
2673 791 2775 842 xu,
2810 773 2920 844 28),
2952 797 2973 822 υ
3009 775 3197 829 Judaei
3231 776 3548 847 dicebunt;
3592 800 3613 825 ιι
3659 777 3772 833 To-

2093 860 2349 913 nitruum
2374 860 2589 915 factum
2621 867 2713 917 est
2742 863 2825 917 illi
2868 863 3044 932 (Ibid.
3070 864 3181 934 29).
3222 888 3243 911 η
3280 865 3429 919 Nam
3461 865 3598 921 licet
3628 882 3770 939 gra-

2092 948 2230 1002 tiam
2259 949 2525 1005 veritatis
2576 951 2813 1007 baurire
2846 968 2964 1006 non
2995 956 3265 1023 possent,
3300 957 3493 1008 tamen
3520 955 3768 1011 conﬁte-

2091 1036 2306 1092 bantur
2334 1039 2520 1108 inviti,
2556 1042 2612 1094 et
2640 1041 2831 1112 ignari
2855 1043 3197 1112 mysterium
3221 1042 3617 1113 loquebantur
3654 1064 3665 1076 ’
3695 1059 3766 1100 eo

2089 1127 2246 1197 quod
2290 1143 2567 1199 magnum
2602 1129 2791 1183 Patris
2823 1131 2894 1184 de
2928 1130 3076 1185 Filio
3123 1131 3524 1186 testimonium
3564 1132 3763 1187 resul-

2087 1214 2265 1270 tabat.
2299 1216 2364 1271 In
2393 1217 2506 1272 Job
2538 1233 2774 1290 quoque
2805 1220 2958 1274 libro
2989 1220 3294 1290 Scriptura
3327 1220 3472 1275 dicit
3503 1238 3515 1275 :
3571 1244 3595 1268 «ε
3631 1222 3766 1277 Fir-

2087 1309 2442 1361 mamentum
2475 1323 2712 1378 quoque
2749 1309 2990 1363 tonitrui
3021 1310 3112 1363 sui
3161 1310 3273 1363 scit
3312 1310 3547 1380 quando
3590 1309 3767 1365 faciet

2089 1393 2244 1463 (Job.
2278 1412 2442 1465 xxvx,
2474 1394 2612 1458 14)?
2652 1418 2675 1445 ι
2714 1397 2929 1468 Utique
2960 1398 3011 1451 si
3045 1399 3116 1452 ad
3147 1398 3276 1452 haec
3306 1399 3765 1455 commotionum

2090 1483 2422 1539 caelestium
2448 1486 2704 1540 tonitrua
2748 1487 3129 1558 pertinerent,
3182 1503 3301 1543 non
3331 1487 3526 1543 futura
3556 1503 3763 1545 eorum

2086 1571 2475 1645 firmamenta,
2510 1574 2619 1630 sed
2650 1574 2805 1630 facta
2843 1576 3117 1632 dixisset.

2153 1679 2243 1734 56.
2277 1679 2437 1753 Ergo
2486 1682 2742 1737 tonitrua
2801 1683 2875 1737 ad
2904 1698 3217 1737 sermones
3258 1682 3491 1738 Domini
3523 1683 3760 1755 retulit,

2081 1784 2333 1841 quorum
2364 1771 2424 1824 in
2456 1786 2689 1825 omnem
2720 1773 2937 1826 terram
2995 1772 3178 1827 exivit
3215 1787 3404 1827 sonus
3440 1787 3452 1828 :
3488 1773 3762 1844 spiritum

2081 1862 2276 1914 autem
2309 1859 2423 1914 hoc
2457 1859 2590 1914 loco
2620 1860 2897 1930 animam,
2929 1876 3106 1932 quam
3140 1862 3410 1932 suscepit
3438 1862 3762 1918 rationabi-

1948 1961 1963 1990 ν
2001 1951 2052 2014 Β
2080 1948 2195 2003 lem
2228 1952 2404 2020 atque
2435 1948 2776 2020 perfectam,
2809 1950 3236 2022 intelligimus;
3281 1952 3422 2023 quia
3452 1951 3756 2023 Scriptura

2080 2036 2423 2109 frequenter
2453 2041 2509 2092 et
2539 2039 2792 2093 animam
2824 2039 3084 2095 hominis
3118 2040 3264 2104 645
3295 2040 3542 2110 spiritus
3574 2057 3757 2097 voca-

2077 2127 2218 2182 bulo
2251 2128 2545 2199 designat,
2588 2129 2745 2182 sicut
2791 2128 2979 2183 habes
3014 2146 3026 2183 :
3064 2149 3090 2179 α
3133 2128 3243 2193 Qui
3294 2132 3454 2183 creat
3482 2129 3757 2199 spiritum

2077 2216 2336 2271 hominis
2374 2216 2434 2270 in
2464 2216 2597 2286 ipso
2628 2216 2832 2287 (Zach.
2864 2234 2966 2286 χιι,
3001 2217 3077 2272 1).
3116 2237 3139 2268 ι
3168 2218 3337 2272 Unde
3376 2222 3434 2271 et
3465 2218 3754 2273 Dominus

2074 2306 2328 2360 animam
2349 2320 2519 2360 suam
2550 2305 2800 2376 spiritus
2835 2306 3225 2376 appellatione
3248 2306 3600 2378 significans
3630 2306 3711 2361 ait
3736 2322 3749 2363 :

2079 2418 2101 2467 ᾳ
2146 2395 2213 2449 tu
2234 2411 2457 2466 ⁸ιηίιιιιιιε
2491 2399 2622 2449 tuas
2665 2395 3004 2451 commendo
3039 2395 3323 2467 spiritum
3355 2411 3551 2451 meum
3581 2396 3746 2468 (Luc.

2074 2503 2240 2556 XXIII,
2271 2485 2383 2554 46}.
2425 2504 2449 2535 ι

2143 2593 2231 2648 5'7.
2268 2591 2337 2647 Et
2361 2594 2425 2646 ut
2454 2591 2646 2646 scires
2679 2591 2817 2662 quia
2834 2590 2905 2646 de
2928 2590 3074 2646 Jesu
3093 2590 3325 2646 Domini
3349 2591 3749 2647 descensione

2072 2681 2439 2750 memoravit,
2472 2680 2693 2734 addidit
2715 2680 2869 2751 quod
2889 2681 3184 2735 nuntiaret
3204 2679 3263 2735 in
3284 2680 3558 2735 homines
3580 2679 3749 2735 Chri-

2072 2776 2229 2827 stum
2260 2786 2432 2825 suum
2466 2770 2671 2838 (Amos
2700 2786 2780 2839 ix,
2808 2769 2930 2839 13);
2963 2770 3329 2825 annuntiavit
3345 2770 3502 2824 enim
3526 2770 3585 2824 in
3613 2769 3756 2840 bap-

2072 2863 2325 2928 tismate,
2361 2859 2613 2914 dicens:
2665 2879 2688 2909 α
2736 2858 2824 2913 Tu
2863 2874 2930 2913 es
2964 2859 3149 2914 Filius
3199 2874 3368 2914 meus
3425 2858 3746 2914 dilectissi-

2070 2966 2222 3016 mus,
2259 2951 2319 3003 in
2357 2965 2474 3021 quo
2496 2948 2647 3003 bene
2680 2948 3005 3018 complacui
3036 2947 3276 3018 (Matth.
3310 2965 3393 3015 ιιι,
3420 2947 3530 3018 17).
3570 2969 3592 2998 ι
3619 2948 3744 3003 An-

2070 3039 2358 3094 nuntiavit
2391 3038 2450 3091 in
2482 3039 2699 3104 monte,
2725 3037 2931 3092 dicens
2974 3052 2986 3092 :
3026 3059 3047 3086 α
3094 3037 3204 3090 Hic
3235 3040 3327 3092 est
3356 3037 3543 3092 Filius
3573 3053 3743 3093 meus

2070 3130 2345 3195 dilectus,
2387 3127 2583 3197 ipsum
2606 3126 2800 3181 audite
2831 3126 3070 3196 (Matth.
3095 3143 3239 3196 xvn,
3272 3128 3347 3198 5).
3385 3150 3407 3176 ι»
3428 3128 3745 3182 Annuntia-

2069 3219 2151 3272 vit
2179 3219 2241 3272 in
2280 3217 2584 3288 passione,
2619 3231 2752 3270 cum
2785 3215 2876 3270 sol
2924 3216 3199 3282 recessit,
3231 3216 3415 3270 maria
3448 3218 3742 3287 terraeque

1995 3308 2473 3378 Ctremuerunt;
2513 3304 2881 3360 annuntiavit
2938 3304 2999 3358 in
3049 3304 3415 3375 centurione,
3463 3305 3561 3376 qui
3602 3306 3683 3361 ait
3723 3321 3737 3361 :

2073 3419 2095 3446 ι
2128 3397 2279 3451 Vere
2322 3396 2426 3450 Dei
2458 3394 2647 3449 Filius
2693 3396 2819 3448 erat
2858 3393 2971 3448 iste
3004 3392 3242 3462 (Matth.
3277 3410 3462 3463 xxvn,
3491 3393 3605 3464 34).
3643 3415 3664 3443 υ

2137 3501 2226 3559 38.
2262 3502 2471 3557 Totum
2514 3502 2696 3573 igitur
2722 3500 2881 3555 hunc
2928 3500 3123 3555 locum
3155 3502 3254 3554 aut
3304 3500 3375 3555 ad
3410 3500 3739 3571 simplicem

2068 3592 2428 3647 intellectum
2461 3592 2637 3645 istius
2666 3590 2840 3644 flatus
2887 3589 2985 3661 qui
3018 3590 3273 3644 vivendo
3321 3589 3607 3659 hauritur,
3641 3593 3740 3645 aut

2068 3682 2140 3735 ad
2162 3681 2507 3751 mysterium
2541 3679 2829 3734 Dominici
2863 3679 3132 3748 corporis
3165 3678 3389 3733 referre
3409 3678 3735 3749 debemus;

2066 3787 2200 3825 nam
2258 3770 2311 3823 si
2366 3769 2462 3823 hic
2512 3771 2772 3823 creatum
2816 3768 3070 3822 dixisset
3127 3768 3411 3839 Spiritum
3439 3772 3732 3839 sanctum,

2066 3860 2268 3931 utique
2299 3861 2357 3913 et
2386 3858 2525 3912 alibi
2556 3857 2711 3912 idem
2750 3858 3053 3928 Scriptura
3091 3857 3395 3913 declarare
3415 3859 3727 3929 potuisset,

2065 3949 2222 4003 sicut
2250 3948 2322 4002 de
2362 3945 2510 4001 Filio
2545 3947 2648 4001 Dei
2671 3945 3013 4018 frequenter
3044 3946 3302 4018 legimus
3333 3948 3471 4018 quia
3512 3963 3736 4003 secun-

2067 4037 2207 4092 dum
2239 4051 2479 4091 carnem
2526 4038 2583 4089 et
2619 4035 2812 4090 factus
2844 4038 2937 4090 est
2974 4039 3031 4090 et
3060 4039 3297 4091 creatus
3329 4036 3518 4107 (Rom.
3569 4036 3621 4106 1,
3656 4035 3731 4108 3).

2134 4142 2228 4199 39.
2288 4142 2478 4215 Cujus
2522 4146 2719 4198 tamen
2759 4143 3126 4214 majestatem
3160 4143 3218 4197 in
3276 4159 3345 4198 eo
3387 4143 3518 4214 ipso
3575 4144 3734 4214 quod

2065 4249 2304 4288 carnem
2333 4249 2441 4303 pro
2464 4232 2639 4287 nobis
2672 4233 2957 4301 suscepit,
3012 4232 3393 4287 considerare
3441 4247 3553 4287 nos
3593 4248 3735 4287 con-

2064 4323 2263 4391 venit;
2304 4324 2367 4376 ut
2405 4321 2662 4375 divinam
2699 4321 3017 4390 potentiam
3061 4321 3120 4374 in
3169 4321 3280 4374 ista
3331 4320 3600 4390 corporis
3630 4336 3734 4373 as-

2064 4413 2398 4481 sumptione
2428 4410 2736 4464 videamus
2777 4408 2978 4481 [Alias
3010 4426 3136 4479 cap.
3170 4409 3340 4479 Vlll.]
3374 4409 3605 4461 Etenim
3645 4409 3731 4461 si-

2064 4505 2161 4555 cut
2190 4501 2446 4572 legimus
2477 4500 2615 4570 quia
2656 4500 2876 4552 creavit
2909 4499 3079 4551 Pater
3112 4498 3431 4550 Dominicm
3463 4496 3731 4549 incarna-

2062 4591 2243 4645 tionis
2276 4592 2731 4654 sacramentum,
2766 4587 2988 4640 creavit
3028 4590 3082 4640 ct
3112 4586 3407 4655 Spiritus;
3441 4585 3518 4638 ita
3557 4585 3731 4639 etiam

272 4694 651 4751 prosequere
701 4677 1068 4748 Scripturas,
1128 4681 1185 4730 et
1237 4677 1508 4731 invenies
1551 4676 1766 4746 optime
1807 4691 1952 4730 con-
1988 4679 2319 4751 Dlegimus
2349 4678 2505 4749 quod
2538 4680 2594 4731 et
2630 4677 2759 4746 ipse
2789 4675 3063 4730 Christus
3104 4690 3276 4728 suum
3317 4688 3535 4743 corpus
3569 4689 3732 4728 crea-

272 4784 497 4842 gruere
529 4767 602 4821 de
630 4766 889 4835 Christo,
922 4766 994 4820 de
1024 4781 1140 4837 quo
1183 4765 1334 4819 bene
1365 4764 1642 4819 convenit
1670 4763 1954 4818 aestimari

273 4858 415 4931 quia
446 4856 702 4911 firmavit
731 4855 987 4911 tonitrua
1014 4854 1267 4909 adventu
1297 4869 1428 4922 suo,
1452 4853 1571 4907 vim
1593 4852 1867 4907 videlicet
1897 4855 1954 4906 et

274 4962 494 5002 sonum
514 4945 845 5000 ccelestium
870 4944 1329 5014 Scripturarum,
1354 4958 1601 5013 quarum
1618 4941 1777 4995 velut
1800 4957 1950 5013 quo-

273 5036 411 5090 dam
438 5035 698 5090 tonitruo
730 5036 958 5088 mentes
991 5036 1212 5087 nostra)
1246 5017 1865 5097 reddunturattonitae,
1891 5033 1953 5083 ut

274 5125 484 5180 timere
519 5123 843 5191 discamus,
888 5127 945 5177 ct
985 5121 1375 5177 reverentiam
1409 5120 1754 5176 coelestibus
1784 5119 1951 5174 defe-

274 5229 481 5269 ramus
514 5212 793 5268 oraculis.

344 5304 435 5359 55.
471 5302 739 5374 Denique
771 5302 831 5355 in
860 5299 1184 5373 Evangelio
1214 5298 1428 5354 fratres
1456 5298 1691 5353 Domini
1721 5297 1826 5353 ﬁlii
1856 5299 1949 5353 to-

347 5430 461 5499 (45)
500 5427 685 5483 Iidem
716 5442 888 5496 mss.,
929 5449 950 5473 α
1007 5424 1373 5496 suscipiendi
1420 5424 1614 5479 locuta
1646 5424 1946 5494 corporis,

275 5504 459 5640 eu(3:16).)
490 5569 773 5625 Nonnulli
809 5584 981 5637 mss.,
1020 5590 1042 5618 α
1083 5568 1156 5622 At

369 5575 459 5640 46)
490 5575 773 5625 Nonnulli
809 5584 981 5637 mss.,
1020 5590 1042 5618 α
1083 5575 1156 5622 At
1194 5575 1294 5638 qui
1318 5575 1511 5621 taliter
1549 5575 1770 5636 putant.
1817 5589 1838 5614 η

345 5575 460 5713 ἔῃ)
515 5641 599 5697 De
640 5642 750 5695 hac
782 5640 962 5694 Verbi
994 5641 1051 5694 in
1088 5640 1324 5713 Patrem
1352 5638 1657 5713 refusione
1685 5637 1953 5713 nonnihil

273 5728 310 5767 a
338 5709 516 5769 nobis
556 5713 938 5768 observatum
970 5714 1061 5766 est
1099 5712 1170 5764 ad
1204 5726 1331 5780 cap.
1388 5710 1453 5764 13
1486 5710 1585 5764 lib.
1620 5726 1657 5761 v
1690 5709 1777 5763 De
1800 5709 1949 5776 fide,

273 5799 435 5840 num.
470 5785 595 5840 162.
631 5784 745 5839 Hic
776 5786 970 5838 autem
1003 5783 1144 5837 illud
1168 5782 1641 5849 admonebimus,
1666 5797 1798 5852 qua
1831 5784 1950 5836 toto

270 5854 387 5912 hoc
408 5856 600 5930 capite
628 5855 705 5912 ad
733 5854 1039 5929 objectum
1059 5868 1135 5910 ex
1154 5854 1336 5915 Amos
1358 5852 1553 5912 locum
1584 5852 1949 5929 responden-

1194 5568 1294 5638 qui
1318 5567 1511 5621 taliter
1549 5568 1770 5636 putant.
1817 5589 1838 5614 ιτ

2060 4771 2180 4838 vit;
2210 4768 2431 4822 creavit
2469 4767 2623 4820 enim
2653 4766 2847 4831 Pater,
2901 4764 3228 4817 secundum
3258 4764 3414 4834 quod
3445 4764 3732 4835 scriptum

2061 4862 2153 4912 est
2185 4873 2197 4911 :
2239 4879 2260 4904 α
2301 4856 2585 4910 Dominus
2618 4854 2839 4908 creavit
2888 4868 2979 4907 me
3011 4853 3224 4921 (Prov.
3276 4870 3398 4922 vm,
3449 4854 3577 4923 22);
3614 4875 3636 4904 ι
3673 4858 3732 4909 et

2059 4946 2197 5000 alibi
2234 4962 2246 5000 :
2286 4966 2306 4995 α
2333 4945 2494 4998 Misit
2517 4944 2677 4998 Deus
2705 4942 2919 4998 F'ilium
2944 4958 3115 4996 suum
3136 4942 3350 4997 factum
3365 4959 3438 4997 ex
3462 4943 3728 5014 muliere,

2060 5034 2277 5088 factum
2308 5034 2420 5087 sub
2450 5033 2582 5104 lege
2615 5031 2837 5091 (Galat.
2899 5048 2978 5101 IV,
3042 5056 3063 5080 n
3101 5031 3337 5087 Creavit
3366 5036 3423 5087 et
3470 5032 3728 5104 Spiritus

2061 5123 2205 5177 illud
2236 5138 2409 5177 omne
2440 5121 2806 5192 mysterium,
2842 5121 3173 5176 secundum
3222 5122 3377 5192 quod
3430 5122 3687 5194 legimus
3713 5164 3726 5191 ,

2060 5213 2199 5284 quia
2234 5234 2255 5262 α
2300 5212 2536 5266 inventa
2567 5214 2660 5266 est
2690 5211 2872 5265 Maria
2890 5210 2951 5264 in
2973 5214 3139 5266 utero
3162 5211 3390 5266 habens
3412 5226 3488 5267 ex
3509 5211 3730 5282 Spiritu

2060 5305 2267 5357 sancto
2297 5301 2409 5372 (48)
2441 5301 2657 5355 Matth.
2694 5317 2732 5370 ι,
2766 5300 2877 5371 18).
2918 5320 2940 5351 ι

2057 5429 2171 5493 tur,
2205 5443 2237 5480 a
2270 5426 2516 5497 Didymo
2540 5441 2774 5497 quoque
2807 5425 2998 5480 fuisse
3045 5425 3358 5496 disputata,
3389 5425 3544 5479 sicut
3574 5426 3641 5497 _et
3695 5439 3730 5477 a

2060 5498 2282 5553 Basilio
2312 5495 2414 5552 lib.
2451 5515 2512 5551 ιιι
2559 5495 2878 5552 Adversus
2926 5495 3315 5557 Eunom'ium;
3372 5511 3483 5549 nec
3537 5495 3729 5548 aliena

2060 5585 2198 5624 esse
2220 5569 2293 5623 ab
2325 5568 2697 5639 expositione
2730 5568 2919 5621 sancti
2952 5567 3296 5637 Hieronymi
3338 5566 3397 5619 in
3454 5565 3727 5620 eumdem
3796 5586 3812 5602 κ

2061 5640 2296 5710 allegati
2326 5640 2629 5711 prOphetae
2662 5640 2876 5693 locum.

2130 5706 2243 5782 (48)
2278 5706 2698 5782 M'ssfaliquot,
2738 5733 2759 5756 α
2804 5711 3110 5782 natumex
3160 5706 3422 5782 muliere.
3477 5729 3500 5753 η
3540 5706 3611 5760 Ει
3639 5707 3728 5763 in-

2063 5778 2171 5855 fra,
2217 5778 2238 5829 εὶ
2276 5784 2335 5843 in
2367 5786 2534 5843 utero
2555 5778 2790 5841 habens
2823 5781 2894 5833 de
2923 5778 3143 5853 Spiritu
3177 5779 3402 5831 sancto.
