3964 6168
315 310 447 383 ’187

1836 320 1910 387 S.
1954 319 2379 391 AMBROSH

3592 344 3711 417 788:

392 513 481 607 ὃς).
517 512 717 607 Habes
745 511 891 607 quia,
914 516 1134 607 creavit
1162 518 1356 585 Pater,
1378 519 1600 576 creavit
1627 523 1685 578 et
1707 521 1989 594 Spiritus.
2015 505 2071 571 Α
2099 524 2526 599 imminuimus,
2542 528 2888 602 dignitatem
2902 530 3298 607 repudiamus,
3320 540 3698 605 consolatorem

292 656 297 663 ,
319 603 523 674 accipe
540 602 677 675 quia
699 605 921 660 creavit
941 610 997 661 et
1022 605 1208 664 Filius
1231 608 1358 677 Dei,
1383 609 1617 667 dicente
1638 610 1950 670 Salomone
1975 630 1990 671 :

326 715 349 740 ιι
382 692 680 764 Sapientia
713 691 851 749 fecit
880 694 1000 749 sibi
1039 695 1277 752 domum
1305 697 1514 767 (Prov.
1549 717 1630 771 ιι,
1670 703 1734 771 ι).
1769 724 1792 749 n
1829 701 1989 774 Ergo

319 780 575 853 Spiritus
605 785 851 839 sanctus
884 786 986 856 qui
1017 787 1240 841 creavit
1283 786 1606 845 Dominicee
1635 789 1993 847 incarnatio-

319 871 416 927 nis
448 876 903 942 sacramentum,
940 875 1096 945 quod
1118 891 1303 946 super
1323 892 1532 934 omnes
1555 881 1647 935 est
1668 883 1992 953 creaturas,

319 961 617 1034 quomodo
648 976 788 1018 esse
815 965 1013 1034 potest
1045 967 1315 1021 creatura
1342 967 1373 1022 ?

390 1085 480 1141 61.
503 1086 589 1142 De
610 1087 991 1154 generalitate
1013 1093 1208 1146 autem
1229 1107 1410 1164 supra
1431 1092 1803 1150 ostendimus
1823 1094 1993 1168 (Snp.

323 1190 454 1246 cap.
485 1176 545 1246 v)
584 1175 723 1248 quia
762 1178 1092 1235 secundum
1125 1196 1365 1237 carnem
1409 1187 1643 1239 creator
1670 1186 1764 1239 est
1792 1187 2001 1240 noster

318 1263 576 1335 Spiritus
610 1268 856 1321 sanctus
876 1267 940 1323 in
971 1268 1208 1325 homine
1229 1271 1525 1328 exteriore
1558 1288 1573 1328 :
1609 1288 1766 1328 nunc
1796 1275 1998 1329 osten-

321 1353 533 1409 damus
562 1355 703 1425 quia
750 1359 982 1413 creator
1025 1361 1120 1413 est
1167 1366 1394 1429 noster,
1426 1362 1608 1417 etiam
1666 1363 1999 1418 secundum

321 1443 531 1515 gratiae
562 1448 1017 1501 sacramentum.
1044 1447 1115 1502 Et
1138 1448 1293 1504 sicut
1312 1453 1472 1505 creat
1492 1450 1694 1517 Pater,
1729 1451 1808 1506 ita
1839 1454 2001 1506 creat

323 1535 382 1587 et
412 1531 623 1603 Filius,
662 1533 741 1588 ita
786 1539 947 1591 creat
991 1539 1050 1592 et
1088 1537 1344 1610 Spiritus
1393 1543 1639 1595 sanctus
1678 1539 1813 1611 (49),
1845 1540 2002 1595 sicut

321 1620 579 1695 legimus
604 1663 621 1693 ,
658 1622 889 1680 dicente
916 1625 1102 1682 Paulo
1137 1644 1149 1684 :
1187 1648 1210 1679 α
1247 1628 1353 1683 Dei
1401 1629 1559 1684 enim
1607 1628 1823 1684 donum
1866 1632 1997 1700 est,

320 1724 442 1767 non
461 1725 538 1767 ex
568 1711 871 1783 operibus,
903 1729 977 1770 ne
1005 1716 1140 1787 quis
1172 1716 1478 1789 glorietur,
1515 1718 1709 1789 ipsius
1731 1718 1886 1773 enim
1899 1734 2000 1775 su-

322 1814 458 1856 mus
500 1799 746 1871 factura,
796 1803 977 1859 creati
1019 1804 1083 1861 in
1129 1803 1367 1863 Christo
1398 1806 1547 1863 Jesu
1595 1806 1657 1863 in
1715 1808 1999 1879 operibus

320 1886 500 1946 bonis
528 1888 777 1963 (Ephes.
810 1907 873 1963 ιι,
904 1891 1090 1964 8-10).
1127 1912 1152 1946 ι

963 2034 1217 2093 CAPUT
1255 2035 1381 2093 VII.

327 2172 669 2232 Creationis
692 2176 993 2253 spiritalis
1011 2194 1119 2235 seu
1139 2181 1625 2253 regenerationis
1653 2196 1766 2239 non
1797 2183 1994 2240 minus

396 2254 696 2325 auctorem
721 2248 893 2325 Spiri
897 2256 1027 2325 tum
1036 2266 1193 2323 esse,
1211 2248 1654 2325 quamPatrem
1667 2270 1735 2309 ac
1750 2254 1807 2309 F
1809 2253 1996 2310 ilium.

394 2317 465 2398 In
497 2334 607 2392 quo
636 2317 933 2398 consistat
955 2320 1058 2378 illa
1075 2317 1322 2398 erectio,
1341 2323 1584 2398 ejusque
1591 2326 1957 2398 praestantia
1983 2345 2000 2381 :

397 2395 461 2467 et
488 2390 768 2467 Quomodo
784 2392 933 2467 quod
962 2394 1231 2467 membra,
1249 2390 1316 2467 et
1338 2390 1551 2467 corpus
1578 2390 1705 2467 Deo
1727 2397 2003 2454 tribuere

400 2460 683 2518 videntur
710 2460 876 2519 sacri
905 2464 1162 2535 codices,
1195 2466 1416 2523 debeat
1437 2460 1734 2540 intelligi.

394 2602 485 2661 62.
515 2601 712 2679 [Alias
740 2621 869 2678 cap.
903 2605 1027 2681 IX.)
1059 2606 1220 2682 Ergo
1256 2610 1418 2665 creat
1433 2609 1610 2666 Pater
1638 2609 1701 2666 in
1718 2611 2003 2683 operibus

322 2692 523 2771 bonus
556 2708 571 2751 :
605 2698 766 2751 creat
794 2698 852 2751 et
882 2695 1072 2752 Filius
1097 2712 1112 2767 ;
1144 2698 1285 2769 quia
1302 2699 1587 2770 scriptum
1611 2702 1703 2755 est
1729 2715 1745 2757 :
1774 2722 1797 2748 α
1817 2699 2002 2766 Quot-

323 2785 470 2857 quot
495 2786 690 2839 autem
719 2800 855 2841 eum
903 2788 1290 2857 receperunt,
1331 2786 1493 2843 dedit
1522 2787 1612 2844 eis
1652 2791 2005 2860 potestatem

326 2870 483 2928 ﬁlios
513 2871 619 2929 Dei
665 2872 814 2941 ﬁeri,
856 2873 954 2930 his
1000 2875 1103 2948 qui
1144 2874 1393 2932 credunt
1437 2876 1499 2933 in
1550 2877 1788 2934 nomine
1815 2877 1951 2950 ejus
1986 2894 2000 2936 :

325 2960 427 3035 qui
457 2977 576 3019 non
607 2978 683 3019 ex
705 2964 1126 3037 sanguinibus,
1149 2980 1343 3039 neque
1364 2981 1441 3022 ex
1461 2966 1760 3023 voluntate
1780 2968 2002 3038 carnis,

326 3065 520 3124 neque
550 3066 626 3108 ex
670 3052 972 3111 voluntate
1008 3053 1145 3126 viri,
1202 3054 1313 3111 sed
1369 3070 1447 3112 ex
1495 3055 1619 3113 Deo
1678 3056 1800 3113 nati
1862 3059 2006 3114 sunt

326 3140 525 3212 (Joan.
556 3158 597 3214 ι,
630 3140 855 3215 12,13).
890 3163 915 3193 ι

2102 630 2393 688 negamus
2422 618 2452 674 ?

2173 722 2263 778 65.
2295 723 2408 780 Sed
2431 725 2595 782 illum
2624 742 2846 800 negare
2895 743 3015 784 non
3044 745 3360 801 possumus
3407 735 3528 808 (51).
3564 738 3709 797 Absit

2104 813 2263 869 enim
2290 816 2353 869 ut
2390 831 2680 887 negemus
2700 818 2859 889 quod
2878 818 3195 874 maximum
3213 825 3317 889 est,
3349 839 3471 878 cum
3498 826 3712 897 Aposto-

2105 901 2201 958 lus
2230 903 2384 958 dicat
2425 919 2438 960 :
2478 928 2498 952 ιι
2539 905 2662 961 Vos
2693 911 2909 978 autem,
2941 908 3176 979 fratres,
3217 913 3523 968 secundum
3575 916 3713 973 Isaac

2106 993 2528 1062 promissionis
2553 995 2656 1050 filii
2688 996 2836 1051 estis
2872 1013 2883 1053 :
2920 998 3027 1053 sed
3069 999 3226 1052 sicut
3256 1002 3385 1055 tunc
3414 1003 3504 1073 qui
3530 1019 3714 1061 secun-

2109 1079 2250 1136 dum
2280 1097 2517 1138 carnem
2548 1088 2721 1140 natus
2743 1088 2854 1154 est,
2885 1088 3349 1159 persequebatur
3376 1105 3501 1145 eum
3527 1094 3616 1164 qui
3639 1109 3718 1150 se-

2108 1171 2364 1227 cundum
2395 1172 2675 1243 Spiritum
2720 1174 2938 1245 (Galat.
2964 1193 3043 1245 1v,
3076 1176 3165 1246 28,
3201 1177 3309 1247 29).
3352 1201 3373 1227 ιι
3406 1180 3597 1236 Iterum
3621 1183 3717 1237 uti-

2109 1276 2224 1332 que
2255 1261 2609 1319 subauditur
2627 1264 2700 1319 de
2721 1265 3154 1335 superioribus,
3178 1267 3281 1338 qui
3300 1269 3602 1325 secundum
3616 1270 3725 1341 Spi-

2110 1348 2287 1405 ritum
2316 1354 2490 1406 natus
2521 1355 2633 1408 est.
2666 1352 2777 1419 Qui
2808 1370 2953 1426 ergo
2978 1355 3306 1411 secundum
3327 1358 3584 1429 Spiritum
3611 1375 3728 1415 nas-

2110 1437 2282 1509 citur,
2323 1441 2652 1496 secundum
2700 1443 2885 1498 Deum
2933 1444 3216 1499 nascitur.
3253 1446 3617 1503 Renascimur
3642 1465 3735 1505 au-

2108 1530 2246 1597 tem,
2281 1530 2517 1600 quando
2546 1530 2606 1585 in
2637 1531 2918 1587 interiore
2948 1548 3304 1589 renovamur
3330 1534 3549 1604 aﬂ'ectu,
3579 1541 3629 1592 et
3655 1554 3736 1593 ex-

2109 1617 2347 1673 terioris
2365 1618 2625 1675 hominis
2644 1623 2993 1678 vetustatem
3026 1622 3375 1693 deponimus
3402 1624 3528 1696 (52).
3548 1626 3611 1680 Et
3626 1626 3736 1682 ideo

2096 1706 2192 1760 ’ait
2221 1706 2431 1763 iterum
2463 1709 2788 1780 Apostolus
2831 1726 2844 1766 :
2884 1733 2907 1758 α
2947 1712 3536 1768 Renovaminiautem
3552 1713 3739 1785 Spiritu

2112 1797 2329 1851 mentis
2358 1801 2599 1870 vestrm,
2633 1801 2691 1854 et
2719 1798 2944 1855 induite
2976 1816 3195 1856 novum
3222 1801 3532 1873 hominem,
3558 1802 3649 1874 qui
3677 1818 3751 1859 se-

2024 1884 2081 1951 Β
2115 1885 2372 1941 cundum
2412 1887 2599 1943 Deum
2629 1891 2866 1945 creatus
2913 1895 3007 1945 est
3037 1890 3098 1945 in
3127 1891 3392 1962 veritate,
3427 1893 3482 1947 et
3526 1891 3746 1963 justitia,

2112 1978 2171 2032 et
2199 1975 2509 2032 sanctitate
2547 1977 2880 2050 (Ephes.1v,
2905 1978 2995 2050 23,
3045 1978 3161 2048 24).
3195 1980 3450 2035 Audiant
3494 1980 3743 2053 quemad-

2113 2065 2353 2121 modum
2383 2066 2664 2125 unitatem
2712 2067 2930 2124 divinae
2970 2069 3333 2140 operationis
3365 2069 3649 2141 Scriptura
3676 2070 3749 2125 si-

2116 2155 2409 2226 gnaverit.
2431 2153 2544 2221 Qui
2570 2160 2891 2213 renovatur
2919 2158 3143 2229 Spiritu
3172 2158 3410 2230 mentis,
3442 2158 3618 2214 induit
3658 2174 3752 2214 no-

2113 2258 2255 2298 vum
2286 2243 2606 2317 hominem,
2663 2247 2765 2318 qui
2795 2247 3126 2303 secundum
3186 2248 3377 2303 Deum
3410 2251 3635 2304 creatus
3662 2249 3760 2303 est.

2182 2331 2273 2389 66.
2317 2332 2519 2389 Sancti
2575 2334 2758 2407 igitur
2784 2334 3040 2406 Spiritus
3081 2352 3236 2408 opus
3284 2340 3379 2393 est
3414 2337 3753 2410 regeneratio

2111 2421 2226 2477 ista
2246 2424 2644 2494 prmstantior,
2678 2427 2736 2479 et
2764 2425 2903 2480 novi
2940 2424 3124 2498 hujus
3154 2426 3439 2496 hominis,
3470 2427 3569 2498 qui
3603 2441 3755 2481 crea-

2113 2512 2210 2567 tur
2236 2512 2311 2568 ad
2358 2512 2679 2586 imaginem
2718 2514 2856 2581 Dei,
2890 2518 3100 2570 auctor
3135 2518 3230 2570 est
3277 2515 3533 2586 Spiritus
3564 2531 3577 2571 :
3608 2530 3761 2587 quem

2113 2599 2317 2673 utique
2348 2600 2653 2657 meliorem
2682 2602 2796 2658 hoc
2825 2604 3120 2659 exteriore
3151 2620 3296 2660 esse
3316 2607 3521 2660 nostro
3548 2602 3762 2659 homine

2115 2704 2290 2745 nemo
2341 2688 2718 2746 dubitaverit.
2770 2691 3075 2763 Siquidem
3134 2693 3446 2750 caelestem
3514 2693 3770 2761 alterum,

2110 2779 2413 2834 terrenum
2441 2778 2691 2834 alterum
2735 2780 3060 2850 Apostolus
3112 2781 3482 2854 signiﬁcavit
3540 2781 3774 2836 dicens:

2117 2887 2146 2919 α
2183 2867 2388 2934 Qualis
2418 2867 2704 2940 caelestis,
2753 2868 2905 2926 tales
2955 2874 3013 2926 et
3044 2870 3331 2928 coelestes
3387 2871 3444 2943 (ι
3500 2870 3632 2927 Cor.
3689 2884 3776 2938 xv,

2112 2956 2225 3028 48).
2262 2976 2288 3009 ι

2185 3063 2277 3121 ϐἿ.
2318 3063 2479 3138 Ergo
2502 3080 2636 3120 cum
2675 3065 2981 3122 cmlestem
3031 3066 3208 3122 faciat
3249 3067 3448 3141 gratia
3495 3065 3780 3139 spiritalis,

2118 3153 2277 3227 quod
2332 3157 2635 3210 terrenum
2682 3171 2887 3213 creare
2935 3157 3149 3228 possit,
3185 3157 3370 3212 etiam
3402 3172 3589 3212 sensu
3616 3153 3779 3210 debe-

334 3266 481 3334 646
512 3266 929 3349 ϐθκεὶωἱιίῑθι·
965 3284 1042 3326 ex
1098 3268 1324 3341 Spiritu
1379 3269 1712 3326 secundum
1752 3271 2004 3345 gratiam
2033 3250 2089 3321 Ο
2281 3242 2612 3349 ave???“
2655 3245 2794 3349 “cf”
2824 3245 3477 3349 cﬁr‘famus‘fxfmﬂns
3508 3242 3641 3349 (⁵δῆ

330 3371 444 3414 nos
473 3356 711 3415 renasci
748 3358 1036 3416 Dominus
1055 3359 1185 3432 ipse
1199 3362 1472 3431 testatur,
1495 3358 1705 3416 dicens
1739 3374 1754 3418 :
1789 3384 1809 3409 ι·
1838 3358 2007 3427 Quod

330 3449 533 3505 natum
560 3450 656 3505 est
681 3462 759 3505 ex
789 3464 988 3516 carne,
1021 3464 1160 3505 caro
1183 3450 1277 3505 est
1303 3465 1318 3520 ;
1349 3449 1489 3522 quia
1506 3448 1580 3503 de
1598 3465 1774 3505 carne
1806 3453 2007 3506 natum

330 3538 426 3592 est
456 3551 471 3594 :
505 3542 563 3595 et
591 3537 751 3611 quod
779 3542 979 3594 natum
999 3542 1111 3595 est.
1143 3537 1281 3595 Noli
1313 3538 1515 3594 mirari
1534 3538 1672 3612 quia
1693 3539 1815 3594 dixi
1848 3539 1956 3595 tibi
1989 3556 2004 3599 :

329 3623 572 3698 Oportet
599 3643 712 3685 vos
740 3628 907 3685 nasci
936 3629 1154 3686 denuo.
1194 3627 1469 3700 Spiritus‘
1481 3628 1585 3685 ubi
1631 3628 1757 3685 vult
1795 3628 2004 3701 spirat,

331 3716 393 3770 et
418 3730 630 3773 vocem
658 3715 795 3790 ejus
824 3716 1000 3774 audis
1034 3735 1047 3775 :
1081 3718 1190 3775 sed
1238 3718 1447 3776 nescis
1476 3718 1631 3774 unde
1660 3717 1877 3788 veniat,
1910 3721 2011 3774 aut

331 3817 453 3876 quo
481 3805 658 3861 vadat
679 3820 697 3876 ;
717 3805 808 3862 sic
834 3810 929 3864 est
957 3808 1152 3865 omnis
1181 3808 1285 3881 qui
1328 3812 1504 3865 natus
1544 3811 1639 3864 est
1669 3807 1743 3864 de
1784 3807 2010 3880 Spiritu

248 3926 265 3939 ε
335 3890 532 3962 (Joan.
564 3909 650 3963 ιιι,
681 3893 829 3966 6-8).
864 3919 887 3944 η

403 3997 496 4057 64.
526 3998 723 4057 Claret
751 4000 934 4075 igitur
976 4001 1263 4075 spiritalis
1318 4017 1555 4076 quoque
1601 4004 2012 4076 generationis

337 4092 646 4148 auctorem
673 4105 815 4147 esse
842 4090 1123 4163 Spiritum
1155 4094 1426 4148 sanctum
1451 4107 1468 4161 ;
1517 4091 1656 4163 quia
1680 4094 2012 4150 secundum

339 4180 527 4239 Deum
560 4195 855 4252 creamur,
878 4183 942 4236 ut
970 4180 1076 4236 ﬁlii
1123 4180 1229 4236 Dei
1264 4181 1474 4236 simus.
1524 4179 1686 4253 Ergo
1724 4196 1857 4237 cum
1913 4182 2013 4238 ille

338 4285 454 4327 nos
487 4271 549 4328 in
576 4285 829 4345 regnum
845 4286 1020 4327 suum
1041 4286 1150 4343 per
1163 4269 1537 4342 adoptionem
1557 4285 1749 4325 sacrae
1771 4286 2013 4343 regene-

336 4360 589 4418 rationis
627 4361 1046 4434 assumpserit,
1076 4376 1188 4416 nos
1228 4360 1282 4416 ei
1311 4359 1472 4433 quod
1502 4375 1678 4415 suum
1709 4363 1803 4416 est
1829 4361 2012 4417 dene-

337 4466 553 4523 gamus
567 4451 598 4508 ?
627 4451 731 4509 Ille
748 4467 860 4507 nos
881 4466 1159 4522 supernae
1172 4449 1644 4523 regenerationis
1667 4447 1809 4505 fecit
1826 4450 2013 4506 haere-
2044 4510 2047 4513 _

338 4539 471 4611 des,
500 4557 614 4598 nos
645 4542 1049 4599 hereditatem
1078 4539 1471 4603 vindicamus,
1504 4540 1833 4595 refutamus
1863 4555 2007 4596 auc-

2118 3332 2198 3387 cit
2234 3330 2389 3388 enim
2412 3332 2553 3389 alibi
2584 3339 2832 3390 sanctus
2864 3335 2977 3390 Job
3012 3350 3024 3390 :
3061 3356 3083 3385 ι
3129 3334 3296 3389 Vivit
3354 3333 3664 3399 Dominus,
3695 3327 3783 3400 qui

2118 3421 2209 3477 sic
2251 3437 2345 3477 me
2380 3420 2630 3494 judicat,
2667 3426 2725 3479 et
2772 3424 3181 3495 Omnipotens,
3217 3423 3327 3496 qui
3366 3422 3444 3479 ad
3476 3417 3794 3478 amaritudi-

2118 3525 2254 3566 nem
2274 3512 2551 3582 perduxit
2579 3513 2833 3568 animam
2864 3529 3054 3568 meam
3088 3530 3100 3568 :
3134 3512 3405 3584 Spiritus
3438 3516 3634 3568 autem
3663 3505 3794 3564 divi-

2120 3614 2255 3671 nus,
2290 3600 2390 3672 qui
2422 3605 2516 3657 est
2537 3602 2596 3658 in
2626 3603 2874 3659 naribus
2907 3604 3056 3658 meis
3075 3603 3210 3671 (Job
3233 3620 3431 3672 xxvu,
3452 3601 3512 3671 2,
3532 3600 3611 3673 8).
3635 3622 3657 3650 ιι
3678 3596 3800 3653 Νοιι

2118 3688 2322 3760 utique
2354 3690 2627 3760 spiritum
2676 3692 2773 3747 hic
2825 3708 3028 3748 auram
3064 3693 3309 3747 vitalem
3342 3692 3505 3747 hanc
3535 3693 3593 3745 et
3613 3688 3791 3759 spira-

2120 3781 2381 3833 mentum
2412 3795 2763 3852 corporeum
2795 3781 3150 3854 designavit,
3186 3781 3301 3837 sed
3332 3795 3523 3836 nares
3544 3778 3643 3833 hic
3671 3776 3803 3830 inte-

2118 3866 2299 3922 rioris
2336 3867 2432 3923 sui
2462 3868 2722 3926 hominis
2768 3870 3088 3944 signiﬁcat,
3131 3871 3363 3943 quibus
3399 3870 3543 3924 vitae
3574 3867 3799 3922 odorem

2120 3955 2398 4027 carpebat
2455 3962 2732 4028 aeternae,
2785 3962 2843 4016 et
2901 3958 3150 4031 gratiam
3199 3958 3481 4014 caelestis
3533 3948 3804 4029 unguenti

2122 4045 2270 4110 647
2299 4047 2557 4120 geminis
2579 4049 2935 4123 quibusdam
2967 4048 3256 4103 sensibus
3290 4046 3638 4109 hauriebat.
3714 4052 3722 4058 ‘

2191 4160 2278 4216 68.
2312 4160 2461 4215 Sunt
2490 4158 2646 4214 enim
2678 4172 2856 4212 nares
2889 4156 3209 4227 spiritales,
3244 4158 3313 4210 ut
3342 4155 3638 4228 legimus,
3668 4161 3805 4223 quas

2120 4249 2300 4305 habet
2327 4248 2561 4320 Sponsa
2593 4246 2795 4316 Verbi,
2830 4247 2924 4301 cui
2967 4246 3182 4300 dicitur
3214 4260 3227 4301 :
3269 4268 3294 4294 «ι
3334 4244 3414 4300 Et
3447 4244 3603 4300 odor
3657 4238 3806 4295 naris

2120 4342 2238 4395 tuae
2268 4338 2465 4405 (Cant.
2499 4354 2600 4405 vn,
2642 4335 2698 4407 8)
2723 4352 2737 4403 ;
2766 4358 2787 4387 υ
2825 4339 2882 4390 et
2902 4335 3045 4389 alibi
3077 4352 3089 4390 :
3125 4334 3439 4391 Odoratus
3489 4334 3585 4388 est
3617 4326 3803 4384 Domi-

2123 4444 2239 4485 nus
2269 4428 2511 4484 odorem
2543 4425 2855 4481 suavitatis
2895 4424 3070 4492 (Gen.
3106 4442 3230 4493 vm,
3256 4423 3382 4492 21).
3435 4448 3459 4472 η
3499 4421 3652 4479 Sunt
3679 4430 3812 4488 ergo

2123 4517 2395 4591 quaedam
2429 4515 2727 4571 interioris
2759 4514 3022 4568 membra
3063 4513 3357 4583 hominis,
3395 4512 3582 4584 cujus
3615 4519 3812 4562 manus

338 4602 529 4688 torem
557 4633 588 4688 ‘i
634 4630 751 4689 Sed
782 4647 902 4688 non
939 4632 1135 4703 potest
1182 4644 1420 4684 manere
1465 4628 1841 4700 beneﬁcium,
1875 4645 2009 4685 cum
2033 4624 2091 4689 Β
2125 4607 2185 4663 in
2213 4609 2348 4703 “Et”
2395 4606 2548 4703 (ξων,
2591 4619 2768 4703 “me?
2800 4603 2859 4658 in
2916 4603 3137 4703 ﬁndi“?
3173 4602 3371 4703 9‘3,qu
3430 4602 3493 4656 in
3527 4610 3809 4703 Ρωξθξῗξι

341 4723 550 4777 auctor
593 4720 968 4790 excluditur;
1018 4735 1130 4776 nec
1166 4722 1374 4775 auctor
1418 4718 1549 4775 sine
1598 4734 1862 4786 munere,
1901 4735 2012 4776 nec

343 4806 476 4864 sine
505 4810 745 4866 auctore
773 4826 1011 4866 munus.
1033 4808 1097 4865 Si
1117 4809 1387 4865 vindicas
1420 4808 1691 4882 gratiam,
1714 4808 1890 4864 crede
1912 4824 2015 4879 po-

343 4897 585 4954 tentiam
617 4913 630 4954 :
666 4898 721 4954 si
734 4898 957 4954 refutas
983 4899 1324 4969 potentiam,
1343 4898 1593 4971 gratiam
1617 4912 1692 4952 ne
1721 4896 2016 4969 requiras.

344 4985 459 5051 Qui
492 4985 774 5058 Spiritum
822 4988 1093 5060 negavit,
1142 4987 1340 5043 statim
1398 4987 1641 5059 negavit
1687 4988 1745 5041 et
1799 4985 2021 5040 donum

345 5074 481 5147 (50).
523 5074 675 5132 Nam
711 5075 766 5132 si
804 5079 1009 5132 auctor
1036 5075 1196 5145 vilis,
1239 5076 1536 5148 quomodo
1592 5074 1746 5131 dona
1802 5074 2023 5146 pretio-

346 5178 417 5221 sa
435 5166 466 5223 7
527 5164 649 5221 Cur
674 5165 899 5224 nostris
930 5166 1047 5239 ipsi
1076 5165 1424 5222 muneribus
1453 5164 1812 5237 invidemus,
1848 5179 2021 5236 spem

417 5309 532 5382 (49)
561 5308 742 5366 Iidem
773 5325 946 5380 mss.,
983 5333 1007 5358 α
1034 5325 1198 5382 nunc
1219 5308 1605 5382 ostendamus
1627 5306 2016 5382 ininteriore.

345 5379 524 5439 Pater
550 5382 627 5438 ita
649 5382 891 5453 creavit,
927 5379 984 5438 et
1030 5381 1217 5438 Filius
1248 5382 1327 5437 ita
1358 5379 1598 5449 creavit,
1649 5381 1708 5435 et
1764 5379 2022 5451 Spiritus

347 5459 615 5512 sanctus.
661 5477 685 5503 ιι

418 5527 534 5599 (50)
565 5525 785 5599 Omnes
806 5524 944 5599 edit.
979 5528 1035 5580 et
1066 5540 1214 5599 mss.
1239 5539 1357 5579 non
1389 5519 1582 5593 pauci,
1622 5541 1644 5571 ι
1679 5520 1801 5599 Qui
1821 5520 2024 5599 Chris-

347 5592 469 5654 tum
503 5592 999 5673 negavit,___statigm
1042 5595 1241 5673 emisrt
1271 5598 1371 5673 _et_
1394 5592 1609 5673 nomen
1641 5607 1653 5649 :
1691 5615 1715 5642 ιι
1751 5596 1809 5647 at
1840 5592 2021 5648 multo

350 5666 703 5726 concinn'ius
725 5668 825 5724 alii
857 5670 1009 5736 octo,
1043 5672 1104 5721 ut
1134 5682 1246 5722 nos
1268 5666 1325 5721 in
1358 5668 1540 5719 textu.

422 5740 541 5868 (51;
569 5740 717 5795 Mss.
749 5740 990 5822 aliquot,
1028 5761 1064 5821 α.
1103 5754 1220 5794 non
1276 5752 1623 5808 possumus.
1670 5736 1798 5792 Nos
1831 5749 2019 5809 nega-

422 5823 490 5866 ns
569 5809 689 5867 Sed
716 5811 893 5868 absit.
928 5830 953 5861 »
990 5810 1186 5868 Minus
1215 5809 1542 5868 eleganter.

353 5823 490 5866 mus
510 5809 541 5868 τ
569 5809 689 5867 Sed
716 5809 893 5868 absit.
928 5830 953 5861 »
990 5809 1186 5869 Minus
1215 5809 1542 5885 eleganter.

2123 4696 2381 4771 quodam
2410 4694 2551 4750 boni
2592 4694 2793 4764 operis
2826 4692 3215 4748 aestimantur.
3236 4691 3457 4762 Itaque
3489 4705 3570 4745 ex
3587 4683 3813 4748 ofﬁciis,

2123 4785 2305 4843 veluti
2364 4783 2652 4857 quasdam
2710 4779 3049 4853 colligimus
3095 4778 3521 4835 membrorum
3564 4776 3817 4850 ﬁguras;

2123 4890 2317 4947 neque
2349 4875 2506 4930 enim
2540 4872 2600 4927 in
2642 4870 2922 4926 interiore
2955 4868 3192 4923 homine
3233 4867 3594 4923 secundum
3624 4874 3815 4917 carna-

2124 4962 2204 5018 lia
2232 4962 2457 5035 aliquid
2478 4977 2589 5017 nos
2613 4959 2889 5016 convenit
2920 4957 3172 5030 Opinari.

2198 5069 2287 5126 69.
2318 5067 2515 5143 [Alias
2543 5082 2671 5137 cap.
2722 5064 2821 5138 X.)
2844 5065 2913 5119 Et
2949 5067 3088 5120 sunt
3117 5063 3371 5136 quidam
3413 5062 3522 5134 qui
3546 5068 3819 5129 corpora-

2127 5158 2264 5217 liter
2293 5159 2478 5214 Deum
2509 5158 2714 5228 putant
2743 5169 2882 5210 esse
2920 5153 3235 5208 formatum
3264 5152 3419 5224 (55),
3458 5166 3600 5207 cum
3630 5144 3826 5220 legunt

2202 5300 2320 5372 (52)
2340 5300 2474 5357 Non
2496 5298 2671 5372 pauci
2693 5312 2865 5368 mss.,
2905 5317 2927 5343 α
2963 5297 3196 5349 vetusta
3225 5293 3550 5350 desideria
3582 5284 3825 5361 deponi-

2192 5390 2287 5430 ιιε.
2317 5395 2338 5423 υ

2131 5390 2522 5515 ωῗὲέῖΕὰἰιη
2561 5464 2583 5489 α
2608 5440 2753 5515 licet
2784 5438 3098 5515 credamus
3138 5435 3476 5515 exemplis.
3518 5456 3541 5483 ιο
3627 5502 3667 5515 Α
3723 5498 3739 5515 ἱ
3774 5497 3783 5507 .

2350 5498 2522 5587 Rom:
2556 5512 2694 5587 edit.
2732 5511 2930 5587 sola,‘_«
2969 5526 3182 5587 manus
3216 5509 3275 5560 in
3310 5498 3507 5560 factu.
3569 5523 3593 5553 ι
3627 5498 3827 5587 Sedin

2135 5580 2431 5645 communi
2476 5585 2729 5641 lectione
2771 5581 2915 5636 nihil
2948 5580 3339 5644 mutandum;
3390 5591 3615 5631 manus
3674 5585 3824 5645 enim

2133 5643 2250 5717 non
2286 5662 2508 5712 tantum
2549 5659 2642 5710 est
2670 5659 2940 5725 tangere,
2975 5657 3031 5705 at
3068 5651 3247 5705 multo
3286 5649 3497 5721 magis
3530 5657 3714 5718 agere
3744 5643 3828 5695 at-

2133 5748 2249 5804 que
2274 5728 2525 5804 Operari.

2356 5800 2576 5857 Omnes
2616 5795 2751 5854 edit.
2800 5811 2869 5851 ac
2901 5795 3104 5872 plures
3156 5800 3359 5867 mss.',
3427 5811 3451 5839 α
3518 5803 3663 5847 esse
3712 5784 3832 5841 for-
