4090 6174
341 366 461 435 789

1465 367 1577 430 DE
1619 365 1960 432 SPIRITU
1999 365 2331 432 SANCTO
2377 367 2541 432 LIB.
2583 366 2662 431 II.

3675 362 3798 434 790

336 570 435 624 aut
463 584 702 625 manum
731 567 887 641 ejus,
921 570 1020 624 aut
1051 568 1300 642 digitum
1326 584 1338 623 :
1366 584 1476 624 nec
1504 568 1819 623 advertunt
1848 568 2006 640 quod
2032 551 2084 615 Α
2189 567 2279 624 ⁸72.
2311 567 2636 624 Considera
2667 572 2725 624 et
2779 567 2876 624 hic
2907 569 3044 641 quia
3102 568 3174 624 ad
3207 569 3440 623 Patrem
3488 571 3546 624 et
3574 567 3791 626 Filium

335 658 466 714 haec
498 675 618 715 non
658 662 900 729 propter
953 658 1203 714 formam
1261 658 1482 729 scripta
1541 659 1662 714 sint
1712 659 2003 728 corporis,

335 749 477 820 quia
507 747 568 802 in
601 747 904 802 divinitate
939 762 1048 802 nec
1088 747 1372 814 membra,
1427 763 1535 803 nec
1579 750 1778 818 partes
1828 751 2001 802 sunt:

335 837 445 892 sed
475 840 717 907 prepter
746 837 1025 891 unitatem
1071 837 1393 892 divinitatis
1439 852 1749 906 expressa,
1786 840 1847 890 ut
1885 852 2007 892 cre-

335 926 548 980 damus
578 926 716 996 quia
746 925 1116 997 impossibile
1149 929 1240 981 est
1271 942 1303 980 a
1339 926 1503 980 Patre
1527 925 1647 980 Deo
1681 925 1772 979 vel
1794 925 2005 980 Filium

334 1014 431 1069 vel
494 1013 775 1085 Spiritum
832 1017 1103 1069 sanctum
1163 1015 1457 1085 separari;
1513 1030 1646 1068 cum
1704 1015 2003 1084 plenitudo

334 1103 660 1159 divinitatis
691 1103 854 1158 velut
884 1103 1269 1173 corporaliter
1298 1103 1517 1159 habitet
1564 1103 1623 1157 in
1672 1105 2002 1159 substantia

333 1191 660 1248 Trinitatis.
695 1192 830 1248 Ideo
857 1192 1039 1264 igitur
1068 1197 1123 1247 et
1148 1191 1333 1246 Filius
1358 1193 1542 1247 Patris
1576 1195 1815 1249 dextera
1847 1210 2004 1248 nun-

333 1284 603 1353 cupatur,
639 1281 794 1336 sicut
842 1281 1059 1336 lectum
1089 1286 1216 1350 est;
1256 1305 1276 1329 ιι
1311 1282 1564 1337 Dextera
1598 1283 1828 1338 Domini
1865 1282 2003 1337 fecit

330 1371 630 1440 virtutem,
663 1369 905 1426 dextera
937 1371 1169 1426 Domini
1201 1372 1584 1428 exaltavitme
1603 1371 1791 1442 (Psal.
1819 1389 1996 1442 cxvn,

339 1460 457 1530 16).
487 1480 509 1510 ι

939 1549 1190 1604 CAPUT
1246 1550 1392 1604 VllI.

329 1656 648 1728 Argutiam
684 1657 1100 1712 haereticorum
1133 1658 1231 1728 qui
1260 1657 1443 1712 Deum
1493 1659 1720 1712 idcirco
1753 1659 1997 1713 dictita-

398 1727 555 1800 baut,
570 1728 629 1782 in
661 1728 902 1800 Spiritu,
952 1744 1064 1782 non
1095 1727 1288 1783 autem
1348 1745 1480 1783 cum
1513 1729 1734 1799 Spiritu
1762 1729 1996 1800 gloriﬁ-

403 1799 669 1870 candum,
699 1799 758 1853 ut
789 1800 927 1854 hinc
959 1799 1224 1853 eumdem
1257 1800 1547 1870 Spiritum
1577 1816 1712 1855 esse
1741 1799 1996 1856 inferio-

400 1885 532 1943 rem
551 1869 926 1943 colligerent,
947 1870 1122 1943 diluit
1138 1889 1155 1931 ,ο
1175 1869 1551 1943 quamobrem
1565 1872 1918 1942 particulam
1936 1873 1996 1928 in

2123 657 2236 713 hoc
2264 657 2563 729 cpinionis
2593 662 2811 714 vestrae
2842 658 3255 729 praejudicium
3285 658 3624 728 derivatur;
3651 658 3790 730 quia

2123 745 2219 800 hic
2249 762 2366 802 non
2398 746 2580 802 dixit:
2613 748 2757 802 Cum
2789 749 2988 801 Patris
3018 752 3073 802 et
3105 747 3234 802 Filii
3271 751 3325 801 et
3355 747 3612 817 Spiritus
3643 763 3787 803 san-

2122 836 2198 889 cti
2230 837 2486 905 nomine,
2519 837 2627 892 sed
2662 860 2684 883 «
2719 837 2776 892 in
2807 838 3083 892 nomine:
3125 861 3145 883 »
3182 840 3239 890 et
3287 840 3483 892 tamen
3513 853 3632 892 non
3680 836 3786 891 mi-

2122 925 2432 981 nisterium
2452 925 2690 998 aliquod
2705 927 3004 981 Trinitatis
3029 926 3137 980 hac
3167 926 3393 996 syllaba
3415 926 3782 997 exprimitur,

2121 1015 2228 1070 sed
2259 1018 2545 1085 potestas.

2189 1120 2279 1178 73.
2315 1122 2579 1194 Denique
2608 1125 2671 1178 ut
2700 1125 2860 1177 scias
2917 1125 3051 1194 quia
3098 1124 3234 1178 fidei
3281 1139 3396 1178 non
3434 1123 3785 1194 praejudicat

2119 1211 2366 1283 syllaba,
2407 1213 2515 1266 sed
2573 1213 2943 1268 commendat
2999 1213 3147 1267 ﬁdes
3208 1213 3498 1282 syllabam
3553 1212 3691 1282 (5'7),
3725 1213 3783 1267 et

2117 1300 2337 1356 Paulus
2369 1301 2630 1374 loquitur
2660 1303 2719 1357 in
2750 1302 3007 1356 Christo.
3045 1302 3168 1356 Nec
3211 1302 3342 1356 ideo
3383 1301 3577 1356 minor
3604 1299 3780 1356 Chri-

2114 1393 2246 1445 stus
2276 1394 2388 1460 est,
2420 1391 2556 1463 quia
2589 1391 2806 1445 Paulus
2837 1391 3072 1445 locutus
3122 1391 3178 1445 in
3207 1391 3444 1445 Christo
3476 1393 3588 1457 est,
3624 1389 3781 1444 sicut

2114 1479 2338 1535 habes:
2378 1502 2400 1529 α
2433 1479 2644 1535 Coram
2677 1480 2796 1535 Deo
2826 1481 2885 1534 in
2938 1480 3174 1534 Christo
3225 1479 3487 1550 loquitur
3515 1479 3605 1544 (II
3636 1478 3774 1554 Cor.

2112 1567 2358 1636 xu,19).
2397 1593 2419 1617 ι»
2453 1568 2956 1634 Quemadmodum
3016 1570 3196 1642 igitur
3252 1569 3577 1640 Apostolus
3635 1567 3778 1623 dicit

2109 1656 2246 1728 quia
2278 1657 2337 1712 in
2365 1657 2605 1713 Christo
2634 1659 2950 1729 loquimur,
2995 1659 3070 1711 ita
3102 1658 3245 1712 illud
3295 1662 3386 1712 est
3418 1658 3556 1729 quia
3586 1657 3777 1728 loqui-

2108 1761 2243 1801 mur
2270 1746 2329 1801 in
2359 1747 2618 1818 Spiritu;
2650 1747 2805 1801 sicut
2835 1748 2964 1817 ipse
2999 1746 3324 1817 Apostolus
3357 1747 3542 1802 dixit:
3601 1768 3623 1793 ιι
3659 1745 3777 1802 Ne-

2107 1850 2202 1890 mo
2234 1835 2374 1889 dicit
2407 1836 2718 1890 Dominum
2749 1835 2975 1902 Jesum,
3012 1836 3128 1890 nisi
3187 1836 3247 1890 in
3303 1835 3526 1906 Spiritu
3567 1838 3775 1891 sancto

401 1923 582 2014 etiam
594 1923 604 1924 ί
616 1923 798 2008 Γίῑῖὸ,
812 1923 940 1996 una
957 1923 960 1924 ⁷
981 1923 1050 1996 ὀὶ
1062 1923 1983 2014 pa};“atqueagisagisni;

2106 1923 2165 1990 (Ι
2193 1923 2328 1980 Cor.
2353 1941 2456 1994 xu,
2489 1925 2565 1994 3).
2607 1948 2628 1972 η
2665 1924 2798 1979 Non
2826 1923 3124 1995 subjectio
3148 1925 3344 1996 itaque
3363 1924 3626 1981 hocloco
3645 1924 3775 1996 Spi-

399 2010 548 2066 facit
570 2032 589 2076 ;
609 2018 714 2067 ate
730 2019 1033 2068 contrario
1055 2029 1187 2067 cum
1209 2010 1510 2068 creaturis
1531 2010 1708 2068 etiam
1743 2010 1999 2070 attribui

399 2083 536 2137 sine
559 2082 674 2157 ulla
695 2085 760 2157 di
769 2085 1267 2157 vinitatisiqjuria
1286 2103 1303 2146 ;
1321 2084 1688 2157 proindeque
1701 2086 1762 2140 in
1782 2086 1996 2140 iisdem

399 2102 536 2137 81118
559 2102 674 2137 uua
695 2102 755 2138 σι
769 2102 1267 2209 γιηιιθιιειιγυτιδ
1286 2103 1303 2146 ,‘
1321 2102 1688 2157 promaeque
1701 2103 1762 2140 ιη
1782 2102 1996 2140 usaem

389 2155 920 2226 praepositionibus
930 2156 1289 2237 simpoiciter
1310 2156 1742 2226 agnoscendam
1763 2158 1827 2212 di
1839 2158 1996 2212 vina-

394 2241 527 2280 rum
543 2241 935 2298 personarum
967 2234 1454 2298 coniunctionem.

391 2333 482 2388 '70.
514 2332 630 2389 Sed
657 2333 801 2406 quid
831 2335 1044 2389 mirum
1073 2335 1126 2389 si
1156 2335 1228 2390 de
1257 2334 1460 2390 verbis
1490 2338 1756 2391 amentes
1788 2335 1981 2391 homi-

315 2438 434 2478 nes
467 2421 690 2478 faciunt
719 2424 1131 2495 quiestionem,
1165 2439 1297 2479 cum
1330 2424 1545 2479 faciant
1565 2428 1622 2479 et
1637 2425 1710 2481 de
1741 2425 1990 2496 syllabis

317 2511 486 2580 (56)?
515 2510 662 2565 Sunt
692 2525 850 2568 enim
881 2512 978 2583 qui
1012 2511 1151 2566 hinc
1209 2516 1410 2582 putent
1469 2513 1796 2568 faciendam
1851 2530 1990 2570 esse

320 2599 686 2667 distantiam,
719 2601 878 2671 quod
908 2601 1105 2655 dicant
1134 2601 1194 2656 in
1224 2600 1443 2671 Spiritu
1476 2603 1681 2671 Deum,
1714 2618 1832 2657 non
1855 2619 1990 2658 cum

318 2685 549 2758 Spiritu
579 2688 1054 2759 praedicandum:
1092 2692 1148 2743 et
1196 2705 1272 2744 ex
1314 2706 1428 2744 una
1469 2690 1718 2762 syllaba,
1750 2691 1845 2746 vel
1879 2707 1991 2747 usu

317 2777 582 2848 quodam
635 2777 960 2831 divinitatis
995 2778 1407 2833 aestimandum
1456 2782 1659 2850 putent
1689 2795 1829 2835 esse
1863 2797 1990 2835 mo-

314 2868 607 2935 mentum,
641 2856 1124 2936 argumentantes
1156 2867 1311 2938 quod
1365 2867 1417 2921 si
1453 2868 1511 2922 in
1552 2867 1771 2939 Spiritu
1805 2869 1990 2924 Deum

313 2953 769 3025 praedicandum
799 2959 1020 3026 putent,
1064 2955 1456 3011 ministerium
1514 2958 1702 3012 sancti
1734 2958 1990 3029 Spiritus

314 3044 569 3116 signare
598 3043 947 3100 videantur:
982 3043 1036 3099 si
1065 3061 1207 3100 vero
1237 3061 1371 3100 cum
1401 3045 1620 3117 Spiritu
1653 3045 1851 3101 dicant
1884 3047 1990 3103 Dei

311 3133 414 3188 vel
448 3133 723 3188 virtutem
769 3148 930 3203 esse,
965 3133 1056 3189 vel
1109 3133 1379 3206 gloriam,
1412 3136 1754 3190 societatem
1787 3152 1989 3208 quam-

310 3221 456 3277 dam
497 3226 555 3278 et
601 3223 1076 3279 communionem
1133 3223 1322 3278 Patris
1365 3227 1423 3278 et
1454 3223 1588 3278 Filii
1646 3227 1701 3279 et
1731 3224 1987 3296 Spiritus

313 3313 514 3367 sancti
545 3312 862 3383 designare
893 3313 1220 3368 videantur.

387 3419 479 3476 7i.
514 3419 631 3476 Sed
662 3421 798 3492 quis
831 3423 1085 3491 separet,
1119 3421 1274 3493 quod
1307 3435 1425 3475 non
1455 3421 1650 3492 potest
1679 3423 1987 3492 separari?

311 3511 458 3583 quis
487 3509 708 3564 dividat
737 3510 1101 3578 societatem,
1131 3526 1305 3582 quam
1331 3509 1690 3565 individuam
1706 3509 1982 3567 Christus

313 3598 623 3655 ostendit?
658 3621 681 3647 ιι
715 3599 817 3669 Ite,
856 3622 877 3646 ιι
911 3599 1121 3672 inquit,
1158 3623 1178 3646 «
1213 3599 1500 3670 baptizata
1531 3614 1738 3654 omnes
1770 3604 1982 3672 gentes

310 3689 374 3744 in
397 3687 639 3744 nomine
672 3688 886 3758 Patris,
909 3691 966 3743 et
997 3687 1148 3755 Filii,
1170 3691 1226 3742 et
1243 3687 1498 3759 Spiritus
1529 3689 1720 3743 sancti
1741 3690 1980 3759 (Matth.

311 3795 530 3846 xxvm,
568 3777 676 3847 l9).
713 3801 735 3826 η
789 3776 1089 3849 Numquid
1120 3777 1216 3832 hic
1269 3777 1364 3832 vel
1409 3777 1568 3832 circa
1600 3777 1829 3834 Patrem
1889 3779 1982 3835 vel

308 3867 532 3925 Filium
562 3867 656 3921 vel
691 3866 974 3938 Spiritum
1006 3869 1276 3920 sanctum
1307 3869 1406 3921 aut
1436 3866 1682 3922 verbum
1715 3868 1980 3940 mutavit,

306 3961 411 4013 aut
442 3955 778 4028 syllabam?
825 3955 957 4010 Non
1012 3954 1242 4027 utique:
1279 3956 1389 4010 sed
1422 3978 1444 4001 α
1499 3956 1561 4010 ln
1622 3958 1858 4012 nomine
1888 3957 1981 4014 in-

311 4047 464 4119 quit,
511 4069 533 4093 »
568 4035 717 4102 648
751 4068 774 4092 u
811 4045 1022 4114 Patris,
1054 4049 1111 4100 et
1141 4044 1294 4113 Filii,
1328 4049 1384 4100 et
1414 4044 1670 4116 Spiritus
1700 4047 1910 4102 sancti.
1951 4073 1971 4094 η

309 4137 476 4192 ldem
505 4134 580 4190 de
609 4134 830 4206 Spiritu
851 4135 1009 4207 quod
1039 4134 1111 4189 de
1132 4135 1300 4189 Patre
1323 4138 1380 4190 et
1409 4135 1481 4190 de
1503 4151 1570 4189 se
1589 4137 1779 4190 sonat.
1808 4135 1976 4192 Unde

308 4226 543 4282 nullum
574 4223 830 4296 Spiritus
881 4225 1070 4279 sancti
1129 4223 1542 4294 ministerium,
1576 4225 1682 4280 sed
1725 4240 1976 4280 consor-

306 4315 457 4371 tium
488 4313 683 4386 magis
715 4313 960 4370 honoris
991 4315 1089 4369 aut
1119 4314 1339 4386 operis,
1373 4329 1507 4369 cum
1539 4313 1598 4369 in
1627 4312 1852 4385 Spiritu
1884 4314 1976 4370 di-

308 4406 486 4476 citur,
522 4403 866 4460 aestimatur.

307 4547 613 4604 mandum.
651 4571 672 4595 »ι
709 4545 844 4602 Non
871 4546 1057 4619 male;
1092 4547 1246 4602 idem
1285 4546 1439 4602 enim
1469 4549 1580 4619 est,
1616 4561 1686 4600 ac
1719 4546 1975 4619 imagine

307 4637 419 4676 seu
450 4620 641 4692 ﬁgura
673 4618 1143 4692 exprimendum.
1177 4620 1249 4692 At
1279 4618 1610 4689 simplicius
1643 4618 1972 4692 tamen'alii

306 4688 542 4759 mss.,}
579 4706 719 4745 esse
755 4688 1110 4757 formatum,
1150 4710 1172 4739 ι
1207 4689 1320 4744 hoc
1379 4688 1472 4744 est
1517 4688 1970 4760 contigui-etum,

306 4770 486 4836 atque
517 4761 798 4836 exteriori
827 4762 1026 4831 specie
1060 4762 1470 4836 compositum.
1509 4759 1751 4814 Videtur
1780 4766 1974 4836 autem

307 4832 592 4889 Ambros.
619 4833 730 4887 hoc
751 4833 883 4904 loco
906 4833 1308 4904 perstringere
1337 4832 1972 4904 Anthropomorphitas

305 4922 416 4961 seu
451 4905 770 4971 Vadianos,
813 4903 886 4958 de
927 4904 1146 4974 quibus
1181 4902 1440 4974 ‘Epiph.,
1502 4903 1718 4958 haeres.
1779 4902 1867 4971 70,
1916 4907 1972 4957 et

304 4980 460 5050 Aug.
490 4975 578 5050 Qe
595 4976 810 5050 literas.
829 4975 1033 5050 cap._5.

373 5043 478 5114 (5'6)
514 5045 676 5111 Quos
707 5046 804 5102 hic
853 5043 1127 5114 designat
1185 5044 1540 5100 Ambrosius
1602 5046 1824 5111 noster,
1859 5043 1971 5099 du-

305 5119 470 5174 bium
503 5134 620 5173 non
653 5122 744 5172 est
773 5117 914 5189 quin
947 5114 1120 5170 iidem
1153 5117 1273 5170 sint
1293 5117 1394 5188 qui
1425 5114 1645 5189 Basilio
1668 5115 1969 5189 scribendi

304 5190 441 5246 libri
475 5190 566 5244 De
599 5187 832 5260 Spiritu
866 5195 1072 5242 sancto
1105 5187 1343 5242 causam
1395 5187 1734 5312 lpraebuere,
1795 5187 1970 5242 nimi-

306 5279 434 5312 rum
468 5260 722 5312 Aetiani.
757 5260 969 5312 Narrat
997 5259 1149 5312 enim
1189 5259 1342 5312 idem
1443 5259 1652 5312 asilius
1695 5274 1828 5312 cum
1860 5259 1970 5312 ali-

306 5279 434 5317 rum
467 5259 722 5316 Aetiani.
757 5260 969 5314 Narrat
997 5259 1149 5312 enim
1189 5259 1342 5312 idem
1395 5259 1652 5313 Basilius
1695 5274 1828 5314 cum
1860 5259 1970 5314 ali-

303 5333 541 5404 quando
573 5346 785 5404 preces
809 5331 867 5385 in
898 5329 1184 5404 Ecclesiae
1217 5334 1507 5404 conventu
1543 5331 1615 5384 ita
1650 5330 1967 5404 clauderet,

303 5400 358 5458 ut
402 5425 424 5454 ς
462 5401 954 5475 gloriﬁcationem
999 5401 1116 5455 Deo
1148 5401 1454 5475 ac_Patri,_
1487 5400 1776 5475 interdum
1837 5417 1968 5456 cum

304 5475 450 5531 Filio
469 5472 700 5544 ipsius,
737 5473 1028 5528 interdum
1064 5489 1167 5542 per
1199 5472 1411 5528 Filium
1443 5473 1500 5527 in
1533 5473 1753 5542 Spiritu
1788 5487 1968 5526 sanc-

304 5550 380 5612 to,
419 5572 440 5594 n
493 5546 810 5611 tribueret,
859 5545 1176 5599 nonnullos
1230 5545 1325 5598 illa
1379 5545 1642 5598 oratione
1692 5550 1968 5612 tanquam

304 5559 380 5612 to,
419 5572 440 5594 »ν
493 5559 810 5611 ll‘tDuel'el,
859 5559 1176 5599 nonnullos
1230 5559 1325 5598 ma
1379 5559 1642 5598 oratione
1692 5559 1783 5598 tan
1836 5560 1966 5600 nam

302 5616 657 5689 Christianis
687 5616 931 5672 auribus
962 5615 1275 5689 peregrina
1306 5615 1570 5689 offensos
1611 5631 1768 5671 esse.
1792 5559 1966 5689 (bna-7

305 5693 544 5760 propter
573 5688 786 5760 horum
841 5687 1354 5760 errorem,‘quem
1412 5687 1622 5760 partim
1679 5703 1763 5760 ex,
1813 5687 1964 5742 Aetii

311 5758 921 5830 commentis,partim
958 5775 989 5814 e
1034 5758 1416 5830 profanorum
1473 5758 1964 5830 philosophorum

305 5830 533 5902 placitis
563 5829 816 5892 ﬂuxisse
844 5831 1004 5900 dicit,
1038 5829 1357 5888 memorata
1386 5829 1574 5902 opella
1604 5829 1961 5888 confutavit:

2001 4656 2058 4721 D

2105 2013 2254 2069 ritus
2286 2014 2497 2083 sancti,
2531 2013 2639 2069 sed
2670 2015 2876 2087 gratia:
2907 2014 3116 2084 copula
3147 2014 3514 2086 designatur.

2174 2137 2262 2194 74.
2298 2139 2366 2193 Et
2396 2142 2458 2193 ut
2487 2139 2646 2194 scias
2680 2139 3099 2193 discretionem
3131 2155 3247 2194 non
3270 2154 3408 2194 esse
3429 2138 3502 2194 de
3516 2139 3765 2211 syllaba,

2103 2226 2242 2282 alibi
2273 2244 2508 2299 quoque
2539 2229 2648 2283 ait:
2689 2253 2708 2274 «
2750 2227 2819 2282 Et
2877 2228 3007 2282 haec
3066 2228 3303 2299 quidem
3360 2227 3600 2296 fuistis;
3660 2227 3770 2284 sed

2102 2316 2284 2371 abluti
2317 2316 2485 2385 estis,
2519 2317 2624 2373 sed
2664 2317 3014 2372 sanctificati
3073 2317 3242 2382 estis,
3304 2316 3409 2371 sed
3453 2315 3767 2387 justiilcati

2103 2407 2252 2461 estis
2281 2407 2342 2462 in
2373 2407 2610 2462 nomine
2641 2407 2786 2461 Jesu
2815 2405 3058 2467 Christi,
3091 2410 3148 2460 et
3178 2406 3236 2460 in
3267 2405 3488 2476 Spiritu
3507 2405 3612 2460 Dei
3635 2421 3772 2462 uos-

2101 2495 2173 2550 tri
2208 2495 2414 2566 (lCor.
2435 2513 2513 2563 vx,
2541 2494 2646 2564 11).
2678 2520 2698 2541 ιν
2724 2495 2907 2560 Quam
2939 2495 3116 2549 multa
3138 2511 3387 2564 possum
3409 2495 3546 2550 hinc
3569 2510 3769 2551 exem-

2101 2584 2194 2656 pla
2229 2582 2532 2656 proferret
2590 2584 2885 2655 Scriptum
2946 2587 3038 2638 est
3092 2585 3284 2639 enim:
3351 2607 3372 2632 «
3407 2583 3626 2640 Omnes
3657 2600 3768 2641 vos

2101 2690 2281 2729 unum
2314 2674 2462 2728 estis
2494 2674 2552 2728 in
2581 2672 2818 2729 Christo
2850 2673 2995 2728 Jesu
3044 2672 3262 2733 (Galat.
3322 2690 3404 2740 Ill,
3465 2671 3592 2743 28);
3628 2697 3649 2721 »ι
3711 2675 3769 2728 et

2100 2762 2240 2817 alibi
2267 2778 2280 2817 :
2321 2785 2343 2809 κ
2379 2762 2774 2817 Sanctificatis
2805 2763 2865 2816 in
2895 2761 3132 2816 Christo
3161 2763 3305 2816 Jesu
3329 2761 3384 2829 (I
3399 2762 3534 2818 Cor.
3560 2779 3598 2830 ι,
3621 2761 3710 2830 2);
3739 2785 3761 2809 υ

2100 2854 2157 2907 et
2194 2851 2438 2907 iterum:
2477 2873 2499 2898 α
2538 2851 2612 2906 Ut
2643 2867 2753 2905 nos
2783 2867 3060 2906 essemus
3107 2851 3338 2922 justitia
3390 2851 3494 2906 Dei
3541 2851 3600 2905 in
3633 2851 3766 2921 ipso

2098 2940 2183 3008 (II
2211 2939 2348 2996 Cor.
2381 2957 2438 3009 v,
2475 2939 2604 3009 21);
2641 2963 2662 2986 η
2727 2943 2783 2994 et
2839 2941 2952 2994 alio
3008 2941 3171 2994 loco:
3213 2961 3236 2990 «
3291 2939 3366 2994 Ut
3419 2939 3696 2996 excidant
3732 2955 3767 2994 a

2099 3029 2365 3085 castitate
2396 3028 2530 3099 (58),
2562 3044 2696 3101 quae
2726 3032 2818 3084 est
2846 3029 2906 3084 in
2937 3028 3175 3084 Christo
3218 3027 3364 3083 Jesu
3394 3027 3481 3098 (II
3507 3029 3643 3085 Cor.
3679 3044 3762 3099 χι,

2095 3119 2174 3190 3).
2204 3140 2225 3167 ι.

2166 3227 2256 3282 ⁸75.
2292 3226 2508 3281 Verum
2540 3225 2679 3297 quid
2712 3228 2874 3298 ago?
2908 3225 3055 3280 Dum
3114 3226 3269 3280 enim
3319 3225 3592 3280 similiter
3627 3224 3762 3281 dico

2020 3294 2073 3360 θ
2095 3317 2385 3387 scriptum
2414 3294 2656 3371 esse—de
2689 3294 2861 3382 Filio,
2894 3314 3389 3387 quemadmodum
3435 3314 3508 3369 de
3539 3313 3762 3384 Spiritu

2095 3407 2382 3476 scriptum
2411 3408 2525 3471 est,
2561 3405 2752 3477 magis
2778 3405 2921 3460 illud
2968 3405 3206 3460 incurro
3233 3419 3248 3473 ;
3282 3406 3343 3458 ut
3373 3418 3490 3458 non
3519 3403 3656 3476 quia
3687 3402 3761 3459 de

2094 3493 2243 3550 Filio
2276 3494 2562 3565 scriptum
2591 3497 2704 3563 est,
2737 3493 3024 3566 religiose
3081 3494 3301 3549 dictum
3358 3492 3629 3548 videatur
3686 3491 3759 3547 de

2093 3583 2351 3654 Spiritu:
2410 3584 2519 3638 sed
2578 3583 2716 3655 quia
2776 3583 2933 3639 idem
2963 3583 3035 3638 de
3067 3583 3289 3654 Spiritu
3324 3582 3614 3653 scriptum
3643 3584 3756 3650 est,

2092 3673 2266 3728 etiam
2297 3671 2369 3727 de
2391 3671 2540 3727 Filio
2570 3674 2811 3743 propter
2839 3671 3122 3742 Spiritum
3179 3670 3466 3743 objiciant
3509 3671 3758 3742 deroga-

2091 3765 2212 3818 tum
2246 3759 2370 3823 (59).
2403 3761 2619 3817 Dicunt
2663 3761 2857 3816 enim:
2917 3762 3216 3833 Numquid
3275 3761 3346 3816 de
3408 3761 3529 3817 Deo
3587 3759 3756 3814 Patre

2092 3851 2377 3922 scriptum
2408 3851 2538 3905 est?

2157 3957 2247 4014 76.
2281 3957 2398 4013 Sed
2427 3957 2718 4028 accipiant
2761 3956 2936 4012 etiam
2993 3958 3066 4012 dc
3121 3957 3240 4013 Deo
3288 3959 3461 4012 Patre
3491 3957 3749 4012 dictum:

2092 4071 2114 4094 α
2151 4048 2213 4102 In
2245 4046 2494 4103 Domino
2524 4046 2776 4102 laudabo
2805 4045 3052 4101 verbum
3097 4047 3284 4116 (Psal.
3338 4063 3431 4116 LV,
3464 4048 3559 4118 5);
3626 4071 3647 4096 ι)
3697 4049 3755 4102 et

2086 4137 2262 4192 alibi:
2294 4159 2316 4184 τι
2342 4137 2406 4191 In
2429 4136 2549 4191 Deo
2572 4135 2859 4190 faciemus
2879 4137 3154 4191 virtutem
3173 4136 3366 4205 (1)531.
3403 4153 3519 4204 ιιι,
3556 4137 3684 4206 t4);
3726 4161 3748 4183 »

2087 4229 2180 4281 et:
2218 4247 2239 4275 α
2275 4225 2340 4279 In
2368 4228 2424 4279 te
2455 4225 2932 4280 commemoratio
2966 4241 3091 4279 mea
3125 4241 3361 4296 semper
3390 4225 3580 4295 (Psal.
3611 4241 3747 4293 Lxx,

2085 4315 2172 4385 6);
2210 4337 2230 4362 »
2265 4317 2352 4369 et:
2389 4336 2412 4360 «
2450 4314 2513 4368 1n
2545 4314 2780 4369 nomine
2810 4316 2910 4368 tuo
2953 4313 3382 4370 exsultabimus
3427 4312 3526 4375 (60)
3560 4313 3746 4377 (Psal.

2087 4419 2371 4473 Lxxxvm,
2408 4402 2530 4470 1'7);
2569 4427 2589 4450 »ι
2652 4403 2864 4457 iterum
2911 4403 3086 4456 alibi:
3125 4424 3146 4450 α
3192 4403 3265 4456 Ut
3296 4404 3750 4458 manifestentur

2084 4545 2260 4617 cujus
2292 4545 2575 4600 doctrinae
2606 4545 2718 4600 hoc
2761 4548 2877 4599 toto
2910 4547 2966 4598 et
2998 4544 3268 4614 sequenti
3289 4545 3475 4613 capite
3497 4545 3748 4600 inhaeret

2087 4619 2465 4672 Ambrosius.

2155 4689 2270 4757 (5'7)
2305 4685 2430 4742 Vct.
2467 4687 2627 4752 edit.,
2666 4711 2687 4733 ‹‹
2724 4687 2829 4740 sed
2861 4687 3173 4758 convincat
3207 4686 3354 4740 fides
3388 4687 3695 4758 syllabam.
3720 4715 3741 4736 η

2088 4761 2258 4814 Rom.
2289 4763 2345 4814 et
2376 4758 2797 4830 mss.aliquot.
2835 4782 2854 4803 υ
2891 4757 2995 4810 sed
3035 4758 3401 4830 commendat
3435 4757 3608 4814 tidem
3626 4759 3747 4830 syl-

2085 4831 2245 4894 laba;
2276 4856 2296 4876 n
2331 4829 2545 4899 reliqui
2577 4844 2746 4898 mss.,
2781 4830 2879 4900 qui
2912 4833 2967 4883 et
3000 4828 3201 4898 plures
3246 4832 3648 4903 potioresque,
3669 4828 3747 4887 'ut

2084 4903 2144 4957 in
2167 4905 2464 4956 contextu.

2156 4973 2264 5042 (58)
2300 4973 2468 5026 Rom.
2502 4971 2664 5040 edit.,
2699 4991 2720 5020 α
2749 4969 3140 5042 Sarnctiﬁcatis
3165 4973 3220 5026 in
3245 4973 3482 5028 Christo
3518 4973 3684 5031 Jesu.
3717 4998 3738 5023 ιο

2085 5041 2427 5098 Ειιῖοιηιηιε
2474 5066 2494 5088 α
2533 5047 2593 5096 ut
2625 5053 2742 5096 non
2775 5041 3147 5096 efﬁceremur
3173 5042 3403 5113 justitia
3436 5045 3610 5101 Dei...
3645 5045 3744 5102 Sic

2083 5130 2302 5170 sensus
2333 5115 2516 5168 vestri
2549 5113 2823 5168 excidant
2847 5130 2877 5166 a
2913 5115 3198 5168 castitate.
3240 5136 3260 5162 »
3329 5117 3454 5171 Vet.
3516 5117 3652 5172 edit.
3689 5121 3746 5172 et

2081 5186 2318 5259 quidam
2341 5202 2511 5253 mss.,
2551 5207 2573 5234 α
2608 5185 3008 5239 sanctiﬁcatos
3041 5185 3098 5238 in
3127 5186 3364 5241 Christo
3407 5188 3574 5244 Jcsu.
3613 5212 3634 5236 ιι
3674 5187 3746 5243 Et

2084 5259 2328 5312 iterum:
2375 5260 2437 5311 ut
2487 5272 2598 5311 nos
2639 5271 2984 5310 essemus...
3045 5261 3103 5310 ut
3135 5259 3408 5312 excidant
3462 5276 3494 5314 a
3543 5259 3676 5314 tlde.
3713 5283 3735 5306 ω

2081 5329 2292 5400 Cisteri
2313 5344 2472 5400 imss.
2507 5328 2818 5400 nobiscum
2852 5327 3090 5400 faciunt,
3127 5329 3242 5382 nisi
3275 5331 3428 5399 quod
3450 5345 3604 5385 unus
3633 5343 3740 5400 pro

2085 5424 2105 5447 α
2147 5399 2432 5453 Excidant
2461 5415 2492 5452 a
2526 5399 2812 5466 castitate,
2853 5423 2872 5445 »ι
2909 5398 3084 5453 habet
3147 5425 3167 5446 α
3207 5398 3479 5454 excidant
3508 5416 3541 5455 a
3588 5398 3742 5454 veri-

2079 5474 2214 5527 tate.
2256 5492 2276 5520 ν

2151 5542 2258 5612 (59)
2292 5543 2367 5596 lta
2411 5544 2526 5596 vet.
2561 5543 2698 5598 edit.
2745 5558 2877 5598 cum
2918 5559 3065 5597 mss.
3110 5542 3294 5614 longe,
3325 5541 3632 5614 plurimis:
3685 5543 3744 5596 at

2083 5611 2252 5670 Rcm.
2287 5614 2424 5669 edit.
2458 5629 2593 5672 cum
2640 5614 2772 5671 aliis
2829 5615 3120 5686 pauculis,
3188 5611 3533 5684 «'objiciant
3561 5611 3743 5668 dero-

2083 5686 2356 5740 candum.
2403 5704 2426 5736 ι

2159 5701 2356 5741 nnum.
2403 5704 2426 5736 ι

2076 5701 2356 5761 ganeum.
2403 5704 2426 5736 ι

2151 5756 2249 5822 (60)
2288 5758 2454 5828 Rom.
2505 5757 2667 5828 edit.,
2706 5779 2728 5804 α
2767 5755 3188 5822 exsultabunt;
3223 5775 3250 5804 υ
3292 5753 3424 5828 alia:
3463 5765 3532 5828 ac
3562 5769 3738 5825 mss.,

2079 5848 2106 5881 c
2139 5827 2616 5899 exsuttabimus;
2652 5824 2673 5874 ἐν
2708 5828 2890 5901 aliqui
2921 5830 3134 5891 tamen,
3172 5847 3193 5868 α
3230 5824 3683 5882 exsultavimus.
3711 5824 3737 5878 ὑ
