4090 6174
367 327 496 390 ’791

1827 337 1893 402 S.
1941 339 2386 406 AMBROSII.

3679 344 3794 428 '792

382 541 560 630 opera
592 525 750 630 ejus,
781 529 1012 630 quia-in
1044 531 1179 630 Deo.
1200 535 1340 588 sunt
1367 533 1520 590 facta
1549 537 1744 605 (Joan.
1780 555 1862 630 ιιι,
1893 539 2007 612 21);
2032 561 2054 590 n
2079 521 2128 587 Α
2163 558 2301 600 men
2330 562 2462 602 cum
2492 549 2708 605 lectum
2740 551 2852 609 sit:
2904 573 2930 605 ε
2970 552 3119 619 Quia
3157 570 3264 626 pro
3317 556 3486 614 nobis
3512 564 3795 630 peccatum

381 620 441 671 et
467 615 728 674 Paulus:
770 637 794 668 α
828 619 892 674 In
926 619 1048 676 Deo
1081 621 1183 692 qui
1214 624 1407 678 omnia
1441 627 1662 682 creavit
1691 628 1938 700 (Ephes.
1974 647 2055 699 ιιι,

374 704 438 776 9)
463 719 477 760 :
514 725 538 756 ι
573 709 630 761 et
660 707 908 765 iterum:
947 731 971 757 α
995 711 1214 766 Paulus
1237 715 1294 767 et
1315 713 1612 785 Sylvanus
1635 721 1692 772 et
1712 718 2058 774 Timotheus

372 792 674 851 Ecclesiae
705 797 1342 856 Thessalonicensium
1373 802 1432 857 in
1465 796 1588 860 Deo
1647 807 1816 862 Patre
1847 811 1905 862 et
1935 808 2058 863 Do-

381 883 543 939 mino
573 884 722 941 Jesu
751 885 988 942 Christo
1018 889 1065 957 (Ι
1105 889 1312 946 Thess.
1346 909 1384 962 ι,
1420 892 1515 964 1);
1549 913 1574 946 ι
1599 896 1658 950 et
1687 895 1748 949 in
1780 896 2056 970 Evange-

381 971 498 1028 lio:
539 994 562 1022 α
598 973 728 1046 Ego
758 975 821 1029 in
853 975 1044 1047 Patre,
1079 981 1136 1033 et
1184 980 1358 1035 Pater
1414 983 1477 1037 in
1531 999 1625 1038 me
1679 984 1872 1054 (Joan.
1931 1003 2053 1058 xw,

382 1059 516 1132 10);
575 1084 598 1111 ιι
647 1065 746 1119 et:
803 1085 827 1112 «
879 1065 1056 1120 Pater
1100 1069 1201 1138 qui
1249 1069 1310 1124 iu
1361 1085 1456 1126 me
1511 1076 1708 1129 manet
1765 1073 1990 1146 (Ibid)
2031 1099 2052 1124 η

385 1148 682 1220 Scriptum
712 1153 806 1208 est
861 1153 1066 1209 etiam:
1131 1178 1154 1204 ιι
1188 1155 1302 1222 Qui
1356 1159 1672 1236 gloriatur.
1700 1163 1762 1217 iu
1807 1163 2055 1220 Domino

381 1237 676 1311 glorietur
705 1241 791 1311 (ΙΙ
819 1241 956 1299 Cor.
989 1261 1052 1314 x,
1087 1243 1219 1317 1'7);
1255 1269 1278 1294 υ
1315 1250 1374 1302 et
1399 1248 1579 1307 alibi:
1644 1273 1668 1300 α
1703 1251 1833 1308 Vita
1860 1257 2056 1309 autem

382 1331 586 1386 nostra
617 1330 964 1388 abscondita
997 1337 1092 1389 est
1123 1351 1258 1390 cum
1289 1335 1529 1394 Christo
1555 1339 1615 1396 in
1642 1339 1764 1397 Deo
1795 1341 2052 1412 (Coloss.

385 1436 469 1490 ιιι,
500 1418 576 1490 3).
617 1443 638 1466 η
672 1419 973 1494 Numquid
1004 1423 1102 1479 hic
1134 1425 1268 1494 plus
1298 1425 1448 1483 Filio
1480 1444 1657 1500 quam
1696 1431 1855 1486 Patri
1886 1433 2056 1489 detu-

383 1508 470 1578 lit,
503 1511 566 1565 ut
593 1507 658 1564 in
687 1509 809 1566 Deo
844 1527 957 1566 nos
991 1512 1214 1568 diceret
1255 1530 1397 1571 esse
1427 1532 1564 1572 cum
1619 1517 1904 1578 Christo?
1959 1524 2061 1576 aut

385 1599 672 1670 numquid
699 1599 834 1671 plus
868 1604 1072 1656 nostra
1104 1604 1364 1660 conditio
1413 1621 1592 1677 quam
1623 1599 1768 1664 649
1801 1610 2058 1682 Spiritus

383 1686 577 1760 gratia
609 1687 726 1743 sibi
769 1689 1070 1762 vindicat;
1103 1694 1165 1746 ut
1221 1708 1333 1749 nos
1387 1695 1695 1765 possimus
1752 1713 1892 1755 esse
1922 1716 2057 1756 cum

385 1773 643 1846 Christo,
678 1776 935 1849 Spiritus
965 1785 1210 1836 sanctus
1241 1797 1382 1838 esse
1412 1800 1530 1840 non
1551 1788 1794 1856 possit?
1824 1788 1893 1843 Et
1924 1805 2058 1845 cum

385 1863 662 1922 Christus
710 1867 853 1923 velit
899 1884 1040 1924 esse
1088 1871 1436 1941 uobiscum,
1486 1874 1643 1930 sicut
1695 1877 1825 1948 ipse
1870 1877 2054 1935 dixit:

389 1975 413 2000 «
448 1953 642 2025 Pater,
677 1972 830 2028 quos
861 1957 1077 2014 dedisti
1108 1961 1273 2030 mihi,
1307 1961 1442 2018 volo
1475 1963 1537 2018 ut
1568 1964 1646 2020 ibi
1675 1981 1790 2038 ego
1822 1983 1977 2037 sum,
2001 1971 2059 2024 et

384 2042 503 2114 ipsi
524 2044 645 2099 sint
667 2048 1103 2117 mecum(Joan.
1129 2067 1275 2120 xvu,
1295 2050 1408 2122 24),
1435 2074 1458 2101 η
1508 2053 1864 2126 dedignetur
1919 2072 2058 2114 esse

387 2148 521 2188 cum
551 2133 816 2204 Spiritu?
848 2135 1148 2208 Scriptum
1179 2142 1273 2194 est
1330 2140 1504 2196 etiam
1531 2157 1544 2197 :
1583 2165 1606 2190 «
1639 2142 2056 2202 Couvenienti-

384 2220 501 2278 bus
531 2223 708 2279 vobis
736 2226 796 2281 et
823 2241 956 2282 meo
985 2227 1207 2299 Spiritu
1239 2245 1373 2285 cum
1405 2231 1618 2287 virtute
1647 2231 1878 2288 Domini
1910 2235 2058 2293 Jesu

385 2309 500 2384 (61)
531 2311 589 2382 (Ι
605 2312 742 2370 Cor.
772 2331 830 2386 v,
863 2315 940 2386 4).
981 2337 1005 2368 ι
1041 2316 1202 2390 Ergo
1231 2334 1344 2374 nos
1377 2334 1510 2374 cum
1566 2321 1780 2378 virtute
1824 2321 2060 2381 Domini

387 2403 799 2474 convenimus,
833 2408 890 2460 et
917 2405 1207 2462 audemus
1239 2408 1438 2464 dicere
1469 2410 1630 2482 quod
1661 2411 1808 2468 nolit
1854 2413 2059 2471 Domi-

384 2483 502 2546 nus
534 2491 716 2548 Jesus
749 2509 882 2548 cum
913 2494 1133 2566 Spiritu
1193 2499 1533 2571 convenire,
1593 2500 1696 2573 qui
1738 2517 1858 2559 nou
1889 2504 2056 2560 dedi-

387 2585 606 2653 gnatur
635 2584 956 2640 convenire
995 2585 1344 2642 nobiscum!

459 2704 550 2761 ἿἻ.
583 2705 819 2762 Nullam
850 2707 1033 2782 igitur
1062 2709 1399 2768 distantiam
1428 2715 1590 2785 putat
1605 2717 1930 2788 Apostolus
1947 2719 2059 2776 hac

389 2793 584 2849 anilla
629 2795 858 2867 syllaba
897 2799 1104 2856 utaris.
1147 2800 1384 2872 Syllaba
1419 2804 1578 2860 enim
1614 2805 2057 2878 conjunctionis

390 2885 503 2954 est,
533 2885 877 2957 coujunctio
901 2891 1097 2944 autem
1123 2890 1560 2962 sejunctionem
1596 2910 1716 2950 non
1739 2895 1878 2952 facit
1903 2912 1920 2968 ;
1962 2913 2061 2956 ne-

388 2987 504 3044 que
521 2974 678 3030 enim
694 2977 749 3032 si
767 2976 1076 3050 divideret,
1101 2981 1444 3054 conjunctio
1481 2983 1799 3041 diceretur.

459 3097 548 3155 '78.
580 3098 732 3166 Quid
762 3103 946 3176 igitur
975 3107 1031 3160 te
1063 3109 1260 3162 movet
1291 3109 1354 3162 ut
1385 3107 1551 3163 dicas
1581 3109 1718 3181 quia
1749 3110 1938 3184 glOria
1970 3115 2063 3168 est

389 3186 512 3245 Deo
543 3189 723 3260 Patri,
757 3192 852 3248 vel
883 3191 1120 3250 Christo
1153 3195 1307 3268 ejus,
1339 3197 1477 3268 vita,
1509 3197 1720 3266 virtus,
1783 3202 2060 3272 magniﬁ-

389 3280 600 3350 centia,
632 3285 899 3352 potestas
930 3284 991 3338 in
1037 3266 1260 3356 Spiritu
1295 3266 1549 3357 sancto,
1583 3291 1641 3343 et
1671 3289 1826 3344 nolis
1860 3266 2058 3348 dicere
2084 3266 2140 3337 ο

388 3383 523 3424 cum
553 3369 775 3442 Spiritu
805 3377 1013 3429 sancto
1031 3375 1062 3432 ?
1093 3378 1184 3430 Au
1215 3375 1354 3447 quia
1381 3376 1558 3432 times
1587 3393 1661 3434 ne
1691 3381 1750 3434 et
1777 3378 2058 3450 Spiritum

390 3472 525 3514 cum
565 3459 738 3516 Patre
769 3465 828 3518 et
869 3461 1020 3520 Filio
1061 3466 1298 3520 sociare
1327 3465 1636 3523 videaris?
1691 3467 1808 3524 Sed
1838 3470 1974 3525 audi
2002 3473 2062 3526 et

388 3547 464 3604 de
493 3547 716 3620 Spiritu
749 3553 1075 3625 scriptum:
1123 3579 1144 3603 α
1181 3556 1308 3612 Lex
1340 3556 1496 3612 enim
1545 3556 1801 3628 Spiritus
1831 3559 1968 3616 vitae
1997 3559 2059 3616 in

389 3635 629 3696 Christo
658 3641 805 3697 Jesu
833 3643 1022 3713 (Rom.
1052 3661 1178 3714 VIII,
1210 3643 1289 3715 2).
1326 3669 1348 3694 ιι
1401 3645 1473 3701 Et
1512 3645 1652 3702 alibi
1685 3647 1845 3704 Deus
1886 3648 2060 3704 Pater

391 3725 568 3794 dicit:
633 3750 657 3782 ι
691 3730 762 3786 Et
791 3732 1120 3789 adorabunt
1149 3737 1227 3795 te.
1261 3737 1319 3790 et
1353 3735 1416 3790 in
1471 3739 1530 3791 te
1584 3736 2060 3807 deprecabuntur

389 3815 530 3886 (Isa.
562 3834 699 3887 xnv,
731 3820 842 3891 14).
881 3845 905 3870 ι»
939 3822 1004 3877 In
1033 3822 1272 3879 Christo
1303 3840 1476 3880 orare
1506 3840 1617 3880 nos
1647 3826 1865 3883 debere
1898 3828 2056 3884 Deus

392 3903 568 3960 Pater
594 3908 774 3978 dicit;
806 3911 863 3965 et
893 3914 954 3966 tu
983 3915 1156 3982 putas
1205 3912 1449 3983 Spiritui
1479 3914 1780 3988 derogari,
1812 3915 1866 3972 si
1896 3919 1955 3972 in
1986 3934 2056 3974 eo

393 3993 588 4066 gloria
616 3995 837 4054 Christi
865 4015 1006 4056 esse
1035 4001 1299 4058 dicatur!

465 4101 556 4158 ’79.
585 4103 740 4160 Audi
768 4107 927 4178 quod
954 4107 1129 4164 times
1159 4108 1232 4164 de
1263 4107 1484 4180 Spiritu
1515 4109 1802 4180 conﬁteri,
1833 4127 1952 4168 non
1981 4114 2058 4168 ti-

394 4191 624 4248 muisse
655 4193 729 4249 de
761 4210 828 4250 se
862 4195 981 4252 sibi
1003 4197 1353 4269 Apostolum
1381 4198 1720 4269 vindicare;
1753 4199 1832 4255 ait
1861 4203 2055 4260 enim:

398 4302 422 4328 α
457 4281 750 4353 Dissolvi,
811 4286 870 4340 et
925 4301 1060 4341 cum
1115 4286 1352 4344 Christo
1411 4303 1550 4344 esse
1605 4289 1786 4345 multo
1843 4291 2058 4349 melius

394 4370 682 4446 (Philipp.
716 4391 757 4445 ι,
791 4373 903 4446 23).
953 4374 1098 4432 Cum
1156 4393 1274 4450 quo
1331 4377 1514 4450 igitur
1571 4380 1664 4434 est
1708 4379 2054 4453 Apostolus,

393 4475 528 4516 cum
559 4477 630 4518 eo
659 4479 849 4538 negas
880 4479 1019 4521 esse
1049 4465 1352 4538 Spiritum,
1383 4483 1492 4538 per
1529 4483 1705 4540 quem
1733 4469 2056 4542 Apostolus

393 4551 608 4607 meruit
636 4567 776 4609 esse
807 4569 942 4610 cum
971 4553 1254 4611 Christo?

463 4676 552 4732 80.
583 4676 728 4743 Quae
758 4679 942 4751 igitur
973 4679 1120 4736 ratio
1170 4683 1282 4754 est,
1314 4684 1378 4736 ut
1413 4682 1475 4737 iu
1505 4681 1726 4753 Spiritu
1763 4683 1936 4740 malis
1965 4683 2060 4739 di-

394 4780 551 4836 cere,
609 4783 787 4839 quam
845 4783 979 4824 cum
1036 4769 1258 4840 Spiritu
1317 4771 1568 4844 gloriam
1624 4771 1730 4828 Dei
1779 4787 1918 4828 esse
1961 4773 2059 4829 vel

393 4851 657 4912 Christi?
685 4857 778 4912 Au
809 4859 947 4930 quia
980 4859 1035 4914 si
1065 4859 1232 4915 dicas
1263 4859 1324 4914 in
1345 4859 1587 4931 Spiritu,
1611 4861 1804 4917 minor
1819 4861 2056 4918 Christo

393 4941 650 5014 Spiritus
679 4941 1011 5002 declaratur
1057 4947 1210 5016 (62)?
1260 4947 1542 5014 Quamvis
1595 4949 1708 5005 hoc
1747 4949 2057 5006 refutabile

356 5079 364 5084 .
393 5026 492 5103 sit,
516 5034 586 5110 ut
614 5032 900 5108 majorem
929 5035 1244 5094 Dominum
1289 5035 1475 5094 facias
1515 5040 1575 5094 et
1601 5039 1927 5110 minorem;
1965 5043 2057 5094 ta-

405 5163 576 5248 ”(61)
605 5173 890 5235 Nonnulli
919 5191 1092 5248 mss.,
1131 5201 1152 5226 «ι
1188 5177 1249 5234 iu
1299 5179 1514 5237 virtute
1563 5179 1795 5238 Domini
1823 5180 1990 5238 Jesu.
2028 5204 2052 5232 ιι

390 5247 730 5306 Perneram.

467 5261 730 5306 irneram.

399 5263 730 5325 perperam.
857 5317 861 5326 η
936 5321 943 5328 ι
1267 5323 1280 5335 ,
1627 5324 1641 5336 ⁹
1902 5324 1914 5337 .

399 5389 433 5406 Ν
604 5317 824 5406 Omnes
855 5319 992 5406 e‘dit.
1015 5336 1084 5378 ac
1115 5319 1281 5406 multi
1314 5335 1486 5406 mss.,
1515 5338 1759 5406 «minor
1777 5321 2052 5406 Christus

389 5389 611 5464 Spiritu
642 5391 1011 5448 declaretur:
1052 5413 1076 5445 ι
1111 5397 1339 5464 septem
1359 5389 1560 5450 tamen”
1584 5397 1824 5452 codices
1858 5395 2055 5452 melio-

388 5465 476 5540 ris
507 5467 684 5540 uotae,
715 5467 778 5520 ut
806 5465 866 5519 iu
895 5467 1077 5540 textu.
1109 5465 1182 5520 Et
1222 5465 1374 5522 hanc
1421 5467 1735 5540 lectionem
1767 5467 2052 5533 manifes-

386 5531 622 5604 tiSSime
654 5531 876 5590 sensus
906 5537 1110 5604 exigit.
1281 5593 1284 5596 .

399 5607 414 5682 ς·
462 5603 713 5682 (63)-810-
735 5619 944 5682 omnes
964 5603 1112 5682 pedit.
1143 5621 1212 5682 ac
1243 5608 1447 5682 plures
1480 5621 1650 5673 mss.,
1675 5606 2053 5682 aliorumaue

390 5677 802 5750 templiquihu
832 5679 931 5750 ille
959 5679 1277 5750 invenitur,
1312 5678 1548 5750 iu__quo
1605 5681 1816 5750 sumus
1843 5677 2060 5750 poten-a

389 5743 503 5820 tas;
535 5743 655 5824 non
674 5743 928 5828 infirmi;
982 5771 1005 5797 »ι
1047 5743 1302 5828 ᾳῐίειᾳὶςι
1354 5743 1466 5828 ille
1496 5745 1818 5828 invenitur,
1844 5743 1907 5824 in
1934 5763 2052 5828 quo

393 5813 603 5876 sumus
629 5813 1007 5891 potissimum
1035 5813 1435 5889 uos-inﬁrmi;
1471 5836 1495 5866 ι
1537 5813 2052 5891 alii‘deuique"ab

2081 4633 2141 4702 ι)

2165 634 2356 690 factus
2388 640 2482 692 est
2509 638 2785 696 Christus
2825 644 2889 698 ut
2945 659 3056 698 nos
3113 661 3387 701 essemus
3435 647 3657 719 justitia
3702 653 3796 708 Dei

2163 725 2225 779 in
2255 727 2387 796 ipso
2416 727 2502 798 (ΙΙ
2547 728 2682 786 Cor.
2728 747 2785 801 v,
2828 731 2957 802 2t);
3011 754 3032 782 ιι
3088 733 3186 789 ille
3235 735 3528 791 invenitur
3572 739 3794 808 potissi-

2163 830 2317 886 mus,
2352 815 2411 870 iu
2446 833 2562 888 quo
2611 833 2820 874 sumus
2868 837 2978 877 nos
3024 822 3209 878 intimi
3243 823 3377 894 (63).
3411 825 3508 880 Sic
3568 830 3624 882 et
3673 828 3799 884 alibi

2161 903 2378 960 habes:
2429 905 2576 972 Quia
2607 910 2800 963 omnia
2860 910 2918 965 in
2975 911 3107 982 ipso
3168 917 3442 969 constant
3497 914 3732 985 (Coloss.
3762 935 3796 988 ι,

2163 991 2274 1064 1'7),
2313 1017 2336 1043 η
2371 994 2484 1051 hoc
2515 999 2608 1052 est
2637 997 2697 1052 in
2727 997 2862 1070 ejus
2894 999 3131 1056 virtute.
3167 1001 3290 1056 Nec
3324 1005 3643 1074 comparari
3669 1022 3798 1077 pos-

2163 1085 2302 1138 sunt
2332 1083 2434 1154 illi,
2467 1101 2600 1157 quae
2632 1087 2691 1141 iu
2722 1103 2792 1142 eo
2825 1093 3130 1160 constant;
3171 1093 3307 1162 quia
3341 1107 3416 1146 ex
3447 1094 3655 1150 virtute
3681 1093 3800 1168 ejus

2162 1175 2225 1227 ut
2253 1178 2544 1246 constent,
2579 1176 2972 1233 substantiam
3003 1185 3472 1254 consequuntur.

2231 1280 2320 1336 81.
2355 1281 2655 1354 Numquid
2685 1283 2869 1356 igitur
2916 1285 3004 1340 sic
3039 1286 3225 1342 Deum
3276 1305 3532 1362 regnare
3564 1290 3730 1348 vultis
3753 1293 3804 1347 in

2163 1368 2402 1441 Spiritu,
2435 1374 2498 1426 ut
2525 1373 2714 1428 virtus
2731 1373 2988 1444 Spiritus
3013 1377 3304 1447 regnandi
3342 1379 3465 1434 Deo
3482 1380 3808 1452 principium

2165 1460 2335 1531 quasi
2365 1460 2502 1516 fons
2532 1461 2768 1533 quidam
2799 1463 3148 1520 substantiae
3191 1467 3523 1538 largiatur?
3571 1469 3682 1524 Sed
3709 1469 3806 1526 hoc

2161 1549 2404 1620 impium
2435 1553 2546 1606 est.
2583 1551 2654 1606 Et
2682 1552 2814 1608 ideo
2870 1557 2932 1608 ut
2988 1569 3165 1608 uuam
3222 1555 3419 1610 Patris
3477 1560 3534 1612 et
3587 1557 3709 1614 Filii
3761 1562 3810 1614 et

2163 1638 2417 1710 Spiritus
2449 1641 2640 1696 sancti
2667 1641 2931 1713 majores
2978 1643 3166 1698 nostri
3225 1645 3339 1716 (64)
3402 1646 3681 1717 dicereut,
3711 1663 3807 1719 po-

2160 1730 2451 1798 testatem,
2486 1745 2620 1785 cum
2648 1731 2862 1801 spiritu
2893 1731 3144 1805 gloriam
3181 1733 3404 1789 Christi
3437 1751 3576 1791 esse
3606 1752 3809 1792 memo-

2159 1818 2388 1890 rabant,
2421 1834 2538 1892 quo
2569 1819 2930 1876 individuam
2964 1822 3239 1893 copulam
3272 1823 3663 1883 declararent.

2077 1903 2128 1966 B
2232 1943 2321 1999 82.
2353 1943 2658 2010 Quomodo
2715 1946 2874 2002 enim
2931 1951 3244 2018 separatur
3295 1951 3562 2021 Spiritus
3593 1953 3814 2007 sanctus

2159 2049 2193 2088 a
2225 2032 2394 2104 Filio,
2425 2050 2562 2090 cum
2595 2056 2619 2086 ι
2668 2034 2799 2106 ipse
2852 2035 3109 2107 Spiritus
3165 2039 3576 2095 testimonium
3627 2040 3812 2096 reddat

2163 2123 2393 2194 spiritui
2427 2127 2632 2179 nostro
2665 2125 2824 2196 quo'd
2882 2141 3092 2181 sumus
3149 2127 3255 2182 ﬁlii
3314 2128 3478 2184 Dei?
3534 2129 3594 2184 Si
3643 2133 3817 2184 autem

2164 2213 2288 2282 lilii,
2323 2216 2380 2268 et
2408 2213 2716 2269 haeredes:
2751 2213 3025 2269 haeredes
3057 2216 3294 2287 quidem
3329 2217 3462 2288 Dei,
3483 2217 3810 2274 cohaeredes

2165 2304 2358 2357 autem
2389 2301 2612 2358 Christi
2641 2303 2830 2373 (Rom.
2860 2320 2982 2374 Vill,
3017 2304 3102 2371 16,
3129 2305 3240 2375 1'7).
3277 2325 3300 2356 ι
3336 2304 3490 2371 Quis
3519 2307 3697 2381 igitur
3719 2309 3818 2362 tam

2164 2406 2392 2462 amens,
2423 2391 2522 2464 qui
2555 2391 3033 2464 conjunctionem
3066 2393 3328 2464 Spiritus
3360 2399 3424 2452 et
3455 2395 3673 2452 Christi
3703 2397 3814 2451 dis-

2164 2481 2356 2536 societ
2375 2481 2836 2552 sempiternam;
2870 2498 3005 2537 cum
3039 2482 3296 2552 Spiritus
3328 2484 3513 2540 etiam
3546 2483 3818 2557 disjuucta

2165 2573 2493 2640 conuectat,
2525 2585 2633 2642 per
2658 2586 2835 2644 quem
2865 2571 3085 2626 Christi
3117 2571 3414 2628 efﬁcimur
3445 2573 3814 2630 cohaeredes?

2247 2687 2392 2752 650
2425 2695 2512 2752 83.
2551 2719 2573 2742 «
2635 2695 2699 2751 Si
2755 2697 2972 2766 tamen,
3009 2695 3216 2768 inquit,
3251 2698 3660 2770 compatimur,
3689 2697 3819 2752 utet

2167 2787 2686 2860 congloriticemur
2735 2785 2906 2855 (Ibid.
2939 2785 3050 2854 17).
3088 2809 3110 2832 »
3153 2787 3212 2839 Si
3250 2802 3360 2841 nos
3413 2803 3564 2861 ergo
3595 2787 3819 2860 conglo-

2165 2875 2530 2930 riﬁcahimur
2560 2891 2693 2930 cum
2741 2875 2980 2930 Christo
3041 2891 3146 2946 per
3203 2875 3512 2948 Spiritum.
3544 2875 3816 2950 quomodo

2167 2969 2224 3020 et
2237 2965 2430 3036 ipsum
2445 2963 2882 3037 congloriiicari
2895 2963 3131 3019 Christo
3145 2964 3430 3034 Spiritum
3455 2965 3814 3022 recusamus?

2167 3054 2578 3109 Dissociamus
2609 3054 2787 3106 vitam
2819 3052 3040 3107 Christi
3071 3057 3127 3108 et
3155 3053 3418 3123 Spiritus
3454 3055 3666 3126 sancti,
3697 3069 3814 3108 cum

2165 3142 2420 3213 Spiritus
2451 3141 2606 3196 dicat
2634 3141 2790 3214 quod
2837 3141 3013 3196 simul
3045 3143 3257 3196 victuri
3311 3158 3531 3200 sumus
3565 3160 3693 3200 cum
3721 3143 3815 3198 Dei

2165 3231 2362 3288 Filio?
2391 3231 2544 3286 Dicit
2586 3233 2742 3286 enim
2803 3231 3162 3302 Apostolus:
3232 3253 3257 3282 ‹‹
3302 3231 3364 3286 Si
3397 3236 3598 3288 autem
3626 3231 3818 3288 mortui

2165 3337 2376 3377 sumus
2406 3337 2540 3377 cum
2568 3320 2827 3390 Christo,
2871 3320 3168 3376 credimus
3231 3321 3394 3394 quod
3452 3324 3631 3377 etiam
3660 3319 3820 3376 simul

2163 3411 2436 3467 vivemus
2467 3428 2600 3466 cum
2630 3411 2729 3466 illo
2761 3410 2948 3482 (Rom.
2987 3427 3060 3479 vx,
3095 3409 3148 3479 8)
3176 3425 3190 3480 ;
3229 3432 3248 3458 η
3306 3409 3533 3466 deinde
3565 3411 3738 3467 alibi:
3767 3409 3822 3465 Si

2165 3501 2321 3557 enim
2353 3501 2758 3572 compatimur,
2794 3499 3002 3572 inquit,
3037 3503 3094 3554 ct
3124 3499 3525 3556 convivemus
3551 3518 3564 3556 :
3596 3517 3700 3556 uec
3728 3513 3818 3555 so-

2166 3590 2286 3646 lum
2319 3592 2726 3656 couvivemus,
2750 3590 2854 3645 sed
2890 3590 3064 3645 ctiam
3095 3589 3703 3661 congloriiicabimur,
3725 3602 3819 3644 nec

2168 3680 2362 3736 solum
2379 3679 2982 3754 conglorificahimur,
3008 3679 3116 3750 sed
3135 3679 3307 3733 etiam
3331 3679 3818 3755 cunregnabimus

2167 3769 2252 3841 (II
2273 3770 2416 3825 Tim.
2451 3788 2512 3840 ιι,
2547 3769 2634 3840 11,
2670 3770 2802 3840 12.).
2841 3789 2864 3820 ν

2237 3877 2326 3934 84.
2358 3878 2492 3934 Non
2523 3880 2614 3932 est
2642 3877 2824 3949 igitur
2854 3877 2913 3931 in
2945 3876 3195 3948 syllabis
3214 3875 3346 3930 istis
3376 3876 3502 3932 ulla
3520 3875 3821 3943 discretio;

2165 3971 2412 4041 utraque
2444 3967 2598 4022 enim
2648 3965 2876 4038 syllaba
2925 3965 3364 4038 conjunctionis
3412 3970 3530 4022 est.
3573 3965 3818 4036 Denique

2168 4073 2331 4130 saepe
2355 4057 2684 4128 reperimus
2706 4056 2767 4110 in
2789 4055 3114 4126 Scripturis
3136 4055 3378 4109 alteram
3399 4054 3814 4126 interpositam,

2167 4151 2224 4202 et
2252 4147 2492 4202 alteram
2525 4146 2900 4213 intellectam,
2935 4144 3091 4200 sicut
3139 4144 3425 4214 scriptum
3489 4148 3616 4200 est:
3677 4164 3700 4194 ι
3732 4141 3815 4195 Ιιι-

2166 4237 2358 4292 troibo
2391 4237 2450 4291 in
2479 4237 2716 4292 domum
2746 4238 2905 4290 tuam
2949 4235 3010 4289 in
3068 4232 3436 4290 holocaustis
3467 4233 3659 4304 (Psal.
3690 4247 3812 4298 va,

2167 4323 2278 4397 13),
2317 4349 2338 4374 »
2373 4325 2486 4380 hoc
2516 4327 2628 4394 est,
2661 4340 2792 4378 cum
2815 4323 3182 4378 holocaustis
3209 4339 3224 4389 ;
3257 4326 3314 4378 et
3343 4322 3486 4378 alibi
3512 4339 3526 4378 :
3552 4345 3574 4373 α
3599 4319 3814 4388 Eduxit,

2165 4415 2374 4488 inquit,
2398 4429 2504 4469 eos
2534 4413 2596 4468 iu
2631 4415 2878 4486 argento
2909 4415 2966 4468 et
3002 4428 3147 4467 auro
3195 4410 3383 4482 (PsaI.
3418 4427 3538 4478 σιν,
3573 4411 3686 4480 3Ἷ),
3715 4409 3815 4463 hoc

2165 4507 2278 4574 est,
2313 4519 2446 4558 cum
2475 4504 2722 4575 argento
2750 4505 2808 4558 et
2835 4517 3000 4557 auro.
3036 4501 3193 4556 Alibi
3223 4515 3460 4572 quoque
3491 4501 3609 4556 ait:
3638 4523 3660 4549 ιι
3695 4497 3814 4552 Νοιι

2165 4592 2496 4666 egredieris
2530 4591 2589 4646 in
2617 4591 2938 4646 virtutibus
2968 4588 3485 4645 nobiscumtl’sal.
3508 4605 3666 4658 xuii,
3698 4585 3813 4655 10);

2162 4698 2270 4755 pro
2301 4697 2369 4736 eo
2402 4680 2558 4753 quod
2588 4683 2698 4748 cst,
2734 4695 2866 4733 cum
2898 4679 3234 4732 virtutibus.
3272 4677 3430 4750 Ergo
3491 4694 3624 4732 cum
3681 4679 3732 4729 et
3759 4673 3810 4725 in

2161 4787 2278 4827 usu
2309 4769 2606 4826 sermonis
2637 4767 2926 4823 calumnia
2958 4784 3094 4822 esse
3125 4784 3240 4822 non
3274 4769 3484 4837 possit,
3518 4769 3576 4822 et
3603 4782 3676 4821 ex
3705 4777 3815 4818 ser-

2163 4875 2336 4916 mone
2356 4859 2642 4922 calumnia
2666 4857 2951 4912 divinitati
2983 4873 3099 4912 non
3136 4856 3346 4911 debeat
3385 4855 3648 4921 excitari,
3673 4865 3810 4923 opus

2162 4953 2255 5004 est
2284 4953 2347 5004 ut
2376 4949 2446 5003 ad
2473 4947 2762 5020 justitiam
2794 4945 2972 5002 corde
2995 4945 3289 5014 credatur,
3323 4947 3379 4998 ct
3399 4959 3474 4999 ex
3491 4944 3604 4998 ﬂde
3625 4939 3808 4996 cordis

2163 5039 2264 5094 flat
2293 5037 2366 5094 ad
2426 5037 2675 5093 salutem
2733 5036 2794 5090 in
2853 5051 2954 5090 ore
3013 5034 3318 5090 confessio
3379 5032 3564 5103 (Rom.
3598 5048 3654 5100 v,
3687 5027 3804 5085 10.).

2163 5181 2300 5237 edit.
2330 5180 2444 5236 hoc
2474 5179 2604 5234 solo
2635 5179 2872 5250 distant,
2907 5177 3062 5251 quod
3098 5177 3278 5232 verbo
3334 5199 3352 5224 α
3391 5188 3616 5244 sumus,
3655 5194 3676 5222 ι
3709 5169 3804 5224 ad-

2155 5252 2428 5334 jici-illiilli
2463 5253 2638 5334 POSll‘l
2648 5273 2722 5334 .“u:

2234 5324 2345 5398 (64)
2375 5315 2485 5388 Qui
2515 5321 2742 5398 sintilli
2777 5319 3043 5398 majores
3070 5317 3342 5398 quamvis
3373 5318 3486 5398 hoc
3529 5315 3804 5398 loco‘nou

2162 5384 2508 5466 explicetur,
2543 5394 2714 5448 facile
2743 5384 2938 5448 tamen
2971 5384 3268 5466 intelliges
3303 5407 3378 5443 cx
3412 5385 3607 5466 Basilii
3632 5384 3729 5464 lib:
3750 5395 3804 5434 ιιι

2159 5460 2258 5522 De'
2280 5467 2511 5538 Spiritu
2541 5471 2763 5538 sancto,
2799 5481 2924 5535 cap.
2959 5464 3052 5538 “29,
3082 5463 3176 5538 ubi
3225 5477 3427 5515 eorum
3455 5460 3535 5538 _et
3583 5460 3799 5538 nomina

2160 5527 2342 5593 refert
2374 5540 2430 5606 et
2461 5537 2660 5591 verba.
2698 5527 2844 5608 Nam
2871 5527 3008 5608 cum
3033 5527 3136 5588 hic
3165 5538 3418 5608 _tnntnm
3452 5527 3801 5608 innuat_Am-

2159 5599 2424 5676 brosius,
2457 5607 2654 5678 quanti
2688 5606 3012 5678 faciendam
3058 5605 3390 5678 traditionis
3421 5599 3798 5678 auctoritatem

2161 5679 2354 5748 putet;
2389 5667 2572 5752 inulto
2609 5677 2803 5752 fusius
2841 5677 3094 5752 Basilius
3125 5676 3180 5729 id
3214 5673 3617 5752 argumentum
3639 5667 3797 5722 citato

2159 5743 2216 5818 et
2237 5743 2532 5837 superiori
2563 5763 2689 5824 cap.
2725 5747 2995 5828 ejusdem
3029 5746 3128 5802 lib.
3163 5765 3224 5801 ιιι
3253 5743 3642 5819 prosequitur.
