4090 6174
171 394 295 456 793

1338 400 1449 493 DE
1490 400 1830 467 SPIRITU
1864 404 2197 469 SANCTO
2246 407 2407 469 LIB.
2457 411 2537 471 ΙΙ.

3511 412 3631 478 794

170 594 286 689 :Sed
318 594 417 666 qui
453 596 631 651 corde
650 613 768 652 non
802 597 1067 672 credunt,
1090 600 1438 656 calumniam
1463 605 1693 657 struunt
1718 621 1848 659 ver-
1882 593 2235 689 Atanquam
2270 615 2736 683 compugnantes
2768 614 3010 686 syllabae
3042 615 3193 685 istae,
3214 615 3321 670 sed
3349 596 3627 687 tanquam

167 682 284 738 bis.

809 778 1060 835 CAPUT
1101 778 1201 836 IX.

165 880 571 953 Apostolicum
595 886 777 940 locum
798 905 905 959 quo
926 889 1217 951 lueretiri,
1254 895 1310 942 ut
1335 888 1660 944 discrimen
1684 891 1849 945 indu-

232 964 446 1031 cerent
471 958 930 1031 interpersonas
948 960 1205 1028 divinas,
1228 961 1641 1029 abolebantur,
1672 980 1844 1031 (πίνο-

231 1025 322 1079 nit
339 1048 356 1080 :
370 1034 430 1081 et
454 1025 756 1082 declarata
775 1031 1076 1083 [rereticze
1093 1025 1616 1102 interpretationis
1631 1025 1839 1102 impin-

232 1102 377 1161 tate,
398 1102 662 1174 ostendit
679 1101 864 1155 locum
886 1103 907 1155 i
914 1110 1185 1172 ntegrum
1200 1104 1273 1157 de
1296 1104 1551 1174 singulis
1565 1101 1844 1173 personis

231 1176 405 1224 recte
427 1172 552 1225 dici
579 1188 755 1242 posse
776 1192 791 1232 ,-
825 1190 990 1244 quem
1017 1180 1207 1227 tamen
1238 1172 1482 1244 preprie
1514 1172 1587 1227 ad
1625 1176 1840 1229 Filium

226 1244 548 1316 pertinere
565 1245 805 1316 astruit;
825 1252 1126 1314 postremo
1145 1247 1294 1316 quod
1306 1245 1537 1298 afﬁrma
1553 1254 1714 1299 verat
1732 1264 1841 1299 0."!!-

230 1313 332 1388 nia
346 1314 612 1388 ejusdem
625 1314 740 1368 loci
752 1313 1014 1388 membra
1031 1313 1339 1388 unicuique
1349 1332 1619 1386 persona:
1637 1336 1739 1370 con
1756 1336 1836 1369 γυ-

232 1385 604 1459 nire,multis
625 1386 930 1440 confirmat
953 1385 1313 1441 testimoniis
1328 1385 1359 1449 ,V
1375 1394 1431 1439 et
1455 1404 1520 1440 eo
1542 1390 1667 1456 ipso
1689 1390 1837 1459 quod

227 1454 418 1528 Patri
447 1459 736 1528 competit,
774 1465 831 1510 ut
872 1458 1126 1523 dicatur,
1163 1475 1235 1512 ex
1270 1460 1366 1511 illo
1396 1454 1606 1519 omnia,
1646 1454 1836 1512 (vllum

230 1527 421 1651 etiam
458 1527 638 1581 tribui
652 1544 830 1599 posse
850 1545 955 1599 per
979 1529 1141 1583 illum
1169 1534 1224 1584 et
1252 1530 1309 1584 in
1337 1530 1436 1583 illo
1469 1531 1658 1585 omnia
1686 1534 1837 1585 scite

230 1614 302 1651 eo
354 1604 485 1651 mit.

229 1604 485 1668 colligit.

223 1685 318 1739 85.
364 1686 631 1757 Denique
664 1688 856 1742 simile
899 1692 953 1742 et
986 1689 1124 1742 illud
1178 1692 1287 1758 est,
1332 1690 1485 1759 quod
1520 1690 1680 1743 aiunt
1710 1691 1837 1745 dis-

158 1775 484 1829 cretionem
518 1792 672 1840 esse,
708 1780 843 1848 quia
876 1779 1163 1848 scriptum
1194 1782 1322 1833 est:
1363 1802 1384 1829 α
1420 1780 1610 1834 Nobis
1643 1785 1836 1834 autem

158 1880 315 1918 unus
366 1866 530 1919 Deus
562 1866 753 1933 Pater,
787 1882 862 1920 ex
908 1884 1024 1937 quo
1057 1868 1270 1935 omnia,
1305 1871 1360 1923 et
1388 1883 1500 1923 nos
1535 1869 1591 1922 in
1624 1869 1785 1923 illum
1825 1886 1837 1924 :

157 1956 211 2007 et
239 1970 403 2008 unus
435 1954 722 2009 Dominus
754 1955 934 2010 Jesus
976 1956 1247 2010 Christus
1278 1973 1384 2027 per
1412 1973 1585 2028 quem
1618 1960 1831 2029 omnia,
1871 1973 1917 2030 Β

156 2046 207 2095 et
238 2058 354 2097 nos
386 2059 495 2113 per
526 2045 718 2114 ipsum
749 2044 805 2113 (Ι
833 2045 969 2099 Cor.
1000 2062 1123 2111 vm,
1158 2046 1232 2114 6).
1270 2046 1484 2100 Volunt
1518 2048 1672 2100 enim
1699 2064 1831 2101 cum

154 2131 375 2186 dicitur
406 2148 487 2187 ex
541 2132 664 2202 illo,
713 2135 1012 2188 materiam
1065 2135 1406 2206 designari;
1447 2150 1581 2189 cum
1622 2137 1836 2191 dicitur

148 2236 259 2291 per
290 2221 483 2291 illum,
514 2223 808 2293 quoddam
853 2224 945 2277 vel
994 2224 1448 2277 instrumentum
1489 2225 1706 2293 operis,
1740 2226 1834 2280 vel

153 2310 552 2366 ministerium
584 2313 869 2368 declarari
904 2329 915 2368 :
953 2328 1084 2366 cum
1132 2316 1325 2367 autem
1355 2313 1568 2367 dicitur
1615 2316 1676 2367 in
1709 2314 1830 2384 i110,

152 2403 248 2453 aut
269 2400 451 2455 locus
482 2402 855 2473 signiﬁcetur
874 2406 971 2456 aut
992 2405 1222 2472 tempus
1245 2402 1305 2456 in
1327 2418 1444 2473 quo
1466 2405 1657 2458 omnia
1683 2403 1832 2458 facta

153 2488 489 2544 videantur.

216 2578 314 2632 86.
386 2580 469 2631 Ita
522 2581 704 2651 igitur
761 2581 1094 2635 distantiam
1154 2581 1466 2652 quamdam
1516 2582 1829 2636 subtantiie

149 2668 411 2737 probare
445 2669 1092 2741 desiderant,tanquam
1116 2670 1565 2724 instrumentum
1591 2672 1662 2724 ab
1695 2688 1832 2740 0pc-

150 2761 350 2812 ratore
384 2759 631 2828 proprio,
656 2759 749 2813 vel
786 2764 1044 2824 auctore,
1082 2763 1137 2813 et
1177 2764 1450 2829 tanquam
1476 2763 1706 2829 tempus
1735 2764 1834 2814 aut

152 2846 352 2901 locum
366 2847 444 2900 ab
467 2850 858 2903 instrumento
877 2849 1151 2903 dirimere
1175 2850 1831 2920 gestientes.Nuinquid

149 2951 296 3008 ergo
358 2937 590 2991 alienus
647 2939 975 2992 secundum
1023 2942 1289 2991 naturam
1335 2938 1519 2991 Filius
1550 2954 1581 2991 a
1626 2940 1829 3009 Patre;

148 3028 285 3096 quia
317 3026 578 3081 alienum
607 3028 1060 3082 instrumentum
1108 3028 1180 3080 ab
1239 3030 1545 3096 operatore
1591 3029 1829 3097 proprio

140 3116 238 3169 vel
272 3118 568 3170 auctore?
588 3119 686 3169 aut
725 3117 1004 3187 numquid
1037 3117 1267 3170 alienus
1291 3116 1475 3171 Filius
1506 3133 1537 3169 a
1560 3116 1779 3186 Spiritu
1814 3134 1827 3186 ;

148 3206 285 3274 quia
321 3204 396 3258 ab
427 3205 801 3259 instrumenti
834 3221 1050 3278 genere
1083 3209 1182 3259 aut
1203 3206 1372 3260 locus
1393 3209 1702 3275 separatur
1730 3211 1834 3260 aut

148 3298 385 3363 tempus
402 3295 430 3347 ἱ)

213 3384 308 3437 87.
344 3381 631 3453 Compara
650 3401 804 3439 nunc
828 3389 1195 3441 assertiones
1218 3389 1474 3441 nostras.
1508 3384 1593 3437 Illi
1626 3385 1829 3439 volunt

148 3487 220 3526 ex
285 3473 412 3527 Deo
468 3477 745 3544 tanquam
796 3491 869 3529 ex
914 3482 1117 3530 natura
1153 3478 1255 3530 Dei
1287 3493 1423 3531 esse
1459 3470 1595 3532 651
1646 3485 1829 3533 mate-

146 3563 321 3628 riam,
354 3565 419 3615 ut
448 3562 500 3616 si
534 3563 699 3617 dicas
729 3579 803 3618 ex
835 3566 997 3636 ligno
1045 3582 1245 3619 arcam
1295 3582 1433 3621 esse
1488 3567 1719 3636 factam,
1756 3585 1831 3623 ex

147 3650 343 3721 lapide
376 3655 628 3706 statuam
664 3668 676 3707 :
712 3654 789 3707 ita
821 3670 895 3708 ex
927 3655 1048 3709 Deo
1089 3657 1389 3709 materiam
1420 3659 1823 3726 processisse,

147 3743 203 3795 et
240 3741 516 3795 eamdem
559 3743 860 3796 materiam
900 3747 1174 3814 tanquam
1224 3762 1330 3814 per
1374 3746 1828 3801 instrumentum

147 3830 391 3901 aliquod
440 3830 649 3885 factam
697 3847 836 3886 esse
871 3850 975 3902 per
1005 3834 1250 3901 Filium;
1295 3838 1355 3888 ut
1384 3852 1501 3888 non
1536 3839 1649 3889 tam
1683 3853 1827 3906 opo-

146 3923 405 3973 ratorem
468 3919 678 3974 Filium
728 3938 901 3992 quam
954 3924 1406 3977 instrumentum
1455 3927 1654 3994 operis
1686 3941 1825 3979 esse

147 4007 449 4063 declarent
482 4025 494 4065 :
526 4013 584 4063 et
613 4011 806 4063 omnia
853 4012 926 4064 ita
973 4012 1123 4065 facta
1183 4014 1241 4067 in
1275 4014 1513 4083 Spiritu,
1550 4018 1825 4084 tanquam

146 4096 202 4150 in
233 4098 436 4169 aliquo
480 4098 611 4153 loco
643 4100 792 4153 facta
834 4102 923 4154 vel
958 4106 1217 4171 tempore
1251 4118 1262 4156 :
1298 4103 1533 4173 singula
1568 4104 1824 4174 singulis

147 4187 434 4253 tribuunt,
467 4188 525 4241 in
558 4205 869 4244 commune
902 4192 1094 4243 omnia
1128 4196 1363 4262 negant.

214 4275 304 4327 88.
338 4276 552 4329 Verum
587 4294 697 4330 nos
731 4280 1099 4333 ostendimus
1126 4280 1197 4332 ita
1231 4296 1306 4333 ex
1332 4281 1451 4334 Deo
1483 4282 1651 4334 Patre
1683 4297 1822 4336 esse

149 4364 363 4426 omnia,
403 4369 459 4417 ut
505 4383 613 4419 nec
645 4367 911 4421 amiserit
944 4370 1101 4421 Deus
1134 4370 1327 4437 Pater,
1382 4371 1537 4439 quod
1571 4370 1661 4423 vel
1714 4388 1820 4440 per

149 4450 339 4521 ipsum
376 4458 431 4506 et
464 4454 522 4508 in
560 4456 693 4525 ipso
725 4457 916 4510 omnia
951 4458 1088 4525 sint,
1137 4473 1245 4511 nec
1292 4462 1565 4528 tanquam
1598 4476 1673 4513 ex
1704 4475 1822 4513 ina-

149 4541 291 4594 teria
322 4558 398 4596 ex
429 4543 560 4612 ipso
591 4546 786 4598 omnia
809 4546 962 4599 sint:
999 4547 1073 4599 ita
1107 4562 1342 4617 quoque
1376 4564 1479 4616 per
1513 4542 1819 4603 Dominum

149 4626 358 4683 Filium
392 4646 530 4686 esse
553 4636 767 4699 omnia,
797 4640 856 4689 ut
888 4650 1004 4688 non
1029 4636 1293 4704 privatus
1329 4637 1404 4689 sit
1436 4652 1525 4699 co,
1559 4639 1713 4707 quod
1747 4654 1821 4692 cx

154 4716 300 4771 Filio
332 4721 452 4774 sint
500 4724 716 4789 omnia,
751 4728 806 4776 et
842 4726 898 4776 in
930 4726 1062 4793 ipso
1094 4725 1213 4778 sint
1243 4726 1435 4779 omnia
1464 4728 1576 4795 (ϋῦ)
1612 4742 1624 4781 :
1659 4732 1714 4779 et
1745 4728 1819 4780 ita

147 4810 339 4861 omnia
370 4825 509 4864 esse
544 4812 600 4864 in
634 4812 874 4881 Spiritu,
898 4818 957 4866 ut
988 4814 1306 4868 doceamus
1338 4815 1531 4869 omnia
1554 4831 1693 4869 esse
1715 4832 1823 4885 per

146 4895 446 4965 Spiritum,
481 4905 538 4953 et
573 4902 767 4954 omnia
800 4918 937 4955 esse
978 4904 1048 4956 de
1080 4904 1320 4971 Spiritu.

224 4986 309 5038 89.
345 4987 493 5040 Nam
514 4990 644 5042 ista:
668 4991 932 5059 syllabae,
963 4994 1115 5044 sicut
1136 4992 1250 5045 illae
1282 4993 1355 5046 de
1385 4992 1603 5063 quibus
1637 5009 1817 5063 supe-

146 5073 271 5127 rius
328 5075 611 5147 diximus,
646 5094 712 5131 se
772 5080 1025 5133 invicem
1070 5081 1329 5151 signant.
1377 5081 1509 5135 Non
1553 5083 1708 5135 enim
1740 5085 1816 5135 ita

144 5161 288 5215 dixit
326 5165 632 5234 apostolus
671 5182 682 5221 :
719 5166 806 5219 Ex
841 5168 959 5222 Deo
984 5170 1197 5237 omnia,
1234 5173 1290 5224 et
1320 5186 1424 5240 per
1457 5170 1663 5224 Filium
1687 5187 1814 5225 om-

144 5251 269 5317 nia;
328 5259 387 5306 ut
446 5256 841 5325 separabilem
891 5258 1282 5312 substantiam
1330 5261 1519 5313 Patris
1565 5260 1813 5331 Filiique

142 5341 405 5409 signaret
467 5359 479 5397 :
542 5346 648 5398 sed
699 5349 761 5398 ut
800 5347 1204 5401 inconfusibili
1246 5348 1624 5403 distinctione
1655 5350 1812 5420 quod

140 5427 295 5485 alius
356 5433 546 5501 Pater,
580 5433 733 5489 alius
773 5437 849 5489 sit
903 5436 1112 5504 Filius,
1144 5437 1437 5491 edoceret.
1472 5439 1602 5492 Non
1635 5439 1815 5509 igitur

210 5554 329 5631 (ea;
356 5581 375 5600 α
416 5557 485 5631 Et
532 5559 592 5612 in
626 5560 755 5629 ipso
790 5562 907 5613 sint
952 5562 1144 5615 omnia
1180 5583 1227 5631 λ),
1287 5562 1700 5617 desiderantur
1748 5565 1807 5617 in

143 5629 370 5681 cunctis
401 5630 519 5683 edit
549 5647 616 5684 ac
650 5648 795 5684 is.
831 5649 946 5684 non
985 5629 1223 5701 paucis;
1259 5638 1540 5688 catamcn
1574 5652 1647 5689 ex
1679 5636 1812 5688 aliis

144 5710 251 5747 sex
281 5701 542 5755 melioris
575 5706 726 5756 notae
761 5705 1149 5758 restituimus.
1204 5708 1274 5757 At
1305 5708 1439 5774 post
1470 5722 1675 5774 pauca,
1712 5706 1811 5759 ubi

141 5780 343 5843 omnes
367 5789 513 5827 mss.
547 5790 615 5828 ac
649 5778 760 5828 vet.
796 5774 956 5843 edit.,
995 5798 1015 5821 ιι
1056 5776 1142 5828 Ex
1178 5776 1296 5830 Deo
1320 5777 1533 5843 omnia,
1572 5800 1591 5824 η
1637 5779 1804 5833 Rom.

143 5837 267 5891 sola
299 5844 580 5915 reposuit,
678 5862 750 5901 ex
783 5837 953 5902 l’atrc
985 5848 1197 5903 omnia.
1229 5872 1248 5895 η

1862 3337 1911 3398 C

1962 700 2144 752 sociae
2168 704 2340 771 atque
2360 704 2684 756 concordes
2709 708 2845 758 sunt
2869 721 2882 771 ;
2908 708 2967 759 ut
2990 706 3162 759 etiam
3179 705 3280 758 uni
3302 720 3462 776 saepe
3486 721 3624 759 con-

1959 787 2214 858 veniant,
2250 791 2403 844 sicut
2434 792 2718 861 scriptum
2750 796 2876 848 est:
2917 815 2937 841 ‹‹
2976 793 3123 859 Quia
3156 810 3229 848 ex
3260 794 3410 864 ipso,
3431 798 3486 849 et
3518 809 3624 866 per

1959 876 2172 947 ipsum,
2209 883 2262 931 et
2295 879 2348 931 in
2384 880 2512 949 ipso
2546 884 2681 934 sunt
2716 882 2908 936 omnia
2939 883 3126 952 (Rom.
3153 900 3231 951 χι,
3265 882 3353 937 36.

2028 968 2114 1020 9t).
2152 967 2313 1031 Quod
2349 970 2398 1021 si
2435 986 2570 1023 vere
2606 972 2952 1025 consideres
2975 973 3129 1026 unde
3155 972 3499 1027 translatum
3519 972 3617 1041 sit,

1959 1055 2029 1107 de
2054 1056 2198 1109 Filio
2232 1057 2449 1111 dictum
2482 1075 2618 1113 esse
2652 1077 2767 1113 non
2790 1062 3080 1131 ambiges.
3104 1061 3254 1115 Dicit
3286 1062 3438 1115 enim
3458 1064 3619 1131 Apo-

1959 1146 2147 1197 stolus
2170 1147 2497 1199 secundum
2518 1150 2883 1217 prophetiam
2920 1151 3085 1204 lsaim
3122 1166 3133 1204 ζ
3172 1174 3194 1197 α
3224 1150 3367 1215 Quis
3397 1166 3619 1221 cogno-

1957 1235 2039 1286 vit
2068 1250 2311 1288 sensum
2348 1236 2597 1305 Domini,
2630 1241 2726 1291 aut
2758 1239 2891 1308 quis
2916 1239 3295 1293 consiliarius
3345 1238 3480 1309 ejus
3514 1238 3624 1294 fuit

1954 1322 2130 1391 (Ibid.
2167 1323 2274 1391 34;
2306 1324 2402 1378 Isa
2443 1344 2535 1393 XL,
2576 1327 2699 1392 t3)?
2733 1350 2754 1373 ιι
2821 1327 2890 1380 Et
2939 1328 3160 1382 addidit
3211 1344 3224 1383 :
3289 1353 3308 1375 ιε
3344 1326 3490 1392 Quia
3546 1342 3622 1381 ex

1956 1411 2107 1480 ipso,
2144 1416 2193 1465 ct
2229 1430 2334 1482 per
2364 1415 2576 1485 ipsum,
2612 1420 2666 1469 et
2697 1417 2753 1470 in
2785 1417 2914 1486 ipso
2947 1421 3084 1471 sunt
3116 1418 3308 1471 omnia
3326 1417 3514 1487 (Hom.
3536 1433 3617 1484 xx,

1955 1501 2065 1567 3(3).
2095 1526 2115 1547 υ
2142 1500 2306 1566 Quod
2340 1505 2523 1558 Isaias
2554 1506 2623 1560 dc
2659 1511 2963 1577 operatore
2998 1508 3255 1562 omnium
3279 1506 3443 1575 dixit,
3465 1506 3621 1560 sicut

1954 1590 2140 1646 habes
2174 1608 2186 1646 :
2226 1614 2247 1643 «
2284 1593 2427 1658 Quis
2461 1611 2702 1649 mensus
2744 1600 2834 1649 est
2866 1612 3037 1650 manu
3060 1613 3291 1668 aquam,
3327 1599 3383 1650 et
3406 1595 3618 1650 caelum

1950 1681 2163 1750 palmo,
2214 1686 2269 1736 et
2328 1684 2666 1738 universam
2698 1688 2912 1739 terram
2961 1686 3161 1739 clausa
3201 1687 3419 1739 manu?
3474 1684 3620 1750 Quis

1952 1771 2151 1825 statuit
2183 1776 2412 1826 montes
2443 1774 2503 1825 in
2534 1773 2703 1842 libra,
2756 1777 2813 1828 et
2855 1790 3037 1843 rupes
3076 1774 3136 1827 in
3168 1777 3385 1828 statera
3410 1775 3437 1827 ἶ)
3476 1774 3612 1843 quis

1951 1862 2233 1930 cognovit
2262 1878 2505 1915 sensum
2524 1863 2773 1930 Domini,
2799 1866 2899 1917 aut
2915 1863 3051 1935 quis
3085 1862 3462 1919 consiliarius
3484 1861 3617 1934 ejus

1952 1947 2058 2001 fuit
2087 1949 2226 2020 (Isa.
2262 1967 2358 2018 XL,
2392 1950 2474 2015 12,
2508 1952 2640 2019 l3)?
2674 1975 2694 2000 η

2021 2036 2109 2092 91.
2147 2038 2214 2091 Et
2245 2040 2465 2093 addidit
2497 2040 2820 2109 Apostolus
2857 2058 2868 2096 ε
2909 2064 2931 2088 ‹‹
2967 2041 3252 2106 Quoniam
3285 2057 3358 2095 ex
3389 2041 3541 2112 ipso,
3561 2043 3617 2095 et

1950 2143 2057 2196 per
2086 2128 2300 2197 ipsum,
2335 2132 2388 2181 et
2414 2131 2468 2182 in
2502 2130 2630 2198 ipso
2665 2133 2802 2183 sunt
2839 2131 3050 2184 omnia.
3092 2152 3111 2178 ι
3163 2129 3311 2195 Quid
3345 2134 3455 2196 est,
3486 2153 3505 2178 κ
3543 2146 3618 2184 ex

1950 2215 2079 2285 ipso
2103 2217 2129 2269 ε)
2165 2236 2185 2265 υ
2249 2216 2413 2280 Quod
2464 2234 2537 2270 ex
2595 2218 2783 2287 ipsius
2816 2219 3113 2273 voluntate
3144 2223 3345 2273 natura
3389 2219 3465 2272 sit
3495 2234 3617 2272 om-

1949 2304 2129 2374 nium,
2162 2309 2217 2359 et
2246 2306 2373 2375 ipse
2413 2306 2489 2359 sit
2520 2311 2726 2360 auctor
2757 2309 3014 2361 omnium
3045 2324 3177 2378 quae
3225 2322 3365 2362 esse
3415 2322 3615 2377 coepe-

1948 2397 2101 2447 runt.
2142 2416 2161 2441 a
2194 2397 2302 2448 Per
2333 2396 2546 2464 ipsum,
2587 2421 2605 2442 η
2645 2396 2785 2466 quid
2833 2398 2983 2451 est?
3039 2395 3185 2460 Quia
3244 2412 3349 2466 per
3396 2397 3613 2465 ipsum,

1949 2484 2287 2538 constitutio
2320 2490 2373 2537 et
2404 2485 2846 2555 perseverantia
2879 2485 3154 2539 omnibus
3197 2485 3487 2555 impertita
3520 2485 3611 2538 vi-

1949 2573 2172 2626 deatur.
2218 2597 2238 2619 α
2266 2574 2328 2627 In
2360 2574 2509 2644 ipso,
2551 2596 2571 2623 υ
2616 2574 2756 2645 quid
2790 2577 2929 2629 est?
2957 2574 3102 2639 Quia
3134 2574 3328 2629 omnia
3362 2574 3613 2628 admira-

1946 2661 2049 2715 bili
2081 2664 2333 2733 quodam
2357 2664 2673 2731 desiderio,
2708 2668 2759 2718 et
2785 2664 3163 2718 inenarrabili
3187 2680 3384 2718 amore
3416 2667 3616 2718 aucto-

1948 2768 2070 2805 rem
2106 2754 2240 2806 vitze
2274 2756 2329 2806 et
2363 2753 2817 2807 ministratorem
2847 2755 3058 2825 gratiae
3086 2769 3212 2807 sum
3255 2769 3322 2806 ac
3353 2753 3614 2807 muneris

1946 2840 2263 2905 intuentur,
2317 2843 2645 2896 secundum
2685 2844 2840 2914 quod
2900 2844 3183 2912 scriptum
3215 2846 3306 2896 est
3348 2857 3361 2896 :
3400 2863 3421 2890 ι
3448 2840 3615 2896 Oculi

1947 2932 2205 2983 omnium
2239 2931 2296 2983 in
2320 2936 2373 2985 te
2407 2936 2679 3001 sperant;
2708 2956 2728 2978 »ι
2757 2935 2850 3002 et;
2886 2955 2906 2978 «ι
2931 2932 3144 3001 Aperis
3177 2947 3411 2985 manum
3432 2933 3610 2997 tuam,

1945 3024 2001 3074 et
2041 3020 2252 3089 imples
2298 3036 2529 3074 omnem
2560 3021 2813 3074 animam
2860 3021 3013 3074 bona
3066 3019 3362 3074 voluntate
3420 3018 3608 3091 (Psal.

1945 3125 2137 3177 cxmv,
2178 3110 2258 3175 iii,
2295 3109 2402 3179 10).
2433 3133 2452 3153 η

2014 3200 2100 3252 92.
2132 3201 2210 3253 De
2238 3201 2404 3254 Patre
2437 3216 2670 3270 quoque
2705 3201 2754 3253 si
2789 3200 2992 3255 dicas:
3027 3201 3159 3255 ideo
3205 3221 3227 3250 α
3255 3216 3328 3254 ex
3361 3200 3493 3270 ipso
3532 3222 3551 3247 υ
3590 3214 3603 3254 :

1944 3290 2079 3359 quia
2112 3307 2185 3343 ex
2218 3290 2346 3358 ipso
2379 3290 2672 3358 cperatriv
2708 3291 3023 3359 Sapientia,
3050 3306 3183 3360 quae
3218 3290 3498 3343 omnibus
3531 3305 3606 3345 ex

1944 3396 2049 3431 sua
2092 3383 2145 3431 et
2175 3378 2368 3432 Patris
2400 3379 2695 3432 voluntate
2733 3380 3067 3447 deditesse,
3101 3396 3233 3449 quze
3258 3395 3376 3432 non
3408 3381 3606 3434 erant:

1948 3491 1968 3515 ιι
2012 3469 2120 3522 Per
2144 3468 2358 3537 ipsum,
2391 3484 2527 3539 qum
2559 3484 2664 3537 per
2694 3468 3049 3538 Sapientiam
3098 3468 3233 3537 ejus
3286 3468 3435 3521 facta
3473 3471 3612 3522 sunt

1943 3558 2135 3609 omnia
2170 3573 2180 3610 :
2212 3582 2233 3601 ‹‹
2265 3558 2323 3609 In
2357 3557 2507 3625 ipso,
2540 3578 2561 3605 »
2598 3558 2733 3627 quia
2774 3558 2902 3626 ipse
2934 3561 3026 3611 est
3065 3557 3178 3625 (66)
3207 3557 3610 3612 viviﬁcatoriie

1942 3648 2076 3702 fons
2112 3647 2478 3714 substantiae,
2516 3646 2571 3699 in
2606 3662 2720 3718 quo
2755 3647 3011 3700 vivimus
3042 3649 3099 3700 et
3145 3662 3354 3700 sumus
3384 3649 3441 3700 et
3489 3662 3611 3700 mo-

1940 3753 2165 3791 vemur.

2010 3827 2098 3880 93.
2138 3826 2223 3880 Ex
2254 3826 2468 3896 Spiritu
2495 3840 2749 3895 quoque,
2786 3828 2845 3878 ut
2875 3825 3191 3895 peripsum
3225 3824 3477 3892 formati,
3503 3838 3610 3894 per

1941 3916 2134 3986 ipsum
2167 3915 2398 3979 ﬁrmati,
2435 3914 2492 3967 in
2518 3915 2650 3984 ipso
2681 3915 2963 3984 roborati,
2990 3915 3125 3969 vitae
3157 3914 3460 3987 capiamus
3482 3930 3609 3969 αλιι-ο

1941 4022 2053 4059 nus
2086 4010 2322 4058 aeterna:
2355 4005 2490 4073 (67).

2007 4104 2095 4157 Oi.
2117 4104 2262 4156 Cum
2293 4104 2419 4157 hmo
2452 4104 2631 4175 igitur
2662 4104 2752 4157 vel
2786 4103 2941 4157 Patri
2974 4103 3066 4157 vel
3117 4102 3264 4157 Filio
3315 4102 3407 4157 vel
3458 4093 3605 4157 652

1937 4193 2176 4262 Spiritui
2216 4198 2420 4246 sancto
2471 4194 2789 4246 convenire
2840 4194 3172 4260 videantur,
3207 4192 3352 4245 nihil
3402 4193 3603 4261 utique

1936 4282 2153 4335 humile
2185 4283 2241 4334 in
2277 4282 2368 4335 his
2395 4285 2613 4335 certum
2640 4285 2729 4335 est
2749 4282 3064 4349 declarari;
3094 4298 3226 4335 cum
3250 4285 3306 4335 et
3350 4295 3426 4334 ex
3457 4279 3603 4333 Filio

1936 4370 2202 4424 dicamus
2242 4386 2379 4425 esse
2410 4372 2709 4441 pleraque,
2733 4375 2789 4424 et
2827 4371 3003 4423 multa
3023 4387 3129 4440 per
3158 4371 3413 4437 Patrem,
3446 4368 3605 4421 sicut

1934 4460 2120 4513 habes
2151 4459 2221 4513 de
2265 4460 2411 4514 Filio
2443 4460 2660 4513 dictum
2698 4476 2708 4513 :
2748 4482 2770 4505 ‹‹
2808 4459 2882 4512 Ut
2911 4474 3235 4529 augeamur
3253 4458 3313 4510 in
3345 4457 3474 4526 ipso
3499 4471 3605 4526 per

1934 4550 2147 4617 omnia,
2173 4549 2274 4619 qui
2306 4553 2397 4604 est
2428 4553 2599 4618 caput
2618 4548 2914 4613 Christus,
2932 4563 3004 4601 ex
3023 4564 3139 4618 quo
3160 4550 3363 4614 totum,
3390 4544 3598 4616 inquit,

1934 4655 2151 4708 corpus
2184 4642 2549 4708 compactum
2573 4642 2629 4691 et
2652 4653 2983 4690 connexum
3034 4651 3139 4705 per
3186 4650 3418 4689 omnem
3455 4633 3599 4705 jun-

1933 4732 2156 4781 cturam
2192 4728 2639 4781 ministrationis
2670 4726 2729 4778 in
2762 4741 3099 4779 mensuram
3119 4722 3597 4794 uniuscujusque

1930 4818 2135 4886 partis,
2171 4820 2548 4886 augmentum
2587 4813 2855 4883 corporis
2890 4812 3027 4865 facit
3056 4813 3116 4866 in
3149 4812 3598 4869 mditicationem

1930 4905 2021 4957 sui
2058 4905 2115 4957 in
2159 4905 2440 4957 charitate
2473 4903 2717 4973 (Ephes.
2752 4919 2829 4970 iv,
2865 4901 2951 4968 15,
2988 4902 3095 4971 16).
3128 4925 3148 4949 »
3184 4901 3252 4954 Et
3281 4901 3490 4955 iterum
3519 4902 3594 4956 ad

1927 4992 2323 5047 Colossenses
2355 4994 2427 5046 de
2466 4992 2560 5045 his
2601 4991 2699 5061 qui
2732 5006 2848 5045 non
2880 4990 3165 5044 haberent
3196 4990 3596 5061 cognitionem

1928 5082 2213 5151 unigeniti
2240 5082 2369 5134 Filii
2391 5082 2566 5134 Deizu
2590 5081 2731 5143 Quia
2761 5096 2877 5133 non
2900 5083 3117 5147 tenent,
3152 5080 3359 5151 inquit,
3396 5084 3590 5150 caput,

1930 5186 2003 5223 ex
2032 5187 2147 5241 quo
2168 5186 2336 5224 omne
2362 5185 2577 5239 corpus
2597 5185 2702 5238 per
2723 5168 3266 5240 compaginationes
3280 5172 3337 5223 et
3350 5168 3594 5241 colliga-

1929 5261 2122 5315 tiones
2144 5260 2651 5313 subministratum
2689 5262 2745 5313 et
2775 5259 3108 5329 copulatum
3141 5259 3358 5313 crescit
3395 5259 3593 5313 incre-

1924 5354 2185 5403 mentum
2204 5349 2768 5418 Dei(CoIoss.i,t9);»
2781 5352 2949 5419 caput
2964 5349 3119 5402 enim
3134 5349 3436 5402 Christum
3450 5362 3590 5402 esse

1924 5438 2212 5492 Ecclesiae
2235 5455 2414 5509 supra
2432 5440 2689 5493 diximus
2713 5439 2962 5507 (Coloss.
2990 5456 3027 5507 ι,
3053 5439 3165 5507 18).
3184 5459 3209 5488 ››
3233 5438 3303 5491 Et
3324 5436 3465 5490 alibi
3485 5436 3586 5490 ha-

1938 5558 1943 5563 ’
1993 5564 2106 5631 (67)
2152 5564 2368 5640 Omnes
2418 5564 2554 5640 edit.
2617 5567 2672 5617 et
2727 5564 2963 5634 quidem
3030 5578 3200 5630 mss.,
3257 5581 3278 5610 α
3315 5559 3466 5640 quia.
3523 5559 3582 5613 in

1921 5635 2050 5707 ipso
2085 5640 2209 5703 est;
2243 5636 2449 5705 reliqui
2485 5652 2630 5689 mss.
2665 5650 2880 5706 magno
2914 5648 3179 5701 numero,
3221 5653 3241 5679 «
3284 5635 3420 5701 quia
3452 5635 3585 5698 ipso

1920 5711 2031 5758 est.
2059 5728 2079 5753 ι)

1992 5778 2103 5847 (0‘7)
2124 5779 2368 5843 Quidam
2402 5794 2572 5848 mss.,
2601 5800 2620 5825 α
2653 5776 2842 5830 Vitam
2875 5774 3174 5845 cupiamus
3217 5774 3516 5827 aeternam.
3556 5791 3580 5833 ι
