  <div class='ocr_page' id='page_1' title='image "/cluster/home/n/w/nwhite01/storage/ocr_20150623/16/hvd.32044096580444/403.png"; bbox 0 0 4090 6174; ppageno 0'>
   <div class='ocr_carea' id='block_1_1' title="bbox 528 330 649 398">
    <p class='ocr_par' dir='ltr' id='par_1_1' title="bbox 528 330 649 398">
     <span class='ocr_line' id='line_1_1' title="bbox 528 330 649 398; baseline 0 0"><span class='ocrx_word' id='word_1_1' title='bbox 528 330 649 398; x_wconf 83' lang='lat'><strong>795</strong></span> 
     </span>
    </p>
   </div>
   <div class='ocr_carea' id='block_1_2' title="bbox 1965 336 3888 421">
    <p class='ocr_par' dir='ltr' id='par_1_2' title="bbox 1965 336 3888 421">
     <span class='ocr_line' id='line_1_2' title="bbox 1965 336 3888 421; baseline 0.004 -20"><span class='ocrx_word' id='word_1_2' title='bbox 1965 336 2033 403; x_wconf 90' lang='lat' dir='ltr'><strong>S.</strong></span> <span class='ocrx_word' id='word_1_3' title='bbox 2077 336 2520 407; x_wconf 77' lang='lat' dir='ltr'><strong>AMBROSII.</strong></span> <span class='ocrx_word' id='word_1_4' title='bbox 3799 354 3888 421; x_wconf 63' lang='grc' dir='ltr'><strong>τω</strong></span> 
     </span>
    </p>
   </div>
   <div class='ocr_carea' id='block_1_3' title="bbox 528 531 3887 621">
    <p class='ocr_par' dir='ltr' id='par_1_3' title="bbox 528 531 3887 621">
     <span class='ocr_line' id='line_1_3' title="bbox 528 531 3887 621; baseline 0.007 -33"><span class='ocrx_word' id='word_1_5' title='bbox 528 531 639 589; x_wconf 89' lang='lat' dir='ltr'><strong>bes</strong></span> <span class='ocrx_word' id='word_1_6' title='bbox 655 534 794 609; x_wconf 83' lang='lat' dir='ltr'><strong>quia</strong></span> <span class='ocrx_word' id='word_1_7' title='bbox 822 555 845 583; x_wconf 80' lang='grc' dir='ltr'><strong><em>α</em></strong></span> <span class='ocrx_word' id='word_1_8' title='bbox 862 534 935 590; x_wconf 92' lang='lat' dir='ltr'><strong>de</strong></span> <span class='ocrx_word' id='word_1_9' title='bbox 961 534 1324 608; x_wconf 89' lang='lat' dir='ltr'><strong>plenitudine</strong></span> <span class='ocrx_word' id='word_1_10' title='bbox 1337 535 1473 610; x_wconf 83' lang='lat' dir='ltr'><strong>ejus</strong></span> <span class='ocrx_word' id='word_1_11' title='bbox 1496 553 1608 595; x_wconf 91' lang='lat' dir='ltr'><strong>nos</strong></span> <span class='ocrx_word' id='word_1_12' title='bbox 1622 553 1832 594; x_wconf 91' lang='lat' dir='ltr'><strong>omnes</strong></span> <span class='ocrx_word' id='word_1_13' title='bbox 1862 539 2203 612; x_wconf 88' lang='lat' dir='ltr'><strong>accepimus</strong></span> <span class='ocrx_word' id='word_1_14' title='bbox 2228 533 2286 606; x_wconf 66' lang='grc' dir='ltr'><strong>Α</strong></span> <span class='ocrx_word' id='word_1_15' title='bbox 2323 542 2549 600; x_wconf 83' lang='lat' dir='ltr'><strong>ciamus</strong></span> <span class='ocrx_word' id='word_1_16' title='bbox 2570 543 2871 602; x_wconf 81' lang='lat' dir='ltr'><strong>hominem</strong></span> <span class='ocrx_word' id='word_1_17' title='bbox 2889 547 2966 603; x_wconf 85' lang='lat' dir='ltr'><strong>ad</strong></span> <span class='ocrx_word' id='word_1_18' title='bbox 2987 547 3302 621; x_wconf 91' lang='lat' dir='ltr'><strong>imaginem</strong></span> <span class='ocrx_word' id='word_1_19' title='bbox 3319 551 3375 605; x_wconf 92' lang='lat' dir='ltr'><strong>et</strong></span> <span class='ocrx_word' id='word_1_20' title='bbox 3397 550 3793 611; x_wconf 78' lang='lat' dir='ltr'><strong>similitudinem</strong></span> <span class='ocrx_word' id='word_1_21' title='bbox 3809 573 3887 614; x_wconf 85' lang='lat' dir='ltr'><strong>no-</strong></span> 
     </span>
    </p>
   </div>
   <div class='ocr_carea' id='block_1_4' title="bbox 527 622 2207 697">
    <p class='ocr_par' dir='ltr' id='par_1_4' title="bbox 527 622 2207 697">
     <span class='ocr_line' id='line_1_4' title="bbox 527 622 2207 697; baseline 0.002 -19"><span class='ocrx_word' id='word_1_22' title='bbox 527 622 717 691; x_wconf 80' lang='lat' dir='ltr'><strong>(Joan.</strong></span> <span class='ocrx_word' id='word_1_23' title='bbox 750 642 790 696; x_wconf 94' lang='lat'><strong>1,</strong></span> <span class='ocrx_word' id='word_1_24' title='bbox 815 624 927 695; x_wconf 93' lang='lat'>16).</span> <span class='ocrx_word' id='word_1_25' title='bbox 956 646 977 673; x_wconf 73' lang='grc' dir='ltr'><strong>ι</strong></span> <span class='ocrx_word' id='word_1_26' title='bbox 1005 624 1075 679; x_wconf 88' lang='lat' dir='ltr'><strong>Et</strong></span> <span class='ocrx_word' id='word_1_27' title='bbox 1095 626 1225 697; x_wconf 92' lang='lat' dir='ltr'><strong>ipse</strong></span> <span class='ocrx_word' id='word_1_28' title='bbox 1258 626 1543 683; x_wconf 89' lang='lat' dir='ltr'><strong>Dominus</strong></span> <span class='ocrx_word' id='word_1_29' title='bbox 1575 628 1759 684; x_wconf 83' lang='lat' dir='ltr'><strong>dixit:</strong></span> <span class='ocrx_word' id='word_1_30' title='bbox 1786 650 1808 678; x_wconf 74' lang='grc' dir='ltr'><strong><em>α</em></strong></span> <span class='ocrx_word' id='word_1_31' title='bbox 1845 628 1928 684; x_wconf 90' lang='lat' dir='ltr'><strong>De</strong></span> <span class='ocrx_word' id='word_1_32' title='bbox 1960 645 2090 685; x_wconf 89' lang='lat' dir='ltr'><strong>meo</strong></span> <span class='ocrx_word' id='word_1_33' title='bbox 2108 645 2207 684; x_wconf 91' lang='lat' dir='ltr'><strong>ac.</strong></span> 
     </span>
    </p>
   </div>
   <div class='ocr_carea' id='block_1_5' title="bbox 525 712 2197 789">
    <p class='ocr_par' dir='ltr' id='par_1_5' title="bbox 525 712 2197 789">
     <span class='ocr_line' id='line_1_5' title="bbox 525 712 2197 789; baseline 0.006 -24"><span class='ocrx_word' id='word_1_34' title='bbox 525 712 723 783; x_wconf 90' lang='lat' dir='ltr'><strong>cipiet,</strong></span> <span class='ocrx_word' id='word_1_35' title='bbox 755 716 812 768; x_wconf 91' lang='lat' dir='ltr'><strong>et</strong></span> <span class='ocrx_word' id='word_1_36' title='bbox 830 715 1200 770; x_wconf 90' lang='lat' dir='ltr'><strong>annuntiabit</strong></span> <span class='ocrx_word' id='word_1_37' title='bbox 1218 716 1392 771; x_wconf 92' lang='lat' dir='ltr'><strong>vobis</strong></span> <span class='ocrx_word' id='word_1_38' title='bbox 1416 716 1608 786; x_wconf 83' lang='lat' dir='ltr'><strong>(Joan.</strong></span> <span class='ocrx_word' id='word_1_39' title='bbox 1633 734 1755 787; x_wconf 86' lang='lat' dir='ltr'><strong>xv1,</strong></span> <span class='ocrx_word' id='word_1_40' title='bbox 1791 715 1902 789; x_wconf 78' lang='grc'>14).</span> <span class='ocrx_word' id='word_1_41' title='bbox 1942 741 1965 768; x_wconf 74' lang='grc' dir='ltr'><strong>ι»</strong></span> <span class='ocrx_word' id='word_1_42' title='bbox 2001 718 2072 773; x_wconf 89' lang='lat' dir='ltr'><strong>Et</strong></span> <span class='ocrx_word' id='word_1_43' title='bbox 2095 735 2197 774; x_wconf 90' lang='lat' dir='ltr'><strong>su-</strong></span> 
     </span>
    </p>
   </div>
   <div class='ocr_carea' id='block_1_6' title="bbox 521 801 2194 879">
    <p class='ocr_par' dir='ltr' id='par_1_6' title="bbox 521 801 2194 879">
     <span class='ocr_line' id='line_1_6' title="bbox 521 801 2194 879; baseline 0.005 -24"><span class='ocrx_word' id='word_1_44' title='bbox 521 816 629 871; x_wconf 90' lang='lat' dir='ltr'><strong>pra</strong></span> <span class='ocrx_word' id='word_1_45' title='bbox 658 802 784 858; x_wconf 90' lang='lat' dir='ltr'><strong>ait:</strong></span> <span class='ocrx_word' id='word_1_46' title='bbox 846 824 868 852; x_wconf 74' lang='grc' dir='ltr'><strong><em>α</em></strong></span> <span class='ocrx_word' id='word_1_47' title='bbox 905 801 1171 877; x_wconf 78' lang='lat' dir='ltr'><strong>Cognovi</strong></span> <span class='ocrx_word' id='word_1_48' title='bbox 1218 804 1494 860; x_wconf 80' lang='lat' dir='ltr'><strong>virtutem</strong></span> <span class='ocrx_word' id='word_1_49' title='bbox 1526 806 1729 863; x_wconf 79' lang='lat' dir='ltr'><strong>exisse</strong></span> <span class='ocrx_word' id='word_1_50' title='bbox 1785 807 1858 863; x_wconf 88' lang='lat' dir='ltr'><strong>de</strong></span> <span class='ocrx_word' id='word_1_51' title='bbox 1898 823 1990 863; x_wconf 90' lang='lat' dir='ltr'><strong>me</strong></span> <span class='ocrx_word' id='word_1_52' title='bbox 2032 808 2194 879; x_wconf 88' lang='lat' dir='ltr'><strong>(Luc.</strong></span> 
     </span>
    </p>
   </div>
   <div class='ocr_carea' id='block_1_7' title="bbox 522 891 863 962">
    <p class='ocr_par' dir='ltr' id='par_1_7' title="bbox 522 891 863 962">
     <span class='ocr_line' id='line_1_7' title="bbox 522 891 863 962; baseline 0.012 -20"><span class='ocrx_word' id='word_1_53' title='bbox 522 906 649 958; x_wconf 85' lang='lat' dir='ltr'><strong>vm,</strong></span> <span class='ocrx_word' id='word_1_54' title='bbox 691 891 802 962; x_wconf 78' lang='lat'>46).</span> <span class='ocrx_word' id='word_1_55' title='bbox 840 915 863 939; x_wconf 77' lang='grc' dir='ltr'><strong>ι»</strong></span> 
     </span>
    </p>
   </div>
   <div class='ocr_carea' id='block_1_8' title="bbox 593 978 2199 1057">
    <p class='ocr_par' dir='ltr' id='par_1_8' title="bbox 593 978 2199 1057">
     <span class='ocr_line' id='line_1_8' title="bbox 593 978 2199 1057; baseline 0.004 -24"><span class='ocrx_word' id='word_1_56' title='bbox 593 978 685 1034; x_wconf 87' lang='lat'><strong>95.</strong></span> <span class='ocrx_word' id='word_1_57' title='bbox 719 978 1002 1036; x_wconf 87' lang='lat' dir='ltr'><strong>Similiter</strong></span> <span class='ocrx_word' id='word_1_58' title='bbox 1027 985 1091 1037; x_wconf 89' lang='lat' dir='ltr'><strong>ut</strong></span> <span class='ocrx_word' id='word_1_59' title='bbox 1109 998 1409 1056; x_wconf 82' lang='lat' dir='ltr'><strong>agnoscas</strong></span> <span class='ocrx_word' id='word_1_60' title='bbox 1431 985 1735 1050; x_wconf 88' lang='lat' dir='ltr'><strong>unitatem,</strong></span> <span class='ocrx_word' id='word_1_61' title='bbox 1769 985 1946 1041; x_wconf 88' lang='lat' dir='ltr'><strong>etiam</strong></span> <span class='ocrx_word' id='word_1_62' title='bbox 1965 986 2039 1042; x_wconf 91' lang='lat' dir='ltr'><strong>de</strong></span> <span class='ocrx_word' id='word_1_63' title='bbox 2068 986 2199 1057; x_wconf 82' lang='lat' dir='ltr'><strong>Spi-</strong></span> 
     </span>
    </p>
   </div>
   <div class='ocr_carea' id='block_1_9' title="bbox 522 1066 2198 1146">
    <p class='ocr_par' dir='ltr' id='par_1_9' title="bbox 522 1066 2198 1146">
     <span class='ocr_line' id='line_1_9' title="bbox 522 1066 2198 1146; baseline 0.006 -25"><span class='ocrx_word' id='word_1_64' title='bbox 522 1066 639 1122; x_wconf 88' lang='lat' dir='ltr'><strong>ritu</strong></span> <span class='ocrx_word' id='word_1_65' title='bbox 696 1067 957 1127; x_wconf 89' lang='lat' dir='ltr'><strong>dicitur:</strong></span> <span class='ocrx_word' id='word_1_66' title='bbox 1022 1092 1045 1120; x_wconf 77' lang='grc' dir='ltr'><strong><em>α</em></strong></span> <span class='ocrx_word' id='word_1_67' title='bbox 1078 1070 1223 1136; x_wconf 91' lang='lat' dir='ltr'><strong>Quia</strong></span> <span class='ocrx_word' id='word_1_68' title='bbox 1280 1074 1382 1144; x_wconf 88' lang='lat' dir='ltr'><strong>qui</strong></span> <span class='ocrx_word' id='word_1_69' title='bbox 1437 1073 1692 1129; x_wconf 88' lang='lat' dir='ltr'><strong>seminat</strong></span> <span class='ocrx_word' id='word_1_70' title='bbox 1738 1074 1799 1129; x_wconf 88' lang='lat' dir='ltr'><strong>in</strong></span> <span class='ocrx_word' id='word_1_71' title='bbox 1848 1073 2091 1146; x_wconf 89' lang='lat' dir='ltr'><strong>Spiritu,</strong></span> <span class='ocrx_word' id='word_1_72' title='bbox 2124 1076 2198 1131; x_wconf 92' lang='lat' dir='ltr'><strong>de</strong></span> 
     </span>
    </p>
   </div>
   <div class='ocr_carea' id='block_1_10' title="bbox 526 1154 2202 1235">
    <p class='ocr_par' dir='ltr' id='par_1_10' title="bbox 526 1154 2202 1235">
     <span class='ocr_line' id='line_1_10' title="bbox 526 1154 2202 1235; baseline 0.006 -25"><span class='ocrx_word' id='word_1_73' title='bbox 526 1154 748 1226; x_wconf 89' lang='lat' dir='ltr'><strong>Spiritu</strong></span> <span class='ocrx_word' id='word_1_74' title='bbox 804 1160 983 1214; x_wconf 87' lang='lat' dir='ltr'><strong>metet</strong></span> <span class='ocrx_word' id='word_1_75' title='bbox 1038 1159 1219 1216; x_wconf 90' lang='lat' dir='ltr'><strong>vitam</strong></span> <span class='ocrx_word' id='word_1_76' title='bbox 1264 1164 1543 1217; x_wconf 86' lang='lat' dir='ltr'><strong>aeternam</strong></span> <span class='ocrx_word' id='word_1_77' title='bbox 1587 1162 1804 1232; x_wconf 84' lang='lat' dir='ltr'><strong>(Galat.</strong></span> <span class='ocrx_word' id='word_1_78' title='bbox 1827 1180 1908 1234; x_wconf 89' lang='lat' dir='ltr'><strong>v1,</strong></span> <span class='ocrx_word' id='word_1_79' title='bbox 1940 1164 2015 1235; x_wconf 90' lang='lat'><strong>8).</strong></span> <span class='ocrx_word' id='word_1_80' title='bbox 2052 1188 2075 1213; x_wconf 84' lang='lat'>»</span> <span class='ocrx_word' id='word_1_81' title='bbox 2131 1164 2202 1220; x_wconf 87' lang='lat' dir='ltr'><strong>Et</strong></span> 
     </span>
    </p>
   </div>
   <div class='ocr_carea' id='block_1_11' title="bbox 526 1242 2199 1324">
    <p class='ocr_par' dir='ltr' id='par_1_11' title="bbox 526 1242 2199 1324">
     <span class='ocr_line' id='line_1_11' title="bbox 526 1242 2199 1324; baseline 0.008 -28"><span class='ocrx_word' id='word_1_82' title='bbox 526 1242 791 1300; x_wconf 82' lang='lat' dir='ltr'><strong>Joannes</strong></span> <span class='ocrx_word' id='word_1_83' title='bbox 827 1247 907 1301; x_wconf 89' lang='lat' dir='ltr'><strong>ait</strong></span> <span class='ocrx_word' id='word_1_84' title='bbox 941 1263 953 1303; x_wconf 94' lang='lat'><strong>:</strong></span> <span class='ocrx_word' id='word_1_85' title='bbox 992 1271 1014 1296; x_wconf 74' lang='grc' dir='ltr'><strong>«ι</strong></span> <span class='ocrx_word' id='word_1_86' title='bbox 1052 1248 1140 1304; x_wconf 83' lang='lat' dir='ltr'><strong>Ex</strong></span> <span class='ocrx_word' id='word_1_87' title='bbox 1169 1249 1283 1305; x_wconf 90' lang='lat' dir='ltr'><strong>hoc</strong></span> <span class='ocrx_word' id='word_1_88' title='bbox 1314 1251 1740 1324; x_wconf 90' lang='lat' dir='ltr'><strong>cognoscimus</strong></span> <span class='ocrx_word' id='word_1_89' title='bbox 1772 1253 1910 1323; x_wconf 86' lang='lat' dir='ltr'><strong>quia</strong></span> <span class='ocrx_word' id='word_1_90' title='bbox 1931 1252 1993 1308; x_wconf 91' lang='lat' dir='ltr'><strong>in</strong></span> <span class='ocrx_word' id='word_1_91' title='bbox 2023 1253 2199 1310; x_wconf 91' lang='lat' dir='ltr'><strong>nobis</strong></span> 
     </span>
    </p>
   </div>
   <div class='ocr_carea' id='block_1_12' title="bbox 529 1335 2199 1410">
    <p class='ocr_par' dir='ltr' id='par_1_12' title="bbox 529 1335 2199 1410">
     <span class='ocr_line' id='line_1_12' title="bbox 529 1335 2199 1410; baseline 0.007 -24"><span class='ocrx_word' id='word_1_92' title='bbox 529 1335 623 1387; x_wconf 90' lang='lat' dir='ltr'><strong>est</strong></span> <span class='ocrx_word' id='word_1_93' title='bbox 652 1335 929 1404; x_wconf 90' lang='lat' dir='ltr'><strong>quoniam</strong></span> <span class='ocrx_word' id='word_1_94' title='bbox 962 1337 1034 1392; x_wconf 90' lang='lat' dir='ltr'><strong>de</strong></span> <span class='ocrx_word' id='word_1_95' title='bbox 1053 1338 1272 1409; x_wconf 87' lang='lat' dir='ltr'><strong>Spiritu</strong></span> <span class='ocrx_word' id='word_1_96' title='bbox 1295 1339 1406 1410; x_wconf 84' lang='lat'>(68)</span> <span class='ocrx_word' id='word_1_97' title='bbox 1426 1356 1537 1395; x_wconf 91' lang='lat' dir='ltr'><strong>suo</strong></span> <span class='ocrx_word' id='word_1_98' title='bbox 1568 1340 1727 1395; x_wconf 91' lang='lat' dir='ltr'><strong>dedit</strong></span> <span class='ocrx_word' id='word_1_99' title='bbox 1745 1340 1919 1396; x_wconf 90' lang='lat' dir='ltr'><strong>nobis</strong></span> <span class='ocrx_word' id='word_1_100' title='bbox 1951 1342 2008 1410; x_wconf 86' lang='grc' dir='ltr'><strong>(Ι</strong></span> <span class='ocrx_word' id='word_1_101' title='bbox 2031 1343 2199 1398; x_wconf 84' lang='lat' dir='ltr'><strong>Joan.</strong></span> 
     </span>
    </p>
   </div>
   <div class='ocr_carea' id='block_1_13' title="bbox 522 1421 2195 1502">
    <p class='ocr_par' dir='ltr' id='par_1_13' title="bbox 522 1421 2195 1502">
     <span class='ocr_line' id='line_1_13' title="bbox 522 1421 2195 1502; baseline 0.007 -27"><span class='ocrx_word' id='word_1_102' title='bbox 522 1437 603 1489; x_wconf 92' lang='lat' dir='ltr'><strong>1v,</strong></span> <span class='ocrx_word' id='word_1_103' title='bbox 640 1421 750 1492; x_wconf 85' lang='lat'>13).</span> <span class='ocrx_word' id='word_1_104' title='bbox 789 1447 810 1472; x_wconf 75' lang='grc' dir='ltr'><strong>η</strong></span> <span class='ocrx_word' id='word_1_105' title='bbox 849 1424 919 1479; x_wconf 89' lang='lat' dir='ltr'><strong>Et</strong></span> <span class='ocrx_word' id='word_1_106' title='bbox 948 1428 1199 1499; x_wconf 89' lang='lat' dir='ltr'><strong>angelus</strong></span> <span class='ocrx_word' id='word_1_107' title='bbox 1214 1428 1355 1484; x_wconf 89' lang='lat' dir='ltr'><strong>dicit</strong></span> <span class='ocrx_word' id='word_1_108' title='bbox 1386 1444 1399 1484; x_wconf 92' lang='lat'><strong>:</strong></span> <span class='ocrx_word' id='word_1_109' title='bbox 1436 1451 1457 1478; x_wconf 81' lang='grc' dir='ltr'><strong>α</strong></span> <span class='ocrx_word' id='word_1_110' title='bbox 1493 1428 1659 1495; x_wconf 90' lang='lat' dir='ltr'><strong>Quod</strong></span> <span class='ocrx_word' id='word_1_111' title='bbox 1690 1445 1764 1485; x_wconf 87' lang='lat' dir='ltr'><strong>ex</strong></span> <span class='ocrx_word' id='word_1_112' title='bbox 1794 1446 1864 1485; x_wconf 87' lang='lat' dir='ltr'><strong>ea</strong></span> <span class='ocrx_word' id='word_1_113' title='bbox 1894 1434 2195 1502; x_wconf 88' lang='lat' dir='ltr'><strong>nascetur,</strong></span> 
     </span>
    </p>
   </div>
   <div class='ocr_carea' id='block_1_14' title="bbox 524 1509 2196 1588">
    <p class='ocr_par' dir='ltr' id='par_1_14' title="bbox 524 1509 2196 1588">
     <span class='ocr_line' id='line_1_14' title="bbox 524 1509 2196 1588; baseline 0.008 -25"><span class='ocrx_word' id='word_1_114' title='bbox 524 1509 599 1564; x_wconf 91' lang='lat' dir='ltr'><strong>de</strong></span> <span class='ocrx_word' id='word_1_115' title='bbox 632 1510 856 1581; x_wconf 85' lang='lat' dir='ltr'><strong>Spiritu</strong></span> <span class='ocrx_word' id='word_1_116' title='bbox 911 1517 1012 1570; x_wconf 91' lang='lat' dir='ltr'><strong>tuo</strong></span> <span class='ocrx_word' id='word_1_117' title='bbox 1070 1520 1164 1571; x_wconf 90' lang='lat' dir='ltr'><strong>est</strong></span> <span class='ocrx_word' id='word_1_118' title='bbox 1209 1518 1446 1586; x_wconf 79' lang='lat' dir='ltr'><strong>(Matth.</strong></span> <span class='ocrx_word' id='word_1_119' title='bbox 1482 1536 1523 1588; x_wconf 95' lang='lat'><strong>1,</strong></span> <span class='ocrx_word' id='word_1_120' title='bbox 1556 1518 1666 1588; x_wconf 69' lang='lat'><strong>20).</strong></span> <span class='ocrx_word' id='word_1_121' title='bbox 1705 1542 1727 1567; x_wconf 72' lang='grc' dir='ltr'><strong>υ</strong></span> <span class='ocrx_word' id='word_1_122' title='bbox 1789 1518 1860 1573; x_wconf 90' lang='lat' dir='ltr'><strong>Et</strong></span> <span class='ocrx_word' id='word_1_123' title='bbox 1908 1520 2196 1576; x_wconf 89' lang='lat' dir='ltr'><strong>Dominus</strong></span> 
     </span>
    </p>
   </div>
   <div class='ocr_carea' id='block_1_15' title="bbox 445 1599 2200 1679">
    <p class='ocr_par' dir='ltr' id='par_1_15' title="bbox 445 1599 2200 1679">
     <span class='ocr_line' id='line_1_15' title="bbox 445 1599 2200 1679; baseline 0.004 -21"><span class='ocrx_word' id='word_1_124' title='bbox 445 1650 455 1658; x_wconf 94' lang='lat'><strong>.</strong></span> <span class='ocrx_word' id='word_1_125' title='bbox 528 1599 610 1653; x_wconf 88' lang='lat' dir='ltr'><strong>ait</strong></span> <span class='ocrx_word' id='word_1_126' title='bbox 639 1601 776 1671; x_wconf 88' lang='lat' dir='ltr'><strong>quia</strong></span> <span class='ocrx_word' id='word_1_127' title='bbox 809 1625 832 1650; x_wconf 78' lang='grc' dir='ltr'><em>α</em></span> <span class='ocrx_word' id='word_1_128' title='bbox 869 1604 1027 1674; x_wconf 90' lang='lat' dir='ltr'><strong>quod</strong></span> <span class='ocrx_word' id='word_1_129' title='bbox 1057 1608 1255 1663; x_wconf 90' lang='lat' dir='ltr'><strong>natum</strong></span> <span class='ocrx_word' id='word_1_130' title='bbox 1287 1610 1380 1663; x_wconf 91' lang='lat' dir='ltr'><strong>est</strong></span> <span class='ocrx_word' id='word_1_131' title='bbox 1409 1608 1480 1663; x_wconf 90' lang='lat' dir='ltr'><strong>de</strong></span> <span class='ocrx_word' id='word_1_132' title='bbox 1514 1607 1758 1679; x_wconf 88' lang='lat' dir='ltr'><strong>Spiritu,</strong></span> <span class='ocrx_word' id='word_1_133' title='bbox 1809 1607 2068 1679; x_wconf 90' lang='lat' dir='ltr'><strong>Spiritus</strong></span> <span class='ocrx_word' id='word_1_134' title='bbox 2107 1611 2200 1665; x_wconf 90' lang='lat' dir='ltr'><strong>est</strong></span> 
     </span>
    </p>
   </div>
   <div class='ocr_carea' id='block_1_16' title="bbox 523 1687 992 1762">
    <p class='ocr_par' dir='ltr' id='par_1_16' title="bbox 523 1687 992 1762">
     <span class='ocr_line' id='line_1_16' title="bbox 523 1687 992 1762; baseline -0.004 -20"><span class='ocrx_word' id='word_1_135' title='bbox 523 1687 714 1757; x_wconf 80' lang='lat' dir='ltr'><strong>(Joan.</strong></span> <span class='ocrx_word' id='word_1_136' title='bbox 746 1707 828 1759; x_wconf 92' lang='lat'><strong>111,</strong></span> <span class='ocrx_word' id='word_1_137' title='bbox 858 1690 933 1762; x_wconf 88' lang='grc'><strong>6).</strong></span> <span class='ocrx_word' id='word_1_138' title='bbox 970 1715 992 1740; x_wconf 70' lang='grc' dir='ltr'><strong>η</strong></span> 
     </span>
    </p>
   </div>
   <div class='ocr_carea' id='block_1_17' title="bbox 592 1776 2199 1857">
    <p class='ocr_par' dir='ltr' id='par_1_17' title="bbox 592 1776 2199 1857">
     <span class='ocr_line' id='line_1_17' title="bbox 592 1776 2199 1857; baseline 0.006 -26"><span class='ocrx_word' id='word_1_139' title='bbox 592 1776 683 1831; x_wconf 88' lang='grc'>96.</span> <span class='ocrx_word' id='word_1_140' title='bbox 718 1777 877 1851; x_wconf 89' lang='lat' dir='ltr'><strong>Ergo</strong></span> <span class='ocrx_word' id='word_1_141' title='bbox 901 1780 1057 1836; x_wconf 90' lang='lat' dir='ltr'><strong>sicut</strong></span> <span class='ocrx_word' id='word_1_142' title='bbox 1089 1796 1164 1837; x_wconf 88' lang='lat' dir='ltr'><strong>ex</strong></span> <span class='ocrx_word' id='word_1_143' title='bbox 1194 1783 1367 1838; x_wconf 89' lang='lat' dir='ltr'><strong>Patre</strong></span> <span class='ocrx_word' id='word_1_144' title='bbox 1387 1782 1645 1857; x_wconf 85' lang='lat' dir='ltr'><strong>legimus</strong></span> <span class='ocrx_word' id='word_1_145' title='bbox 1675 1800 1816 1839; x_wconf 91' lang='lat' dir='ltr'><strong>esse</strong></span> <span class='ocrx_word' id='word_1_146' title='bbox 1847 1786 2063 1854; x_wconf 90' lang='lat' dir='ltr'><strong>omnia,</strong></span> <span class='ocrx_word' id='word_1_147' title='bbox 2120 1786 2199 1841; x_wconf 90' lang='lat' dir='ltr'><strong>ita</strong></span> 
     </span>
    </p>
   </div>
   <div class='ocr_carea' id='block_1_18' title="bbox 520 1866 2196 1946">
    <p class='ocr_par' dir='ltr' id='par_1_18' title="bbox 520 1866 2196 1946">
     <span class='ocr_line' id='line_1_18' title="bbox 520 1866 2196 1946; baseline 0.007 -26"><span class='ocrx_word' id='word_1_148' title='bbox 520 1868 580 1921; x_wconf 91' lang='lat' dir='ltr'><strong>et</strong></span> <span class='ocrx_word' id='word_1_149' title='bbox 608 1880 685 1921; x_wconf 86' lang='lat' dir='ltr'><strong>ex</strong></span> <span class='ocrx_word' id='word_1_150' title='bbox 711 1866 859 1923; x_wconf 87' lang='lat' dir='ltr'><strong>Filio</strong></span> <span class='ocrx_word' id='word_1_151' title='bbox 882 1884 1063 1939; x_wconf 89' lang='lat' dir='ltr'><strong>posse</strong></span> <span class='ocrx_word' id='word_1_152' title='bbox 1085 1870 1199 1925; x_wconf 89' lang='lat' dir='ltr'><strong>dici</strong></span> <span class='ocrx_word' id='word_1_153' title='bbox 1225 1873 1441 1941; x_wconf 88' lang='lat' dir='ltr'><strong>omnia,</strong></span> <span class='ocrx_word' id='word_1_154' title='bbox 1458 1888 1567 1944; x_wconf 92' lang='lat' dir='ltr'><strong>per</strong></span> <span class='ocrx_word' id='word_1_155' title='bbox 1595 1888 1770 1946; x_wconf 90' lang='lat' dir='ltr'><strong>quem</strong></span> <span class='ocrx_word' id='word_1_156' title='bbox 1793 1874 1987 1930; x_wconf 91' lang='lat' dir='ltr'><strong>omnia</strong></span> <span class='ocrx_word' id='word_1_157' title='bbox 2019 1878 2158 1930; x_wconf 92' lang='lat' dir='ltr'><strong>sunt</strong></span> <span class='ocrx_word' id='word_1_158' title='bbox 2182 1890 2196 1932; x_wconf 94' lang='lat'><strong>:</strong></span> 
     </span>
    </p>
   </div>
   <div class='ocr_carea' id='block_1_19' title="bbox 518 1955 2201 2036">
    <p class='ocr_par' dir='ltr' id='par_1_19' title="bbox 518 1955 2201 2036">
     <span class='ocr_line' id='line_1_19' title="bbox 518 1955 2201 2036; baseline 0.007 -27"><span class='ocrx_word' id='word_1_159' title='bbox 518 1957 580 2010; x_wconf 91' lang='lat' dir='ltr'><strong>et</strong></span> <span class='ocrx_word' id='word_1_160' title='bbox 610 1970 689 2010; x_wconf 87' lang='lat' dir='ltr'><strong>ex</strong></span> <span class='ocrx_word' id='word_1_161' title='bbox 718 1955 942 2028; x_wconf 88' lang='lat' dir='ltr'><strong>Spiritu</strong></span> <span class='ocrx_word' id='word_1_162' title='bbox 971 1974 1110 2015; x_wconf 90' lang='lat' dir='ltr'><strong>esse</strong></span> <span class='ocrx_word' id='word_1_163' title='bbox 1144 1962 1359 2032; x_wconf 90' lang='lat' dir='ltr'><strong>omnia,</strong></span> <span class='ocrx_word' id='word_1_164' title='bbox 1394 1962 1454 2018; x_wconf 93' lang='lat' dir='ltr'><strong>in</strong></span> <span class='ocrx_word' id='word_1_165' title='bbox 1509 1978 1629 2035; x_wconf 90' lang='lat' dir='ltr'><strong>quo</strong></span> <span class='ocrx_word' id='word_1_166' title='bbox 1667 1964 1864 2019; x_wconf 92' lang='lat' dir='ltr'><strong>omnia</strong></span> <span class='ocrx_word' id='word_1_167' title='bbox 1910 1967 2069 2036; x_wconf 89' lang='lat' dir='ltr'><strong>sunt,</strong></span> <span class='ocrx_word' id='word_1_168' title='bbox 2110 1968 2201 2020; x_wconf 89' lang='lat' dir='ltr'><strong>te-</strong></span> 
     </span>
    </p>
   </div>
   <div class='ocr_carea' id='block_1_20' title="bbox 529 2043 1203 2105">
    <p class='ocr_par' dir='ltr' id='par_1_20' title="bbox 529 2043 1203 2105">
     <span class='ocr_line' id='line_1_20' title="bbox 529 2043 1203 2105; baseline 0.009 -6"><span class='ocrx_word' id='word_1_169' title='bbox 529 2043 833 2100; x_wconf 88' lang='lat' dir='ltr'><strong>stimoniis</strong></span> <span class='ocrx_word' id='word_1_170' title='bbox 864 2047 1203 2105; x_wconf 91' lang='lat' dir='ltr'><strong>edocemur.</strong></span> 
     </span>
    </p>
   </div>
   <div class='ocr_carea' id='block_1_21' title="bbox 594 2131 2201 2230">
    <p class='ocr_par' dir='ltr' id='par_1_21' title="bbox 594 2131 2201 2230">
     <span class='ocr_line' id='line_1_21' title="bbox 594 2131 2201 2230; baseline 0.008 -26"><span class='ocrx_word' id='word_1_171' title='bbox 594 2131 685 2205; x_wconf 53' lang='lat'>97..</span> <span class='ocrx_word' id='word_1_172' title='bbox 718 2150 890 2208; x_wconf 90' lang='lat' dir='ltr'><strong>Nunc</strong></span> <span class='ocrx_word' id='word_1_173' title='bbox 930 2156 1381 2212; x_wconf 87' lang='lat' dir='ltr'><strong>consideremus</strong></span> <span class='ocrx_word' id='word_1_174' title='bbox 1405 2159 1598 2213; x_wconf 90' lang='lat' dir='ltr'><strong>utrum</strong></span> <span class='ocrx_word' id='word_1_175' title='bbox 1635 2174 1743 2230; x_wconf 90' lang='lat' dir='ltr'><strong>per</strong></span> <span class='ocrx_word' id='word_1_176' title='bbox 1788 2160 2020 2215; x_wconf 88' lang='lat' dir='ltr'><strong>Patrem</strong></span> <span class='ocrx_word' id='word_1_177' title='bbox 2057 2176 2201 2217; x_wconf 90' lang='lat' dir='ltr'><strong>esse</strong></span> 
     </span>
    </p>
   </div>
   <div class='ocr_carea' id='block_1_22' title="bbox 520 2237 2199 2319">
    <p class='ocr_par' dir='ltr' id='par_1_22' title="bbox 520 2237 2199 2319">
     <span class='ocr_line' id='line_1_22' title="bbox 520 2237 2199 2319; baseline 0.008 -27"><span class='ocrx_word' id='word_1_178' title='bbox 520 2237 744 2310; x_wconf 90' lang='lat' dir='ltr'><strong>aliquid</strong></span> <span class='ocrx_word' id='word_1_179' title='bbox 775 2240 991 2299; x_wconf 91' lang='lat' dir='ltr'><strong>docere</strong></span> <span class='ocrx_word' id='word_1_180' title='bbox 1022 2245 1348 2315; x_wconf 90' lang='lat' dir='ltr'><strong>possimus.</strong></span> <span class='ocrx_word' id='word_1_181' title='bbox 1374 2246 1490 2302; x_wconf 92' lang='lat' dir='ltr'><strong>Sed</strong></span> <span class='ocrx_word' id='word_1_182' title='bbox 1513 2248 1799 2319; x_wconf 90' lang='lat' dir='ltr'><strong>scriptum</strong></span> <span class='ocrx_word' id='word_1_183' title='bbox 1822 2251 1915 2303; x_wconf 90' lang='lat' dir='ltr'><strong>est</strong></span> <span class='ocrx_word' id='word_1_184' title='bbox 1939 2264 1951 2304; x_wconf 94' lang='lat'><strong>:</strong></span> <span class='ocrx_word' id='word_1_185' title='bbox 1979 2248 2199 2305; x_wconf 88' lang='lat' dir='ltr'><strong>Paulus</strong></span> 
     </span>
    </p>
   </div>
   <div class='ocr_carea' id='block_1_23' title="bbox 519 2329 2195 2409">
    <p class='ocr_par' dir='ltr' id='par_1_23' title="bbox 519 2329 2195 2409">
     <span class='ocr_line' id='line_1_23' title="bbox 519 2329 2195 2409; baseline 0.008 -27"><span class='ocrx_word' id='word_1_186' title='bbox 519 2341 737 2384; x_wconf 88' lang='lat' dir='ltr'><strong>servus</strong></span> <span class='ocrx_word' id='word_1_187' title='bbox 762 2329 980 2387; x_wconf 87' lang='lat' dir='ltr'><strong>Christi</strong></span> <span class='ocrx_word' id='word_1_188' title='bbox 1006 2349 1112 2405; x_wconf 89' lang='lat' dir='ltr'><strong>per</strong></span> <span class='ocrx_word' id='word_1_189' title='bbox 1141 2335 1504 2391; x_wconf 86' lang='lat' dir='ltr'><strong>voluntatem</strong></span> <span class='ocrx_word' id='word_1_190' title='bbox 1550 2336 1657 2391; x_wconf 93' lang='lat' dir='ltr'><strong>Dei</strong></span> <span class='ocrx_word' id='word_1_191' title='bbox 1704 2337 1762 2407; x_wconf 89' lang='grc' dir='ltr'><strong>(Ι</strong></span> <span class='ocrx_word' id='word_1_192' title='bbox 1789 2339 1924 2393; x_wconf 86' lang='lat' dir='ltr'><strong>Cor.</strong></span> <span class='ocrx_word' id='word_1_193' title='bbox 1960 2338 2079 2409; x_wconf 90' lang='lat'><strong>1,1)</strong></span> <span class='ocrx_word' id='word_1_194' title='bbox 2112 2354 2127 2407; x_wconf 86' lang='lat'><strong>;</strong></span> <span class='ocrx_word' id='word_1_195' title='bbox 2172 2359 2195 2388; x_wconf 78' lang='grc' dir='ltr'><strong>ι</strong></span> 
     </span>
    </p>
   </div>
   <div class='ocr_carea' id='block_1_24' title="bbox 521 2414 2200 2497">
    <p class='ocr_par' dir='ltr' id='par_1_24' title="bbox 521 2414 2200 2497">
     <span class='ocr_line' id='line_1_24' title="bbox 521 2414 2200 2497; baseline 0.007 -25"><span class='ocrx_word' id='word_1_196' title='bbox 521 2418 580 2472; x_wconf 90' lang='lat' dir='ltr'><strong>et</strong></span> <span class='ocrx_word' id='word_1_197' title='bbox 597 2417 775 2474; x_wconf 90' lang='lat' dir='ltr'><strong>alibi:</strong></span> <span class='ocrx_word' id='word_1_198' title='bbox 806 2440 829 2469; x_wconf 77' lang='grc' dir='ltr'><strong>ι</strong></span> <span class='ocrx_word' id='word_1_199' title='bbox 862 2420 1031 2477; x_wconf 90' lang='lat' dir='ltr'><strong>Unde</strong></span> <span class='ocrx_word' id='word_1_200' title='bbox 1047 2421 1172 2494; x_wconf 89' lang='lat' dir='ltr'><strong>jam</strong></span> <span class='ocrx_word' id='word_1_201' title='bbox 1205 2440 1323 2479; x_wconf 92' lang='lat' dir='ltr'><strong>non</strong></span> <span class='ocrx_word' id='word_1_202' title='bbox 1353 2428 1448 2480; x_wconf 93' lang='lat' dir='ltr'><strong>est</strong></span> <span class='ocrx_word' id='word_1_203' title='bbox 1487 2440 1726 2493; x_wconf 88' lang='lat' dir='ltr'><strong>servus,</strong></span> <span class='ocrx_word' id='word_1_204' title='bbox 1770 2427 1876 2482; x_wconf 92' lang='lat' dir='ltr'><strong>sed</strong></span> <span class='ocrx_word' id='word_1_205' title='bbox 1909 2428 2098 2497; x_wconf 82' lang='lat' dir='ltr'><strong>filius;</strong></span> <span class='ocrx_word' id='word_1_206' title='bbox 2142 2414 2200 2484; x_wconf 78' lang='grc' dir='ltr'><strong>εί</strong></span> 
     </span>
    </p>
   </div>
   <div class='ocr_carea' id='block_1_25' title="bbox 522 2508 2201 2586">
    <p class='ocr_par' dir='ltr' id='par_1_25' title="bbox 522 2508 2201 2586">
     <span class='ocr_line' id='line_1_25' title="bbox 522 2508 2201 2586; baseline 0.009 -27"><span class='ocrx_word' id='word_1_207' title='bbox 522 2509 718 2562; x_wconf 89' lang='lat' dir='ltr'><strong>autem</strong></span> <span class='ocrx_word' id='word_1_208' title='bbox 748 2508 930 2579; x_wconf 79' lang='lat' dir='ltr'><strong>ﬁlius,</strong></span> <span class='ocrx_word' id='word_1_209' title='bbox 955 2514 1013 2566; x_wconf 89' lang='lat' dir='ltr'><strong>et</strong></span> <span class='ocrx_word' id='word_1_210' title='bbox 1034 2510 1231 2567; x_wconf 67' lang='lat' dir='ltr'><strong>hmres</strong></span> <span class='ocrx_word' id='word_1_211' title='bbox 1253 2529 1361 2584; x_wconf 89' lang='lat' dir='ltr'><strong>per</strong></span> <span class='ocrx_word' id='word_1_212' title='bbox 1386 2514 1573 2571; x_wconf 91' lang='lat' dir='ltr'><strong>Deum</strong></span> <span class='ocrx_word' id='word_1_213' title='bbox 1594 2514 1812 2583; x_wconf 89' lang='lat' dir='ltr'><strong>(Galat.</strong></span> <span class='ocrx_word' id='word_1_214' title='bbox 1847 2532 1925 2583; x_wconf 90' lang='lat' dir='ltr'><strong>1v,</strong></span> <span class='ocrx_word' id='word_1_215' title='bbox 1960 2516 2049 2586; x_wconf 84' lang='lat'><strong>&#39;7);</strong></span> <span class='ocrx_word' id='word_1_216' title='bbox 2085 2541 2106 2565; x_wconf 78' lang='grc' dir='ltr'><strong><em>η</em></strong></span> <span class='ocrx_word' id='word_1_217' title='bbox 2142 2521 2201 2575; x_wconf 89' lang='lat' dir='ltr'><strong>et</strong></span> 
     </span>
    </p>
   </div>
   <div class='ocr_carea' id='block_1_26' title="bbox 520 2593 2201 2676">
    <p class='ocr_par' dir='ltr' id='par_1_26' title="bbox 520 2593 2201 2676">
     <span class='ocr_line' id='line_1_26' title="bbox 520 2593 2201 2676; baseline 0.008 -29"><span class='ocrx_word' id='word_1_218' title='bbox 520 2593 702 2651; x_wconf 84' lang='lat' dir='ltr'><strong>alibi:</strong></span> <span class='ocrx_word' id='word_1_219' title='bbox 752 2619 775 2643; x_wconf 76' lang='grc' dir='ltr'>α</span> <span class='ocrx_word' id='word_1_220' title='bbox 811 2597 979 2653; x_wconf 90' lang='lat' dir='ltr'><strong>Sicut</strong></span> <span class='ocrx_word' id='word_1_221' title='bbox 1040 2602 1370 2656; x_wconf 80' lang='lat' dir='ltr'><strong>resurrexit</strong></span> <span class='ocrx_word' id='word_1_222' title='bbox 1426 2601 1702 2658; x_wconf 85' lang='lat' dir='ltr'><strong>Christus</strong></span> <span class='ocrx_word' id='word_1_223' title='bbox 1747 2620 1780 2657; x_wconf 92' lang='lat' dir='ltr'><strong>a</strong></span> <span class='ocrx_word' id='word_1_224' title='bbox 1814 2604 2061 2660; x_wconf 89' lang='lat' dir='ltr'><strong>mortuis</strong></span> <span class='ocrx_word' id='word_1_225' title='bbox 2093 2621 2201 2676; x_wconf 89' lang='lat' dir='ltr'><strong>per</strong></span> 
     </span>
    </p>
   </div>
   <div class='ocr_carea' id='block_1_27' title="bbox 521 2683 2195 2760">
    <p class='ocr_par' dir='ltr' id='par_1_27' title="bbox 521 2683 2195 2760">
     <span class='ocr_line' id='line_1_27' title="bbox 521 2683 2195 2760; baseline 0.007 -24"><span class='ocrx_word' id='word_1_226' title='bbox 521 2683 784 2753; x_wconf 87' lang='lat' dir='ltr'><strong>gloriam</strong></span> <span class='ocrx_word' id='word_1_227' title='bbox 829 2686 1025 2741; x_wconf 87' lang='lat' dir='ltr'><strong>Patris</strong></span> <span class='ocrx_word' id='word_1_228' title='bbox 1069 2687 1283 2759; x_wconf 83' lang='lat' dir='ltr'><strong>(Rom.,</strong></span> <span class='ocrx_word' id='word_1_229' title='bbox 1314 2706 1393 2759; x_wconf 91' lang='lat' dir='ltr'><strong>v1,</strong></span> <span class='ocrx_word' id='word_1_230' title='bbox 1424 2690 1500 2760; x_wconf 79' lang='lat'><strong>4).</strong></span> <span class='ocrx_word' id='word_1_231' title='bbox 1553 2691 1624 2746; x_wconf 88' lang='lat' dir='ltr'><strong>Et</strong></span> <span class='ocrx_word' id='word_1_232' title='bbox 1661 2691 1801 2745; x_wconf 90' lang='lat' dir='ltr'><strong>alibi</strong></span> <span class='ocrx_word' id='word_1_233' title='bbox 1831 2692 1990 2747; x_wconf 90' lang='lat' dir='ltr'><strong>Deus</strong></span> <span class='ocrx_word' id='word_1_234' title='bbox 2020 2694 2195 2748; x_wconf 91' lang='lat' dir='ltr'><strong>Pater</strong></span> 
     </span>
    </p>
   </div>
   <div class='ocr_carea' id='block_1_28' title="bbox 523 2770 2196 2854">
    <p class='ocr_par' dir='ltr' id='par_1_28' title="bbox 523 2770 2196 2854">
     <span class='ocr_line' id='line_1_28' title="bbox 523 2770 2196 2854; baseline 0.008 -30"><span class='ocrx_word' id='word_1_235' title='bbox 523 2770 596 2825; x_wconf 89' lang='lat' dir='ltr'><strong>ad</strong></span> <span class='ocrx_word' id='word_1_236' title='bbox 619 2770 832 2827; x_wconf 88' lang='lat' dir='ltr'><strong>Filium</strong></span> <span class='ocrx_word' id='word_1_237' title='bbox 861 2774 1004 2830; x_wconf 91' lang='lat' dir='ltr'><strong>dicit</strong></span> <span class='ocrx_word' id='word_1_238' title='bbox 1038 2791 1050 2831; x_wconf 93' lang='lat'><strong>:</strong></span> <span class='ocrx_word' id='word_1_239' title='bbox 1081 2797 1104 2825; x_wconf 72' lang='grc' dir='ltr'><strong><em>α</em></strong></span> <span class='ocrx_word' id='word_1_240' title='bbox 1141 2775 1295 2833; x_wconf 89' lang='lat' dir='ltr'><strong>Ecce</strong></span> <span class='ocrx_word' id='word_1_241' title='bbox 1317 2779 1603 2851; x_wconf 69' lang='lat' dir='ltr'><strong>proselyti</strong></span> <span class='ocrx_word' id='word_1_242' title='bbox 1632 2779 1871 2836; x_wconf 89' lang='lat' dir='ltr'><strong>venient</strong></span> <span class='ocrx_word' id='word_1_243' title='bbox 1898 2781 1972 2836; x_wconf 89' lang='lat' dir='ltr'><strong>ad</strong></span> <span class='ocrx_word' id='word_1_244' title='bbox 2002 2784 2058 2837; x_wconf 93' lang='lat' dir='ltr'><strong>te</strong></span> <span class='ocrx_word' id='word_1_245' title='bbox 2088 2797 2196 2854; x_wconf 90' lang='lat' dir='ltr'><strong>per</strong></span> 
     </span>
    </p>
   </div>
   <div class='ocr_carea' id='block_1_29' title="bbox 526 2859 1159 2935">
    <p class='ocr_par' dir='ltr' id='par_1_29' title="bbox 526 2859 1159 2935">
     <span class='ocr_line' id='line_1_29' title="bbox 526 2859 1159 2935; baseline 0.011 -22"><span class='ocrx_word' id='word_1_246' title='bbox 526 2873 621 2914; x_wconf 91' lang='lat' dir='ltr'><strong>me</strong></span> <span class='ocrx_word' id='word_1_247' title='bbox 652 2859 793 2930; x_wconf 87' lang='lat' dir='ltr'><strong>(Isa.</strong></span> <span class='ocrx_word' id='word_1_248' title='bbox 836 2879 952 2934; x_wconf 85' lang='lat' dir='ltr'><strong>1.1v,</strong></span> <span class='ocrx_word' id='word_1_249' title='bbox 988 2863 1098 2935; x_wconf 87' lang='lat'>15).</span> <span class='ocrx_word' id='word_1_250' title='bbox 1137 2887 1159 2913; x_wconf 76' lang='grc' dir='ltr'><strong>ι»</strong></span> 
     </span>
    </p>
   </div>
   <div class='ocr_carea' id='block_1_30' title="bbox 590 2965 2194 3048">
    <p class='ocr_par' dir='ltr' id='par_1_30' title="bbox 590 2965 2194 3048">
     <span class='ocr_line' id='line_1_30' title="bbox 590 2965 2194 3048; baseline 0.008 -27"><span class='ocrx_word' id='word_1_251' title='bbox 590 2965 680 3022; x_wconf 87' lang='grc'><strong>98.</strong></span> <span class='ocrx_word' id='word_1_252' title='bbox 714 2966 891 3023; x_wconf 87' lang='lat' dir='ltr'><strong>Multa</strong></span> <span class='ocrx_word' id='word_1_253' title='bbox 951 2971 1219 3041; x_wconf 88' lang='lat' dir='ltr'><strong>reperies</strong></span> <span class='ocrx_word' id='word_1_254' title='bbox 1266 2973 1400 3044; x_wconf 90' lang='lat' dir='ltr'><strong>alia,</strong></span> <span class='ocrx_word' id='word_1_255' title='bbox 1449 2974 1502 3031; x_wconf 91' lang='lat' dir='ltr'><strong>si</strong></span> <span class='ocrx_word' id='word_1_256' title='bbox 1546 2990 1783 3048; x_wconf 84' lang='lat' dir='ltr'><strong>quaeras</strong></span> <span class='ocrx_word' id='word_1_257' title='bbox 1819 2991 1927 3048; x_wconf 89' lang='lat' dir='ltr'><strong>per</strong></span> <span class='ocrx_word' id='word_1_258' title='bbox 1959 2978 2194 3035; x_wconf 89' lang='lat' dir='ltr'><strong>Patrem</strong></span> 
     </span>
    </p>
   </div>
   <div class='ocr_carea' id='block_1_31' title="bbox 520 3052 2192 3136">
    <p class='ocr_par' dir='ltr' id='par_1_31' title="bbox 520 3052 2192 3136">
     <span class='ocr_line' id='line_1_31' title="bbox 520 3052 2192 3136; baseline 0.008 -27"><span class='ocrx_word' id='word_1_259' title='bbox 520 3052 694 3111; x_wconf 82' lang='lat' dir='ltr'><strong>facta.</strong></span> <span class='ocrx_word' id='word_1_260' title='bbox 720 3055 1017 3131; x_wconf 89' lang='lat' dir='ltr'><strong>Numquid</strong></span> <span class='ocrx_word' id='word_1_261' title='bbox 1041 3059 1174 3116; x_wconf 90' lang='lat' dir='ltr'><strong>ideo</strong></span> <span class='ocrx_word' id='word_1_262' title='bbox 1198 3061 1391 3118; x_wconf 90' lang='lat' dir='ltr'><strong>minor</strong></span> <span class='ocrx_word' id='word_1_263' title='bbox 1407 3064 1603 3133; x_wconf 92' lang='lat' dir='ltr'><strong>Pater,</strong></span> <span class='ocrx_word' id='word_1_264' title='bbox 1622 3064 1759 3136; x_wconf 89' lang='lat' dir='ltr'><strong>quia</strong></span> <span class='ocrx_word' id='word_1_265' title='bbox 1789 3065 1850 3121; x_wconf 89' lang='lat' dir='ltr'><strong>in</strong></span> <span class='ocrx_word' id='word_1_266' title='bbox 1873 3064 2021 3123; x_wconf 85' lang='lat' dir='ltr'><strong>Filio</strong></span> <span class='ocrx_word' id='word_1_267' title='bbox 2039 3070 2096 3123; x_wconf 91' lang='lat' dir='ltr'><strong>et</strong></span> <span class='ocrx_word' id='word_1_268' title='bbox 2116 3082 2192 3124; x_wconf 87' lang='lat' dir='ltr'><strong>ex</strong></span> 
     </span>
    </p>
   </div>
   <div class='ocr_carea' id='block_1_32' title="bbox 519 3141 2188 3225">
    <p class='ocr_par' dir='ltr' id='par_1_32' title="bbox 519 3141 2188 3225">
     <span class='ocr_line' id='line_1_32' title="bbox 519 3141 2188 3225; baseline 0.008 -27"><span class='ocrx_word' id='word_1_269' title='bbox 519 3141 669 3201; x_wconf 86' lang='lat' dir='ltr'><strong>Filio</strong></span> <span class='ocrx_word' id='word_1_270' title='bbox 698 3145 980 3222; x_wconf 89' lang='lat' dir='ltr'><strong>pleraque</strong></span> <span class='ocrx_word' id='word_1_271' title='bbox 1010 3165 1150 3206; x_wconf 89' lang='lat' dir='ltr'><strong>esse</strong></span> <span class='ocrx_word' id='word_1_272' title='bbox 1178 3150 1474 3225; x_wconf 91' lang='lat' dir='ltr'><strong>legimus:</strong></span> <span class='ocrx_word' id='word_1_273' title='bbox 1510 3156 1567 3209; x_wconf 91' lang='lat' dir='ltr'><strong>et</strong></span> <span class='ocrx_word' id='word_1_274' title='bbox 1604 3168 1710 3225; x_wconf 89' lang='lat' dir='ltr'><strong>per</strong></span> <span class='ocrx_word' id='word_1_275' title='bbox 1748 3153 1980 3211; x_wconf 88' lang='lat' dir='ltr'><strong>Patrem</strong></span> <span class='ocrx_word' id='word_1_276' title='bbox 2035 3155 2188 3213; x_wconf 79' lang='lat' dir='ltr'><strong>facta</strong></span> 
     </span>
    </p>
   </div>
   <div class='ocr_carea' id='block_1_33' title="bbox 517 3233 2188 3318">
    <p class='ocr_par' dir='ltr' id='par_1_33' title="bbox 517 3233 2188 3318">
     <span class='ocr_line' id='line_1_33' title="bbox 517 3233 2188 3318; baseline 0.01 -31"><span class='ocrx_word' id='word_1_277' title='bbox 517 3233 613 3289; x_wconf 89' lang='lat' dir='ltr'><strong>vel</strong></span> <span class='ocrx_word' id='word_1_278' title='bbox 644 3235 776 3292; x_wconf 87' lang='lat' dir='ltr'><strong>data</strong></span> <span class='ocrx_word' id='word_1_279' title='bbox 798 3236 908 3309; x_wconf 88' lang='lat'><strong>(69)</strong></span> <span class='ocrx_word' id='word_1_280' title='bbox 938 3239 1189 3312; x_wconf 90' lang='lat' dir='ltr'><strong>plurima</strong></span> <span class='ocrx_word' id='word_1_281' title='bbox 1217 3240 1278 3296; x_wconf 89' lang='lat' dir='ltr'><strong>in</strong></span> <span class='ocrx_word' id='word_1_282' title='bbox 1297 3240 1622 3313; x_wconf 88' lang='lat' dir='ltr'><strong>Scripturis</strong></span> <span class='ocrx_word' id='word_1_283' title='bbox 1637 3243 1984 3301; x_wconf 79' lang='lat' dir='ltr'><strong>ccelestibus</strong></span> <span class='ocrx_word' id='word_1_284' title='bbox 2012 3260 2188 3318; x_wconf 88' lang='lat' dir='ltr'><strong>repe-</strong></span> 
     </span>
    </p>
   </div>
   <div class='ocr_carea' id='block_1_34' title="bbox 516 3321 755 3381">
    <p class='ocr_par' dir='ltr' id='par_1_34' title="bbox 516 3321 755 3381">
     <span class='ocr_line' id='line_1_34' title="bbox 516 3321 755 3381; baseline 0.008 -2"><span class='ocrx_word' id='word_1_285' title='bbox 516 3321 705 3381; x_wconf 90' lang='lat' dir='ltr'><strong>rimus</strong></span> <span class='ocrx_word' id='word_1_286' title='bbox 725 3326 755 3381; x_wconf 86' lang='lat'><strong>?</strong></span> 
     </span>
    </p>
   </div>
   <div class='ocr_carea' id='block_1_35' title="bbox 585 3430 2184 3515">
    <p class='ocr_par' dir='ltr' id='par_1_35' title="bbox 585 3430 2184 3515">
     <span class='ocr_line' id='line_1_35' title="bbox 585 3430 2184 3515; baseline 0.007 -26"><span class='ocrx_word' id='word_1_287' title='bbox 585 3430 674 3489; x_wconf 88' lang='lat'><strong>99.</strong></span> <span class='ocrx_word' id='word_1_288' title='bbox 699 3433 817 3491; x_wconf 90' lang='lat' dir='ltr'><strong>Sed</strong></span> <span class='ocrx_word' id='word_1_289' title='bbox 834 3436 1007 3492; x_wconf 89' lang='lat' dir='ltr'><strong>etiam</strong></span> <span class='ocrx_word' id='word_1_290' title='bbox 1030 3453 1137 3508; x_wconf 93' lang='lat' dir='ltr'><strong>per</strong></span> <span class='ocrx_word' id='word_1_291' title='bbox 1152 3437 1436 3510; x_wconf 91' lang='lat' dir='ltr'><strong>Spiritum</strong></span> <span class='ocrx_word' id='word_1_292' title='bbox 1458 3438 1732 3496; x_wconf 88' lang='lat' dir='ltr'><strong>similiter</strong></span> <span class='ocrx_word' id='word_1_293' title='bbox 1749 3439 2006 3515; x_wconf 89' lang='lat' dir='ltr'><strong>legimus</strong></span> <span class='ocrx_word' id='word_1_294' title='bbox 2028 3442 2184 3500; x_wconf 83' lang='lat' dir='ltr'><strong>facta</strong></span> 
     </span>
    </p>
   </div>
   <div class='ocr_carea' id='block_1_36' title="bbox 516 3521 2184 3598">
    <p class='ocr_par' dir='ltr' id='par_1_36' title="bbox 516 3521 2184 3598">
     <span class='ocr_line' id='line_1_36' title="bbox 516 3521 2184 3598; baseline 0.007 -21"><span class='ocrx_word' id='word_1_295' title='bbox 516 3521 984 3598; x_wconf 87' lang='lat' dir='ltr'><strong>pleraque,sicut</strong></span> <span class='ocrx_word' id='word_1_296' title='bbox 997 3526 1184 3583; x_wconf 92' lang='lat' dir='ltr'><strong>habes</strong></span> <span class='ocrx_word' id='word_1_297' title='bbox 1209 3543 1222 3585; x_wconf 95' lang='lat'><strong>:</strong></span> <span class='ocrx_word' id='word_1_298' title='bbox 1245 3551 1268 3577; x_wconf 73' lang='grc' dir='ltr'><strong>α</strong></span> <span class='ocrx_word' id='word_1_299' title='bbox 1292 3528 1483 3585; x_wconf 89' lang='lat' dir='ltr'><strong>Nobis</strong></span> <span class='ocrx_word' id='word_1_300' title='bbox 1501 3532 1695 3585; x_wconf 90' lang='lat' dir='ltr'><strong>autem</strong></span> <span class='ocrx_word' id='word_1_301' title='bbox 1725 3530 2009 3587; x_wconf 89' lang='lat' dir='ltr'><strong>revelavit</strong></span> <span class='ocrx_word' id='word_1_302' title='bbox 2022 3532 2184 3589; x_wconf 91' lang='lat' dir='ltr'><strong>Deus</strong></span> 
     </span>
    </p>
   </div>
   <div class='ocr_carea' id='block_1_37' title="bbox 514 3612 2178 3690">
    <p class='ocr_par' dir='ltr' id='par_1_37' title="bbox 514 3612 2178 3690">
     <span class='ocr_line' id='line_1_37' title="bbox 514 3612 2178 3690; baseline 0.006 -21"><span class='ocrx_word' id='word_1_303' title='bbox 514 3627 625 3683; x_wconf 85' lang='lat' dir='ltr'><strong>per</strong></span> <span class='ocrx_word' id='word_1_304' title='bbox 677 3612 957 3686; x_wconf 90' lang='lat' dir='ltr'><strong>Spiritum</strong></span> <span class='ocrx_word' id='word_1_305' title='bbox 987 3631 1162 3671; x_wconf 87' lang='lat' dir='ltr'><strong>suum</strong></span> <span class='ocrx_word' id='word_1_306' title='bbox 1215 3616 1275 3688; x_wconf 88' lang='grc' dir='ltr'><strong>(Ι</strong></span> <span class='ocrx_word' id='word_1_307' title='bbox 1301 3617 1439 3674; x_wconf 90' lang='lat' dir='ltr'><strong>Cor.</strong></span> <span class='ocrx_word' id='word_1_308' title='bbox 1493 3635 1557 3688; x_wconf 92' lang='lat'><strong>11,</strong></span> <span class='ocrx_word' id='word_1_309' title='bbox 1620 3618 1748 3690; x_wconf 85' lang='lat'><strong>10);</strong></span> <span class='ocrx_word' id='word_1_310' title='bbox 1785 3640 1808 3669; x_wconf 73' lang='grc' dir='ltr'><strong>ι</strong></span> <span class='ocrx_word' id='word_1_311' title='bbox 1868 3623 1927 3676; x_wconf 91' lang='lat' dir='ltr'><strong>et</strong></span> <span class='ocrx_word' id='word_1_312' title='bbox 1981 3621 2123 3677; x_wconf 90' lang='lat' dir='ltr'><strong>alibi</strong></span> <span class='ocrx_word' id='word_1_313' title='bbox 2166 3638 2178 3679; x_wconf 91' lang='lat'><strong>:</strong></span> 
     </span>
    </p>
   </div>
   <div class='ocr_carea' id='block_1_38' title="bbox 516 3702 2181 3780">
    <p class='ocr_par' dir='ltr' id='par_1_38' title="bbox 516 3702 2181 3780">
     <span class='ocr_line' id='line_1_38' title="bbox 516 3702 2181 3780; baseline 0.005 -21"><span class='ocrx_word' id='word_1_314' title='bbox 516 3702 747 3760; x_wconf 91' lang='lat' dir='ltr'><strong>Bonum</strong></span> <span class='ocrx_word' id='word_1_315' title='bbox 795 3704 1130 3775; x_wconf 81' lang='lat' dir='ltr'><strong>depositum</strong></span> <span class='ocrx_word' id='word_1_316' title='bbox 1168 3707 1401 3762; x_wconf 90' lang='lat' dir='ltr'><strong>custodi</strong></span> <span class='ocrx_word' id='word_1_317' title='bbox 1447 3723 1555 3779; x_wconf 91' lang='lat' dir='ltr'><strong>per</strong></span> <span class='ocrx_word' id='word_1_318' title='bbox 1597 3707 1879 3780; x_wconf 88' lang='lat' dir='ltr'><strong>Spiritum</strong></span> <span class='ocrx_word' id='word_1_319' title='bbox 1910 3714 2181 3766; x_wconf 89' lang='lat' dir='ltr'><strong>sanctum</strong></span> 
     </span>
    </p>
   </div>
   <div class='ocr_carea' id='block_1_39' title="bbox 520 3791 2182 3870">
    <p class='ocr_par' dir='ltr' id='par_1_39' title="bbox 520 3791 2182 3870">
     <span class='ocr_line' id='line_1_39' title="bbox 520 3791 2182 3870; baseline 0.005 -24"><span class='ocrx_word' id='word_1_320' title='bbox 520 3791 608 3861; x_wconf 88' lang='lat' dir='ltr'><strong>(II</strong></span> <span class='ocrx_word' id='word_1_321' title='bbox 640 3792 785 3848; x_wconf 89' lang='lat' dir='ltr'><strong>Tim.</strong></span> <span class='ocrx_word' id='word_1_322' title='bbox 819 3810 858 3863; x_wconf 89' lang='lat'><strong>1,</strong></span> <span class='ocrx_word' id='word_1_323' title='bbox 893 3792 1020 3865; x_wconf 70' lang='lat'><strong>14);</strong></span> <span class='ocrx_word' id='word_1_324' title='bbox 1057 3814 1081 3845; x_wconf 72' lang='grc' dir='ltr'><strong>ι</strong></span> <span class='ocrx_word' id='word_1_325' title='bbox 1105 3798 1163 3851; x_wconf 88' lang='lat' dir='ltr'><strong>et</strong></span> <span class='ocrx_word' id='word_1_326' title='bbox 1192 3796 1264 3851; x_wconf 92' lang='lat' dir='ltr'><strong>ad</strong></span> <span class='ocrx_word' id='word_1_327' title='bbox 1296 3795 1628 3867; x_wconf 86' lang='lat' dir='ltr'><strong>Ephesios:</strong></span> <span class='ocrx_word' id='word_1_328' title='bbox 1668 3819 1690 3845; x_wconf 76' lang='grc' dir='ltr'><strong>α</strong></span> <span class='ocrx_word' id='word_1_329' title='bbox 1713 3796 2047 3855; x_wconf 82' lang='lat' dir='ltr'><strong>Confortari</strong></span> <span class='ocrx_word' id='word_1_330' title='bbox 2074 3816 2182 3870; x_wconf 92' lang='lat' dir='ltr'><strong>per</strong></span> 
     </span>
    </p>
   </div>
   <div class='ocr_carea' id='block_1_40' title="bbox 516 3879 2179 3956">
    <p class='ocr_par' dir='ltr' id='par_1_40' title="bbox 516 3879 2179 3956">
     <span class='ocr_line' id='line_1_40' title="bbox 516 3879 2179 3956; baseline 0.005 -21"><span class='ocrx_word' id='word_1_331' title='bbox 516 3879 798 3951; x_wconf 91' lang='lat' dir='ltr'><strong>Spiritum</strong></span> <span class='ocrx_word' id='word_1_332' title='bbox 827 3880 964 3954; x_wconf 84' lang='lat' dir='ltr'><strong>ejus</strong></span> <span class='ocrx_word' id='word_1_333' title='bbox 995 3883 1241 3956; x_wconf 86' lang='lat' dir='ltr'><strong>(pres.</strong></span> <span class='ocrx_word' id='word_1_334' title='bbox 1266 3902 1347 3954; x_wconf 89' lang='lat'><strong>111,</strong></span> <span class='ocrx_word' id='word_1_335' title='bbox 1383 3885 1507 3955; x_wconf 85' lang='lat'>16);</span> <span class='ocrx_word' id='word_1_336' title='bbox 1545 3908 1568 3933; x_wconf 77' lang='grc' dir='ltr'><strong>ιο</strong></span> <span class='ocrx_word' id='word_1_337' title='bbox 1604 3888 1662 3941; x_wconf 93' lang='lat' dir='ltr'><strong>et</strong></span> <span class='ocrx_word' id='word_1_338' title='bbox 1687 3886 1760 3941; x_wconf 92' lang='lat' dir='ltr'><strong>ad</strong></span> <span class='ocrx_word' id='word_1_339' title='bbox 1789 3885 2129 3945; x_wconf 86' lang='lat' dir='ltr'><strong>Corinthios</strong></span> <span class='ocrx_word' id='word_1_340' title='bbox 2165 3904 2179 3945; x_wconf 95' lang='lat'><strong>:</strong></span> 
     </span>
    </p>
   </div>
   <div class='ocr_carea' id='block_1_41' title="bbox 519 3968 2181 4047">
    <p class='ocr_par' dir='ltr' id='par_1_41' title="bbox 519 3968 2181 4047">
     <span class='ocr_line' id='line_1_41' title="bbox 519 3968 2181 4047; baseline 0.005 -24"><span class='ocrx_word' id='word_1_341' title='bbox 519 3989 543 4019; x_wconf 80' lang='grc' dir='ltr'><strong>ι</strong></span> <span class='ocrx_word' id='word_1_342' title='bbox 576 3968 693 4024; x_wconf 79' lang='lat' dir='ltr'><strong>Alii</strong></span> <span class='ocrx_word' id='word_1_343' title='bbox 721 3970 878 4026; x_wconf 91' lang='lat' dir='ltr'><strong>enim</strong></span> <span class='ocrx_word' id='word_1_344' title='bbox 934 3971 1105 4027; x_wconf 91' lang='lat' dir='ltr'><strong>datur</strong></span> <span class='ocrx_word' id='word_1_345' title='bbox 1151 3987 1259 4044; x_wconf 90' lang='lat' dir='ltr'><strong>per</strong></span> <span class='ocrx_word' id='word_1_346' title='bbox 1286 3973 1566 4045; x_wconf 87' lang='lat' dir='ltr'><strong>Spiritum</strong></span> <span class='ocrx_word' id='word_1_347' title='bbox 1617 3989 1815 4030; x_wconf 92' lang='lat' dir='ltr'><strong>sermo</strong></span> <span class='ocrx_word' id='word_1_348' title='bbox 1874 3977 2181 4047; x_wconf 62' lang='lat' dir='ltr'><strong>sapientia</strong></span> 
     </span>
    </p>
   </div>
   <div class='ocr_carea' id='block_1_42' title="bbox 512 4056 2178 4136">
    <p class='ocr_par' dir='ltr' id='par_1_42' title="bbox 512 4056 2178 4136">
     <span class='ocr_line' id='line_1_42' title="bbox 512 4056 2178 4136; baseline 0.005 -23"><span class='ocrx_word' id='word_1_349' title='bbox 512 4056 574 4128; x_wconf 90' lang='grc' dir='ltr'><strong>(Ι</strong></span> <span class='ocrx_word' id='word_1_350' title='bbox 597 4056 734 4114; x_wconf 88' lang='lat' dir='ltr'><strong>Cor.</strong></span> <span class='ocrx_word' id='word_1_351' title='bbox 766 4076 869 4129; x_wconf 85' lang='lat' dir='ltr'><strong>x11,</strong></span> <span class='ocrx_word' id='word_1_352' title='bbox 900 4059 987 4130; x_wconf 88' lang='lat'><strong>8);</strong></span> <span class='ocrx_word' id='word_1_353' title='bbox 1015 4081 1038 4111; x_wconf 67' lang='grc' dir='ltr'><strong>ι</strong></span> <span class='ocrx_word' id='word_1_354' title='bbox 1091 4064 1149 4117; x_wconf 89' lang='lat' dir='ltr'><strong>et</strong></span> <span class='ocrx_word' id='word_1_355' title='bbox 1187 4061 1329 4117; x_wconf 90' lang='lat' dir='ltr'><strong>alibi</strong></span> <span class='ocrx_word' id='word_1_356' title='bbox 1361 4078 1374 4117; x_wconf 94' lang='lat'><strong>:</strong></span> <span class='ocrx_word' id='word_1_357' title='bbox 1406 4085 1427 4112; x_wconf 83' lang='grc' dir='ltr'><strong>ι</strong></span> <span class='ocrx_word' id='word_1_358' title='bbox 1450 4063 1512 4118; x_wconf 91' lang='lat' dir='ltr'><strong>Si</strong></span> <span class='ocrx_word' id='word_1_359' title='bbox 1541 4066 1733 4119; x_wconf 92' lang='lat' dir='ltr'><strong>autem</strong></span> <span class='ocrx_word' id='word_1_360' title='bbox 1764 4078 1869 4134; x_wconf 91' lang='lat' dir='ltr'><strong>per</strong></span> <span class='ocrx_word' id='word_1_361' title='bbox 1895 4064 2178 4136; x_wconf 89' lang='lat' dir='ltr'><strong>Spiritum</strong></span> 
     </span>
    </p>
   </div>
   <div class='ocr_carea' id='block_1_43' title="bbox 514 4145 2183 4225">
    <p class='ocr_par' dir='ltr' id='par_1_43' title="bbox 514 4145 2183 4225">
     <span class='ocr_line' id='line_1_43' title="bbox 514 4145 2183 4225; baseline 0.005 -24"><span class='ocrx_word' id='word_1_362' title='bbox 514 4145 669 4202; x_wconf 81' lang='lat' dir='ltr'><strong>facta</strong></span> <span class='ocrx_word' id='word_1_363' title='bbox 690 4149 889 4203; x_wconf 87' lang='lat' dir='ltr'><strong>carnis</strong></span> <span class='ocrx_word' id='word_1_364' title='bbox 911 4150 1651 4219; x_wconf 76' lang='lat' dir='ltr'><strong>mortificaveritis,vivetis</strong></span> <span class='ocrx_word' id='word_1_365' title='bbox 1682 4152 1870 4221; x_wconf 80' lang='lat' dir='ltr'><strong>(Rom.</strong></span> <span class='ocrx_word' id='word_1_366' title='bbox 1908 4155 2134 4225; x_wconf 81' lang='lat' dir='ltr'><strong>v111,13)</strong></span> <span class='ocrx_word' id='word_1_367' title='bbox 2168 4171 2183 4225; x_wconf 86' lang='lat'><strong>;</strong></span> 
     </span>
    </p>
   </div>
   <div class='ocr_carea' id='block_1_44' title="bbox 514 4237 2180 4311">
    <p class='ocr_par' dir='ltr' id='par_1_44' title="bbox 514 4237 2180 4311">
     <span class='ocr_line' id='line_1_44' title="bbox 514 4237 2180 4311; baseline 0.003 -18"><span class='ocrx_word' id='word_1_368' title='bbox 514 4239 572 4293; x_wconf 89' lang='lat' dir='ltr'><strong>et</strong></span> <span class='ocrx_word' id='word_1_369' title='bbox 602 4253 783 4308; x_wconf 89' lang='lat' dir='ltr'><strong>supra</strong></span> <span class='ocrx_word' id='word_1_370' title='bbox 817 4254 830 4293; x_wconf 92' lang='lat'><strong>:</strong></span> <span class='ocrx_word' id='word_1_371' title='bbox 869 4261 891 4286; x_wconf 74' lang='grc' dir='ltr'><strong><em>α</em></strong></span> <span class='ocrx_word' id='word_1_372' title='bbox 925 4237 1035 4304; x_wconf 90' lang='lat' dir='ltr'><strong>Qui</strong></span> <span class='ocrx_word' id='word_1_373' title='bbox 1057 4238 1370 4295; x_wconf 87' lang='lat' dir='ltr'><strong>suscitavit</strong></span> <span class='ocrx_word' id='word_1_374' title='bbox 1388 4240 1687 4296; x_wconf 89' lang='lat' dir='ltr'><strong>Christum</strong></span> <span class='ocrx_word' id='word_1_375' title='bbox 1705 4257 1781 4297; x_wconf 85' lang='lat' dir='ltr'><strong>ex</strong></span> <span class='ocrx_word' id='word_1_376' title='bbox 1802 4243 2072 4311; x_wconf 86' lang='lat' dir='ltr'><strong>mortuis,</strong></span> <span class='ocrx_word' id='word_1_377' title='bbox 2092 4244 2180 4298; x_wconf 85' lang='lat' dir='ltr'><strong>vi-</strong></span> 
     </span>
    </p>
   </div>
   <div class='ocr_carea' id='block_1_45' title="bbox 513 4325 2179 4402">
    <p class='ocr_par' dir='ltr' id='par_1_45' title="bbox 513 4325 2179 4402">
     <span class='ocr_line' id='line_1_45' title="bbox 513 4325 2179 4402; baseline 0.005 -21"><span class='ocrx_word' id='word_1_378' title='bbox 513 4325 777 4382; x_wconf 83' lang='lat' dir='ltr'><strong>viﬁcabit</strong></span> <span class='ocrx_word' id='word_1_379' title='bbox 805 4330 863 4382; x_wconf 92' lang='lat' dir='ltr'><strong>et</strong></span> <span class='ocrx_word' id='word_1_380' title='bbox 893 4328 1157 4384; x_wconf 86' lang='lat' dir='ltr'><strong>mortalia</strong></span> <span class='ocrx_word' id='word_1_381' title='bbox 1198 4343 1447 4400; x_wconf 90' lang='lat' dir='ltr'><strong>corpora</strong></span> <span class='ocrx_word' id='word_1_382' title='bbox 1477 4333 1674 4385; x_wconf 90' lang='lat' dir='ltr'><strong>vestra</strong></span> <span class='ocrx_word' id='word_1_383' title='bbox 1704 4347 1812 4402; x_wconf 91' lang='lat' dir='ltr'><strong>per</strong></span> <span class='ocrx_word' id='word_1_384' title='bbox 1841 4331 2179 4389; x_wconf 89' lang='lat' dir='ltr'><strong>inhabitan-</strong></span> 
     </span>
    </p>
   </div>
   <div class='ocr_carea' id='block_1_46' title="bbox 512 4416 1810 4492">
    <p class='ocr_par' dir='ltr' id='par_1_46' title="bbox 512 4416 1810 4492">
     <span class='ocr_line' id='line_1_46' title="bbox 512 4416 1810 4492; baseline -0.001 -19"><span class='ocrx_word' id='word_1_385' title='bbox 512 4417 630 4473; x_wconf 89' lang='lat' dir='ltr'><strong>tem</strong></span> <span class='ocrx_word' id='word_1_386' title='bbox 663 4416 945 4488; x_wconf 88' lang='lat' dir='ltr'><strong>Spiritum</strong></span> <span class='ocrx_word' id='word_1_387' title='bbox 975 4417 1110 4489; x_wconf 90' lang='lat' dir='ltr'><strong>ejus</strong></span> <span class='ocrx_word' id='word_1_388' title='bbox 1141 4417 1201 4473; x_wconf 91' lang='lat' dir='ltr'><strong>in</strong></span> <span class='ocrx_word' id='word_1_389' title='bbox 1222 4418 1396 4475; x_wconf 89' lang='lat' dir='ltr'><strong>vobis</strong></span> <span class='ocrx_word' id='word_1_390' title='bbox 1427 4419 1605 4489; x_wconf 78' lang='lat' dir='ltr'><strong>(Ibid.</strong></span> <span class='ocrx_word' id='word_1_391' title='bbox 1639 4420 1748 4492; x_wconf 89' lang='lat'><strong>11).</strong></span> <span class='ocrx_word' id='word_1_392' title='bbox 1787 4440 1810 4471; x_wconf 73' lang='grc' dir='ltr'><strong>ι</strong></span> 
     </span>
    </p>
   </div>
   <div class='ocr_carea' id='block_1_47' title="bbox 585 4522 2182 4600">
    <p class='ocr_par' dir='ltr' id='par_1_47' title="bbox 585 4522 2182 4600">
     <span class='ocr_line' id='line_1_47' title="bbox 585 4522 2182 4600; baseline 0.003 -20"><span class='ocrx_word' id='word_1_393' title='bbox 585 4522 708 4580; x_wconf 91' lang='grc'>100.</span> <span class='ocrx_word' id='word_1_394' title='bbox 742 4523 858 4580; x_wconf 91' lang='lat' dir='ltr'><strong>Sed</strong></span> <span class='ocrx_word' id='word_1_395' title='bbox 878 4524 1134 4581; x_wconf 83' lang='lat' dir='ltr'><strong>fortasse</strong></span> <span class='ocrx_word' id='word_1_396' title='bbox 1153 4525 1340 4582; x_wconf 91' lang='lat' dir='ltr'><strong>dicat:</strong></span> <span class='ocrx_word' id='word_1_397' title='bbox 1365 4526 1625 4583; x_wconf 88' lang='lat' dir='ltr'><strong>Ostende</strong></span> <span class='ocrx_word' id='word_1_398' title='bbox 1665 4527 1809 4583; x_wconf 89' lang='lat' dir='ltr'><strong>mihi</strong></span> <span class='ocrx_word' id='word_1_399' title='bbox 1843 4528 2182 4600; x_wconf 88' lang='lat' dir='ltr'><strong>specialiter</strong></span> 
     </span>
    </p>
   </div>
   <div class='ocr_carea' id='block_1_48' title="bbox 511 4611 2255 4716">
    <p class='ocr_par' dir='ltr' id='par_1_48' title="bbox 511 4611 2255 4716">
     <span class='ocr_line' id='line_1_48' title="bbox 511 4611 2255 4716; baseline 0.002 -47"><span class='ocrx_word' id='word_1_400' title='bbox 511 4611 749 4684; x_wconf 90' lang='lat' dir='ltr'><strong>lectum,</strong></span> <span class='ocrx_word' id='word_1_401' title='bbox 781 4614 919 4687; x_wconf 85' lang='lat' dir='ltr'><strong>quia</strong></span> <span class='ocrx_word' id='word_1_402' title='bbox 950 4629 1025 4670; x_wconf 87' lang='lat' dir='ltr'><strong>ex</strong></span> <span class='ocrx_word' id='word_1_403' title='bbox 1055 4613 1204 4671; x_wconf 89' lang='lat' dir='ltr'><strong>Filio</strong></span> <span class='ocrx_word' id='word_1_404' title='bbox 1235 4616 1447 4678; x_wconf 88' lang='lat' dir='ltr'><strong>omnia.</strong></span> <span class='ocrx_word' id='word_1_405' title='bbox 1484 4616 1578 4672; x_wconf 91' lang='lat' dir='ltr'><strong>vel</strong></span> <span class='ocrx_word' id='word_1_406' title='bbox 1607 4632 1681 4672; x_wconf 87' lang='lat' dir='ltr'><strong>ex</strong></span> <span class='ocrx_word' id='word_1_407' title='bbox 1711 4617 1930 4689; x_wconf 90' lang='lat' dir='ltr'><strong>Spiritu</strong></span> <span class='ocrx_word' id='word_1_408' title='bbox 1963 4619 2176 4674; x_wconf 89' lang='lat' dir='ltr'><strong>omnia.</strong></span> <span class='ocrx_word' id='word_1_409' title='bbox 2202 4651 2255 4716; x_wconf 70' lang='grc' dir='ltr'>ο</span> 
     </span>
    </p>
   </div>
   <div class='ocr_carea' id='block_1_49' title="bbox 511 4702 2180 4776">
    <p class='ocr_par' dir='ltr' id='par_1_49' title="bbox 511 4702 2180 4776">
     <span class='ocr_line' id='line_1_49' title="bbox 511 4702 2180 4776; baseline 0.004 -19"><span class='ocrx_word' id='word_1_410' title='bbox 511 4702 588 4757; x_wconf 83' lang='lat' dir='ltr'><strong>At</strong></span> <span class='ocrx_word' id='word_1_411' title='bbox 629 4718 744 4776; x_wconf 89' lang='lat' dir='ltr'><strong>ego</strong></span> <span class='ocrx_word' id='word_1_412' title='bbox 780 4703 998 4773; x_wconf 80' lang='lat' dir='ltr'><strong>refero,</strong></span> <span class='ocrx_word' id='word_1_413' title='bbox 1022 4707 1085 4760; x_wconf 91' lang='lat' dir='ltr'><strong>ut</strong></span> <span class='ocrx_word' id='word_1_414' title='bbox 1102 4707 1159 4761; x_wconf 92' lang='lat' dir='ltr'><strong>et</strong></span> <span class='ocrx_word' id='word_1_415' title='bbox 1179 4704 1259 4760; x_wconf 91' lang='lat' dir='ltr'><strong>illi</strong></span> <span class='ocrx_word' id='word_1_416' title='bbox 1293 4706 1432 4760; x_wconf 88' lang='lat' dir='ltr'><strong>mihi</strong></span> <span class='ocrx_word' id='word_1_417' title='bbox 1453 4706 1668 4763; x_wconf 83' lang='lat' dir='ltr'><strong>lectum</strong></span> <span class='ocrx_word' id='word_1_418' title='bbox 1694 4722 1835 4762; x_wconf 90' lang='lat' dir='ltr'><strong>esse</strong></span> <span class='ocrx_word' id='word_1_419' title='bbox 1865 4708 2180 4764; x_wconf 86' lang='lat' dir='ltr'><strong>ostendant</strong></span> 
     </span>
    </p>
   </div>
   <div class='ocr_carea' id='block_1_50' title="bbox 511 4790 2177 4862">
    <p class='ocr_par' dir='ltr' id='par_1_50' title="bbox 511 4790 2177 4862">
     <span class='ocr_line' id='line_1_50' title="bbox 511 4790 2177 4862; baseline 0.004 -18"><span class='ocrx_word' id='word_1_420' title='bbox 511 4790 646 4861; x_wconf 88' lang='lat' dir='ltr'><strong>quia</strong></span> <span class='ocrx_word' id='word_1_421' title='bbox 705 4806 811 4862; x_wconf 89' lang='lat' dir='ltr'><strong>per</strong></span> <span class='ocrx_word' id='word_1_422' title='bbox 855 4792 1089 4848; x_wconf 88' lang='lat' dir='ltr'><strong>Patrem</strong></span> <span class='ocrx_word' id='word_1_423' title='bbox 1134 4794 1349 4850; x_wconf 91' lang='lat' dir='ltr'><strong>omnia.</strong></span> <span class='ocrx_word' id='word_1_424' title='bbox 1391 4794 1504 4851; x_wconf 90' lang='lat' dir='ltr'><strong>Sed</strong></span> <span class='ocrx_word' id='word_1_425' title='bbox 1557 4811 1691 4851; x_wconf 91' lang='lat' dir='ltr'><strong>cum</strong></span> <span class='ocrx_word' id='word_1_426' title='bbox 1731 4795 1860 4851; x_wconf 73' lang='lat' dir='ltr'><strong>haec</strong></span> <span class='ocrx_word' id='word_1_427' title='bbox 1891 4795 1984 4851; x_wconf 90' lang='lat' dir='ltr'><strong>vel</strong></span> <span class='ocrx_word' id='word_1_428' title='bbox 2017 4797 2177 4852; x_wconf 89' lang='lat' dir='ltr'><strong>Patri</strong></span> 
     </span>
    </p>
   </div>
   <div class='ocr_carea' id='block_1_51' title="bbox 509 4878 2174 4955">
    <p class='ocr_par' dir='ltr' id='par_1_51' title="bbox 509 4878 2174 4955">
     <span class='ocr_line' id='line_1_51' title="bbox 509 4878 2174 4955; baseline 0.004 -22"><span class='ocrx_word' id='word_1_429' title='bbox 509 4878 984 4952; x_wconf 90' lang='lat' dir='ltr'><strong>probaverimus,</strong></span> <span class='ocrx_word' id='word_1_430' title='bbox 1015 4882 1111 4938; x_wconf 88' lang='lat' dir='ltr'><strong>vel</strong></span> <span class='ocrx_word' id='word_1_431' title='bbox 1140 4883 1309 4954; x_wconf 88' lang='lat' dir='ltr'><strong>Filio,</strong></span> <span class='ocrx_word' id='word_1_432' title='bbox 1343 4884 1436 4939; x_wconf 90' lang='lat' dir='ltr'><strong>vel</strong></span> <span class='ocrx_word' id='word_1_433' title='bbox 1460 4883 1699 4955; x_wconf 92' lang='lat' dir='ltr'><strong>Spiritui</strong></span> <span class='ocrx_word' id='word_1_434' title='bbox 1724 4887 1929 4939; x_wconf 87' lang='lat' dir='ltr'><strong>sancto</strong></span> <span class='ocrx_word' id='word_1_435' title='bbox 1952 4900 2174 4940; x_wconf 87' lang='lat' dir='ltr'><strong>conve-</strong></span> 
     </span>
    </p>
   </div>
   <div class='ocr_carea' id='block_1_52' title="bbox 511 4968 2179 5045">
    <p class='ocr_par' dir='ltr' id='par_1_52' title="bbox 511 4968 2179 5045">
     <span class='ocr_line' id='line_1_52' title="bbox 511 4968 2179 5045; baseline 0.005 -22"><span class='ocrx_word' id='word_1_436' title='bbox 511 4968 661 5034; x_wconf 90' lang='lat' dir='ltr'><strong>nire,</strong></span> <span class='ocrx_word' id='word_1_437' title='bbox 695 4983 806 5024; x_wconf 90' lang='lat' dir='ltr'><strong>nec</strong></span> <span class='ocrx_word' id='word_1_438' title='bbox 835 4969 1014 5024; x_wconf 88' lang='lat' dir='ltr'><strong>ullam</strong></span> <span class='ocrx_word' id='word_1_439' title='bbox 1046 4986 1121 5027; x_wconf 87' lang='lat' dir='ltr'><strong>ex</strong></span> <span class='ocrx_word' id='word_1_440' title='bbox 1152 4972 1495 5045; x_wconf 90' lang='lat' dir='ltr'><strong>hujusmodi</strong></span> <span class='ocrx_word' id='word_1_441' title='bbox 1529 4972 1776 5044; x_wconf 74' lang='lat' dir='ltr'><strong>syllabis</strong></span> <span class='ocrx_word' id='word_1_442' title='bbox 1798 4973 1965 5029; x_wconf 91' lang='lat' dir='ltr'><strong>nasci</strong></span> <span class='ocrx_word' id='word_1_443' title='bbox 1994 4988 2179 5044; x_wconf 90' lang='lat' dir='ltr'><strong>posse</strong></span> 
     </span>
    </p>
   </div>
   <div class='ocr_carea' id='block_1_53' title="bbox 511 5054 2180 5135">
    <p class='ocr_par' dir='ltr' id='par_1_53' title="bbox 511 5054 2180 5135">
     <span class='ocr_line' id='line_1_53' title="bbox 511 5054 2180 5135; baseline 0.005 -25"><span class='ocrx_word' id='word_1_444' title='bbox 511 5054 730 5112; x_wconf 74' lang='lat' dir='ltr'><strong>divinm</strong></span> <span class='ocrx_word' id='word_1_445' title='bbox 757 5056 1094 5114; x_wconf 86' lang='lat' dir='ltr'><strong>distantiam</strong></span> <span class='ocrx_word' id='word_1_446' title='bbox 1124 5063 1457 5131; x_wconf 90' lang='lat' dir='ltr'><strong>potestatis,</strong></span> <span class='ocrx_word' id='word_1_447' title='bbox 1491 5078 1608 5117; x_wconf 90' lang='lat' dir='ltr'><strong>non</strong></span> <span class='ocrx_word' id='word_1_448' title='bbox 1641 5065 1733 5118; x_wconf 91' lang='lat' dir='ltr'><strong>est</strong></span> <span class='ocrx_word' id='word_1_449' title='bbox 1763 5062 2007 5118; x_wconf 89' lang='lat' dir='ltr'><strong>dubium</strong></span> <span class='ocrx_word' id='word_1_450' title='bbox 2035 5064 2180 5135; x_wconf 89' lang='lat' dir='ltr'><strong>quin</strong></span> 
     </span>
    </p>
   </div>
   <div class='ocr_carea' id='block_1_54' title="bbox 510 5147 2175 5224">
    <p class='ocr_par' dir='ltr' id='par_1_54' title="bbox 510 5147 2175 5224">
     <span class='ocr_line' id='line_1_54' title="bbox 510 5147 2175 5224; baseline 0.003 -22"><span class='ocrx_word' id='word_1_451' title='bbox 510 5160 619 5218; x_wconf 88' lang='lat' dir='ltr'><strong>per</strong></span> <span class='ocrx_word' id='word_1_452' title='bbox 647 5161 825 5218; x_wconf 90' lang='lat' dir='ltr'><strong>quem</strong></span> <span class='ocrx_word' id='word_1_453' title='bbox 883 5147 1100 5218; x_wconf 91' lang='lat' dir='ltr'><strong>omnia,</strong></span> <span class='ocrx_word' id='word_1_454' title='bbox 1150 5164 1225 5204; x_wconf 92' lang='lat' dir='ltr'><strong>ex</strong></span> <span class='ocrx_word' id='word_1_455' title='bbox 1255 5165 1326 5205; x_wconf 91' lang='lat' dir='ltr'><strong>eo</strong></span> <span class='ocrx_word' id='word_1_456' title='bbox 1357 5151 1588 5221; x_wconf 85' lang='lat' dir='ltr'><strong>omnia;</strong></span> <span class='ocrx_word' id='word_1_457' title='bbox 1621 5153 1680 5207; x_wconf 91' lang='lat' dir='ltr'><strong>et</strong></span> <span class='ocrx_word' id='word_1_458' title='bbox 1706 5167 1782 5207; x_wconf 88' lang='lat' dir='ltr'><strong>ex</strong></span> <span class='ocrx_word' id='word_1_459' title='bbox 1810 5168 1928 5224; x_wconf 92' lang='lat' dir='ltr'><strong>quo</strong></span> <span class='ocrx_word' id='word_1_460' title='bbox 1960 5152 2175 5222; x_wconf 91' lang='lat' dir='ltr'><strong>omnia,</strong></span> 
     </span>
    </p>
   </div>
   <div class='ocr_carea' id='block_1_55' title="bbox 509 5232 2177 5312">
    <p class='ocr_par' dir='ltr' id='par_1_55' title="bbox 509 5232 2177 5312">
     <span class='ocr_line' id='line_1_55' title="bbox 509 5232 2177 5312; baseline 0.004 -23"><span class='ocrx_word' id='word_1_461' title='bbox 509 5250 619 5307; x_wconf 93' lang='lat' dir='ltr'><strong>per</strong></span> <span class='ocrx_word' id='word_1_462' title='bbox 646 5250 782 5291; x_wconf 92' lang='lat' dir='ltr'><strong>eum</strong></span> <span class='ocrx_word' id='word_1_463' title='bbox 812 5237 1046 5307; x_wconf 86' lang='lat' dir='ltr'><strong>omnia;</strong></span> <span class='ocrx_word' id='word_1_464' title='bbox 1102 5244 1159 5293; x_wconf 92' lang='lat' dir='ltr'><strong>et</strong></span> <span class='ocrx_word' id='word_1_465' title='bbox 1217 5237 1277 5294; x_wconf 86' lang='lat' dir='ltr'><strong>in</strong></span> <span class='ocrx_word' id='word_1_466' title='bbox 1320 5255 1439 5311; x_wconf 89' lang='lat' dir='ltr'><strong>quo</strong></span> <span class='ocrx_word' id='word_1_467' title='bbox 1478 5240 1693 5307; x_wconf 90' lang='lat' dir='ltr'><strong>omnia,</strong></span> <span class='ocrx_word' id='word_1_468' title='bbox 1727 5256 1835 5312; x_wconf 90' lang='lat' dir='ltr'><strong>per</strong></span> <span class='ocrx_word' id='word_1_469' title='bbox 1864 5256 1999 5296; x_wconf 89' lang='lat' dir='ltr'><strong>eum</strong></span> <span class='ocrx_word' id='word_1_470' title='bbox 2031 5232 2177 5296; x_wconf 81' lang='lat'><strong>653</strong></span> 
     </span>
    </p>
   </div>
   <div class='ocr_carea' id='block_1_56' title="bbox 508 5323 2180 5401">
    <p class='ocr_par' dir='ltr' id='par_1_56' title="bbox 508 5323 2180 5401">
     <span class='ocr_line' id='line_1_56' title="bbox 508 5323 2180 5401; baseline 0.005 -23"><span class='ocrx_word' id='word_1_471' title='bbox 508 5323 605 5380; x_wconf 90' lang='lat' dir='ltr'><strong>vel</strong></span> <span class='ocrx_word' id='word_1_472' title='bbox 633 5339 709 5379; x_wconf 84' lang='lat' dir='ltr'><strong>ex</strong></span> <span class='ocrx_word' id='word_1_473' title='bbox 736 5340 808 5382; x_wconf 91' lang='lat' dir='ltr'><strong>eo</strong></span> <span class='ocrx_word' id='word_1_474' title='bbox 843 5326 1036 5381; x_wconf 89' lang='lat' dir='ltr'><strong>omnia</strong></span> <span class='ocrx_word' id='word_1_475' title='bbox 1068 5341 1207 5383; x_wconf 91' lang='lat' dir='ltr'><strong>esse</strong></span> <span class='ocrx_word' id='word_1_476' title='bbox 1237 5329 1567 5401; x_wconf 89' lang='lat' dir='ltr'><strong>intelligere</strong></span> <span class='ocrx_word' id='word_1_477' title='bbox 1599 5329 1942 5386; x_wconf 89' lang='lat' dir='ltr'><strong>debeamus.</strong></span> <span class='ocrx_word' id='word_1_478' title='bbox 1974 5329 2180 5386; x_wconf 89' lang='lat' dir='ltr'><strong>Omnis</strong></span> 
     </span>
    </p>
   </div>
   <div class='ocr_carea' id='block_1_57' title="bbox 510 5414 2177 5490">
    <p class='ocr_par' dir='ltr' id='par_1_57' title="bbox 510 5414 2177 5490">
     <span class='ocr_line' id='line_1_57' title="bbox 510 5414 2177 5490; baseline 0.003 -20"><span class='ocrx_word' id='word_1_479' title='bbox 510 5414 667 5470; x_wconf 89' lang='lat' dir='ltr'><strong>enim</strong></span> <span class='ocrx_word' id='word_1_480' title='bbox 701 5418 969 5471; x_wconf 88' lang='lat' dir='ltr'><strong>creatura</strong></span> <span class='ocrx_word' id='word_1_481' title='bbox 1001 5420 1059 5473; x_wconf 90' lang='lat' dir='ltr'><strong>et</strong></span> <span class='ocrx_word' id='word_1_482' title='bbox 1097 5432 1172 5472; x_wconf 87' lang='lat' dir='ltr'><strong>ex</strong></span> <span class='ocrx_word' id='word_1_483' title='bbox 1202 5417 1522 5484; x_wconf 89' lang='lat' dir='ltr'><strong>voluntate,</strong></span> <span class='ocrx_word' id='word_1_484' title='bbox 1554 5420 1611 5473; x_wconf 90' lang='lat' dir='ltr'><strong>et</strong></span> <span class='ocrx_word' id='word_1_485' title='bbox 1639 5434 1746 5489; x_wconf 89' lang='lat' dir='ltr'><strong>per</strong></span> <span class='ocrx_word' id='word_1_486' title='bbox 1776 5420 2177 5490; x_wconf 87' lang='lat' dir='ltr'><strong>operationem</strong></span> 
     </span>
    </p>
   </div>
   <div class='ocr_carea' id='block_1_58' title="bbox 510 5503 2181 5580">
    <p class='ocr_par' dir='ltr' id='par_1_58' title="bbox 510 5503 2181 5580">
     <span class='ocr_line' id='line_1_58' title="bbox 510 5503 2181 5580; baseline 0.002 -20"><span class='ocrx_word' id='word_1_487' title='bbox 510 5506 569 5561; x_wconf 90' lang='lat' dir='ltr'><strong>et</strong></span> <span class='ocrx_word' id='word_1_488' title='bbox 597 5503 658 5561; x_wconf 89' lang='lat' dir='ltr'><strong>in</strong></span> <span class='ocrx_word' id='word_1_489' title='bbox 688 5504 903 5561; x_wconf 89' lang='lat' dir='ltr'><strong>virtute</strong></span> <span class='ocrx_word' id='word_1_490' title='bbox 924 5508 1017 5562; x_wconf 90' lang='lat' dir='ltr'><strong>est</strong></span> <span class='ocrx_word' id='word_1_491' title='bbox 1036 5506 1360 5578; x_wconf 87' lang='lat' dir='ltr'><strong>Trinitatis,</strong></span> <span class='ocrx_word' id='word_1_492' title='bbox 1393 5507 1548 5562; x_wconf 90' lang='lat' dir='ltr'><strong>sicut</strong></span> <span class='ocrx_word' id='word_1_493' title='bbox 1579 5507 1864 5580; x_wconf 91' lang='lat' dir='ltr'><strong>scriptum</strong></span> <span class='ocrx_word' id='word_1_494' title='bbox 1894 5512 1988 5564; x_wconf 90' lang='lat' dir='ltr'><strong>est</strong></span> <span class='ocrx_word' id='word_1_495' title='bbox 2019 5526 2033 5566; x_wconf 94' lang='lat'><strong>:</strong></span> <span class='ocrx_word' id='word_1_496' title='bbox 2066 5508 2181 5565; x_wconf 84' lang='lat' dir='ltr'><strong>Fa-</strong></span> 
     </span>
    </p>
   </div>
   <div class='ocr_carea' id='block_1_59' title="bbox 576 5646 2172 5723">
    <p class='ocr_par' dir='ltr' id='par_1_59' title="bbox 576 5646 2172 5723">
     <span class='ocr_line' id='line_1_59' title="bbox 576 5646 2172 5723; baseline 0.003 -20"><span class='ocrx_word' id='word_1_497' title='bbox 576 5646 694 5717; x_wconf 88' lang='lat'>(68)</span> <span class='ocrx_word' id='word_1_498' title='bbox 726 5648 1012 5723; x_wconf 86' lang='lat' dir='ltr'><strong>Mss._non</strong></span> <span class='ocrx_word' id='word_1_499' title='bbox 1028 5648 1221 5720; x_wconf 88' lang='lat' dir='ltr'><strong>pauci,</strong></span> <span class='ocrx_word' id='word_1_500' title='bbox 1240 5670 1263 5696; x_wconf 73' lang='grc' dir='ltr'>κ</span> <span class='ocrx_word' id='word_1_501' title='bbox 1291 5647 1430 5721; x_wconf 88' lang='lat' dir='ltr'><strong>quia</strong></span> <span class='ocrx_word' id='word_1_502' title='bbox 1450 5648 1511 5704; x_wconf 91' lang='lat' dir='ltr'><strong>in</strong></span> <span class='ocrx_word' id='word_1_503' title='bbox 1541 5647 1717 5705; x_wconf 90' lang='lat' dir='ltr'><strong>nobis</strong></span> <span class='ocrx_word' id='word_1_504' title='bbox 1745 5652 1857 5719; x_wconf 92' lang='lat' dir='ltr'><strong>est,</strong></span> <span class='ocrx_word' id='word_1_505' title='bbox 1888 5649 1962 5706; x_wconf 91' lang='lat' dir='ltr'><strong>de</strong></span> <span class='ocrx_word' id='word_1_506' title='bbox 1991 5650 2172 5723; x_wconf 82' lang='lat' dir='ltr'><strong>Spiri-</strong></span> 
     </span>
    </p>
   </div>
   <div class='ocr_carea' id='block_1_60' title="bbox 509 5718 1001 5855">
    <p class='ocr_par' dir='ltr' id='par_1_60' title="bbox 509 5718 1001 5855">
     <span class='ocr_line' id='line_1_60' title="bbox 509 5718 1001 5784; baseline 0.008 -15"><span class='ocrx_word' id='word_1_507' title='bbox 509 5718 573 5770; x_wconf 88' lang='lat' dir='ltr'><strong>tu</strong></span> <span class='ocrx_word' id='word_1_508' title='bbox 646 5733 800 5784; x_wconf 89' lang='lat' dir='ltr'><strong>uem,</strong></span> <span class='ocrx_word' id='word_1_509' title='bbox 835 5720 947 5774; x_wconf 90' lang='lat' dir='ltr'><strong>etc.</strong></span> <span class='ocrx_word' id='word_1_510' title='bbox 980 5742 1001 5765; x_wconf 87' lang='lat'><strong>»</strong></span> 
     </span>
     <span class='ocr_line' id='line_1_61' title="bbox 582 5734 962 5855; baseline 0.016 -17"><span class='ocrx_word' id='word_1_511' title='bbox 582 5734 695 5855; x_wconf 64' lang='lat'><strong>(29)</strong></span> <span class='ocrx_word' id='word_1_512' title='bbox 741 5788 962 5846; x_wconf 86' lang='lat' dir='ltr'><strong>Omnes</strong></span> 
     </span>
    </p>
   </div>
   <div class='ocr_carea' id='block_1_61' title="bbox 638 5786 1681 5860">
    <p class='ocr_par' dir='ltr' id='par_1_61' title="bbox 638 5786 1681 5860">
     <span class='ocr_line' id='line_1_62' title="bbox 638 5786 1681 5860; baseline -0.002 -16"><span class='ocrx_word' id='word_1_513' title='bbox 638 5787 695 5856; x_wconf 84' lang='lat'>9)</span> <span class='ocrx_word' id='word_1_514' title='bbox 741 5788 962 5846; x_wconf 86' lang='lat' dir='ltr'><strong>Omnes</strong></span> <span class='ocrx_word' id='word_1_515' title='bbox 1017 5787 1181 5859; x_wconf 85' lang='lat' dir='ltr'><strong>edit.,</strong></span> <span class='ocrx_word' id='word_1_516' title='bbox 1244 5810 1266 5835; x_wconf 79' lang='grc' dir='ltr'>α</span> <span class='ocrx_word' id='word_1_517' title='bbox 1300 5786 1398 5845; x_wconf 90' lang='lat' dir='ltr'><strong>vel</strong></span> <span class='ocrx_word' id='word_1_518' title='bbox 1427 5787 1622 5860; x_wconf 84' lang='lat' dir='ltr'><strong>dicta;</strong></span> <span class='ocrx_word' id='word_1_519' title='bbox 1659 5811 1681 5838; x_wconf 74' lang='grc' dir='ltr'><strong><em>η</em></strong></span> 
     </span>
    </p>
   </div>
   <div class='ocr_carea' id='block_1_62' title="bbox 2228 1916 2282 1982">
    <p class='ocr_par' dir='ltr' id='par_1_62' title="bbox 2228 1916 2282 1982">
     <span class='ocr_line' id='line_1_63' title="bbox 2228 1916 2282 1982; baseline 0 0"><span class='ocrx_word' id='word_1_520' title='bbox 2228 1916 2282 1982; x_wconf 90' lang='grc' dir='ltr'><strong><em>Β</em></strong></span> 
     </span>
    </p>
   </div>
   <div class='ocr_carea' id='block_1_63' title="bbox 1743 5792 2265 5866">
    <p class='ocr_par' dir='ltr' id='par_1_63' title="bbox 1743 5792 2265 5866">
     <span class='ocr_line' id='line_1_64' title="bbox 1743 5792 2265 5866; baseline 0.004 -19"><span class='ocrx_word' id='word_1_521' title='bbox 1743 5805 1953 5848; x_wconf 89' lang='lat' dir='ltr'><strong>omnes</strong></span> <span class='ocrx_word' id='word_1_522' title='bbox 1996 5806 2169 5866; x_wconf 90' lang='lat' dir='ltr'><strong>mss.,</strong></span> <span class='ocrx_word' id='word_1_523' title='bbox 2260 5792 2265 5795; x_wconf 15' lang='grc' dir='ltr'><strong>Ἴ</strong></span> 
     </span>
    </p>
   </div>
   <div class='ocr_carea' id='block_1_64' title="bbox 2323 632 3891 706">
    <p class='ocr_par' dir='ltr' id='par_1_64' title="bbox 2323 632 3891 706">
     <span class='ocr_line' id='line_1_65' title="bbox 2323 632 3891 706; baseline 0.01 -20"><span class='ocrx_word' id='word_1_524' title='bbox 2323 635 2505 687; x_wconf 89' lang='lat' dir='ltr'><strong>stram</strong></span> <span class='ocrx_word' id='word_1_525' title='bbox 2529 632 2701 702; x_wconf 88' lang='lat' dir='ltr'><strong>(Gen.</strong></span> <span class='ocrx_word' id='word_1_526' title='bbox 2737 653 2776 706; x_wconf 90' lang='lat'><strong>1,</strong></span> <span class='ocrx_word' id='word_1_527' title='bbox 2807 634 2899 706; x_wconf 79' lang='lat'><strong>26)</strong></span> <span class='ocrx_word' id='word_1_528' title='bbox 2925 653 2937 692; x_wconf 94' lang='lat'><strong>:</strong></span> <span class='ocrx_word' id='word_1_529' title='bbox 2968 657 2990 688; x_wconf 74' lang='grc' dir='ltr'><strong>ι</strong></span> <span class='ocrx_word' id='word_1_530' title='bbox 3025 640 3082 694; x_wconf 91' lang='lat' dir='ltr'><strong>et</strong></span> <span class='ocrx_word' id='word_1_531' title='bbox 3112 637 3251 693; x_wconf 92' lang='lat' dir='ltr'><strong>alibi</strong></span> <span class='ocrx_word' id='word_1_532' title='bbox 3285 654 3297 693; x_wconf 95' lang='lat'><strong>:</strong></span> <span class='ocrx_word' id='word_1_533' title='bbox 3326 662 3346 685; x_wconf 73' lang='grc' dir='ltr'><strong><em>α</em></strong></span> <span class='ocrx_word' id='word_1_534' title='bbox 3379 638 3560 697; x_wconf 87' lang='lat' dir='ltr'><strong>Verbo</strong></span> <span class='ocrx_word' id='word_1_535' title='bbox 3580 641 3781 699; x_wconf 89' lang='lat' dir='ltr'><strong>Domini</strong></span> <span class='ocrx_word' id='word_1_536' title='bbox 3795 647 3891 701; x_wconf 74' lang='grc' dir='ltr'><strong>εωιὶ</strong></span> 
     </span>
    </p>
   </div>
   <div class='ocr_carea' id='block_1_65' title="bbox 2322 720 3891 800">
    <p class='ocr_par' dir='ltr' id='par_1_65' title="bbox 2322 720 3891 800">
     <span class='ocr_line' id='line_1_66' title="bbox 2322 720 3891 800; baseline 0.01 -25"><span class='ocrx_word' id='word_1_537' title='bbox 2322 720 2533 776; x_wconf 81' lang='lat' dir='ltr'><strong>ﬁrmati</strong></span> <span class='ocrx_word' id='word_1_538' title='bbox 2565 726 2725 794; x_wconf 92' lang='lat' dir='ltr'><strong>sunt,</strong></span> <span class='ocrx_word' id='word_1_539' title='bbox 2765 727 2822 780; x_wconf 89' lang='lat' dir='ltr'><strong>et</strong></span> <span class='ocrx_word' id='word_1_540' title='bbox 2864 725 3087 797; x_wconf 89' lang='lat' dir='ltr'><strong>Spiritu</strong></span> <span class='ocrx_word' id='word_1_541' title='bbox 3124 726 3247 782; x_wconf 91' lang='lat' dir='ltr'><strong>oris</strong></span> <span class='ocrx_word' id='word_1_542' title='bbox 3276 726 3406 800; x_wconf 83' lang='lat' dir='ltr'><strong>ejus</strong></span> <span class='ocrx_word' id='word_1_543' title='bbox 3437 729 3613 785; x_wconf 88' lang='lat' dir='ltr'><strong>omnis</strong></span> <span class='ocrx_word' id='word_1_544' title='bbox 3638 732 3800 788; x_wconf 87' lang='lat' dir='ltr'><strong>virtus</strong></span> <span class='ocrx_word' id='word_1_545' title='bbox 3822 748 3891 789; x_wconf 87' lang='lat' dir='ltr'><strong>eo-</strong></span> 
     </span>
    </p>
   </div>
   <div class='ocr_carea' id='block_1_66' title="bbox 2318 810 3117 885">
    <p class='ocr_par' dir='ltr' id='par_1_66' title="bbox 2318 810 3117 885">
     <span class='ocr_line' id='line_1_67' title="bbox 2318 810 3117 885; baseline 0.009 -20"><span class='ocrx_word' id='word_1_546' title='bbox 2318 826 2449 865; x_wconf 91' lang='lat' dir='ltr'><strong>rum</strong></span> <span class='ocrx_word' id='word_1_547' title='bbox 2479 810 2669 881; x_wconf 83' lang='lat' dir='ltr'><strong>(Psal.</strong></span> <span class='ocrx_word' id='word_1_548' title='bbox 2703 830 2888 885; x_wconf 83' lang='lat' dir='ltr'><strong>xxxu,</strong></span> <span class='ocrx_word' id='word_1_549' title='bbox 2922 814 2999 885; x_wconf 88' lang='grc'><strong>6).</strong></span> <span class='ocrx_word' id='word_1_550' title='bbox 3039 839 3060 864; x_wconf 81' lang='grc' dir='ltr'><strong>η</strong></span> <span class='ocrx_word' id='word_1_551' title='bbox 3108 854 3117 862; x_wconf 83' lang='grc'><strong>-</strong></span> 
     </span>
    </p>
   </div>
   <div class='ocr_carea' id='block_1_67' title="bbox 2978 920 3337 979">
    <p class='ocr_par' dir='ltr' id='par_1_67' title="bbox 2978 920 3337 979">
     <span class='ocr_line' id='line_1_68' title="bbox 2978 920 3337 979; baseline 0.003 -2"><span class='ocrx_word' id='word_1_552' title='bbox 2978 920 3233 979; x_wconf 81' lang='lat' dir='ltr'><strong>CAPUT</strong></span> <span class='ocrx_word' id='word_1_553' title='bbox 3264 923 3337 978; x_wconf 73' lang='grc' dir='ltr'><strong>Χ.</strong></span> 
     </span>
    </p>
   </div>
   <div class='ocr_carea' id='block_1_68' title="bbox 2321 1023 3896 1101">
    <p class='ocr_par' dir='ltr' id='par_1_68' title="bbox 2321 1023 3896 1101">
     <span class='ocr_line' id='line_1_69' title="bbox 2321 1023 3896 1101; baseline 0.008 -23"><span class='ocrx_word' id='word_1_554' title='bbox 2321 1023 2698 1101; x_wconf 80' lang='lat' dir='ltr'><strong>Prqbaturus</strong></span> <span class='ocrx_word' id='word_1_555' title='bbox 2718 1044 2886 1101; x_wconf 85' lang='lat' dir='ltr'><strong>unam</strong></span> <span class='ocrx_word' id='word_1_556' title='bbox 2908 1028 3225 1084; x_wconf 79' lang='lat' dir='ltr'><strong>Trinitatis</strong></span> <span class='ocrx_word' id='word_1_557' title='bbox 3256 1045 3387 1085; x_wconf 88' lang='lat' dir='ltr'><strong>esse</strong></span> <span class='ocrx_word' id='word_1_558' title='bbox 3417 1030 3752 1101; x_wconf 82' lang='lat' dir='ltr'><strong>voluntatem,</strong></span> <span class='ocrx_word' id='word_1_559' title='bbox 3774 1050 3896 1090; x_wconf 83' lang='lat' dir='ltr'><strong>voca-</strong></span> 
     </span>
    </p>
   </div>
   <div class='ocr_carea' id='block_1_69' title="bbox 2394 1095 3897 1223">
    <p class='ocr_par' dir='ltr' id='par_1_69' title="bbox 2394 1095 3897 1223">
     <span class='ocr_line' id='line_1_70' title="bbox 2394 1095 3897 1223; baseline 0.007 -74"><span class='ocrx_word' id='word_1_560' title='bbox 2394 1095 2611 1151; x_wconf 82' lang='lat' dir='ltr'><strong>tionem</strong></span> <span class='ocrx_word' id='word_1_561' title='bbox 2643 1104 2816 1223; x_wconf 53' lang='lat' dir='ltr'><strong>ague</strong></span> <span class='ocrx_word' id='word_1_562' title='bbox 2829 1099 3360 1172; x_wconf 81' lang='lat' dir='ltr'><strong>jussionem,docet</strong></span> <span class='ocrx_word' id='word_1_563' title='bbox 3379 1117 3487 1157; x_wconf 89' lang='lat' dir='ltr'><strong>non</strong></span> <span class='ocrx_word' id='word_1_564' title='bbox 3502 1118 3660 1159; x_wconf 86' lang='lat' dir='ltr'><strong>secus</strong></span> <span class='ocrx_word' id='word_1_565' title='bbox 3675 1120 3732 1160; x_wconf 85' lang='lat' dir='ltr'><strong>ac</strong></span> <span class='ocrx_word' id='word_1_566' title='bbox 3743 1095 3897 1160; x_wconf 52' lang='lat' dir='ltr'><strong>&#39;Pater</strong></span> 
     </span>
     <span class='ocr_line' id='line_1_71' title="bbox 2394 1166 3895 1223; baseline 0.002 -3"><span class='ocrx_word' id='word_1_567' title='bbox 2394 1172 2451 1221; x_wconf 87' lang='lat' dir='ltr'><strong>et</strong></span> <span class='ocrx_word' id='word_1_568' title='bbox 2473 1166 2667 1223; x_wconf 84' lang='lat' dir='ltr'><strong>Filius</strong></span> <span class='ocrx_word' id='word_1_569' title='bbox 2741 1171 3016 1223; x_wconf 86' lang='lat' dir='ltr'><strong>cclesiam</strong></span> <span class='ocrx_word' id='word_1_570' title='bbox 3045 1178 3343 1223; x_wconf 83' lang='lat' dir='ltr'><strong>vocarunt.</strong></span> <span class='ocrx_word' id='word_1_571' title='bbox 3359 1173 3508 1223; x_wconf 81' lang='lat' dir='ltr'><strong>itaet</strong></span> <span class='ocrx_word' id='word_1_572' title='bbox 3527 1173 3779 1223; x_wconf 83' lang='lat' dir='ltr'><strong>Sniritum</strong></span> <span class='ocrx_word' id='word_1_573' title='bbox 3802 1190 3895 1223; x_wconf 77' lang='lat' dir='ltr'><strong>eam</strong></span> 
     </span>
    </p>
   </div>
   <div class='ocr_carea' id='block_1_70' title="bbox 2393 1166 3895 1241">
    <p class='ocr_par' dir='ltr' id='par_1_70' title="bbox 2393 1166 3895 1241">
     <span class='ocr_line' id='line_1_72' title="bbox 2393 1166 3895 1241; baseline 0.006 -21"><span class='ocrx_word' id='word_1_574' title='bbox 2393 1172 2451 1221; x_wconf 87' lang='lat' dir='ltr'><strong>et</strong></span> <span class='ocrx_word' id='word_1_575' title='bbox 2473 1166 2667 1223; x_wconf 86' lang='lat' dir='ltr'><strong>Filius</strong></span> <span class='ocrx_word' id='word_1_576' title='bbox 2681 1166 3016 1241; x_wconf 72' lang='lat' dir='ltr'><strong>Ecclesiam</strong></span> <span class='ocrx_word' id='word_1_577' title='bbox 3045 1166 3343 1241; x_wconf 82' lang='lat' dir='ltr'><strong>vocarunt,</strong></span> <span class='ocrx_word' id='word_1_578' title='bbox 3359 1173 3438 1227; x_wconf 88' lang='lat' dir='ltr'><strong>ita</strong></span> <span class='ocrx_word' id='word_1_579' title='bbox 3452 1180 3508 1229; x_wconf 86' lang='lat' dir='ltr'><strong>et</strong></span> <span class='ocrx_word' id='word_1_580' title='bbox 3527 1173 3779 1241; x_wconf 84' lang='lat' dir='ltr'><strong>Spiritum</strong></span> <span class='ocrx_word' id='word_1_581' title='bbox 3802 1190 3895 1231; x_wconf 83' lang='lat' dir='ltr'><strong>eam</strong></span> 
     </span>
    </p>
   </div>
   <div class='ocr_carea' id='block_1_71' title="bbox 2399 1240 3895 1313">
    <p class='ocr_par' dir='ltr' id='par_1_71' title="bbox 2399 1240 3895 1313">
     <span class='ocr_line' id='line_1_73' title="bbox 2399 1240 3895 1313; baseline 0.007 -22"><span class='ocrx_word' id='word_1_582' title='bbox 2399 1254 2670 1313; x_wconf 75' lang='lat' dir='ltr'><strong>vocasse;</strong></span> <span class='ocrx_word' id='word_1_583' title='bbox 2694 1240 2870 1313; x_wconf 88' lang='lat' dir='ltr'><strong>idque</strong></span> <span class='ocrx_word' id='word_1_584' title='bbox 2893 1258 2972 1297; x_wconf 81' lang='lat' dir='ltr'><strong>ex</strong></span> <span class='ocrx_word' id='word_1_585' title='bbox 2988 1242 3279 1299; x_wconf 81' lang='lat' dir='ltr'><strong>electione</strong></span> <span class='ocrx_word' id='word_1_586' title='bbox 3292 1240 3461 1298; x_wconf 84' lang='lat' dir='ltr'><strong>Pauli</strong></span> <span class='ocrx_word' id='word_1_587' title='bbox 3477 1250 3534 1299; x_wconf 88' lang='lat' dir='ltr'><strong>et</strong></span> <span class='ocrx_word' id='word_1_588' title='bbox 3557 1240 3810 1300; x_wconf 66' lang='lat' dir='ltr'><strong>Barnabas»</strong></span> <span class='ocrx_word' id='word_1_589' title='bbox 3829 1263 3895 1301; x_wconf 87' lang='lat' dir='ltr'><strong>os-</strong></span> 
     </span>
    </p>
   </div>
   <div class='ocr_carea' id='block_1_72' title="bbox 2395 1309 3899 1382">
    <p class='ocr_par' dir='ltr' id='par_1_72' title="bbox 2395 1309 3899 1382">
     <span class='ocr_line' id='line_1_74' title="bbox 2395 1309 3899 1382; baseline 0.005 -20"><span class='ocrx_word' id='word_1_590' title='bbox 2395 1309 2606 1382; x_wconf 81' lang='lat' dir='ltr'><strong>tendit,</strong></span> <span class='ocrx_word' id='word_1_591' title='bbox 2626 1312 2737 1365; x_wconf 90' lang='lat' dir='ltr'><strong>sed</strong></span> <span class='ocrx_word' id='word_1_592' title='bbox 2749 1309 3122 1382; x_wconf 69' lang='lat' dir='ltr'><strong>potissimum</strong></span> <span class='ocrx_word' id='word_1_593' title='bbox 3144 1330 3223 1369; x_wconf 80' lang='lat' dir='ltr'><strong>ex</strong></span> <span class='ocrx_word' id='word_1_594' title='bbox 3240 1315 3516 1369; x_wconf 88' lang='lat' dir='ltr'><strong>missione</strong></span> <span class='ocrx_word' id='word_1_595' title='bbox 3536 1315 3695 1370; x_wconf 83' lang='lat' dir='ltr'><strong>Petri</strong></span> <span class='ocrx_word' id='word_1_596' title='bbox 3719 1316 3780 1371; x_wconf 88' lang='lat' dir='ltr'><strong>ad</strong></span> <span class='ocrx_word' id='word_1_597' title='bbox 3794 1316 3899 1370; x_wconf 84' lang='lat' dir='ltr'><strong>Cor-</strong></span> 
     </span>
    </p>
   </div>
   <div class='ocr_carea' id='block_1_73' title="bbox 2393 1380 3900 1458">
    <p class='ocr_par' dir='ltr' id='par_1_73' title="bbox 2393 1380 3900 1458">
     <span class='ocr_line' id='line_1_75' title="bbox 2393 1380 3900 1458; baseline 0.005 -24"><span class='ocrx_word' id='word_1_598' title='bbox 2393 1380 2631 1458; x_wconf 68' lang='lat' dir='ltr'><strong>nelium.</strong></span> <span class='ocrx_word' id='word_1_599' title='bbox 2655 1380 2768 1458; x_wconf 78' lang='lat' dir='ltr'><strong>Hie</strong></span> <span class='ocrx_word' id='word_1_600' title='bbox 2796 1384 2995 1458; x_wconf 74' lang='lat' dir='ltr'><strong>obiter</strong></span> <span class='ocrx_word' id='word_1_601' title='bbox 3016 1386 3279 1457; x_wconf 85' lang='lat' dir='ltr'><strong>ejusdem</strong></span> <span class='ocrx_word' id='word_1_602' title='bbox 3302 1384 3560 1457; x_wconf 83' lang='lat' dir='ltr'><strong>Spiritus</strong></span> <span class='ocrx_word' id='word_1_603' title='bbox 3578 1392 3838 1458; x_wconf 83' lang='lat' dir='ltr'><strong>potestate,</strong></span> <span class='ocrx_word' id='word_1_604' title='bbox 3850 1402 3900 1442; x_wconf 80' lang='lat' dir='ltr'><strong>ac</strong></span> 
     </span>
    </p>
   </div>
   <div class='ocr_carea' id='block_1_74' title="bbox 2395 1451 3900 1529">
    <p class='ocr_par' dir='ltr' id='par_1_74' title="bbox 2395 1451 3900 1529">
     <span class='ocr_line' id='line_1_76' title="bbox 2395 1451 3900 1529; baseline 0.007 -25"><span class='ocrx_word' id='word_1_605' title='bbox 2395 1451 2553 1529; x_wconf 75' lang='lat' dir='ltr'><strong>trina</strong></span> <span class='ocrx_word' id='word_1_606' title='bbox 2569 1452 2743 1529; x_wconf 63' lang='lat' dir='ltr'><strong>Petri</strong></span> <span class='ocrx_word' id='word_1_607' title='bbox 2754 1451 3798 1529; x_wconf 69' lang='lat' dir='ltr'><strong>confessioneperstrictis,inejusdem</strong></span> <span class='ocrx_word' id='word_1_608' title='bbox 3808 1451 3900 1529; x_wconf 63' lang='lat' dir='ltr'><strong>apo-</strong></span> 
     </span>
    </p>
   </div>
   <div class='ocr_carea' id='block_1_75' title="bbox 2392 1522 3897 1583">
    <p class='ocr_par' dir='ltr' id='par_1_75' title="bbox 2392 1522 3897 1583">
     <span class='ocr_line' id='line_1_77' title="bbox 2392 1522 3897 1583; baseline 0.003 -5"><span class='ocrx_word' id='word_1_609' title='bbox 2392 1522 2534 1578; x_wconf 88' lang='lat' dir='ltr'><strong>stoli</strong></span> <span class='ocrx_word' id='word_1_610' title='bbox 2554 1524 2781 1581; x_wconf 82' lang='lat' dir='ltr'><strong>visione</strong></span> <span class='ocrx_word' id='word_1_611' title='bbox 2799 1522 3206 1581; x_wconf 74' lang='lat' dir='ltr'><strong>adumbratam</strong></span> <span class='ocrx_word' id='word_1_612' title='bbox 3228 1527 3416 1582; x_wconf 80' lang='lat' dir='ltr'><strong>fuisse</strong></span> <span class='ocrx_word' id='word_1_613' title='bbox 3445 1522 3691 1582; x_wconf 67' lang='lat' dir='ltr'><strong>declarat</strong></span> <span class='ocrx_word' id='word_1_614' title='bbox 3709 1522 3897 1583; x_wconf 74' lang='lat' dir='ltr'><strong>vocatio-</strong></span> 
     </span>
    </p>
   </div>
   <div class='ocr_carea' id='block_1_76' title="bbox 2394 1597 3901 1670">
    <p class='ocr_par' dir='ltr' id='par_1_76' title="bbox 2394 1597 3901 1670">
     <span class='ocr_line' id='line_1_78' title="bbox 2394 1597 3901 1670; baseline 0.003 -22"><span class='ocrx_word' id='word_1_615' title='bbox 2394 1610 2524 1649; x_wconf 90' lang='lat' dir='ltr'><strong>nem</strong></span> <span class='ocrx_word' id='word_1_616' title='bbox 2555 1597 2843 1670; x_wconf 35' lang='lat' dir='ltr'><strong>gentAium,</strong></span> <span class='ocrx_word' id='word_1_617' title='bbox 2871 1614 2995 1670; x_wconf 66' lang='lat' dir='ltr'><strong>quae</strong></span> <span class='ocrx_word' id='word_1_618' title='bbox 3015 1615 3142 1652; x_wconf 91' lang='lat' dir='ltr'><strong>cum</strong></span> <span class='ocrx_word' id='word_1_619' title='bbox 3153 1599 3328 1670; x_wconf 87' lang='lat' dir='ltr'><strong>prius</strong></span> <span class='ocrx_word' id='word_1_620' title='bbox 3345 1597 3601 1653; x_wconf 82' lang='lat' dir='ltr'><strong>ferarum</strong></span> <span class='ocrx_word' id='word_1_621' title='bbox 3618 1598 3901 1670; x_wconf 80' lang='lat' dir='ltr'><strong>similes_ex-</strong></span> 
     </span>
    </p>
   </div>
   <div class='ocr_carea' id='block_1_77' title="bbox 2394 1667 3899 1741">
    <p class='ocr_par' dir='ltr' id='par_1_77' title="bbox 2394 1667 3899 1741">
     <span class='ocr_line' id='line_1_79' title="bbox 2394 1667 3899 1741; baseline 0.003 -23"><span class='ocrx_word' id='word_1_622' title='bbox 2394 1667 2943 1741; x_wconf 73' lang='lat' dir='ltr'><strong>stissent,Spiritus</strong></span> <span class='ocrx_word' id='word_1_623' title='bbox 2959 1684 3135 1741; x_wconf 76' lang='lat' dir='ltr'><strong>opera</strong></span> <span class='ocrx_word' id='word_1_624' title='bbox 3154 1667 3483 1741; x_wconf 81' lang='lat' dir='ltr'><strong>deposuere</strong></span> <span class='ocrx_word' id='word_1_625' title='bbox 3503 1669 3790 1741; x_wconf 76' lang='lat' dir='ltr'><strong>feritatem.</strong></span> <span class='ocrx_word' id='word_1_626' title='bbox 3802 1668 3899 1741; x_wconf 73' lang='lat' dir='ltr'><strong>Tum</strong></span> 
     </span>
    </p>
   </div>
   <div class='ocr_carea' id='block_1_78' title="bbox 2395 1736 3899 1808">
    <p class='ocr_par' dir='ltr' id='par_1_78' title="bbox 2395 1736 3899 1808">
     <span class='ocr_line' id='line_1_80' title="bbox 2395 1736 3899 1808; baseline 0.003 -19"><span class='ocrx_word' id='word_1_627' title='bbox 2395 1736 2496 1808; x_wconf 77' lang='lat' dir='ltr'><strong>ubi</strong></span> <span class='ocrx_word' id='word_1_628' title='bbox 2510 1736 2821 1808; x_wconf 83' lang='lat' dir='ltr'><strong>superiora</strong></span> <span class='ocrx_word' id='word_1_629' title='bbox 2845 1754 2924 1794; x_wconf 76' lang='lat' dir='ltr'><strong>ex</strong></span> <span class='ocrx_word' id='word_1_630' title='bbox 2938 1736 3055 1795; x_wconf 88' lang='lat' dir='ltr'><strong>alio</strong></span> <span class='ocrx_word' id='word_1_631' title='bbox 3075 1740 3201 1795; x_wconf 89' lang='lat' dir='ltr'><strong>loco</strong></span> <span class='ocrx_word' id='word_1_632' title='bbox 3216 1736 3426 1795; x_wconf 76' lang='lat' dir='ltr'><strong>stabili</strong></span> <span class='ocrx_word' id='word_1_633' title='bbox 3433 1741 3532 1803; x_wconf 85' lang='lat' dir='ltr'><strong>vit,</strong></span> <span class='ocrx_word' id='word_1_634' title='bbox 3553 1740 3611 1795; x_wconf 89' lang='lat' dir='ltr'><strong>in</strong></span> <span class='ocrx_word' id='word_1_635' title='bbox 3629 1739 3843 1796; x_wconf 79' lang='lat' dir='ltr'><strong>Jeremia</strong></span> <span class='ocrx_word' id='word_1_636' title='bbox 3857 1739 3899 1793; x_wconf 86' lang='lat' dir='ltr'><strong>in</strong></span> 
     </span>
    </p>
   </div>
   <div class='ocr_carea' id='block_1_79' title="bbox 2391 1805 3903 1878">
    <p class='ocr_par' dir='ltr' id='par_1_79' title="bbox 2391 1805 3903 1878">
     <span class='ocr_line' id='line_1_81' title="bbox 2391 1805 3903 1878; baseline 0.001 -17"><span class='ocrx_word' id='word_1_637' title='bbox 2391 1805 2593 1878; x_wconf 62' lang='lat' dir='ltr'><strong>lacum&#39;</strong></span> <span class='ocrx_word' id='word_1_638' title='bbox 2611 1824 2643 1862; x_wconf 76' lang='grc' dir='ltr'><em>ε</em></span> <span class='ocrx_word' id='word_1_639' title='bbox 2660 1808 2884 1864; x_wconf 70' lang='lat' dir='ltr'><strong>Judaeis</strong></span> <span class='ocrx_word' id='word_1_640' title='bbox 2900 1810 3178 1878; x_wconf 87' lang='lat' dir='ltr'><strong>demisso,</strong></span> <span class='ocrx_word' id='word_1_641' title='bbox 3200 1818 3258 1865; x_wconf 88' lang='lat' dir='ltr'><strong>et</strong></span> <span class='ocrx_word' id='word_1_642' title='bbox 3288 1811 3426 1866; x_wconf 91' lang='lat' dir='ltr'><strong>inde</strong></span> <span class='ocrx_word' id='word_1_643' title='bbox 3455 1812 3651 1867; x_wconf 89' lang='lat' dir='ltr'><strong>educto</strong></span> <span class='ocrx_word' id='word_1_644' title='bbox 3667 1811 3732 1865; x_wconf 85' lang='lat' dir='ltr'><strong>ab</strong></span> <span class='ocrx_word' id='word_1_645' title='bbox 3755 1809 3903 1866; x_wconf 79' lang='lat' dir='ltr'><strong>Abde-</strong></span> 
     </span>
    </p>
   </div>
   <div class='ocr_carea' id='block_1_80' title="bbox 2393 1877 3904 1951">
    <p class='ocr_par' dir='ltr' id='par_1_80' title="bbox 2393 1877 3904 1951">
     <span class='ocr_line' id='line_1_82' title="bbox 2393 1877 3904 1951; baseline 0.001 -19"><span class='ocrx_word' id='word_1_646' title='bbox 2393 1877 2647 1951; x_wconf 76' lang='lat' dir='ltr'><strong>meleclz,</strong></span> <span class='ocrx_word' id='word_1_647' title='bbox 2668 1879 2935 1951; x_wconf 85' lang='lat' dir='ltr'><strong>Spiritus</strong></span> <span class='ocrx_word' id='word_1_648' title='bbox 2955 1882 3150 1937; x_wconf 86' lang='lat' dir='ltr'><strong>sancti</strong></span> <span class='ocrx_word' id='word_1_649' title='bbox 3168 1882 3244 1937; x_wconf 90' lang='lat' dir='ltr'><strong>ad</strong></span> <span class='ocrx_word' id='word_1_650' title='bbox 3258 1882 3473 1937; x_wconf 74' lang='lat' dir='ltr'><strong>iisdem</strong></span> <span class='ocrx_word' id='word_1_651' title='bbox 3495 1882 3701 1937; x_wconf 70' lang='lat' dir='ltr'><strong>Judaeis</strong></span> <span class='ocrx_word' id='word_1_652' title='bbox 3717 1887 3904 1936; x_wconf 83' lang='lat' dir='ltr'><strong>contem-</strong></span> 
     </span>
    </p>
   </div>
   <div class='ocr_carea' id='block_1_81' title="bbox 2387 1949 3903 2026">
    <p class='ocr_par' dir='ltr' id='par_1_81' title="bbox 2387 1949 3903 2026">
     <span class='ocr_line' id='line_1_83' title="bbox 2387 1949 3903 2026; baseline 0.001 -24"><span class='ocrx_word' id='word_1_653' title='bbox 2387 1949 2520 2021; x_wconf 87' lang='lat' dir='ltr'><strong>ptui</strong></span> <span class='ocrx_word' id='word_1_654' title='bbox 2539 1949 2759 2026; x_wconf 82' lang='lat' dir='ltr'><strong>_ba_biti,</strong></span> <span class='ocrx_word' id='word_1_655' title='bbox 2781 1957 2840 2006; x_wconf 87' lang='lat' dir='ltr'><strong>et</strong></span> <span class='ocrx_word' id='word_1_656' title='bbox 2861 1968 2892 2026; x_wconf 63' lang='grc' dir='ltr'><strong>ιζ</strong></span> <span class='ocrx_word' id='word_1_657' title='bbox 2912 1952 3197 2026; x_wconf 80' lang='lat' dir='ltr'><strong>gentibus</strong></span> <span class='ocrx_word' id='word_1_658' title='bbox 3213 1969 3359 2026; x_wconf 89' lang='lat' dir='ltr'><strong>quas</strong></span> <span class='ocrx_word' id='word_1_659' title='bbox 3378 1952 3583 2008; x_wconf 86' lang='lat' dir='ltr'><strong>munda</strong></span> <span class='ocrx_word' id='word_1_660' title='bbox 3593 1952 3903 2023; x_wconf 83' lang='lat' dir='ltr'><strong>vit,bonorati</strong></span> 
     </span>
    </p>
   </div>
   <div class='ocr_carea' id='block_1_82' title="bbox 2394 2020 3471 2094">
    <p class='ocr_par' dir='ltr' id='par_1_82' title="bbox 2394 2020 3471 2094">
     <span class='ocr_line' id='line_1_84' title="bbox 2394 2020 3471 2094; baseline 0.004 -20"><span class='ocrx_word' id='word_1_661' title='bbox 2394 2020 2720 2093; x_wconf 70' lang='lat' dir='ltr'><strong>Symbolum</strong></span> <span class='ocrx_word' id='word_1_662' title='bbox 2735 2020 3059 2094; x_wconf 57' lang='lat' dir='ltr'><strong>prwivisse</strong></span> <span class='ocrx_word' id='word_1_663' title='bbox 3082 2020 3471 2080; x_wconf 79' lang='lat' dir='ltr'><strong>demonstrat.</strong></span> 
     </span>
    </p>
   </div>
   <div class='ocr_carea' id='block_1_83' title="bbox 2395 2125 3905 2203">
    <p class='ocr_par' dir='ltr' id='par_1_83' title="bbox 2395 2125 3905 2203">
     <span class='ocr_line' id='line_1_85' title="bbox 2395 2125 3905 2203; baseline 0.004 -22"><span class='ocrx_word' id='word_1_664' title='bbox 2395 2125 2517 2183; x_wconf 87' lang='lat'><strong>101.</strong></span> <span class='ocrx_word' id='word_1_665' title='bbox 2568 2126 2764 2200; x_wconf 86' lang='lat' dir='ltr'><strong>[Alias</strong></span> <span class='ocrx_word' id='word_1_666' title='bbox 2821 2145 2948 2200; x_wconf 91' lang='lat' dir='ltr'><strong>cap.</strong></span> <span class='ocrx_word' id='word_1_667' title='bbox 2991 2129 3121 2203; x_wconf 78' lang='lat' dir='ltr'><strong>XL]</strong></span> <span class='ocrx_word' id='word_1_668' title='bbox 3176 2131 3304 2186; x_wconf 91' lang='lat' dir='ltr'><strong>Nec</strong></span> <span class='ocrx_word' id='word_1_669' title='bbox 3361 2130 3551 2186; x_wconf 90' lang='lat' dir='ltr'><strong>solum</strong></span> <span class='ocrx_word' id='word_1_670' title='bbox 3604 2145 3707 2186; x_wconf 90' lang='lat' dir='ltr'><strong>una</strong></span> <span class='ocrx_word' id='word_1_671' title='bbox 3748 2143 3905 2200; x_wconf 77' lang='lat' dir='ltr'><strong>opera-</strong></span> 
     </span>
    </p>
   </div>
   <div class='ocr_carea' id='block_1_84' title="bbox 2322 2214 3902 2290">
    <p class='ocr_par' dir='ltr' id='par_1_84' title="bbox 2322 2214 3902 2290">
     <span class='ocr_line' id='line_1_86' title="bbox 2322 2214 3902 2290; baseline -0.002 -18"><span class='ocrx_word' id='word_1_672' title='bbox 2322 2214 2403 2272; x_wconf 89' lang='lat' dir='ltr'><strong>tio</strong></span> <span class='ocrx_word' id='word_1_673' title='bbox 2464 2218 2556 2271; x_wconf 91' lang='lat' dir='ltr'><strong>est</strong></span> <span class='ocrx_word' id='word_1_674' title='bbox 2594 2216 2813 2288; x_wconf 92' lang='lat' dir='ltr'><strong>ubique</strong></span> <span class='ocrx_word' id='word_1_675' title='bbox 2856 2217 3049 2274; x_wconf 91' lang='lat' dir='ltr'><strong>Patris</strong></span> <span class='ocrx_word' id='word_1_676' title='bbox 3094 2222 3150 2274; x_wconf 92' lang='lat' dir='ltr'><strong>et</strong></span> <span class='ocrx_word' id='word_1_677' title='bbox 3194 2218 3330 2274; x_wconf 90' lang='lat' dir='ltr'><strong>Filii</strong></span> <span class='ocrx_word' id='word_1_678' title='bbox 3369 2223 3428 2276; x_wconf 90' lang='lat' dir='ltr'><strong>et</strong></span> <span class='ocrx_word' id='word_1_679' title='bbox 3466 2219 3704 2290; x_wconf 86' lang='lat' dir='ltr'><strong>Spiritus</strong></span> <span class='ocrx_word' id='word_1_680' title='bbox 3745 2216 3902 2282; x_wconf 86' lang='lat' dir='ltr'><strong>sancti,</strong></span> 
     </span>
    </p>
   </div>
   <div class='ocr_carea' id='block_1_85' title="bbox 2323 2304 3905 2379">
    <p class='ocr_par' dir='ltr' id='par_1_85' title="bbox 2323 2304 3905 2379">
     <span class='ocr_line' id='line_1_87' title="bbox 2323 2304 3905 2379; baseline -0.001 -18"><span class='ocrx_word' id='word_1_681' title='bbox 2323 2304 2433 2362; x_wconf 89' lang='lat' dir='ltr'><strong>sed</strong></span> <span class='ocrx_word' id='word_1_682' title='bbox 2489 2304 2661 2360; x_wconf 92' lang='lat' dir='ltr'><strong>etiam</strong></span> <span class='ocrx_word' id='word_1_683' title='bbox 2711 2322 2828 2361; x_wconf 89' lang='lat' dir='ltr'><strong>una</strong></span> <span class='ocrx_word' id='word_1_684' title='bbox 2870 2309 3046 2379; x_wconf 89' lang='lat' dir='ltr'><strong>atque</strong></span> <span class='ocrx_word' id='word_1_685' title='bbox 3092 2307 3301 2363; x_wconf 89' lang='lat' dir='ltr'><strong>eadem</strong></span> <span class='ocrx_word' id='word_1_686' title='bbox 3341 2308 3627 2377; x_wconf 88' lang='lat' dir='ltr'><strong>voluntas,</strong></span> <span class='ocrx_word' id='word_1_687' title='bbox 3655 2322 3755 2362; x_wconf 87' lang='lat' dir='ltr'><strong>una</strong></span> <span class='ocrx_word' id='word_1_688' title='bbox 3779 2319 3905 2360; x_wconf 78' lang='lat' dir='ltr'><strong>voca-</strong></span> 
     </span>
    </p>
   </div>
   <div class='ocr_carea' id='block_1_86' title="bbox 2322 2393 3907 2468">
    <p class='ocr_par' dir='ltr' id='par_1_86' title="bbox 2322 2393 3907 2468">
     <span class='ocr_line' id='line_1_88' title="bbox 2322 2393 3907 2468; baseline -0.001 -20"><span class='ocrx_word' id='word_1_689' title='bbox 2322 2393 2426 2461; x_wconf 91' lang='lat' dir='ltr'><strong>tio,</strong></span> <span class='ocrx_word' id='word_1_690' title='bbox 2471 2409 2586 2448; x_wconf 89' lang='lat' dir='ltr'><strong>una</strong></span> <span class='ocrx_word' id='word_1_691' title='bbox 2644 2396 2964 2465; x_wconf 69' lang='lat' dir='ltr'><strong>prmeeptio</strong></span> <span class='ocrx_word' id='word_1_692' title='bbox 2997 2411 3011 2452; x_wconf 94' lang='lat'><strong>:</strong></span> <span class='ocrx_word' id='word_1_693' title='bbox 3057 2396 3215 2468; x_wconf 89' lang='lat' dir='ltr'><strong>quod</strong></span> <span class='ocrx_word' id='word_1_694' title='bbox 3263 2396 3405 2452; x_wconf 89' lang='lat' dir='ltr'><strong>licet</strong></span> <span class='ocrx_word' id='word_1_695' title='bbox 3442 2398 3503 2452; x_wconf 90' lang='lat' dir='ltr'><strong>in</strong></span> <span class='ocrx_word' id='word_1_696' title='bbox 3541 2396 3636 2452; x_wconf 92' lang='lat' dir='ltr'><strong>illo</strong></span> <span class='ocrx_word' id='word_1_697' title='bbox 3661 2408 3839 2468; x_wconf 88' lang='lat' dir='ltr'><strong>magno</strong></span> <span class='ocrx_word' id='word_1_698' title='bbox 3859 2408 3907 2447; x_wconf 78' lang='lat' dir='ltr'><strong>ac</strong></span> 
     </span>
    </p>
   </div>
   <div class='ocr_carea' id='block_1_87' title="bbox 2324 2480 3909 2557">
    <p class='ocr_par' dir='ltr' id='par_1_87' title="bbox 2324 2480 3909 2557">
     <span class='ocr_line' id='line_1_89' title="bbox 2324 2480 3909 2557; baseline -0.002 -21"><span class='ocrx_word' id='word_1_699' title='bbox 2324 2482 2565 2537; x_wconf 89' lang='lat' dir='ltr'><strong>salutari</strong></span> <span class='ocrx_word' id='word_1_700' title='bbox 2598 2482 2885 2539; x_wconf 86' lang='lat' dir='ltr'><strong>Ecclesiae</strong></span> <span class='ocrx_word' id='word_1_701' title='bbox 2908 2488 3178 2556; x_wconf 88' lang='lat' dir='ltr'><strong>spectare</strong></span> <span class='ocrx_word' id='word_1_702' title='bbox 3197 2486 3499 2557; x_wconf 76' lang='lat' dir='ltr'><strong>mysterio.</strong></span> <span class='ocrx_word' id='word_1_703' title='bbox 3523 2484 3676 2541; x_wconf 90' lang='lat' dir='ltr'><strong>Sicut</strong></span> <span class='ocrx_word' id='word_1_704' title='bbox 3692 2480 3909 2539; x_wconf 57' lang='lat' dir='ltr'><strong>enimPa</strong></span> 
     </span>
    </p>
   </div>
   <div class='ocr_carea' id='block_1_88' title="bbox 2322 2568 3909 2645">
    <p class='ocr_par' dir='ltr' id='par_1_88' title="bbox 2322 2568 3909 2645">
     <span class='ocr_line' id='line_1_90' title="bbox 2322 2568 3909 2645; baseline -0.001 -19"><span class='ocrx_word' id='word_1_705' title='bbox 2322 2571 2413 2626; x_wconf 90' lang='lat' dir='ltr'><strong>ter</strong></span> <span class='ocrx_word' id='word_1_706' title='bbox 2441 2573 2675 2627; x_wconf 81' lang='lat' dir='ltr'><strong>var-avit</strong></span> <span class='ocrx_word' id='word_1_707' title='bbox 2696 2577 2906 2644; x_wconf 89' lang='lat' dir='ltr'><strong>gentes</strong></span> <span class='ocrx_word' id='word_1_708' title='bbox 2935 2574 3007 2629; x_wconf 91' lang='lat' dir='ltr'><strong>ad</strong></span> <span class='ocrx_word' id='word_1_709' title='bbox 3040 2573 3393 2645; x_wconf 89' lang='lat' dir='ltr'><strong>Ecclesiam,</strong></span> <span class='ocrx_word' id='word_1_710' title='bbox 3412 2574 3643 2630; x_wconf 88' lang='lat' dir='ltr'><strong>dicens:</strong></span> <span class='ocrx_word' id='word_1_711' title='bbox 3678 2596 3698 2620; x_wconf 76' lang='grc' dir='ltr'><strong>α</strong></span> <span class='ocrx_word' id='word_1_712' title='bbox 3729 2568 3909 2625; x_wconf 84' lang='lat' dir='ltr'><strong>Vocabo</strong></span> 
     </span>
    </p>
   </div>
   <div class='ocr_carea' id='block_1_89' title="bbox 2323 2659 3909 2734">
    <p class='ocr_par' dir='ltr' id='par_1_89' title="bbox 2323 2659 3909 2734">
     <span class='ocr_line' id='line_1_91' title="bbox 2323 2659 3909 2734; baseline 0 -19"><span class='ocrx_word' id='word_1_713' title='bbox 2323 2675 2443 2715; x_wconf 90' lang='lat' dir='ltr'><strong>non</strong></span> <span class='ocrx_word' id='word_1_714' title='bbox 2474 2660 2706 2730; x_wconf 90' lang='lat' dir='ltr'><strong>plebem</strong></span> <span class='ocrx_word' id='word_1_715' title='bbox 2739 2676 2949 2731; x_wconf 89' lang='lat' dir='ltr'><strong>meam,</strong></span> <span class='ocrx_word' id='word_1_716' title='bbox 2968 2662 3201 2734; x_wconf 90' lang='lat' dir='ltr'><strong>plebem</strong></span> <span class='ocrx_word' id='word_1_717' title='bbox 3221 2679 3443 2732; x_wconf 82' lang='lat' dir='ltr'><strong>meam;</strong></span> <span class='ocrx_word' id='word_1_718' title='bbox 3489 2667 3546 2718; x_wconf 91' lang='lat' dir='ltr'><strong>et</strong></span> <span class='ocrx_word' id='word_1_719' title='bbox 3572 2676 3681 2719; x_wconf 92' lang='lat' dir='ltr'><strong>non</strong></span> <span class='ocrx_word' id='word_1_720' title='bbox 3698 2659 3909 2716; x_wconf 75' lang='lat' dir='ltr'><strong>dilectam</strong></span> 
     </span>
    </p>
   </div>
   <div class='ocr_carea' id='block_1_90' title="bbox 2322 2747 3912 2820">
    <p class='ocr_par' dir='ltr' id='par_1_90' title="bbox 2322 2747 3912 2820">
     <span class='ocr_line' id='line_1_92' title="bbox 2322 2747 3912 2820; baseline -0.002 -16"><span class='ocrx_word' id='word_1_721' title='bbox 2322 2747 2596 2804; x_wconf 89' lang='lat' dir='ltr'><strong>dilectam</strong></span> <span class='ocrx_word' id='word_1_722' title='bbox 2627 2748 2741 2816; x_wconf 86' lang='grc' dir='ltr'>(Ἷο)</span> <span class='ocrx_word' id='word_1_723' title='bbox 2761 2749 2943 2819; x_wconf 83' lang='lat' dir='ltr'><strong>(Osee</strong></span> <span class='ocrx_word' id='word_1_724' title='bbox 2960 2767 3020 2820; x_wconf 86' lang='lat'><strong>11,</strong></span> <span class='ocrx_word' id='word_1_725' title='bbox 3050 2750 3180 2819; x_wconf 74' lang='lat'>24);</span> <span class='ocrx_word' id='word_1_726' title='bbox 3215 2772 3237 2801; x_wconf 77' lang='grc' dir='ltr'><strong>ι</strong></span> <span class='ocrx_word' id='word_1_727' title='bbox 3276 2755 3335 2807; x_wconf 91' lang='lat' dir='ltr'><strong>et</strong></span> <span class='ocrx_word' id='word_1_728' title='bbox 3362 2752 3502 2807; x_wconf 85' lang='lat' dir='ltr'><strong>alibi</strong></span> <span class='ocrx_word' id='word_1_729' title='bbox 3527 2767 3539 2806; x_wconf 89' lang='lat'><strong>:</strong></span> <span class='ocrx_word' id='word_1_730' title='bbox 3568 2774 3589 2799; x_wconf 77' lang='grc' dir='ltr'><strong>«ι</strong></span> <span class='ocrx_word' id='word_1_731' title='bbox 3612 2751 3806 2805; x_wconf 88' lang='lat' dir='ltr'><strong>Domus</strong></span> <span class='ocrx_word' id='word_1_732' title='bbox 3821 2761 3912 2801; x_wconf 83' lang='lat' dir='ltr'><strong>mea</strong></span> 
     </span>
    </p>
   </div>
   <div class='ocr_carea' id='block_1_91' title="bbox 2321 2833 3911 2912">
    <p class='ocr_par' dir='ltr' id='par_1_91' title="bbox 2321 2833 3911 2912">
     <span class='ocr_line' id='line_1_93' title="bbox 2321 2833 3911 2912; baseline -0.003 -21"><span class='ocrx_word' id='word_1_733' title='bbox 2321 2835 2535 2892; x_wconf 89' lang='lat' dir='ltr'><strong>domus</strong></span> <span class='ocrx_word' id='word_1_734' title='bbox 2566 2837 2852 2895; x_wconf 88' lang='lat' dir='ltr'><strong>orationis</strong></span> <span class='ocrx_word' id='word_1_735' title='bbox 2886 2838 3197 2894; x_wconf 88' lang='lat' dir='ltr'><strong>vocabitur</strong></span> <span class='ocrx_word' id='word_1_736' title='bbox 3225 2840 3507 2902; x_wconf 86' lang='lat' dir='ltr'><strong>omnibus</strong></span> <span class='ocrx_word' id='word_1_737' title='bbox 3535 2837 3787 2912; x_wconf 89' lang='lat' dir='ltr'><strong>gentibus</strong></span> <span class='ocrx_word' id='word_1_738' title='bbox 3810 2833 3911 2905; x_wconf 72' lang='lat' dir='ltr'><strong>(lsi.</strong></span> 
     </span>
    </p>
   </div>
   <div class='ocr_carea' id='block_1_92' title="bbox 2320 2924 3915 2996">
    <p class='ocr_par' dir='ltr' id='par_1_92' title="bbox 2320 2924 3915 2996">
     <span class='ocr_line' id='line_1_94' title="bbox 2320 2924 3915 2996; baseline -0.004 -16"><span class='ocrx_word' id='word_1_739' title='bbox 2320 2940 2436 2995; x_wconf 76' lang='lat' dir='ltr'><strong>LVI,</strong></span> <span class='ocrx_word' id='word_1_740' title='bbox 2458 2925 2515 2996; x_wconf 84' lang='lat'><strong>’7)</strong></span> <span class='ocrx_word' id='word_1_741' title='bbox 2546 2941 2561 2982; x_wconf 95' lang='lat'><strong>:</strong></span> <span class='ocrx_word' id='word_1_742' title='bbox 2586 2944 2609 2977; x_wconf 73' lang='grc' dir='ltr'><strong>ι</strong></span> <span class='ocrx_word' id='word_1_743' title='bbox 2644 2926 2723 2982; x_wconf 87' lang='lat' dir='ltr'><strong>ita</strong></span> <span class='ocrx_word' id='word_1_744' title='bbox 2751 2927 2926 2982; x_wconf 90' lang='lat' dir='ltr'><strong>etiam</strong></span> <span class='ocrx_word' id='word_1_745' title='bbox 2948 2927 3234 2984; x_wconf 90' lang='lat' dir='ltr'><strong>Dominus</strong></span> <span class='ocrx_word' id='word_1_746' title='bbox 3252 2929 3439 2985; x_wconf 79' lang='lat' dir='ltr'><strong>Jesus</strong></span> <span class='ocrx_word' id='word_1_747' title='bbox 3459 2929 3529 2984; x_wconf 91' lang='lat' dir='ltr'><strong>ad</strong></span> <span class='ocrx_word' id='word_1_748' title='bbox 3550 2925 3862 2984; x_wconf 84' lang='lat' dir='ltr'><strong>evocandam</strong></span> <span class='ocrx_word' id='word_1_749' title='bbox 3876 2924 3915 2976; x_wconf 84' lang='lat' dir='ltr'><strong>et</strong></span> 
     </span>
    </p>
   </div>
   <div class='ocr_carea' id='block_1_93' title="bbox 2319 3015 3914 3087">
    <p class='ocr_par' dir='ltr' id='par_1_93' title="bbox 2319 3015 3914 3087">
     <span class='ocr_line' id='line_1_95' title="bbox 2319 3015 3914 3087; baseline -0.003 -17"><span class='ocrx_word' id='word_1_750' title='bbox 2319 3016 2802 3087; x_wconf 87' lang='lat' dir='ltr'><strong>congregandam</strong></span> <span class='ocrx_word' id='word_1_751' title='bbox 2814 3015 3145 3073; x_wconf 90' lang='lat' dir='ltr'><strong>Ecclesiam</strong></span> <span class='ocrx_word' id='word_1_752' title='bbox 3161 3017 3412 3074; x_wconf 87' lang='lat' dir='ltr'><strong>Paulum</strong></span> <span class='ocrx_word' id='word_1_753' title='bbox 3430 3034 3461 3072; x_wconf 91' lang='lat' dir='ltr'><strong>a</strong></span> <span class='ocrx_word' id='word_1_754' title='bbox 3476 3033 3542 3075; x_wconf 86' lang='lat' dir='ltr'><strong>se</strong></span> <span class='ocrx_word' id='word_1_755' title='bbox 3554 3016 3685 3073; x_wconf 91' lang='lat' dir='ltr'><strong>dicit</strong></span> <span class='ocrx_word' id='word_1_756' title='bbox 3701 3015 3914 3078; x_wconf 87' lang='lat' dir='ltr'><strong>electum,</strong></span> 
     </span>
    </p>
   </div>
   <div class='ocr_carea' id='block_1_94' title="bbox 2318 3102 3918 3164">
    <p class='ocr_par' dir='ltr' id='par_1_94' title="bbox 2318 3102 3918 3164">
     <span class='ocr_line' id='line_1_96' title="bbox 2318 3102 3918 3164; baseline -0.001 -5"><span class='ocrx_word' id='word_1_757' title='bbox 2318 3102 2476 3159; x_wconf 86' lang='lat' dir='ltr'><strong>sicut</strong></span> <span class='ocrx_word' id='word_1_758' title='bbox 2530 3103 2718 3161; x_wconf 89' lang='lat' dir='ltr'><strong>habes</strong></span> <span class='ocrx_word' id='word_1_759' title='bbox 2745 3106 2818 3160; x_wconf 92' lang='lat' dir='ltr'><strong>ad</strong></span> <span class='ocrx_word' id='word_1_760' title='bbox 2867 3105 3155 3161; x_wconf 86' lang='lat' dir='ltr'><strong>Anauiam</strong></span> <span class='ocrx_word' id='word_1_761' title='bbox 3183 3106 3410 3163; x_wconf 89' lang='lat' dir='ltr'><strong>dictum</strong></span> <span class='ocrx_word' id='word_1_762' title='bbox 3451 3123 3484 3162; x_wconf 88' lang='lat' dir='ltr'><strong>a</strong></span> <span class='ocrx_word' id='word_1_763' title='bbox 3512 3104 3743 3164; x_wconf 90' lang='lat' dir='ltr'><strong>Domino</strong></span> <span class='ocrx_word' id='word_1_764' title='bbox 3768 3103 3918 3159; x_wconf 75' lang='lat' dir='ltr'><strong>Jesu:</strong></span> 
     </span>
    </p>
   </div>
   <div class='ocr_carea' id='block_1_95' title="bbox 2322 3186 3917 3265">
    <p class='ocr_par' dir='ltr' id='par_1_95' title="bbox 2322 3186 3917 3265">
     <span class='ocr_line' id='line_1_97' title="bbox 2322 3186 3917 3265; baseline -0.003 -20"><span class='ocrx_word' id='word_1_765' title='bbox 2322 3214 2345 3239; x_wconf 75' lang='grc' dir='ltr'><strong>«ι</strong></span> <span class='ocrx_word' id='word_1_766' title='bbox 2387 3192 2571 3261; x_wconf 88' lang='lat' dir='ltr'><strong>Vade,</strong></span> <span class='ocrx_word' id='word_1_767' title='bbox 2621 3194 2900 3265; x_wconf 89' lang='lat' dir='ltr'><strong>quoniam</strong></span> <span class='ocrx_word' id='word_1_768' title='bbox 2947 3209 3054 3249; x_wconf 88' lang='lat' dir='ltr'><strong>vas</strong></span> <span class='ocrx_word' id='word_1_769' title='bbox 3106 3194 3423 3252; x_wconf 88' lang='lat' dir='ltr'><strong>electionis</strong></span> <span class='ocrx_word' id='word_1_770' title='bbox 3469 3200 3562 3251; x_wconf 90' lang='lat' dir='ltr'><strong>est</strong></span> <span class='ocrx_word' id='word_1_771' title='bbox 3602 3193 3736 3250; x_wconf 89' lang='lat' dir='ltr'><strong>mihi</strong></span> <span class='ocrx_word' id='word_1_772' title='bbox 3758 3192 3839 3247; x_wconf 88' lang='lat' dir='ltr'><strong>hic</strong></span> <span class='ocrx_word' id='word_1_773' title='bbox 3865 3186 3917 3242; x_wconf 81' lang='lat' dir='ltr'><strong>ad</strong></span> 
     </span>
    </p>
   </div>
   <div class='ocr_carea' id='block_1_96' title="bbox 2219 3279 3918 3359">
    <p class='ocr_par' dir='ltr' id='par_1_96' title="bbox 2219 3279 3918 3359">
     <span class='ocr_line' id='line_1_98' title="bbox 2219 3279 3918 3359; baseline -0.002 -22"><span class='ocrx_word' id='word_1_774' title='bbox 2219 3279 2274 3350; x_wconf 73' lang='grc' dir='ltr'>Ο</span> <span class='ocrx_word' id='word_1_775' title='bbox 2316 3279 2625 3338; x_wconf 82' lang='lat' dir='ltr'><strong>ferendum</strong></span> <span class='ocrx_word' id='word_1_776' title='bbox 2656 3298 2871 3339; x_wconf 90' lang='lat' dir='ltr'><strong>nomen</strong></span> <span class='ocrx_word' id='word_1_777' title='bbox 2902 3298 3095 3339; x_wconf 90' lang='lat' dir='ltr'><strong>meum</strong></span> <span class='ocrx_word' id='word_1_778' title='bbox 3128 3298 3334 3341; x_wconf 86' lang='lat' dir='ltr'><strong>coram</strong></span> <span class='ocrx_word' id='word_1_779' title='bbox 3378 3283 3653 3359; x_wconf 90' lang='lat' dir='ltr'><strong>gentibus</strong></span> <span class='ocrx_word' id='word_1_780' title='bbox 3705 3281 3838 3353; x_wconf 79' lang='lat' dir='ltr'><strong>(Act.</strong></span> <span class='ocrx_word' id='word_1_781' title='bbox 3861 3292 3918 3345; x_wconf 79' lang='grc' dir='ltr'><strong>ιι,</strong></span> 
     </span>
    </p>
   </div>
   <div class='ocr_carea' id='block_1_97' title="bbox 2388 3454 3916 3534">
    <p class='ocr_par' dir='ltr' id='par_1_97' title="bbox 2388 3454 3916 3534">
     <span class='ocr_line' id='line_1_99' title="bbox 2388 3454 3916 3534; baseline -0.004 -20"><span class='ocrx_word' id='word_1_782' title='bbox 2388 3460 2511 3516; x_wconf 74' lang='grc'>102.</span> <span class='ocrx_word' id='word_1_783' title='bbox 2526 3459 2693 3516; x_wconf 90' lang='lat' dir='ltr'><strong>Sicut</strong></span> <span class='ocrx_word' id='word_1_784' title='bbox 2719 3475 2867 3534; x_wconf 93' lang='lat' dir='ltr'><strong>ergo</strong></span> <span class='ocrx_word' id='word_1_785' title='bbox 2895 3460 3070 3517; x_wconf 90' lang='lat' dir='ltr'><strong>Pater</strong></span> <span class='ocrx_word' id='word_1_786' title='bbox 3088 3460 3250 3517; x_wconf 91' lang='lat' dir='ltr'><strong>Deus</strong></span> <span class='ocrx_word' id='word_1_787' title='bbox 3270 3462 3513 3518; x_wconf 88' lang='lat' dir='ltr'><strong>vocabit</strong></span> <span class='ocrx_word' id='word_1_788' title='bbox 3531 3458 3845 3525; x_wconf 85' lang='lat' dir='ltr'><strong>Ecclesiam,</strong></span> <span class='ocrx_word' id='word_1_789' title='bbox 3862 3454 3916 3508; x_wconf 76' lang='lat' dir='ltr'><strong>ita</strong></span> 
     </span>
    </p>
   </div>
   <div class='ocr_carea' id='block_1_98' title="bbox 2311 3548 3916 3623">
    <p class='ocr_par' dir='ltr' id='par_1_98' title="bbox 2311 3548 3916 3623">
     <span class='ocr_line' id='line_1_100' title="bbox 2311 3548 3916 3623; baseline -0.004 -19"><span class='ocrx_word' id='word_1_790' title='bbox 2311 3549 2549 3607; x_wconf 86' lang='lat' dir='ltr'><strong>vocavit</strong></span> <span class='ocrx_word' id='word_1_791' title='bbox 2579 3552 2636 3605; x_wconf 92' lang='lat' dir='ltr'><strong>et</strong></span> <span class='ocrx_word' id='word_1_792' title='bbox 2662 3548 2938 3605; x_wconf 90' lang='lat' dir='ltr'><strong>Christus</strong></span> <span class='ocrx_word' id='word_1_793' title='bbox 2968 3552 3026 3606; x_wconf 89' lang='lat' dir='ltr'><strong>et</strong></span> <span class='ocrx_word' id='word_1_794' title='bbox 3055 3551 3556 3623; x_wconf 88' lang='lat' dir='ltr'><strong>quemadmodum</strong></span> <span class='ocrx_word' id='word_1_795' title='bbox 3575 3549 3821 3605; x_wconf 85' lang='lat' dir='ltr'><strong>Christus</strong></span> <span class='ocrx_word' id='word_1_796' title='bbox 3836 3557 3916 3598; x_wconf 83' lang='lat' dir='ltr'><strong>vo-</strong></span> 
     </span>
    </p>
   </div>
   <div class='ocr_carea' id='block_1_99' title="bbox 2312 3634 3918 3711">
    <p class='ocr_par' dir='ltr' id='par_1_99' title="bbox 2312 3634 3918 3711">
     <span class='ocr_line' id='line_1_101' title="bbox 2312 3634 3918 3711; baseline -0.001 -17"><span class='ocrx_word' id='word_1_797' title='bbox 2312 3639 2487 3709; x_wconf 87' lang='lat' dir='ltr'><strong>cavit,</strong></span> <span class='ocrx_word' id='word_1_798' title='bbox 2523 3638 2601 3693; x_wconf 92' lang='lat' dir='ltr'><strong>ita</strong></span> <span class='ocrx_word' id='word_1_799' title='bbox 2632 3639 2866 3693; x_wconf 90' lang='lat' dir='ltr'><strong>vocavit</strong></span> <span class='ocrx_word' id='word_1_800' title='bbox 2902 3642 2960 3694; x_wconf 91' lang='lat' dir='ltr'><strong>et</strong></span> <span class='ocrx_word' id='word_1_801' title='bbox 2988 3638 3272 3711; x_wconf 91' lang='lat' dir='ltr'><strong>Spiritus,</strong></span> <span class='ocrx_word' id='word_1_802' title='bbox 3322 3640 3534 3697; x_wconf 89' lang='lat' dir='ltr'><strong>dicens</strong></span> <span class='ocrx_word' id='word_1_803' title='bbox 3569 3656 3583 3695; x_wconf 91' lang='lat'><strong>:</strong></span> <span class='ocrx_word' id='word_1_804' title='bbox 3644 3662 3666 3685; x_wconf 84' lang='lat'><strong>«</strong></span> <span class='ocrx_word' id='word_1_805' title='bbox 3698 3634 3918 3708; x_wconf 66' lang='lat' dir='ltr'><strong>Septimio</strong></span> 
     </span>
    </p>
   </div>
   <div class='ocr_carea' id='block_1_100' title="bbox 2312 3724 3915 3802">
    <p class='ocr_par' dir='ltr' id='par_1_100' title="bbox 2312 3724 3915 3802">
     <span class='ocr_line' id='line_1_102' title="bbox 2312 3724 3915 3802; baseline -0.004 -20"><span class='ocrx_word' id='word_1_806' title='bbox 2312 3728 2455 3783; x_wconf 86' lang='lat' dir='ltr'><strong>mihi</strong></span> <span class='ocrx_word' id='word_1_807' title='bbox 2482 3727 2733 3783; x_wconf 91' lang='lat' dir='ltr'><strong>Paulum</strong></span> <span class='ocrx_word' id='word_1_808' title='bbox 2761 3732 2819 3782; x_wconf 88' lang='lat' dir='ltr'><strong>et</strong></span> <span class='ocrx_word' id='word_1_809' title='bbox 2846 3728 3178 3784; x_wconf 89' lang='lat' dir='ltr'><strong>Barnabam</strong></span> <span class='ocrx_word' id='word_1_810' title='bbox 3206 3729 3267 3784; x_wconf 92' lang='lat' dir='ltr'><strong>in</strong></span> <span class='ocrx_word' id='word_1_811' title='bbox 3288 3744 3445 3801; x_wconf 82' lang='lat' dir='ltr'><strong>Opus</strong></span> <span class='ocrx_word' id='word_1_812' title='bbox 3474 3744 3591 3802; x_wconf 91' lang='lat' dir='ltr'><strong>quo</strong></span> <span class='ocrx_word' id='word_1_813' title='bbox 3618 3724 3807 3783; x_wconf 88' lang='lat' dir='ltr'><strong>vocavi</strong></span> <span class='ocrx_word' id='word_1_814' title='bbox 3822 3734 3915 3777; x_wconf 83' lang='lat' dir='ltr'><strong>eos.</strong></span> 
     </span>
    </p>
   </div>
   <div class='ocr_carea' id='block_1_101' title="bbox 2310 3810 3919 3889">
    <p class='ocr_par' dir='ltr' id='par_1_101' title="bbox 2310 3810 3919 3889">
     <span class='ocr_line' id='line_1_103' title="bbox 2310 3810 3919 3889; baseline -0.004 -16"><span class='ocrx_word' id='word_1_815' title='bbox 2310 3816 2478 3873; x_wconf 90' lang='lat' dir='ltr'><strong>Tunc</strong></span> <span class='ocrx_word' id='word_1_816' title='bbox 2518 3815 2884 3889; x_wconf 88' lang='lat' dir='ltr'><strong>jejunantes,</strong></span> <span class='ocrx_word' id='word_1_817' title='bbox 2918 3816 3128 3889; x_wconf 89' lang='lat' dir='ltr'><strong>inquit,</strong></span> <span class='ocrx_word' id='word_1_818' title='bbox 3168 3820 3228 3872; x_wconf 92' lang='lat' dir='ltr'><strong>et</strong></span> <span class='ocrx_word' id='word_1_819' title='bbox 3270 3822 3537 3889; x_wconf 85' lang='lat' dir='ltr'><strong>orantes,</strong></span> <span class='ocrx_word' id='word_1_820' title='bbox 3569 3810 3919 3888; x_wconf 68' lang='lat' dir='ltr'><strong>imposuerunt</strong></span> 
     </span>
    </p>
   </div>
   <div class='ocr_carea' id='block_1_102' title="bbox 2308 3895 3919 3979">
    <p class='ocr_par' dir='ltr' id='par_1_102' title="bbox 2308 3895 3919 3979">
     <span class='ocr_line' id='line_1_104' title="bbox 2308 3895 3919 3979; baseline -0.004 -16"><span class='ocrx_word' id='word_1_821' title='bbox 2308 3906 2401 3963; x_wconf 91' lang='lat' dir='ltr'><strong>eis</strong></span> <span class='ocrx_word' id='word_1_822' title='bbox 2431 3920 2663 3975; x_wconf 88' lang='lat' dir='ltr'><strong>manus,</strong></span> <span class='ocrx_word' id='word_1_823' title='bbox 2688 3909 2746 3961; x_wconf 88' lang='lat' dir='ltr'><strong>et</strong></span> <span class='ocrx_word' id='word_1_824' title='bbox 2765 3904 3133 3961; x_wconf 91' lang='lat' dir='ltr'><strong>demiserunt</strong></span> <span class='ocrx_word' id='word_1_825' title='bbox 3152 3921 3280 3962; x_wconf 90' lang='lat' dir='ltr'><strong>eos.</strong></span> <span class='ocrx_word' id='word_1_826' title='bbox 3305 3907 3445 3979; x_wconf 87' lang='lat' dir='ltr'><strong>Ipse</strong></span> <span class='ocrx_word' id='word_1_827' title='bbox 3473 3910 3662 3963; x_wconf 87' lang='lat' dir='ltr'><strong>autem</strong></span> <span class='ocrx_word' id='word_1_828' title='bbox 3680 3895 3919 3976; x_wconf 69' lang='lat' dir='ltr'><strong>prmmissi</strong></span> 
     </span>
    </p>
   </div>
   <div class='ocr_carea' id='block_1_103' title="bbox 2312 3988 3919 4065">
    <p class='ocr_par' dir='ltr' id='par_1_103' title="bbox 2312 3988 3919 4065">
     <span class='ocr_line' id='line_1_105' title="bbox 2312 3988 3919 4065; baseline -0.003 -16"><span class='ocrx_word' id='word_1_829' title='bbox 2312 3994 2388 4050; x_wconf 86' lang='lat' dir='ltr'><strong>ab</strong></span> <span class='ocrx_word' id='word_1_830' title='bbox 2418 3994 2641 4065; x_wconf 90' lang='lat' dir='ltr'><strong>Spiritu</strong></span> <span class='ocrx_word' id='word_1_831' title='bbox 2681 3996 2889 4050; x_wconf 90' lang='lat' dir='ltr'><strong>sancto</strong></span> <span class='ocrx_word' id='word_1_832' title='bbox 2935 3994 3302 4050; x_wconf 90' lang='lat' dir='ltr'><strong>devenerunt</strong></span> <span class='ocrx_word' id='word_1_833' title='bbox 3347 3997 3409 4051; x_wconf 91' lang='lat' dir='ltr'><strong>in</strong></span> <span class='ocrx_word' id='word_1_834' title='bbox 3455 3994 3766 4051; x_wconf 89' lang='lat' dir='ltr'><strong>Seleuciam</strong></span> <span class='ocrx_word' id='word_1_835' title='bbox 3799 3988 3919 4058; x_wconf 70' lang='lat' dir='ltr'><strong>(Act-</strong></span> 
     </span>
    </p>
   </div>
   <div class='ocr_carea' id='block_1_104' title="bbox 2308 4074 3918 4155">
    <p class='ocr_par' dir='ltr' id='par_1_104' title="bbox 2308 4074 3918 4155">
     <span class='ocr_line' id='line_1_106' title="bbox 2308 4074 3918 4155; baseline -0.004 -16"><span class='ocrx_word' id='word_1_836' title='bbox 2308 4099 2437 4154; x_wconf 81' lang='lat' dir='ltr'><strong>xm,</strong></span> <span class='ocrx_word' id='word_1_837' title='bbox 2456 4083 2533 4153; x_wconf 74' lang='lat'><strong>2).</strong></span> <span class='ocrx_word' id='word_1_838' title='bbox 2571 4106 2593 4131; x_wconf 75' lang='grc' dir='ltr'><strong>ι</strong></span> <span class='ocrx_word' id='word_1_839' title='bbox 2631 4081 2790 4155; x_wconf 90' lang='lat' dir='ltr'><strong>Ergo</strong></span> <span class='ocrx_word' id='word_1_840' title='bbox 2822 4098 2940 4138; x_wconf 90' lang='lat' dir='ltr'><strong>non</strong></span> <span class='ocrx_word' id='word_1_841' title='bbox 2973 4083 3166 4140; x_wconf 91' lang='lat' dir='ltr'><strong>solum</strong></span> <span class='ocrx_word' id='word_1_842' title='bbox 3197 4082 3445 4154; x_wconf 91' lang='lat' dir='ltr'><strong>Christi,</strong></span> <span class='ocrx_word' id='word_1_843' title='bbox 3466 4084 3572 4141; x_wconf 91' lang='lat' dir='ltr'><strong>sed</strong></span> <span class='ocrx_word' id='word_1_844' title='bbox 3594 4083 3754 4139; x_wconf 87' lang='lat' dir='ltr'><strong>etiam</strong></span> <span class='ocrx_word' id='word_1_845' title='bbox 3772 4074 3918 4147; x_wconf 84' lang='lat' dir='ltr'><strong>Spiri-</strong></span> 
     </span>
    </p>
   </div>
   <div class='ocr_carea' id='block_1_105' title="bbox 2309 4162 3918 4244">
    <p class='ocr_par' dir='ltr' id='par_1_105' title="bbox 2309 4162 3918 4244">
     <span class='ocr_line' id='line_1_107' title="bbox 2309 4162 3918 4244; baseline -0.007 -16"><span class='ocrx_word' id='word_1_846' title='bbox 2309 4174 2408 4229; x_wconf 91' lang='lat' dir='ltr'><strong>tus</strong></span> <span class='ocrx_word' id='word_1_847' title='bbox 2457 4172 2649 4228; x_wconf 91' lang='lat' dir='ltr'><strong>sancti</strong></span> <span class='ocrx_word' id='word_1_848' title='bbox 2677 4172 2924 4242; x_wconf 89' lang='lat' dir='ltr'><strong>imperio</strong></span> <span class='ocrx_word' id='word_1_849' title='bbox 2958 4172 3355 4244; x_wconf 86' lang='lat' dir='ltr'><strong>apostolatum</strong></span> <span class='ocrx_word' id='word_1_850' title='bbox 3383 4173 3605 4229; x_wconf 89' lang='lat' dir='ltr'><strong>Paulus</strong></span> <span class='ocrx_word' id='word_1_851' title='bbox 3624 4166 3842 4242; x_wconf 89' lang='lat' dir='ltr'><strong>accepit,</strong></span> <span class='ocrx_word' id='word_1_852' title='bbox 3878 4162 3918 4217; x_wconf 87' lang='lat' dir='ltr'><strong>et</strong></span> 
     </span>
    </p>
   </div>
   <div class='ocr_carea' id='block_1_106' title="bbox 2309 4260 3597 4333">
    <p class='ocr_par' dir='ltr' id='par_1_106' title="bbox 2309 4260 3597 4333">
     <span class='ocr_line' id='line_1_108' title="bbox 2309 4260 3597 4333; baseline 0.001 -17"><span class='ocrx_word' id='word_1_853' title='bbox 2309 4260 2383 4316; x_wconf 90' lang='lat' dir='ltr'><strong>ad</strong></span> <span class='ocrx_word' id='word_1_854' title='bbox 2414 4260 2940 4333; x_wconf 90' lang='lat' dir='ltr'><strong>congregationem</strong></span> <span class='ocrx_word' id='word_1_855' title='bbox 2977 4261 3243 4333; x_wconf 89' lang='lat' dir='ltr'><strong>gentium</strong></span> <span class='ocrx_word' id='word_1_856' title='bbox 3273 4261 3597 4318; x_wconf 83' lang='lat' dir='ltr'><strong>festinavit.</strong></span> 
     </span>
    </p>
   </div>
   <div class='ocr_carea' id='block_1_107' title="bbox 2380 4339 3919 4419">
    <p class='ocr_par' dir='ltr' id='par_1_107' title="bbox 2380 4339 3919 4419">
     <span class='ocr_line' id='line_1_109' title="bbox 2380 4339 3919 4419; baseline -0.004 -15"><span class='ocrx_word' id='word_1_857' title='bbox 2380 4348 2504 4405; x_wconf 86' lang='lat'><strong>103.</strong></span> <span class='ocrx_word' id='word_1_858' title='bbox 2536 4349 2663 4405; x_wconf 92' lang='lat' dir='ltr'><strong>Nec</strong></span> <span class='ocrx_word' id='word_1_859' title='bbox 2710 4349 2878 4405; x_wconf 90' lang='lat' dir='ltr'><strong>solus</strong></span> <span class='ocrx_word' id='word_1_860' title='bbox 2928 4350 3168 4419; x_wconf 89' lang='lat' dir='ltr'><strong>Paulus,</strong></span> <span class='ocrx_word' id='word_1_861' title='bbox 3192 4350 3301 4407; x_wconf 88' lang='lat' dir='ltr'><strong>sed</strong></span> <span class='ocrx_word' id='word_1_862' title='bbox 3332 4351 3508 4406; x_wconf 90' lang='lat' dir='ltr'><strong>etiam</strong></span> <span class='ocrx_word' id='word_1_863' title='bbox 3541 4350 3757 4417; x_wconf 88' lang='lat' dir='ltr'><strong>Petrus,</strong></span> <span class='ocrx_word' id='word_1_864' title='bbox 3800 4339 3919 4399; x_wconf 66' lang='lat' dir='ltr'><strong>sicut</strong></span> 
     </span>
    </p>
   </div>
   <div class='ocr_carea' id='block_1_108' title="bbox 2307 4436 3921 4510">
    <p class='ocr_par' dir='ltr' id='par_1_108' title="bbox 2307 4436 3921 4510">
     <span class='ocr_line' id='line_1_110' title="bbox 2307 4436 3921 4510; baseline -0.006 -17"><span class='ocrx_word' id='word_1_865' title='bbox 2307 4438 2565 4510; x_wconf 89' lang='lat' dir='ltr'><strong>legimus</strong></span> <span class='ocrx_word' id='word_1_866' title='bbox 2587 4437 2647 4493; x_wconf 93' lang='lat' dir='ltr'><strong>in</strong></span> <span class='ocrx_word' id='word_1_867' title='bbox 2679 4436 2930 4493; x_wconf 84' lang='lat' dir='ltr'><strong>Actibus</strong></span> <span class='ocrx_word' id='word_1_868' title='bbox 2959 4438 3386 4509; x_wconf 90' lang='lat' dir='ltr'><strong>apostolorum.</strong></span> <span class='ocrx_word' id='word_1_869' title='bbox 3420 4440 3572 4495; x_wconf 87' lang='lat' dir='ltr'><strong>Nam</strong></span> <span class='ocrx_word' id='word_1_870' title='bbox 3599 4452 3725 4494; x_wconf 90' lang='lat' dir='ltr'><strong>cum</strong></span> <span class='ocrx_word' id='word_1_871' title='bbox 3750 4436 3803 4489; x_wconf 88' lang='lat' dir='ltr'><strong>in</strong></span> <span class='ocrx_word' id='word_1_872' title='bbox 3827 4442 3921 4487; x_wconf 77' lang='lat' dir='ltr'><strong>orc-</strong></span> 
     </span>
    </p>
   </div>
   <div class='ocr_carea' id='block_1_109' title="bbox 2306 4515 3919 4600">
    <p class='ocr_par' dir='ltr' id='par_1_109' title="bbox 2306 4515 3919 4600">
     <span class='ocr_line' id='line_1_111' title="bbox 2306 4515 3919 4600; baseline -0.009 -18"><span class='ocrx_word' id='word_1_873' title='bbox 2306 4526 2466 4582; x_wconf 89' lang='lat' dir='ltr'><strong>tione</strong></span> <span class='ocrx_word' id='word_1_874' title='bbox 2515 4527 2768 4583; x_wconf 91' lang='lat' dir='ltr'><strong>vidisset</strong></span> <span class='ocrx_word' id='word_1_875' title='bbox 2816 4526 3029 4583; x_wconf 61' lang='lat' dir='ltr'><strong>caelum</strong></span> <span class='ocrx_word' id='word_1_876' title='bbox 3077 4518 3367 4599; x_wconf 81' lang='lat' dir='ltr'><strong>apertum,</strong></span> <span class='ocrx_word' id='word_1_877' title='bbox 3415 4532 3474 4584; x_wconf 90' lang='lat' dir='ltr'><strong>et</strong></span> <span class='ocrx_word' id='word_1_878' title='bbox 3519 4529 3757 4600; x_wconf 87' lang='lat' dir='ltr'><strong>quatuor</strong></span> <span class='ocrx_word' id='word_1_879' title='bbox 3778 4515 3919 4575; x_wconf 82' lang='lat' dir='ltr'><strong>initiis</strong></span> 
     </span>
    </p>
   </div>
   <div class='ocr_carea' id='block_1_110' title="bbox 2306 4606 3919 4690">
    <p class='ocr_par' dir='ltr' id='par_1_110' title="bbox 2306 4606 3919 4690">
     <span class='ocr_line' id='line_1_112' title="bbox 2306 4606 3919 4690; baseline -0.007 -19"><span class='ocrx_word' id='word_1_880' title='bbox 2306 4615 2553 4688; x_wconf 89' lang='lat' dir='ltr'><strong>ligatum</strong></span> <span class='ocrx_word' id='word_1_881' title='bbox 2574 4631 2683 4671; x_wconf 93' lang='lat' dir='ltr'><strong>vas</strong></span> <span class='ocrx_word' id='word_1_882' title='bbox 2706 4615 3021 4688; x_wconf 88' lang='lat' dir='ltr'><strong>quoddam,</strong></span> <span class='ocrx_word' id='word_1_883' title='bbox 3035 4619 3312 4690; x_wconf 88' lang='lat' dir='ltr'><strong>tanquam</strong></span> <span class='ocrx_word' id='word_1_884' title='bbox 3330 4616 3576 4673; x_wconf 90' lang='lat' dir='ltr'><strong>linteum</strong></span> <span class='ocrx_word' id='word_1_885' title='bbox 3599 4618 3655 4671; x_wconf 90' lang='lat' dir='ltr'><strong>in</strong></span> <span class='ocrx_word' id='word_1_886' title='bbox 3674 4627 3780 4686; x_wconf 89' lang='lat' dir='ltr'><strong>quo</strong></span> <span class='ocrx_word' id='word_1_887' title='bbox 3791 4606 3919 4665; x_wconf 79' lang='lat' dir='ltr'><strong>erant</strong></span> 
     </span>
    </p>
   </div>
   <div class='ocr_carea' id='block_1_111' title="bbox 2304 4700 3918 4778">
    <p class='ocr_par' dir='ltr' id='par_1_111' title="bbox 2304 4700 3918 4778">
     <span class='ocr_line' id='line_1_113' title="bbox 2304 4700 3918 4778; baseline -0.009 -15"><span class='ocrx_word' id='word_1_888' title='bbox 2304 4705 2500 4763; x_wconf 90' lang='lat' dir='ltr'><strong>omnia</strong></span> <span class='ocrx_word' id='word_1_889' title='bbox 2531 4720 2751 4778; x_wconf 89' lang='lat' dir='ltr'><strong>genera</strong></span> <span class='ocrx_word' id='word_1_890' title='bbox 2770 4705 3215 4777; x_wconf 89' lang='lat' dir='ltr'><strong>quadrupedum</strong></span> <span class='ocrx_word' id='word_1_891' title='bbox 3235 4709 3293 4760; x_wconf 89' lang='lat' dir='ltr'><strong>et</strong></span> <span class='ocrx_word' id='word_1_892' title='bbox 3313 4704 3575 4761; x_wconf 84' lang='lat' dir='ltr'><strong>ferarum</strong></span> <span class='ocrx_word' id='word_1_893' title='bbox 3594 4707 3648 4761; x_wconf 89' lang='lat' dir='ltr'><strong>et</strong></span> <span class='ocrx_word' id='word_1_894' title='bbox 3669 4700 3918 4756; x_wconf 85' lang='lat' dir='ltr'><strong>volucrum</strong></span> 
     </span>
    </p>
   </div>
   <div class='ocr_carea' id='block_1_112' title="bbox 2305 4782 3917 4865">
    <p class='ocr_par' dir='ltr' id='par_1_112' title="bbox 2305 4782 3917 4865">
     <span class='ocr_line' id='line_1_114' title="bbox 2305 4782 3917 4865; baseline -0.004 -16"><span class='ocrx_word' id='word_1_895' title='bbox 2305 4793 2461 4863; x_wconf 76' lang='lat' dir='ltr'><strong>cmli,</strong></span> <span class='ocrx_word' id='word_1_896' title='bbox 2500 4814 2523 4844; x_wconf 74' lang='grc' dir='ltr'><strong><em>α</em></strong></span> <span class='ocrx_word' id='word_1_897' title='bbox 2557 4793 2710 4850; x_wconf 84' lang='lat' dir='ltr'><strong>facta</strong></span> <span class='ocrx_word' id='word_1_898' title='bbox 2741 4797 2835 4849; x_wconf 92' lang='lat' dir='ltr'><strong>est</strong></span> <span class='ocrx_word' id='word_1_899' title='bbox 2886 4810 3005 4849; x_wconf 88' lang='lat' dir='ltr'><strong>vox</strong></span> <span class='ocrx_word' id='word_1_900' title='bbox 3034 4794 3106 4849; x_wconf 90' lang='lat' dir='ltr'><strong>ad</strong></span> <span class='ocrx_word' id='word_1_901' title='bbox 3136 4809 3274 4849; x_wconf 90' lang='lat' dir='ltr'><strong>eum</strong></span> <span class='ocrx_word' id='word_1_902' title='bbox 3307 4810 3320 4850; x_wconf 91' lang='lat'><strong>:</strong></span> <span class='ocrx_word' id='word_1_903' title='bbox 3354 4794 3571 4865; x_wconf 80' lang='lat' dir='ltr'><strong>Surge.</strong></span> <span class='ocrx_word' id='word_1_904' title='bbox 3629 4787 3829 4856; x_wconf 78' lang='lat' dir='ltr'><strong>occide,</strong></span> <span class='ocrx_word' id='word_1_905' title='bbox 3874 4782 3917 4835; x_wconf 65' lang='lat' dir='ltr'><strong>ei</strong></span> 
     </span>
    </p>
   </div>
   <div class='ocr_carea' id='block_1_113' title="bbox 2303 4882 3917 4952">
    <p class='ocr_par' dir='ltr' id='par_1_113' title="bbox 2303 4882 3917 4952">
     <span class='ocr_line' id='line_1_115' title="bbox 2303 4882 3917 4952; baseline -0.007 -14"><span class='ocrx_word' id='word_1_906' title='bbox 2303 4882 2613 4938; x_wconf 90' lang='lat' dir='ltr'><strong>manduca.</strong></span> <span class='ocrx_word' id='word_1_907' title='bbox 2649 4882 2721 4938; x_wconf 89' lang='lat' dir='ltr'><strong>Et</strong></span> <span class='ocrx_word' id='word_1_908' title='bbox 2765 4884 2981 4938; x_wconf 89' lang='lat' dir='ltr'><strong>Petrus</strong></span> <span class='ocrx_word' id='word_1_909' title='bbox 3022 4883 3169 4938; x_wconf 84' lang='lat' dir='ltr'><strong>dixit</strong></span> <span class='ocrx_word' id='word_1_910' title='bbox 3202 4898 3215 4938; x_wconf 95' lang='lat'><strong>:</strong></span> <span class='ocrx_word' id='word_1_911' title='bbox 3251 4882 3447 4952; x_wconf 82' lang='lat' dir='ltr'><strong>Absit,</strong></span> <span class='ocrx_word' id='word_1_912' title='bbox 3483 4882 3718 4938; x_wconf 90' lang='lat' dir='ltr'><strong>Domine</strong></span> <span class='ocrx_word' id='word_1_913' title='bbox 3749 4893 3761 4932; x_wconf 92' lang='lat'><strong>:</strong></span> <span class='ocrx_word' id='word_1_914' title='bbox 3796 4885 3917 4929; x_wconf 84' lang='lat' dir='ltr'><strong>nun-</strong></span> 
     </span>
    </p>
   </div>
   <div class='ocr_carea' id='block_1_114' title="bbox 2303 4964 3914 5046">
    <p class='ocr_par' dir='ltr' id='par_1_114' title="bbox 2303 4964 3914 5046">
     <span class='ocr_line' id='line_1_116' title="bbox 2303 4964 3914 5046; baseline -0.006 -17"><span class='ocrx_word' id='word_1_915' title='bbox 2303 4988 2479 5046; x_wconf 90' lang='lat' dir='ltr'><strong>quam</strong></span> <span class='ocrx_word' id='word_1_916' title='bbox 2511 4972 2860 5029; x_wconf 89' lang='lat' dir='ltr'><strong>manducavi</strong></span> <span class='ocrx_word' id='word_1_917' title='bbox 2893 4987 3204 5029; x_wconf 89' lang='lat' dir='ltr'><strong>commune</strong></span> <span class='ocrx_word' id='word_1_918' title='bbox 3235 4976 3293 5028; x_wconf 90' lang='lat' dir='ltr'><strong>et</strong></span> <span class='ocrx_word' id='word_1_919' title='bbox 3322 4971 3702 5027; x_wconf 87' lang='lat' dir='ltr'><strong>immundum.</strong></span> <span class='ocrx_word' id='word_1_920' title='bbox 3733 4964 3794 5021; x_wconf 83' lang='lat' dir='ltr'><strong>Et</strong></span> <span class='ocrx_word' id='word_1_921' title='bbox 3825 4973 3914 5014; x_wconf 71' lang='lat' dir='ltr'><strong>v01</strong></span> 
     </span>
    </p>
   </div>
   <div class='ocr_carea' id='block_1_115' title="bbox 2302 5060 3913 5128">
    <p class='ocr_par' dir='ltr' id='par_1_115' title="bbox 2302 5060 3913 5128">
     <span class='ocr_line' id='line_1_117' title="bbox 2302 5060 3913 5128; baseline -0.009 -9"><span class='ocrx_word' id='word_1_922' title='bbox 2302 5077 2520 5119; x_wconf 92' lang='lat' dir='ltr'><strong>rursus</strong></span> <span class='ocrx_word' id='word_1_923' title='bbox 2550 5063 2623 5117; x_wconf 89' lang='lat' dir='ltr'><strong>ad</strong></span> <span class='ocrx_word' id='word_1_924' title='bbox 2653 5077 2822 5119; x_wconf 91' lang='lat' dir='ltr'><strong>eum:</strong></span> <span class='ocrx_word' id='word_1_925' title='bbox 2844 5060 3011 5128; x_wconf 89' lang='lat' dir='ltr'><strong>Quod</strong></span> <span class='ocrx_word' id='word_1_926' title='bbox 3044 5062 3205 5118; x_wconf 91' lang='lat' dir='ltr'><strong>Deus</strong></span> <span class='ocrx_word' id='word_1_927' title='bbox 3229 5061 3551 5127; x_wconf 85' lang='lat' dir='ltr'><strong>mundavit,</strong></span> <span class='ocrx_word' id='word_1_928' title='bbox 3571 5064 3631 5114; x_wconf 89' lang='lat' dir='ltr'><strong>tu</strong></span> <span class='ocrx_word' id='word_1_929' title='bbox 3657 5060 3913 5112; x_wconf 78' lang='lat' dir='ltr'><strong>commune</strong></span> 
     </span>
    </p>
   </div>
   <div class='ocr_carea' id='block_1_116' title="bbox 2303 5147 3914 5220">
    <p class='ocr_par' dir='ltr' id='par_1_116' title="bbox 2303 5147 3914 5220">
     <span class='ocr_line' id='line_1_118' title="bbox 2303 5147 3914 5220; baseline -0.01 -12"><span class='ocrx_word' id='word_1_930' title='bbox 2303 5167 2378 5208; x_wconf 91' lang='lat' dir='ltr'><strong>ne</strong></span> <span class='ocrx_word' id='word_1_931' title='bbox 2416 5151 2664 5207; x_wconf 83' lang='lat' dir='ltr'><strong>dixeris.</strong></span> <span class='ocrx_word' id='word_1_932' title='bbox 2688 5151 2814 5207; x_wconf 81' lang='lat' dir='ltr'><strong>Hoc</strong></span> <span class='ocrx_word' id='word_1_933' title='bbox 2843 5154 3040 5207; x_wconf 91' lang='lat' dir='ltr'><strong>autem</strong></span> <span class='ocrx_word' id='word_1_934' title='bbox 3069 5150 3286 5207; x_wconf 86' lang='lat' dir='ltr'><strong>factum</strong></span> <span class='ocrx_word' id='word_1_935' title='bbox 3316 5157 3409 5206; x_wconf 90' lang='lat' dir='ltr'><strong>est</strong></span> <span class='ocrx_word' id='word_1_936' title='bbox 3440 5165 3548 5220; x_wconf 91' lang='lat' dir='ltr'><strong>per</strong></span> <span class='ocrx_word' id='word_1_937' title='bbox 3564 5152 3669 5214; x_wconf 91' lang='lat' dir='ltr'><strong>ter,</strong></span> <span class='ocrx_word' id='word_1_938' title='bbox 3711 5147 3762 5199; x_wconf 92' lang='lat' dir='ltr'><strong>et</strong></span> <span class='ocrx_word' id='word_1_939' title='bbox 3780 5151 3914 5196; x_wconf 84' lang='lat' dir='ltr'><strong>rece-</strong></span> 
     </span>
    </p>
   </div>
   <div class='ocr_carea' id='block_1_117' title="bbox 2302 5235 3915 5312">
    <p class='ocr_par' dir='ltr' id='par_1_117' title="bbox 2302 5235 3915 5312">
     <span class='ocr_line' id='line_1_119' title="bbox 2302 5235 3915 5312; baseline 0.001 -17"><span class='ocrx_word' id='word_1_940' title='bbox 2302 5243 2466 5312; x_wconf 90' lang='lat' dir='ltr'><strong>ptum</strong></span> <span class='ocrx_word' id='word_1_941' title='bbox 2494 5243 2588 5297; x_wconf 88' lang='lat' dir='ltr'><strong>est</strong></span> <span class='ocrx_word' id='word_1_942' title='bbox 2616 5256 2723 5296; x_wconf 91' lang='lat' dir='ltr'><strong>vas</strong></span> <span class='ocrx_word' id='word_1_943' title='bbox 2751 5242 2813 5296; x_wconf 92' lang='lat' dir='ltr'><strong>in</strong></span> <span class='ocrx_word' id='word_1_944' title='bbox 2841 5240 3223 5302; x_wconf 78' lang='lat' dir='ltr'><strong>emlum(Act.</strong></span> <span class='ocrx_word' id='word_1_945' title='bbox 3255 5257 3314 5309; x_wconf 84' lang='lat' dir='ltr'><strong>x,</strong></span> <span class='ocrx_word' id='word_1_946' title='bbox 3339 5237 3550 5301; x_wconf 81' lang='lat'><strong>13-16).</strong></span> <span class='ocrx_word' id='word_1_947' title='bbox 3588 5262 3610 5286; x_wconf 74' lang='grc' dir='ltr'><strong><em>η</em></strong></span> <span class='ocrx_word' id='word_1_948' title='bbox 3643 5235 3785 5304; x_wconf 78' lang='lat' dir='ltr'><strong>Ergo</strong></span> <span class='ocrx_word' id='word_1_949' title='bbox 3814 5239 3915 5312; x_wconf 63' lang='lat' dir='ltr'><strong>mm}</strong></span> 
     </span>
    </p>
   </div>
   <div class='ocr_carea' id='block_1_118' title="bbox 2304 5308 3915 5407">
    <p class='ocr_par' dir='ltr' id='par_1_118' title="bbox 2304 5308 3915 5407">
     <span class='ocr_line' id='line_1_120' title="bbox 2304 5308 3915 5407; baseline -0.011 -21"><span class='ocrx_word' id='word_1_950' title='bbox 2304 5308 2418 5386; x_wconf 79' lang='lat' dir='ltr'><strong>hoc</strong></span> <span class='ocrx_word' id='word_1_951' title='bbox 2448 5345 2653 5386; x_wconf 90' lang='lat' dir='ltr'><strong>secum</strong></span> <span class='ocrx_word' id='word_1_952' title='bbox 2687 5330 2895 5385; x_wconf 90' lang='lat' dir='ltr'><strong>Petrus</strong></span> <span class='ocrx_word' id='word_1_953' title='bbox 2916 5330 3129 5386; x_wconf 90' lang='lat' dir='ltr'><strong>tacitus</strong></span> <span class='ocrx_word' id='word_1_954' title='bbox 3147 5308 3454 5401; x_wconf 87' lang='lat' dir='ltr'><strong>cogitaret,</strong></span> <span class='ocrx_word' id='word_1_955' title='bbox 3474 5330 3531 5407; x_wconf 88' lang='lat' dir='ltr'><strong>et</strong></span> <span class='ocrx_word' id='word_1_956' title='bbox 3558 5320 3839 5407; x_wconf 85' lang='lat' dir='ltr'><strong>venissent</strong></span> <span class='ocrx_word' id='word_1_957' title='bbox 3859 5308 3915 5407; x_wconf 51' lang='lat' dir='ltr'><strong>aii</strong></span> 
     </span>
    </p>
   </div>
   <div class='ocr_carea' id='block_1_119' title="bbox 2302 5399 3917 5491">
    <p class='ocr_par' dir='ltr' id='par_1_119' title="bbox 2302 5399 3917 5491">
     <span class='ocr_line' id='line_1_121' title="bbox 2302 5399 3917 5491; baseline -0.014 -15"><span class='ocrx_word' id='word_1_958' title='bbox 2302 5433 2436 5476; x_wconf 90' lang='lat' dir='ltr'><strong>eum</strong></span> <span class='ocrx_word' id='word_1_959' title='bbox 2466 5418 2721 5476; x_wconf 88' lang='lat' dir='ltr'><strong>Cornelii</strong></span> <span class='ocrx_word' id='word_1_960' title='bbox 2756 5419 2980 5475; x_wconf 86' lang='lat' dir='ltr'><strong>servuli</strong></span> <span class='ocrx_word' id='word_1_961' title='bbox 3018 5418 3092 5474; x_wconf 90' lang='lat' dir='ltr'><strong>ab</strong></span> <span class='ocrx_word' id='word_1_962' title='bbox 3121 5399 3334 5491; x_wconf 77' lang='lat' dir='ltr'><strong>angelo</strong></span> <span class='ocrx_word' id='word_1_963' title='bbox 3382 5406 3534 5471; x_wconf 81' lang='lat'><strong>654</strong></span> <span class='ocrx_word' id='word_1_964' title='bbox 3563 5405 3832 5469; x_wconf 87' lang='lat' dir='ltr'><strong>destinati,</strong></span> <span class='ocrx_word' id='word_1_965' title='bbox 3857 5399 3917 5452; x_wconf 81' lang='lat' dir='ltr'><strong>ait</strong></span> 
     </span>
    </p>
   </div>
   <div class='ocr_carea' id='block_1_120' title="bbox 2299 5498 3907 5582">
    <p class='ocr_par' dir='ltr' id='par_1_120' title="bbox 2299 5498 3907 5582">
     <span class='ocr_line' id='line_1_122' title="bbox 2299 5498 3907 5582; baseline -0.009 -16"><span class='ocrx_word' id='word_1_966' title='bbox 2299 5507 2385 5566; x_wconf 90' lang='lat' dir='ltr'><strong>illi</strong></span> <span class='ocrx_word' id='word_1_967' title='bbox 2414 5507 2670 5581; x_wconf 90' lang='lat' dir='ltr'><strong>Spiritus</strong></span> <span class='ocrx_word' id='word_1_968' title='bbox 2707 5524 2719 5565; x_wconf 96' lang='lat'><strong>:</strong></span> <span class='ocrx_word' id='word_1_969' title='bbox 2758 5530 2779 5559; x_wconf 74' lang='grc' dir='ltr'><strong>ι</strong></span> <span class='ocrx_word' id='word_1_970' title='bbox 2818 5508 2973 5565; x_wconf 89' lang='lat' dir='ltr'><strong>Ecce</strong></span> <span class='ocrx_word' id='word_1_971' title='bbox 3000 5508 3116 5565; x_wconf 92' lang='lat' dir='ltr'><strong>viri</strong></span> <span class='ocrx_word' id='word_1_972' title='bbox 3136 5509 3408 5582; x_wconf 59' lang='lat' dir='ltr'><strong>quaerunt</strong></span> <span class='ocrx_word' id='word_1_973' title='bbox 3438 5509 3514 5576; x_wconf 90' lang='lat' dir='ltr'><strong>te,</strong></span> <span class='ocrx_word' id='word_1_974' title='bbox 3534 5514 3710 5575; x_wconf 90' lang='lat' dir='ltr'><strong>surge</strong></span> <span class='ocrx_word' id='word_1_975' title='bbox 3729 5498 3907 5566; x_wconf 69' lang='lat' dir='ltr'><strong>itaque.</strong></span> 
     </span>
    </p>
   </div>
   <div class='ocr_carea' id='block_1_121' title="bbox 2304 5651 3853 5798">
    <p class='ocr_par' dir='ltr' id='par_1_121' title="bbox 2304 5651 3853 5798">
     <span class='ocr_line' id='line_1_123' title="bbox 2304 5651 3853 5798; baseline -0.01 -20"><span class='ocrx_word' id='word_1_976' title='bbox 2304 5673 2327 5701; x_wconf 51' lang='grc' dir='ltr'><strong><em>α</em></strong></span> <span class='ocrx_word' id='word_1_977' title='bbox 2361 5651 2667 5793; x_wconf 38' lang='grc' dir='ltr'><strong>ἴξόξέᾶῗέ.</strong></span> <span class='ocrx_word' id='word_1_978' title='bbox 2698 5722 2942 5798; x_wconf 87' lang='lat' dir='ltr'><strong>aliquot,</strong></span> <span class='ocrx_word' id='word_1_979' title='bbox 2970 5747 2993 5773; x_wconf 77' lang='grc' dir='ltr'><strong>α</strong></span> <span class='ocrx_word' id='word_1_980' title='bbox 3020 5725 3078 5780; x_wconf 92' lang='lat' dir='ltr'><strong>et</strong></span> <span class='ocrx_word' id='word_1_981' title='bbox 3106 5737 3225 5782; x_wconf 89' lang='lat' dir='ltr'><strong>non</strong></span> <span class='ocrx_word' id='word_1_982' title='bbox 3256 5721 3521 5790; x_wconf 88' lang='lat' dir='ltr'><strong>electam,</strong></span> <span class='ocrx_word' id='word_1_983' title='bbox 3554 5715 3802 5773; x_wconf 82' lang='lat' dir='ltr'><strong>electam.</strong></span> <span class='ocrx_word' id='word_1_984' title='bbox 3836 5729 3853 5751; x_wconf 73' lang='grc' dir='ltr'><strong><em>ν</em></strong></span> 
     </span>
    </p>
   </div>
  </div>
