4090 6174
159 349 291 417 797

1286 352 1400 417 DE
1443 352 1787 420 SPIRITU
1830 352 2164 420 SANCTO
2204 353 2367 419 LIB.
2412 355 2491 421 II.

3508 356 3633 428 798

161 555 219 609 et
249 552 571 619 descende,
592 554 651 609 et
671 552 818 608 vade
838 568 970 609 cum
1002 554 1128 609 eis:
1163 570 1235 611 ne
1253 555 1492 611 dubites
1518 571 1532 626 ;
1556 556 1834 629 quoniam
1866 536 1927 601 Α
1961 578 1983 603 α
2026 556 2289 627 Increpa,
2324 556 2534 628 inquit,
2570 556 2729 612 feras
2762 557 2932 613 silvas
2978 558 3166 631 (Psal.
3212 576 3394 631 vau,
3426 559 3534 634 81),
3591 580 3615 615 ι

167 657 283 715 ego
316 643 459 697 misi
490 642 627 697 illos
659 643 829 712 (Ibid.
863 641 950 712 19,
982 642 1093 714 20).
1132 668 1154 692 ››

230 732 356 787 101.
379 731 570 797 Quam
584 732 891 787 evidenter
909 734 1212 804 expressit
1229 750 1401 789 suam
1420 734 1677 806 Spiritus
1699 752 1834 790 san-

1954 646 2164 700 silvam
2197 646 2469 701 videlicet
2498 647 2847 719 significans
2881 664 2999 704 non
3022 648 3281 705 ferarum
3316 649 3620 723 fragosam

1951 736 2254 803 cursibus,
2272 752 2381 790 nec
2402 736 2727 791 bestiarum
2742 738 3618 809 gemitibusinhorrentem,sed

168 824 300 875 ctus
330 820 724 892 potestatem!
786 821 983 877 Primo
1041 825 1306 878 omnium
1362 826 1498 895 quia
1538 825 1839 895 aspiravit
1948 823 2106 878 illam
2139 826 2350 878 silvam
2400 825 2471 879 de
2519 842 2633 897 qua
2684 827 2968 897 scriptum
3012 831 3140 882 est:
3197 850 3219 877 α
3269 828 3611 885 Invenimus

163 911 376 980 oranti,
408 910 597 964 adfuit
628 911 1003 981 deprecanti;
1037 912 1248 967 deinde
1280 914 1556 985 quoniam
1587 919 1835 970 vocatus

164 999 382 1056 Petrus
414 1000 746 1071 respondit,
777 1001 1046 1072 Domine,
1081 1005 1137 1056 et
1181 1002 1313 1058 ideo
1346 1005 1675 1059 secundum
1708 1006 1834 1059 evi-

162 1089 407 1144 dentius
436 1091 652 1144 meruit
690 1090 1019 1160 oraculum,
1052 1091 1189 1163 quia
1234 1092 1554 1149 confessus
1594 1098 1682 1149 est
1715 1094 1835 1149 Do-

162 1177 413 1233 minum.
450 1178 565 1234 Sed
590 1180 725 1251 quis
749 1184 860 1234 iste
885 1181 962 1234 sit
984 1180 1271 1236 Dominus
1293 1182 1598 1252 Scriptura
1632 1184 1833 1238 decla-

157 1270 284 1336 rat;
336 1267 723 1338 respondenti
754 1269 931 1337 enim,
966 1270 1021 1323 is
1061 1271 1265 1342 utique
1298 1272 1392 1326 cui
1423 1273 1831 1343 responderat,

161 1355 556 1427 loquebatur:
591 1358 872 1427 Spiritum
903 1362 1100 1413 autem
1156 1360 1474 1415 ostendunt
1524 1364 1833 1433 sequentia

162 1444 565 1513 declaratum;
606 1448 706 1517 qui
734 1447 861 1517 ipse
885 1448 985 1518 qui
1005 1450 1348 1519 mysterium
1372 1450 1663 1522 figurabat
1702 1468 1832 1522 my-

154 1536 413 1588 sterium
446 1535 759 1590 revelabat.

223 1623 356 1678 105.
390 1622 574 1678 Simul
591 1624 733 1678 illud
756 1625 996 1680 adverte
1015 1627 1150 1698 quia
1173 1627 1343 1682 tertio
1368 1628 1609 1698 repetita
1641 1629 1832 1701 ﬁgura

159 1713 431 1784 mysterii
462 1714 863 1783 Operationem
896 1715 1199 1769 Trinitatis
1229 1717 1548 1786 expressit.
1599 1717 1668 1771 Et
1699 1719 1831 1775 ideo

155 1801 214 1856 in
247 1802 558 1873 mysteriis
580 1803 693 1873 ('71)
718 1803 1100 1876 interrogatio
1125 1806 1276 1859 trina
1300 1806 1583 1873 defertur,
1609 1811 1665 1862 et
1692 1825 1830 1862 con-

153 1890 410 1945 firmatio
442 1891 595 1945 trina
626 1892 995 1948 celebratur:
1029 1910 1137 1948 nec
1167 1898 1361 1965 potest
1382 1896 1517 1967 quis
1540 1897 1652 1951 nisi
1678 1899 1827 1952 trina

157 1978 547 2035 confessione
576 1982 842 2053 purgari.
877 1982 1046 2036 Unde
1078 1986 1136 2038 et
1166 1984 1294 2054 ipse
1317 1984 1530 2039 Petrus
1553 1986 1612 2039 in
1646 1985 1830 2041 Evan-

149 2068 312 2140 gelio
344 2069 543 2135 (Joau.
580 2086 704 2140 xxi,
738 2070 918 2141 15-17)
957 2073 1128 2126 tertio
1182 2072 1599 2145 interrogatur,
1634 2078 1830 2130 utrum

151 2157 367 2229 diligat
390 2158 704 2213 Dominum
725 2163 816 2227 ;ut
835 2161 986 2214 trina
1008 2163 1402 2231 responsione
1423 2163 1679 2231 vincula,
1696 2180 1829 2235 quae

150 2245 473 2301 Dominum
497 2248 770 2319 negando
796 2252 1187 2319 contraxerat,
1220 2254 1277 2305 et
1325 2251 1543 2323 quibus
1603 2269 1668 2307 se
1699 2254 1829 2324 ipse

145 2335 382 2410 ligavit,
418 2336 873 2391 absolverentur
902 2339 1035 2407 ('72).

218 2423 353 2479 106.
384 2425 534 2479 Tum
565 2426 778 2481 deinde
806 2428 944 2499 quia
963 2428 1034 2481 ad
1059 2428 1394 2483 Cornelium
1418 2430 1668 2502 angelus
1692 2432 1828 2486 mit-

144 2515 301 2569 titur
321 2514 485 2579 (Act.
518 2531 578 2582 x,
611 2514 688 2584 3),
725 2516 961 2570 Petrum
1001 2516 1257 2587 Spiritus
1288 2522 1534 2572 sanctus
1574 2521 1828 2591 alloqui-

144 2606 245 2658 tur
260 2603 444 2665 (Ibid.
472 2602 557 2671 19,
574 2604 702 2673 20);
740 2627 762 2651 ιι
788 2604 953 2659 Oculi
978 2606 1133 2660 enim
1159 2607 1386 2662 Domini
1420 2624 1602 2678 super
1622 2610 1828 2665 fideles

146 2696 330 2748 terrm
363 2691 556 2760 (Psal.
590 2708 644 2763 c,
674 2693 752 2762 6).
786 2693 911 2748 Nec
943 2694 1086 2749 illud
1118 2697 1393 2766 otiosum,
1427 2698 1584 2769 quod
1618 2699 1829 2754 cumin

146 2781 575 2852 superioribus
598 2782 1030 2852 praemisisset:
1068 2806 1089 2831 α
1123 2784 1289 2850 Quod
1324 2786 1482 2841 Deus
1506 2788 1825 2858 mundavit,

146 2874 210 2927 tu
246 2887 324 2927 ne
358 2886 672 2927 commune
703 2872 930 2927 dixeris
974 2874 1125 2943 (Act.
1161 2891 1219 2943 x,
1246 2872 1373 2945 15);
1410 2896 1432 2925 ι
1479 2876 1677 2931 subito
1729 2878 1830 2932 de-

149 2961 301 3015 cidit
329 2975 520 3031 super
538 2961 815 3032 gentiles,
837 2965 899 3015 ut
916 2963 1225 3017 mundaret
1246 2980 1352 3018 eos
1394 2964 1650 3035 Spiritus
1692 2982 1830 3021 san-

152 3054 291 3104 ctus
321 3066 338 3120 ;
399 3051 556 3104 unde
587 3052 921 3106 ostenditur
951 3052 1353 3123 operationem
1399 3053 1653 3125 Spiritus
1684 3072 1829 3125 ope-

1948 928 2075 967 eam
2094 914 2153 967 in
2177 915 2402 984 campis
2426 915 2596 969 silvae
2614 915 2799 985 (Psal.
2825 932 3029 988 cxxxr,
3055 916 3132 987 6).
3161 940 3183 964 υ
3206 916 3271 971 In
3296 933 3432 989 qua,
3458 918 3616 975 sicut

1947 1002 2093 1056 dixit
2116 1003 2407 1073 Propheta
2433 1020 2445 1059 :
2483 1025 2506 1055 ι
2536 1004 2743 1075 justus
2775 1008 2837 1059 ut
2864 1005 3055 1076 palma
3112 1005 3363 1069 florebit,
3416 1009 3475 1061 et
3504 1022 3611 1063 ve-

1944 1091 2029 1146 lut
2089 1092 2304 1146 cedrus
2361 1109 2493 1164 quia
2554 1094 2613 1147 in
2672 1093 2897 1148 Libano
2957 1097 3068 1163 est,
3128 1094 3613 1165 multiplicabitur

1945 1180 2132 1250 (Psal.
2168 1198 2271 1251 xu,
2303 1181 2407 1243 13).
2448 1203 2470 1229 ν
2506 1182 2607 1236 Illa
2640 1182 2809 1251 silva,
2844 1199 2977 1253 quae
3008 1183 3186 1237 Verbi
3216 1184 3480 1239 cmlestis
3512 1185 3611 1240 ali-

1946 1269 2201 1323 moniam
2250 1270 2725 1340 propheticarum
2774 1272 3098 1326 verticibus
3155 1271 3436 1327 arborum
3465 1288 3613 1328 con-

1946 1373 2124 1412 cussa
2155 1359 2417 1413 defluxit.
2455 1359 2556 1413 llla
2591 1361 2761 1430 silva,
2812 1360 2886 1414 ad
2940 1376 3118 1432 quam
3158 1362 3381 1416 Paulus
3427 1361 3604 1433 lupus

1945 1448 2182 1519 quidem
2231 1451 2429 1518 raptor
2464 1449 2718 1518 intravit,
2783 1450 2891 1504 sed
2950 1453 3153 1521 pastor
3204 1450 3423 1506 exivit:
3489 1472 3511 1499 α
3548 1451 3610 1505 In

1946 1550 2178 1610 omnem
2211 1538 2367 1592 enim
2395 1540 2613 1593 terram
2669 1539 2851 1593 exivit
2905 1554 3093 1594 sonus
3150 1554 3356 1595 eorum
3414 1538 3605 1610 (PsaI.

2042 1608 2053 1630 1

1944 1636 2107 1693 xvlu,
2139 1627 2210 1697 5).
2249 1647 2271 1676 ι

2026 1706 2172 1767 655
2263 1713 2385 1768 109.
2421 1714 2672 1769 Eramus
2702 1731 2847 1788 ergo
2878 1715 3043 1785 ferae,
3077 1719 3135 1771 et
3162 1716 3295 1771 ideo
3330 1715 3475 1771 dicit
3496 1716 3613 1771 Do-

1942 1802 2175 1858 minus:
2214 1826 2235 1852 α
2272 1804 2566 1858 Attendite
2598 1804 2770 1859 vobis
2827 1821 2862 1858 a
2920 1803 3089 1859 falsis
3148 1805 3476 1876 prophetis,
3511 1806 3615 1877 qui

1943 1892 2187 1946 veniunt
2218 1893 2277 1947 in
2307 1895 2524 1948 vestitu
2584 1895 2804 1964 ovium,
2836 1894 2997 1948 intus
3054 1897 3250 1949 autem
3298 1896 3439 1949 sunt
3492 1894 3614 1965 lupi

1946 1997 2193 2052 rapaces
2217 1982 2452 2043 (Matth.
2470 2000 2570 2053 xu,
2588 1984 2697 2052 15).
2717 2008 2738 2031 ιι
2765 1983 2881 2038 Sed
2902 1999 3008 2053 per
3029 1983 3313 2054 Spiritum
3333 1987 3605 2040 sanctum

1938 2069 2063 2141 jam
2092 2072 2326 2126 leonum
2368 2072 2617 2139 saevitia,
2683 2071 3001 2142 pardorum
3046 2072 3323 2141 varietas,
3385 2073 3603 2126 astutia

1941 2160 2225 2230 vulpium,
2260 2161 2531 2230 luporum
2562 2161 2856 2230 rapacitas
2905 2160 2978 2215 de
3037 2162 3262 2215 nostris
3322 2160 3615 2216 exsolevit

1941 2247 2273 2304 affectibus.
2309 2250 2519 2321 Magna
2549 2249 2729 2321 igitur
2758 2248 2965 2320 gratia,
3013 2264 3147 2319 quae
3197 2248 3349 2303 ccelo
3407 2250 3598 2303 terras

1942 2339 2223 2405 mutavit;
2268 2342 2330 2393 ut
2374 2338 2749 2392 conversatio
2798 2339 3022 2404 nostra,
3083 2337 3239 2391 sicut
3286 2336 3612 2407 Apostolus

1943 2428 2091 2483 dixit
2121 2427 2400 2497 (Philipp.
2436 2444 2516 2495 ιιι,
2550 2427 2660 2495 20),
2696 2427 2757 2481 in
2787 2426 2956 2481 ccnlis
3009 2425 3105 2495 sit,
3138 2424 3241 2496 qui
3284 2429 3417 2481 ante
3450 2425 3610 2481 sicut

1943 2515 2087 2572 farm
2120 2517 2467 2572 errabamus
2498 2516 2557 2571 in
2593 2516 2788 2571 silvis.

2016 2605 2138 2660 110.
2177 2606 2293 2660 Sed
2325 2622 2435 2661 nec
2465 2606 2578 2660 hoc
2608 2609 2831 2660 tantum
2861 2604 2994 2660 loco
3023 2604 3241 2659 Petrus
3271 2603 3603 2675 apostolus,

1943 2695 2049 2749 sed
2072 2696 2244 2748 etiam
2267 2695 2409 2748 alibi
2438 2695 2495 2749 in
2517 2694 2724 2750 eodem
2746 2694 2897 2749 libro
2918 2710 2951 2747 a
2973 2693 3195 2765 Spiritu
3220 2699 3427 2748 sancto
3452 2692 3601 2759 aedi-

1944 2783 2171 2837 ficatam
2206 2784 2534 2839 Ecclesiam
2577 2784 3019 2839 demonstravit.
3074 2782 3275 2837 Habes
3333 2782 3492 2837 enim
3522 2781 3612 2835 di-

1943 2872 2110 2927 xisse
2142 2889 2309 2928 eum:
2365 2895 2386 2920 ιι
2433 2874 2591 2927 Deus
2623 2874 2724 2944 qui
2765 2874 2929 2927 novit
2958 2872 3139 2926 corda
3172 2870 3498 2939 hominum,
3530 2873 3612 2925 te-

1945 2962 2284 3016 stimonium
2316 2962 2635 3032 perhibuit,
2669 2962 2818 3016 dans
2853 2961 2949 3015 his
2986 2960 3270 3031 Spiritum
3302 2963 3598 3028 sanctum,

1946 3052 2101 3105 sicut
2123 3055 2179 3105 et
2204 3051 2413 3119 nobis;
2464 3054 2521 3106 et
2542 3050 2686 3105 nihil
2731 3050 3015 3105 discrevit
3052 3049 3205 3104 inter
3227 3064 3339 3103 nos
3360 3052 3419 3103 et
3448 3048 3609 3118 illos,

144 3140 450 3195 rationem
480 3155 620 3195 esse
678 3140 957 3196 divinam.
992 3142 1205 3197 Petrus
1250 3147 1442 3197 autem
1499 3145 1726 3199 missus
1754 3147 1827 3200 ab
1868 3155 1922 3220 ο
1949 3140 2239 3194 mundans
2262 3156 2366 3211 per
2386 3139 2559 3195 fidem
2582 3140 2759 3193 corda
2781 3154 2986 3194 eorum
3009 3138 3167 3207 (Act.
3194 3154 3294 3206 xv,
3316 3137 3369 3204 8,
3393 3136 3471 3206 9).
3493 3159 3515 3184 ι»
3544 3138 3609 3193 In

145 3227 377 3300 Spiritu
407 3244 528 3283 non
559 3230 928 3299 exspectavit
968 3231 1279 3300 imperium
1321 3232 1423 3286 Dei
1460 3233 1671 3303 Patris,
1720 3236 1828 3290 sed

145 3318 349 3388 ipsius
366 3332 605 3389 quoque
627 3318 882 3388 Spiritus
905 3319 1046 3374 illud
1059 3323 1151 3374 est
1163 3320 1482 3377 confessus
1498 3324 1824 3394 oraculum,

144 3406 350 3478 ipsius
386 3406 646 3477 Spiritus
675 3409 925 3480 gratiam
965 3425 1103 3465 esse
1153 3413 1403 3465 testatus
1450 3415 1542 3466 est
1578 3412 1824 3469 dicens:

150 3517 173 3544 ι
198 3495 267 3551 Si
289 3511 446 3567 ergo
459 3496 725 3552 eamdem
747 3498 996 3569 gratiam
1020 3497 1138 3552 illis
1162 3500 1658 3569 concessitDeus,
1675 3502 1831 3557 sicut

147 3588 203 3639 et
220 3584 410 3640 nobis
428 3600 445 3655 ;
460 3600 573 3657 ego
590 3586 727 3657 quis
739 3601 921 3657 eram,
942 3587 1042 3659 qui
1064 3588 1442 3659 prohiberem
1464 3589 1649 3645 Deum
1669 3591 1739 3657 (A
1749 3598 1825 3646 ct.

147 3691 229 3746 ιι,
263 3673 405 3747 1‘7)?
440 3694 465 3725 ι

217 3764 350 3819 1οἿ.
384 3764 644 3834 Spiritus
675 3780 820 3837 ergo
852 3769 1097 3821 sanctus
1130 3769 1241 3835 est,
1274 3767 1374 3839 qui
1432 3783 1545 3823 nos
1606 3768 1680 3824 ab
1729 3769 1828 3825 illa

150 3853 365 3927 gentili
397 3853 732 3909 colluvione
766 3855 1084 3910 mundavit.
1103 3856 1168 3910 In
1191 3856 1308 3910 illis
1329 3857 1483 3912 enim
1506 3860 1830 3929 generibus

150 3943 627 4015 quadrupedum,
663 3948 720 3998 et
749 3944 1029 4013 ferarum,
1061 3948 1119 4000 et
1147 3946 1456 4001 volucrum
1488 3948 1676 4019 figura
1708 3951 1832 4004 erat

154 4032 523 4087 conditionis
552 4032 845 4103 humanm,
879 4050 1013 4105 quae
1044 4034 1301 4089 ferarum
1322 4037 1495 4091 modo
1518 4037 1830 4093 bestialem

151 4121 396 4176 videtur
413 4121 612 4176 induta
629 4122 937 4191 saevitiam,
954 4125 1070 4178 nisi
1090 4124 1348 4194 Spiritus
1363 4126 1830 4182 sanctificatione

153 4210 455 4265 mitescat.
488 4210 651 4265 Bona
679 4227 824 4283 ergo
864 4212 1073 4283 gratia,
1108 4229 1242 4284 quae
1299 4213 1550 4269 ferinam
1607 4215 1831 4270 rabiem

153 4300 453 4370 spirituali
512 4300 886 4370 simplicitate
944 4305 1260 4356 commutat
1289 4303 1438 4367 (73l:
1506 4326 1528 4350 ‹‹
1580 4303 1830 4359 Eramus

156 4390 314 4443 enim
338 4394 395 4444 et
418 4405 531 4443 nos
551 4390 867 4461 aliquando
894 4390 1266 4460 insipientes,
1290 4391 1600 4461 increduli,
1623 4408 1830 4447 erran-

1946 3246 2063 3301 quo
2084 3230 2224 3284 illud
2249 3234 2342 3284 est
2363 3228 2779 3294 contuendum,
2800 3227 2937 3298 quia
2973 3227 3129 3280 sicut
3168 3224 3443 3279 Christus
3464 3225 3615 3295 lapis

1945 3323 2038 3373 est
2068 3320 2393 3391 angularis,
2430 3319 2526 3391 qui
2576 3318 2855 3373 unitatem
2885 3316 3077 3386 plebis
3118 3316 3429 3386 utriusque
3463 3329 3613 3369 con-

1946 3409 2168 3475 nexuit,
2210 3409 2287 3461 ita
2318 3408 2493 3462 etiam
2548 3406 2803 3477 Spiritus
2860 3408 3105 3460 sanctus
3151 3418 3271 3458 non
3319 3403 3608 3459 discrevit

1944 3498 2253 3569 utriusque
2284 3498 2484 3568 populi
2516 3496 2715 3565 corda,
2759 3494 2867 3551 sed
2893 3494 3113 3566 junxit.

2018 3588 2140 3642 111.
2175 3587 2307 3642 Non
2336 3602 2481 3658 ergo
2528 3590 2806 3657 tanquam
2849 3583 3097 3639 Judaeus
3139 3583 3485 3638 contemnas
3517 3581 3613 3636 Fi-

1944 3677 2085 3732 lium
2108 3692 2281 3749 quem
2311 3676 2805 3730 annuntiaverunt
2846 3672 3152 3744 propheta:
3180 3687 3195 3740 ;
3252 3674 3599 3726 contemnas

1945 3768 2120 3823 etiam
2143 3765 2425 3835 Spiritum
2460 3766 2751 3833 sanctum,
2788 3765 3136 3817 contemnas
3167 3762 3342 3815 etiam
3373 3759 3613 3830 Isaiam,

1945 3858 2291 3911 contemnas
2306 3854 2641 3921 Jercmiam,
2678 3867 2853 3923 quem
2874 3850 2946 3905 de
2970 3850 3102 3905 lacu
3119 3849 3383 3905 Judaicae
3402 3849 3617 3905 domus

1945 3946 2042 4000 ille
2060 3948 2404 4014 assumptus
2429 3959 2462 3996 a
2482 3942 2728 3999 Domino
2742 3941 2954 4012 pannis
2973 3942 3030 3994 et
3044 3938 3287 3993 funibus
3307 3938 3414 4009 (74)
3427 3938 3617 3993 eleva-

1944 4036 2046 4090 vit.
2074 4033 2331 4088 Verbum
2352 4032 2505 4087 enim
2520 4031 2929 4103 propheticum
2950 4027 3315 4099 despiciens,
3336 4028 3396 4081 in
3418 4027 3614 4082 lacum

1945 4125 2311 4180 demerserat
2332 4138 2465 4177 eum
2487 4120 2741 4194 populus
2764 4119 3130 4174 Judaaorum.
3147 4116 3273 4172 Nec
3295 4115 3616 4188 quisquam

1946 4215 2221 4269 inventus
2245 4216 2337 4267 est
2366 4213 2438 4267 de
2473 4211 2693 4283 judaeis
2717 4209 2817 4280 qui
2843 4209 3069 4263 levaret
3098 4205 3465 4277 prophetam,
3506 4204 3615 4260 sed

1943 4320 2100 4359 unus
2119 4302 2401 4372 ZEthiops
2425 4298 2847 4367 Abdemelech,
2868 4300 3024 4352 sxcut
3037 4296 3342 4366 Scriptura
3363 4296 3613 4350 testatur

1945 4392 2193 4464 (Jerem.
2227 4407 2391 4458 xvm,
2429 4390 2516 4455 12,
2545 4389 2652 4459 13).

153 4481 268 4544 tes,
303 4479 642 4534 servientes
672 4479 990 4534 desideriis
1025 4482 1082 4533 et
1139 4480 1542 4550 voluptatibus
1601 4484 1787 4537 variis
1814 4499 1829 4552 ;
1860 4476 1917 4539 D
2017 4482 2139 4536 112.
2172 4481 2234 4534 In
2265 4496 2381 4552 quo
2418 4479 2654 4533 nomine
2676 4476 2869 4550 figura
2898 4472 3296 4545 pulcherrima
3324 4473 3436 4539 est,
3470 4470 3609 4542 quia

154 4582 314 4622 nunc
354 4571 553 4622 autem
597 4584 705 4639 per
741 4569 1188 4623 renovationem
1242 4570 1498 4639 Spiritus
1555 4572 1830 4628 haeredes

154 4654 404 4727 Christi,
438 4658 787 4730 angelorum
816 4658 1104 4729 coepimus
1135 4673 1274 4715 esse
1307 4659 1653 4715 cohaeredes
1684 4661 1828 4731 (Tit.

152 4763 236 4801 ιιι.
269 4747 351 4801 31.
391 4767 416 4796 ι

336 4788 351 4801 .
391 4767 416 4796 ι

220 4749 365 4890 1331.
407 4836 607 4906 Itaque
638 4836 858 4907 Spiritu
890 4836 1103 4892 videns
1134 4841 1381 4892 sanctus
1403 4838 1688 4908 propheta
1715 4840 1831 4893 Da-

151 4925 255 4980 vid
286 4941 365 4980 ex
396 4924 545 4981 feris
575 4942 687 4981 nos
719 4925 948 4981 similes
1000 4926 1232 4982 futuros
1276 4942 1416 4983 esse
1464 4928 1827 4984 caalestium:

222 5068 343 5139 (Ἡ)
376 5069 445 5123 In
477 5069 817 5142 Mysteriis,
853 5068 966 5142 hoc
996 5069 1128 5142 loco
1158 5070 1311 5123 idem
1339 5070 1635 5141 significat
1657 5075 1830 5142 atque

152 5139 210 5193 in
226 5144 605 5194 sacramento
625 5140 1014 5210 baptismatis.
1039 5139 1273 5197 Clarum
1296 5139 1512 5212 quippe
1536 5147 1629 5196 est
1645 5139 1828 5197 trinas

150 5211 292 5285 illas
322 5212 823 5285 interrogationes
838 5228 906 5285 ac
930 5211 1357 5285 responsiones
1384 5211 1478 5285 hic
1500 5214 1826 5285 designari,

151 5282 225 5355 de
256 5282 481 5355 quibus
504 5282 573 5335 ad
611 5283 711 5336 lib.
751 5282 892 5355 uide
924 5283 1184 5337 Sacram.
1221 5300 1348 5355 cap.
1383 5284 1435 5352 '7,
1470 5285 1571 5339 ubi
1606 5282 1828 5340 eisdem

150 5353 600 5421 describuntur,
617 5369 727 5407 nos
743 5354 915 5407 etiam
933 5355 1152 5421 aliquid
1168 5353 1643 5411 observavimus.
1661 5357 1828 5420 Quod

149 5440 321 5497 vero.
358 5425 568 5493 paucis
600 5424 947 5497 interjectis.
975 5424 1241 5481 additur:
1273 5449 1294 5472 α
1331 5427 1455 5482 Nec
1478 5432 1672 5496 potest
1694 5430 1828 5497 quis

151 5496 275 5549 nisi
308 5495 878 5568 trinaconfessione
900 5497 1173 5568 purgari;
1206 5498 1320 5552 hoc
1352 5499 1423 5552 de
1457 5495 1620 5552 more
1652 5495 1827 5553 solito

151 5572 332 5637 atque
357 5567 1243 5638 ordinatiointelligendumest:
1270 5573 1366 5622 aut
1385 5586 1529 5624 sane
1549 5587 1619 5623 eo
1644 5586 1829 5625 sensu

151 5639 591 5708 accipiendum,
628 5655 744 5709 quo
803 5640 859 5691 in
919 5656 1028 5693 una
1091 5639 1473 5695 confessione
1533 5642 1663 5696 alim
1697 5642 1829 5696 dum

153 5710 761 5782 comprehenduntur,
797 5711 1288 5780 quemadmodum
1316 5712 1388 5765 ab
1411 5713 1665 5782 ipsomet
1684 5714 1826 5767 Am-

149 5780 364 5907 lzgostio
395 5782 731 5853 expositum
760 5785 853 5836 est
880 5783 1178 5854 superiori
1206 5782 1379 5854 libro,
1414 5780 1540 5855 cap.
1575 5785 1628 5855 3,
1662 5801 1820 5839 num.

253 5866 291 5907 θ
344 5866 474 5907 seu.

253 5854 315 5907 et
344 5866 474 5925 seq.

1947 4586 2282 4627 sermonem
2296 4568 2908 4639 propheticum,quem
2921 4563 3109 4619 Judaei
3132 4560 3291 4616 velut
3303 4561 3362 4614 in
3377 4574 3617 4615 omnum

1945 4677 2073 4716 suae
2106 4660 2319 4714 mentis
2379 4658 2696 4727 carnisque
2744 4653 3140 4718 detruserant,
3174 4665 3287 4703 nos
3336 4648 3618 4703 videlicet

1945 4767 2020 4806 ex
2034 4750 2310 4821 gentibus
2331 4750 2698 4817 peccatores,
2725 4742 2880 4813 nigri
2902 4745 3037 4795 ante
3058 4738 3315 4806 delictis,
3337 4741 3393 4792 et
3415 4753 3607 4810 quon-

1945 4840 2076 4893 dam
2112 4836 2465 4891 infructuosi
2496 4833 2859 4888 elevavimus
2909 4830 2981 4884 de
3014 4827 3331 4899 profundo.
3379 4826 3449 4881 Et
3480 4827 3614 4883 ideo

1945 4928 2229 4997 scriptum
2261 4929 2385 4980 est:
2452 4946 2473 4969 «
2508 4920 2811 4991 ASthiOpia
2858 4917 3202 4990 praelevabit
3257 4915 3369 4987 (75)
3403 4932 3614 4973 manus

2015 5068 2125 5138 (Ἶῖ)
2148 5070 2227 5122 Ita
2244 5084 2389 5122 mss.
2415 5067 2635 5137 aliquot
2659 5062 3049 5138 probatiores:
3071 5060 3169 5138 alii
3192 5075 3357 5127 vero,
3374 5063 3431 5114 et
3444 5060 3609 5138 edit.,

1949 5166 1971 5189 ι(
2008 5131 2140 5212 quae
2168 5139 2475 5212 Dominum
2499 5131 2956 5212 (Rom.,_quibus
2976 5133 3308 5212 Dominum)
3332 5131 3610 5212 negando

1944 5203 2232 5284 ligaverat
2274 5211 2427 5269 (edit.
2465 5212 2602 5273 vet.,
2643 5228 2664 5257 «
2699 5203 2925 5279 ligavit,
2964 5228 2986 5253 »ι
3026 5206 3220 5273 Rom.,
3274 5224 3297 5255 ι
3333 5218 3400 5258 se
3427 5203 3432 5204 ⁷
3459 5203 3612 5276 liga-

1943 5283 2433 5355 vit)absolvere_t_.
2463 5303 2485 5327 ι»
2753 5349 2788 5355 ι
2838 5349 2849 5355 _
2893 5349 2925 5355 __
3053 5351 3062 5355 _
3264 5345 3276 5355 .
3386 5344 3423 5355 ..
3471 5344 3483 5355 .

2015 5344 2126 5423 ('73)
2160 5352 2437 5407 Nonnulli
2472 5366 2643 5421 mss.,
2684 5372 2706 5397 «
2750 5349 2974 5420 Spiritu
3012 5351 3187 5421 atque
3227 5344 3609 5415 simplicitate

1945 5429 2324 5482 commutat.»
2808 5492 2813 5493 ί
3031 5490 3095 5493 __
3388 5487 3397 5493 ,
3486 5485 3529 5493 ..
3612 5480 3620 5493 .

2016 5498 2116 5565 ('74)
2144 5498 2311 5552 Rom.
2346 5495 2483 5549 edit.
2503 5494 2600 5548 hic
2636 5496 2692 5547 et
2730 5492 2903 5565 infra,
2933 5490 3184 5545 rudibus
3212 5487 3448 5560 pannis.
3486 5485 3607 5565 Re-

1942 5563 2119 5640 liquae
2152 5584 2220 5621 ac
2244 5584 2389 5621 mss.
2427 5568 2696 5640 omittunt
2733 5563 3002 5640 rudibus,
3035 5577 3162 5640 pro_
3200 5576 3314 5631 qua
3357 5571 3503 5610 voce
3544 5563 3607 5609 in

1944 5632 2153 5695 Bi'bliis
2187 5640 2436 5693 habetur
2473 5636 2780 5691 veteribus
2810 5636 2943 5708 sive
2968 5632 3267 5705 putribus.
3485 5696 3499 5708 '
3529 5697 3539 5708 ι

2017 5712 2124 5775 (75)
2158 5711 2303 5764 Mss.
2329 5710 2553 5780 aliquot
2577 5707 2939 5779 praevatuit:
2968 5696 3161 5767 'unus,
3218 5696 3608 5780 praelibabit;

1941 5791 2142 5849 Crateri
2171 5793 2344 5862 atque
2377 5778 2538 5856 edit,
2570 5778 2946 5859 prwlevabit.
2979 5781 3186 5838 Grmce
3217 5778 3468 5835 habetur
3484 5793 3610 5851 προ·

1938 5872 2138 5947 φθάσει,
2180 5868 2603 5943 prseocupabit,
2649 5862 2995 5938 prmveniet,
3027 5862 3143 5914 etc.
