3964 6168
507 345 630 413 799

1962 361 2029 426 S.
2083 363 2151 426 Α]

2280 363 2524 428 ROSII.
3609 325 3616 334 ’
3747 391 3828 462 δυο

517 551 817 655 81188⁸1)θρ
835 553 1022 662 (Paul.
1058 573 1238 628 vau,
1261 557 1370 626 32).
1407 559 1469 659 In
1503 576 1620 662 quo
1639 563 1861 661 sanctae
1892 546 2257 662 Ecclesiml
2291 566 2497 622 tiorem
2528 583 2667 623 esse
2698 567 2980 639 Spiritum
3039 573 3304 628 sanctum
3348 574 3442 632 Dei
3484 579 3627 652 Filio,
3676 591 3726 643 ut
3744 589 3826 662 jam

513 641 750 710 species
769 645 1158 716 significatur,
1179 664 1311 718 quae
1326 648 1488 702 estin
1505 651 1762 704 Canticis
1779 651 2140 707 canticorum
2163 669 2176 708 :

517 752 539 775 «
573 729 756 802 Nigra
790 749 920 788 sum
954 739 1011 790 et
1054 735 1289 805 decora,
1326 738 1460 792 tiliae
1522 739 1858 794 Jerusalem
1905 740 2100 809 (Cant.
2135 759 2174 812 ι,

509 813 565 886 4)
591 829 605 888 ;
635 843 656 866 ιι
697 835 866 893 nigra
891 840 994 894 per
1019 823 1272 896 Culpam,
1309 827 1524 888 decora
1562 845 1670 899 per
1701 829 1966 900 gratiam,
2006 830 2177 902 nigra

513 924 617 978 per
632 911 1267 982 conditionem,decora
1285 917 1862 988 perredemptionem
1881 933 1892 972 :
1909 922 2176 974 autcerte

513 998 683 1070 nigra
722 1000 832 1069 ('76)
869 1004 1132 1057 exercitii
1175 1005 1267 1060 sui
1307 1006 1572 1076 pulvere.
1617 1007 1801 1078 Nigra
1836 1023 2001 1080 ergo,
2038 1008 2175 1062 dum

509 1087 844 1156 praeliatur:
880 1091 1092 1147 decora
1111 1097 1220 1163 est,
1243 1095 1379 1148 dum
1409 1096 1674 1170 victoriae
1693 1112 1818 1150 suae
1835 1096 2174 1170 insignibus

513 1181 848 1234 coronatur.

581 1267 703 1322 113.
742 1268 812 1322 Et
841 1270 993 1325 bene
1025 1270 1268 1327 funibus
1299 1273 1527 1328 levatur
1587 1273 1920 1344 PrOpheta;
1981 1275 2172 1331 ﬁdelis

507 1355 662 1410 enim
695 1357 876 1414 dixit:
917 1382 938 1406 ιι
977 1359 1177 1416 Fuues
1210 1363 1551 1417 ceciderunt
1583 1363 1724 1418 mihi
1776 1363 1834 1418 in
1866 1365 2172 1434 praeclaris

510 1444 701 1512 (PsaI.
736 1464 834 1516 xv,
867 1448 942 1520 6).
982 1473 1002 1496 ››
1043 1450 1200 1507 Bene
1231 1453 1479 1521 pannis;
1531 1453 1668 1524 quia
1699 1453 1827 1523 ipse
1860 1453 2169 1524 Dominus,

509 1536 937 1592 excusantibus
971 1538 1064 1594 his
1099 1540 1197 1611 qui
1229 1541 1418 1612 primo
1449 1541 1522 1596 ad
1553 1543 1788 1612 nuptias
1821 1543 2015 1596 vocati
2037 1542 2171 1597 fue-

508 1627 658 1692 rant,
680 1625 753 1680 ad
785 1628 982 1681 exitus
1000 1628 1228 1682 viarum
1247 1630 1422 1699 misit,
1441 1633 1501 1684 ut
1521 1634 1805 1702 quotquot
1826 1631 2170 1686 inveniren-

507 1714 603 1766 tur
633 1716 689 1767 et
718 1713 856 1768 boni
881 1719 938 1769 et
976 1717 1134 1786 mali,
1166 1718 1238 1771 ad
1279 1719 1513 1789 nuptias
1543 1723 1899 1775 vocarentur
1926 1721 2167 1790 (Matth.

505 1817 651 1871 xxu,
685 1802 738 1870 9,
775 1803 883 1873 10).
920 1805 1028 1860 His
1079 1806 1273 1878 itaque
1331 1809 1544 1879 pannis
1600 1809 2007 1880 prOpheticum
2039 1824 2170 1864 ver-

503 1888 646 1946 bum
675 1890 889 1947 levavit
912 1909 1100 1950 coeno.

1037 2011 1181 2076 656
1225 2021 1478 2077 CAPUT
1533 2024 1630 2078 XI.

502 2121 848 2198 Imitaturos
881 2141 986 2181 nos
1005 2127 1430 2198 Abdemelecli,
1451 2131 1508 2184 si
1528 2130 1841 2185 credamus
1861 2131 2084 2186 Filium
2111 2141 2169 2186 et

573 2197 864 2273 Spiritum
886 2201 1365 2273 sanetumomnia
1385 2197 1762 2273 cegnoscerc.
1785 2202 2044 2272 Spiritui
2065 2219 2164 2258 co-

572 2267 898 2346 gnitionem
915 2270 1064 2346 hanc
1087 2271 1356 2346 tri/_miin
1378 2267 1716 2346 Scripturis
1733 2267 1926 2346 ;_Filio
1944 2291 2164 2346 quoque

575 2340 838 2394 eamdem
867 2341 1140 2414 attribui.
1166 2341 1384 2396 filium
1407 2359 1437 2396 a
1461 2340 1693 2414 spiritu
1711 2340 2162 2414 clari/icari,'si-

573 2417 668 2488 cut
698 2417 756 2464 et
787 2411 1009 2488 afri/io
1066 2413 1356 2488 Spiritum
1452 2411 1592 2488 item
1626 2432 1704 2469 ex
1749 2432 1816 2470 eo
1849 2416 1998 2488 quod
2039 2411 2161 2488 Pa-

575 2486 745 2556 trem,
780 2481 1202 2556 Filiumattﬁie
1234 2485 1526 2554 Spiritum
1559 2486 1823 2556 legamus
1853 2481 2059 2542 eadem
2073 2487 2162 2542 10-

573 2553 688 2628 qui,
729 2569 797 2628 ac
836 2553 1136 2621 revelare,
1190 2553 1474 2628 unitatem
1522 2557 1582 2610 in
1618 2553 1783 2628 ipsis
1829 2565 2055 2612 naturae
2105 2565 2164 2613 et

571 2624 842 2700 scientiae
864 2627 1330 2700 agnoscenda‘m;
1381 2624 1665 2699 denique'
1696 2630 1846 2700 quod
1901 2630 2016 2682 alta
2056 2630 2164 2684 Dei

569 2698 868 2748 scrutatur
901 2697 1170 2768 Spiritus
1195 2697 1251 2767 (Ι
1279 2698 1414 2752 Cor.
1443 2716 1502 2765 ιι,
1538 2697 1648 2764 10),
1670 2697 2028 2768 ἰῄηονθηιὶίθ
2052 2717 2164 2754 non

569 2779 745 2828 esse;
778 2781 904 2820 cum
936 2767 1124 2821 Pater
1155 2776 1212 2823 et
1245 2768 1439 2823 Filius
1470 2771 1646 2824 etiam
1679 2767 1956 2824 dicantur
1991 2787 2163 2825 scru-

571 2840 818 2905 tatores,
851 2843 910 2891 et
951 2837 1173 2893 Paulus
1233 2842 1470 2894 tametsi
1525 2857 1557 2895 a
1618 2842 1862 2896 Clu-isto
1917 2842 2164 2898 Domino

571 2905 816 2976 electus,
852 2909 1095 2964 edoctus
1128 2917 1325 2965 tamen
1363 2911 1550 2967 fuerit
1582 2929 1614 2966 a
1645 2913 1897 2983 Spiritu.

572 3031 690 3087 114.
724 3031 920 3106 [Alias
949 3051 1075 3106 cap.
1107 3035 1258 3109 XII.]
1291 3036 1426 3092 Eris
1460 3037 1642 3109 igitur
1671 3041 1727 3091 ct
1761 3040 1823 3092 tu
1864 3037 2162 3094 Abdeme-

495 3121 630 3176 lech
653 3122 900 3190 (Jerem.
935 3141 1100 3195 xvm,
1135 3125 1244 3194 12),
1279 3126 1390 3180 hoc
1413 3130 1523 3196 est,
1552 3129 1897 3198 assumptus
1920 3127 2162 3182 aDomi-

496 3227 592 3281 no,
619 3212 672 3266 si
709 3212 780 3266 de
809 3213 1104 3284 profundo
1141 3215 1380 3286 gentilis
1416 3215 1824 3286 imprudentiae
1864 3217 2160 3272 levaveris

2291 671 2408 710 non
2441 657 2633 712 solum
2666 659 2838 729 quasi
2869 661 3147 730 Arianus,
3183 663 3285 716 sed
3316 665 3472 721 etiam
3513 675 3659 742 quasi
3684 657 3830 734 Photio

2289 745 2502 799 nianus
2531 746 2798 818 loquaris
2823 763 2834 802 :
2869 753 2967 802 aut
2996 765 3260 820 agnosce
3291 769 3398 824 quo
3435 757 3631 816 referre
3655 763 3830 838 debeas,

2289 835 2445 904 quod
2477 836 2712 890 nescire
2746 836 2957 891 Filium
2987 838 3134 892 dix1t
3165 840 3294 910 (7'7).
3328 841 3532 899 Etenim
3553 851 3695 918 quasi
3712 835 3834 912 home

2287 923 2658 978 adnumerari
2683 927 2970 980 creaturis
2989 929 3192 998 potuit,
3216 931 3314 1000 qui
3337 937 3549 989 creatus
3569 942 3660 991 est.

2360 1011 2480 1067 118.
2515 1013 2680 1079 Quod
2733 1016 2784 1068 si
2818 1016 2910 1070 vis
2959 1017 3192 1072 discere
3241 1019 3372 1089 quia
3416 1025 3561 1077 novit
3598 1029 3766 1098 omnia,
3801 1037 3840 1085 et

2287 1102 2721 1172 praescientiam
2737 1104 2912 1159 habet
2934 1107 3193 1160 omnium
3219 1107 3320 1162 Dei
3352 1108 3523 1164 Filius
3552 1113 3647 1181 ('78)
3675 1115 3842 1173 futuro-

2286 1207 2437 1260 rum,
2471 1208 2603 1263 quae
2652 1191 2800 1247 Filio
2845 1193 3144 1266 incognita
3179 1200 3368 1266 putas,
3401 1214 3465 1252 ea
3497 1200 3560 1254 de
3595 1201 3714 1258 Filio
3742 1205 3835 1276 Spi-

2283 1281 2433 1334 ritus
2466 1285 2709 1336 sanctus
2740 1283 2986 1354 accepit.
3020 1285 3265 1355 Accepit
3295 1290 3480 1342 autem
3521 1304 3616 1358 per
3640 1293 3848 1349 unitatem

2286 1369 2653 1440 substantiae,
2687 1375 2841 1426 sxcut
2871 1375 3100 1442 accepit
3154 1389 3186 1427 a
3237 1375 3399 1430 Patre
3439 1375 3640 1434 Filius:
3691 1400 3710 1428 ε
3758 1382 3844 1454 ille,

2283 1457 2490 1530 inquit,
2516 1461 2607 1514 me
2626 1459 2990 1531 clariﬁcabit,
3012 1463 3149 1534 quia
3181 1463 3255 1518 de
3283 1480 3409 1520 meo
3454 1467 3694 1537 accipiet,
3718 1472 3760 1522 et
3778 1486 3848 1524 an-

2282 1549 2571 1602 nuntiabit
2587 1549 2780 1604 vobis.
2796 1549 2999 1604 Omnia
3023 1567 3392 1624 quaecunque
3411 1553 3575 1609 habet
3591 1555 3747 1624 Pater,
3761 1573 3847 1612 mea

2283 1641 2455 1692 sunt:
2491 1641 2800 1709 propterea
2833 1639 2975 1703 dixi,
3011 1640 3084 1694 de
3128 1657 3260 1695 meo
3301 1641 3559 1712 accipiet,
3600 1647 3650 1698 et
3688 1661 3850 1700 annun-

2280 1725 2446 1780 tiabit
2475 1727 2646 1782 vobis
2679 1728 2864 1797 (Joan.
2918 1747 3039 1800 xvx,
3075 1729 3161 1798 14,
3197 1730 3308 1785 151.
3347 1755 3369 1780 »ι
3403 1730 3547 1797 Quid
3598 1733 3748 1804 igitur
3778 1733 3851 1788 hac

2281 1815 2612 1870 evidentius
2645 1819 2862 1872 unitate
2883 1819 2911 1872 ξ)
2941 1818 3084 1883 Qum
3129 1819 3308 1874 habet
3355 1819 3540 1888 Pater,
3581 1821 3695 1876 Filii
3727 1827 3853 1890 sunt;

2182 1920 2254 1990 -Β
2280 1921 2412 1976 quae
2435 1905 2612 1962 habet
2632 1905 2840 1976 Filius,
2864 1907 3090 1978 accepit
3111 1911 3167 1963 et
3187 1907 3470 1980 Spiritus.

2351 2013 2454 2068 119
2485 2019 2543 2068 et
2569 2014 2688 2070 120.
2722 2015 2938 2084 Accipe
2966 2017 3162 2070 tamen
3197 2015 3359 2087 quia,
3383 2016 3734 2086 novitjudicii
3751 2016 3858 2072 diem

2279 2103 2485 2158 Filius.
2519 2103 2762 2158 Lectum
2793 2107 2884 2158 est
2922 2103 2982 2158 in
3010 2104 3332 2160 Zacharia:
3375 2127 3396 2154 α
3433 2105 3503 2159 Et
3533 2107 3707 2160 veniet
3724 2107 3863 2160 Domi-

2277 2208 2390 2247 nus
2421 2193 2583 2247 Deus
2614 2208 2803 2262 meus,
2834 2197 2890 2248 et
2923 2209 3131 2248 omnes
3193 2195 3386 2248 sancti
3447 2210 3575 2248 cum
3602 2210 3682 2249 eo.
3725 2195 3774 2248 1n
3795 2195 3862 2247 illa

2277 2281 2369 2336 die
2401 2297 2518 2336 non
2550 2283 2660 2336 erit
2689 2281 2906 2350 lumen,
2941 2282 3046 2337 sed
3083 2281 3282 2354 frigus
3306 2285 3365 2336 et
3397 2282 3569 2354 gelu:
3602 2285 3653 2337 et
3673 2285 3762 2337 erit
3777 2282 3865 2335 dies

2275 2387 2409 2439 una,
2445 2375 2502 2425 et
2531 2371 2658 2426 dies
2691 2371 2787 2425 illa
2819 2374 2954 2426 nota
2985 2371 3236 2426 Domino
3261 2371 3472 2435 (Zach.
3507 2369 3862 2440 x1v,5~‘7).Hec

2273 2459 2454 2532 igitur
2482 2459 2613 2514 dies
2643 2463 2777 2515 nota
2809 2460 3080 2526 Domino,
3135 2460 3238 2531 qui
3287 2460 3492 2516 veniet
3539 2475 3664 2514 cum
3704 2457 3870 2514 sanctis

2274 2549 2422 2615 suis,
2457 2549 2722 2604 secundo
2756 2565 2866 2604 nos
2896 2549 3342 2604 illuminaturus
3373 2549 3644 2604 adventu.

2345 2653 2466 2711 121.
2483 2657 2597 2712 Sed
2613 2657 2768 2728 quod
2783 2657 2908 2711 orsi
2922 2671 3130 2711 sumus
3147 2655 3222 2711 de
3237 2655 3342 2726 Spi
3353 2655 3875 2726 ritu,persequam\r:.

2273 2738 2418 2801 657
2444 2747 2644 2802 Habes
2677 2747 2833 2802 enim
2864 2747 2922 2800 in
2955 2762 3026 2802 eo
3057 2746 3216 2817 quod
3249 2745 3622 2815 praetulimus
3667 2742 3874 2811 exemplo

2271 2836 2408 2906 quia
2428 2835 2612 2890 Filius
2635 2835 2775 2890 dicit
2797 2836 2868 2890 de
2890 2835 3143 2906 Spiritu:
3195 2855 3218 2884 ι
3257 2833 3366 2890 Ille
3399 2849 3496 2888 me
3526 2831 3836 2888 clariﬁcabit.
3861 2853 3876 2876 ι

2269 2924 2566 2978 Clariticat
2595 2940 2740 2997 ergo
2787 2925 3042 2996 Spiritus
3093 2923 3338 2992 Filium,
3389 2923 3547 2977 sicut
3583 2919 3882 2976 ciariticatet

2272 3013 2478 3068 Pater:
2535 3013 2642 3068 sed
2687 3015 2860 3069 etiam
2909 3014 3192 3084 Spiritum
3240 3013 3538 3067 clariﬁcat
3584 3011 3683 3066 Dei
3724 3008 3882 3072 Filius,

2269 3103 2426 3158 sicut
2463 3119 2645 3175 supra
2693 3103 2972 3159 diximus.
3021 3102 3156 3157 Non
3203 3106 3307 3159 est
3339 3117 3492 3174 ergo
3524 3100 3788 3164 infirmus,
3811 3096 3883 3166 qui

2267 3193 2459 3250 reddit
2471 3197 2728 3248 mutuam
2742 3193 3064 3247 claritatem
3083 3207 3190 3262 per
3201 3192 3497 3246 unitatem
3511 3189 3658 3244 lucis
3673 3190 3880 3242 πίει-ηεξ

495 3276 600 3356 Dei
629 3276 918 3371 Verbum;
953 3303 1005 3357 si
1037 3276 1364 3358 credideris
1409 3276 1546 3376 quia
1592 3321 1709 3359 non
1746 3305 2000 3374 fallitur;
2043 3322 2161 3361 non
2197 3284 2376 3347 c1130
2406 3283 2654 3376 ξηῖβνίρξ
2696 3285 2903 3376 sanet?
2942 3282 3189 3376 ‘Sp-iltitU,
3237 3281 3426 3354 cujus
3457 3281 3575 3336 hoc
3604 3279 3777 3349 ipsum
3801 3276 3880 3340 est,

494 3391 828 3461 praeteritur
846 3392 951 3446 Dei
984 3391 1187 3461 Filius,
1215 3409 1330 3446 non
1349 3393 1584 3464 ignorat
1601 3409 1734 3464 quae
1767 3393 1961 3449 futura
1983 3399 2121 3450 sunt
2145 3411 2160 3465 ;

494 3493 612 3533 non
645 3479 865 3535 fallitur
903 3481 1076 3536 etiam
1125 3481 1388 3552 Spiritus
1423 3487 1692 3546 sanctus,
1742 3483 1814 3538 de
1859 3499 1976 3554 quo
2022 3485 2164 3540 dicit

495 3567 816 3623 Dominus:
857 3593 877 3618 «
905 3569 1048 3624 Cum
1081 3572 1310 3626 venerit
1340 3575 1534 3626 autem
1568 3572 1666 3628 ille
1707 3572 1964 3643 Spiritus
2001 3574 2160 3628 veri-

492 3657 650 3724 tatis,
687 3657 940 3713 deducet
970 3675 1079 3715 vos
1101 3663 1162 3714 tn
1192 3677 1424 3716 omnem
1466 3662 1774 3717 veritatem
1823 3662 2003 3724 (Joan.
2037 3679 2159 3734 xvr,

493 3745 600 3815 13).
629 3766 652 3796 ι
677 3745 786 3810 Qui
811 3748 950 3802 dicit
975 3764 1218 3812 omnem,
1241 3749 1383 3804 nihil
1404 3751 1684 3822 praeterit,
1705 3767 1822 3806 non
1843 3751 2017 3821 diem,
2042 3768 2161 3808 non

489 3833 716 3902 horam,
739 3852 854 3890 non
875 3839 1192 3906 praeterita,
1221 3855 1338 3894 non
1362 3839 1579 3894 futura.

565 3922 688 3977 115.
727 3923 796 3978 Et
827 3929 886 3978 ut
917 3927 1077 3979 scias
1109 3927 1246 3996 quia
1289 3932 1346 3982 et
1386 3929 1582 3982 omnia
1631 3930 1812 3998 novit,
1859 3932 1915 3984 et
1963 3930 2158 3984 futura

491 4012 814 4082 annuntiat,
841 4017 896 4068 et
919 4014 1094 4068 unius
1117 4018 1209 4068 est
1243 4017 1509 4071 scicntia:
1544 4033 1674 4071 cum
1702 4020 1868 4072 Patre
1906 4023 1961 4074 et
1984 4019 2154 4090 Filio,

493 4101 631 4156 audi
662 4102 800 4172 quid
833 4102 989 4156 dicat
1029 4104 1100 4158 de
1150 4119 1220 4159 eo
1281 4105 1386 4159 Dei
1441 4106 1696 4160 veritas:
1761 4129 1782 4156 ε
1821 4107 1952 4162 Non
2003 4110 2158 4163 enim

491 4189 768 4262 loquetur
797 4207 828 4246 a
861 4192 1204 4262 semetipso,
1239 4193 1343 4246 sed
1375 4209 1508 4264 quae
1539 4195 1820 4264 audierit,
1860 4195 2154 4267 loquetur,

487 4281 546 4334 et
577 4295 710 4352 quae
745 4280 1036 4350 evenient,
1071 4281 1438 4336 annuntiabit
1466 4283 1640 4338 vobis
1672 4283 1891 4346 (Ibid).
1932 4307 1954 4332 »

561 4367 686 4424 116.
721 4371 922 4441 Itaque
973 4373 1035 4424 ut
1085 4371 1359 4425 advertas
1416 4373 1550 4442 quia
1582 4373 1744 4428 novit
1774 4375 1986 4444 omnia,
2023 4391 2157 4430 cum

491 4457 714 4514 diceret
746 4459 964 4514 Filius:
1003 4480 1026 4510 α
1063 4459 1146 4514 De
1179 4460 1271 4514 die
1315 4464 1508 4515 autem
1561 4462 1658 4516 illa
1701 4466 1756 4518 et
1805 4463 1946 4518 hora
1981 4480 2154 4520 nemo

485 4549 669 4616 novit,
699 4563 892 4619 neque
913 4548 1110 4621 angeli
1133 4549 1418 4604 caelorum
1440 4550 1652 4620 (Marc.
1687 4569 1815 4621 xm,
1839 4552 1966 4622 32);
1994 4576 2014 4600 ιι
2052 4568 2155 4608 ex-

2268 3374 2424 3446 quod
2458 3373 2814 3458 clariﬁcatur
2833 3371 2905 3426 ab
2937 3369 3182 3442 Spiritu.

2338 3481 2460 3536 122.
2495 3481 2840 3536 Assumeris
2875 3495 3018 3553 ergo
3076 3483 3130 3535 et
3191 3483 3282 3550 tu,
3320 3480 3380 3535 si
3431 3477 3642 3534 credas
3669 3473 3785 3546 quia
3807 3471 3888 3524 hoc

2263 3571 2500 3626 locutus
2531 3574 2623 3625 est
2643 3571 2917 3641 Spiritus,
2961 3569 3118 3641 quod
3159 3570 3414 3625 locutus
3458 3572 3555 3624 est
3577 3555 3892 3631 Pater,quod

2263 3660 2498 3715 locutus
2528 3663 2620 3715 est
2651 3659 2859 3715 Filius.
2887 3660 3150 3730 Denique
3174 3659 3414 3714 Paulus
3448 3659 3584 3714 ideo
3613 3652 3894 3720 assumptus

2263 3753 2357 3805 est
2385 3749 2516 3818 ('79),
2563 3749 2700 3820 quia
2731 3750 2820 3803 sic
2851 3748 3119 3815 credidit,
3154 3747 3252 3803 sic
3304 3747 3538 3814 docuit,
3571 3743 3700 3817 quia
3727 3763 3747 3788 α
3776 3733 3890 3809 quod

2265 3839 2474 3893 oculus
2506 3853 2623 3892 non
2658 3837 2818 3906 vidit,
2853 3853 2963 3892 nec
2993 3837 3156 3892 auris
3187 3837 3458 3905 audivit,
3493 3851 3606 3890 nec
3636 3833 3691 3886 in
3719 3845 3806 3886 cor
3826 3825 3900 3879 ho-

2265 3927 2442 3982 minis
2473 3926 2758 3994 ascendit,
2795 3942 2928 3997 qum
2958 3925 3328 3997 praeparavit
3361 3925 3532 3980 Deus
3571 3914 3893 4008 diligentibus

2265 4032 2352 4086 se,
2388 4017 2560 4072 nobis
2592 4015 2876 4070 revelavit
2897 4031 3003 4086 per
3019 4014 3318 4085 Spiritum
3349 4029 3559 4082 suum,
3588 4036 3611 4060 ιο
3636 4009 3775 4065 sicut
3790 4017 3900 4058 scn-

2263 4110 2425 4177 ptum
2455 4109 2548 4160 est
2577 4105 2624 4172 (Ι
2652 4105 2786 4160 Cor.
2837 4121 2896 4172 ιι,
2927 4104 2981 4171 9,
3015 4103 3124 4173 10;
3173 4103 3301 4159 Isa.
3355 4119 3526 4170 LXIV,
3587 4095 3777 4190 4).}?
3799 4091 3896 4190 ideo

2263 4194 2644 4250 revelationis
2658 4193 2914 4264 Spiritus
2927 4192 3160 4259 dicitur,
3176 4193 3355 4248 sicut
3370 4192 3600 4247 habes:
3630 4212 3652 4237 ι
3670 4188 3769 4242 Dat
3784 4188 3900 4238 enim

2265 4285 2425 4340 Deus
2458 4283 2546 4338 sic
2574 4281 3047 4354 praeparantibus
3091 4297 3158 4336 se
3204 4281 3516 4352 Spiritum
3567 4274 3838 4348 sapientia
3859 4269 3900 4320 et

2263 4373 2641 4430 revelationis
2661 4373 2719 4426 in
2741 4371 3103 4444 agnitionem
3125 4371 3274 4443 ejus
3301 4370 3430 4443 (80)
3453 4368 3704 4443 (Ephes.
3723 4380 3760 4434 ι,
3781 4358 3864 4422 1T)-
3879 4377 3898 4400 ·

2333 4463 2454 4517 123.
2505 4462 2712 4517 Unitas
2773 4461 2956 4533 igitur
3003 4463 3096 4516 est
3151 4461 3474 4529 scientiae,
3525 4454 3758 4543 quando
3783 4445 3900 4543 sicut

2261 4554 2434 4607 Pater
2461 4551 2702 4619 revelat,
2746 4552 2848 4622 qui
2905 4551 3004 4605 dat
3059 4549 3364 4620 Spiritum
3427 4541 3810 4608 revelationis,
3835 4541 3902 4588 sic

485 4639 639 4708 cepit
669 4638 953 4708 Spiritum
1011 4641 1303 4693 sanctum.
1354 4639 1416 4694 Si
1476 4643 1668 4695 autem
1727 4644 2012 4712 exceptus
2063 4645 2152 4697 est
2180 4638 2482 4702 Drevelat
2513 4645 2571 4695 et
2598 4639 2816 4708 Filius;
2857 4641 2996 4712 quia
3017 4639 3321 4710 scriptum
3339 4642 3473 4694 est:
3521 4661 3544 4686 σι
3588 4636 3762 4692 Nemo
3781 4624 3906 4712 novit

487 4725 742 4795 Spiritus
776 4731 1020 4782 sanctus
1043 4727 1115 4782 ab
1167 4729 1520 4800 ignorantia,
1568 4730 1862 4802 quomodo
1903 4746 2021 4786 non
2052 4746 2153 4786 ex-

490 4818 697 4883 ceptus
729 4819 820 4870 est
851 4817 954 4871 Dei
987 4817 1172 4872 Filius
1193 4819 1222 4870 9

563 4901 682 4957 117.
733 4903 849 4958 Sed
881 4905 1030 4959 dicis
1065 4907 1200 4978 quia
1245 4923 1377 4962 cum
1417 4907 1649 4979 angelis
1680 4909 2154 4964 adnumeraverit

488 4992 546 5044 et
575 4991 675 5044 Dei
711 4991 943 5046 Filium.
1005 4995 1428 5051 Adnumeravit
1485 4997 1721 5068 quidem
1774 4997 2005 5066 Filium,
2042 4999 2149 5053 sed

488 5093 606 5134 non
635 5079 1040 5137 adnumeravit
1060 5087 1116 5138 et
1153 5085 1454 5155 Spiritum.
1481 5090 1596 5141 Aut
1617 5087 1800 5142 fatere
1831 5087 2014 5158 igitur
2046 5103 2148 5158 po-

554 5222 668 5300 (jtj)
703 5224 848 5300 Mss.
889 5229 1043 5300 «_aut
1070 5227 1220 5282 forte
1251 5228 1419 5300 nigra
1448 5245 1554 5299 per
1585 5230 1834 5300 culpam.
1874 5251 1896 5278 ι»

556 5293 670 5372 (⁸17)
719 5297 800 5350 lta
851 5298 989 5372 edit.
1035 5314 1105 5352 ac
1155 5293 1345 5372 mulld
1383 5293 1584 5372 plures
1631 5293 1810 5357 mss:
1850 5301 1950 5356 alii
1981 5318 2143 5372 vero,

485 5389 510 5413 «
544 5367 764 5421 utinam
795 5369 951 5424 enim
978 5385 1096 5424 non
1129 5367 1400 5424 solum...'
1426 5371 1637 5424 Filium
1669 5373 1770 5428 Dei
1793 5373 1958 5428 dixit.
1991 5397 2012 5422 ιι

552 5437 666 5509 (78)
698 5439 868 5510 Mss.,
903 5441 1191 5508 nonnulli,
1229 5463 1250 5487 «
1289 5440 1396 5497 Dei
1419 5441 1694 5510 Spiritus.
1733 5464 1754 5491 »
1792 5445 1986 5500 Minus
2009 5461 2148 5500 con-

480 5525 650 5581 grue.

553 5581 666 5654 (79)
701 5581 848 5654 Mss.
878 5581 1117 5654 aliquot,
1148 5581 1364 5654 Paulus
1384 5598 1416 5635 a
1459 5581 1580 5654 Deo
1603 5589 1946 5654 assumptus
1976 5591 2086 5642 est.
2118 5608 2140 5637 ι

555 5652 662 5718 (80)
700 5675 722 5698 ‹‹
759 5653 822 5723 In
862 5653 1222 5723 agnitionem
1260 5652 1416 5723 ejus,
1455 5676 1477 5700 »
1516 5653 1612 5707 his
1645 5652 1846 5709 verbis
1879 5659 2142 5712 nonnulli

484 5735 630 5798 mss.
652 5721 1062 5798 subiungunt:
1101 5743 1128 5772 «
1160 5721 1310 5789 Quia
1326 5725 1494 5798 _sicu_t
1525 5726 1695 5798 Pater
1724 5727 1886 5798 novit
1909 5728 2141 5798 Filium,

485 5789 579 5845 sic
611 5795 666 5844 ct
695 5789 1158 5868 Filius'Patrem
1201 5795 1383 5867 novit,
1417 5796 1506 5851 sic
1549 5799 1607 5852 et
1662 5795 1917 5868 Spiritus
1959 5789 2145 5856 Deum

2259 4731 2490 4798 Filium,
2524 4729 2640 4784 nisi
2673 4709 2893 4796 Pater;
2927 4743 3119 4798 neque
3146 4709 3411 4783 Patrem
3445 4727 3588 4800 quis
3619 4721 3784 4784 novit,
3815 4709 3906 4769 nisi

2258 4819 2467 4887 Filius,
2510 4822 2568 4873 et
2597 4818 2692 4872 cui
2741 4817 2994 4872 voluerit
3039 4815 3232 4872 Filius
3284 4818 3576 4872 revelare
3624 4808 3833 4880 (Matth.
3859 4818 3902 4864 ιν

2256 4907 2368 4980 2'7).
2405 4928 2426 4957 ιο
2468 4907 2612 4964 Plus
2645 4906 2793 4960 dixit
2821 4905 2894 4960 de
2927 4904 3094 4974 Filio,
3155 4921 3289 4960 non
3325 4906 3498 4978 quod
3557 4903 3686 4975 plus
3737 4893 3905 4952 habent

2258 5013 2432 5069 quam
2465 4996 2657 5064 Pater,
2691 4995 2799 5050 sed
2829 5010 2903 5050 ne
2950 4995 3145 5049 minus
3197 4995 3448 5051 habere
3496 4993 3776 5049 credatur.
3808 4982 3903 5075 Ne}?

2256 5085 2548 5142 immerito
2567 5085 2657 5140 sic
2678 5084 2977 5140 reveletur
2995 5084 3166 5139 Pater
3199 5100 3238 5138 a
3265 5083 3430 5140 Filio
3460 5101 3475 5156 ;
3519 5083 3655 5155 quia
3675 5078 3755 5133 sic
3776 5069 3904 5129 novit

2258 5230 2488 5286 Patrem
2517 5227 2713 5294 novit;
2745 5230 2802 5283 et
2834 5226 2992 5283 sicut
3019 5229 3198 5282 Pater
3223 5227 3659 5283 revelatnobis
3687 5226 3901 5296 qpmfua

2255 5304 2412 5370 sunt,
2436 5301 2526 5356 sic
2549 5304 2606 5354 et
2636 5291 2843 5364 Filius,
2871 5301 2960 5354 sic
2991 5298 3260 5370 Spiritus
3298 5303 3563 5354 sanctus
3593 5291 3861 5370 reAvelavit.
3881 5301 3901 5328 ν

2254 5373 2369 5428 Sed
2399 5367 2536 5426 cum
2567 5372 2769 5426 eadem
2799 5370 2914 5425 alio
2948 5367 3077 5424 loco
3120 5369 3183 5423 in
3220 5371 3372 5425 aliis
3405 5367 3756 5441 quibusdam
3787 5370 3902 5441 nisti;

2254 5425 2621 5510 habeantur;
2662 5444 2722 5496 in
2767 5442 2899 5496 aliis
2948 5457 3089 5496 vero
3147 5457 3284 5496 non
3348 5425 3578 5507 teitus,
3636 5435 3735 5491 sed
3783 5425 3902 5510 tituli

2253 5530 2462 5600 vocem
2519 5504 2838 5600 obtineant,
2872 5528 2988 5568 non
3036 5527 3222 5595 secus
3286 5513 3489 5600 alenin
3543 5504 3678 5600 edit.
3711 5504 3908 5600 ant...

2253 5586 2483 5658 quibus
2533 5570 2883 5658 legebantur
2928 5584 3140 5658 paucis
3187 5585 3487 5658 mutatis,
3523 5583 3624 5658 ubi
3680 5570 3906 5658 capi“

2253 5653 2762 5730 ihcipiebatihinc
2792 5671 2860 5712 ea
2894 5653 3146 5730 margini
3176 5653 3902 5730 tantum.duximus.asqtll'

2251 5715 2466 5796 benda,
2501 5715 2792 5782 ut'discas
2824 5715 3104 5796 quantum
3134 5725 3198 5778 in
3264 5725 3580 5780 similibus
3616 5715 3902 5777 oscitarint,

2251 5803 2350 5855 aut
2379 5799 2494 5856 sibi
2524 5797 2903 5871 permiserint
2931 5799 3268 5870 scriptores
3303 5796 3563 5854 librarii.
