4090 6174
149 260 275 328 801

1301 270 1414 336 DE
1454 272 1797 341 SPIRITU
1839 274 2172 341 SANCTO
2217 276 2378 341 LIB.
2412 279 2492 342 II.

3499 289 3627 357 802

153 464 395 521 Patrem
415 464 624 534 Filius,
659 468 1154 539 quemadmodum
1196 469 1413 528 Filium
1444 474 1617 529 Pater
1648 476 1831 531 novit.
1854 467 1913 539 Α
1942 478 2042 531 tus
2060 479 2122 531 ut
2165 477 2353 546 Pater,
2388 478 2661 535 similiter
2718 486 3013 540 scrutator
3069 488 3126 542 et
3154 486 3370 543 Filius:
3432 486 3611 561 cujus

228 560 353 613 121.
388 558 610 626 Accipe
643 574 798 611 nunc
857 559 994 629 quia
1029 559 1213 614 Deum
1274 561 1506 617 Patrem
1560 564 1719 619 novit
1778 568 1834 619 et

164 649 462 720 Spiritus;
495 647 782 716 scriptum
815 652 907 701 est
955 648 1111 702 enim
1156 651 1304 721 quia
1338 672 1360 700 α
1397 652 1552 706 sicut
1606 668 1673 707 ea
1703 671 1836 724 quae

168 737 431 793 hominis
456 739 616 803 sunt,
664 751 836 790 nemo
859 737 1022 791 novit
1060 738 1177 792 nisi
1208 740 1454 809 spiritus
1485 743 1583 812 qui
1617 743 1676 796 in
1706 744 1835 812 ipso

162 830 255 880 est
278 843 290 880 :
312 826 403 880 sic
428 828 485 879 et
506 841 641 896 quae
666 824 942 891 Dcisunt,
970 843 1140 881 nemo
1156 831 1836 901 cognovitnisiSpiritus

159 915 262 969 Dei
295 914 353 982 (Ι
387 913 527 969 Cor.
566 931 627 982 ιι,
664 914 772 982 11).
831 938 854 962 ιο
891 915 1099 985 Nemo,
1148 918 1355 988 inquit,
1389 922 1687 992 cognovit,
1722 921 1839 974 nisi

156 1003 417 1073 Spiritus
451 1003 579 1057 Dei.
618 1026 639 1049 ιι
677 1002 977 1074 Numquid
1007 1006 1295 1061 exclusus
1325 1012 1417 1061 est
1466 1009 1572 1063 Dei
1604 1009 1839 1064 Filius?

157 1091 296 1146 Non
331 1092 575 1161 utique;
635 1091 771 1161 quia
804 1108 912 1146 nec
945 1092 1200 1162 Spiritus
1248 1099 1494 1151 sanctus
1554 1098 1840 1152 exclusus

155 1184 271 1249 est,
307 1196 444 1234 cum
475 1179 728 1235 dicitur:
767 1202 790 1228 «
826 1180 1033 1253 Neque
1071 1182 1301 1238 Patrem
1332 1186 1468 1257 quis
1500 1188 1683 1257 novit,
1722 1186 1838 1242 nisi

155 1267 372 1324 Filius.
415 1290 438 1318 ιι

228 1376 359 1430 125.
420 1374 580 1447 Ergo
609 1376 788 1431 unius
845 1379 903 1431 et
931 1378 1106 1432 Pater
1163 1382 1219 1433 et
1251 1379 1431 1435 Filius
1462 1384 1520 1436 et
1577 1381 1840 1452 Spiritus

139 1469 412 1533 tsanctus
443 1468 499 1519 et
555 1468 779 1520 naturae
811 1469 951 1520 sunt
1000 1470 1056 1522 et
1086 1468 1375 1524 scientias.
1437 1470 1645 1542 Neque
1708 1489 1842 1527 cum

154 1553 446 1609 omnibus
475 1569 605 1624 qum
638 1569 745 1624 per
774 1554 986 1609 Filium
1008 1556 1160 1611 facta
1179 1562 1338 1627 sunt,
1358 1559 1839 1617 adnumerandus

150 1644 251 1698 est
310 1641 588 1712 Spiritus,
624 1659 759 1697 cum
816 1644 1003 1699 Deum
1055 1646 1286 1699 Patrem
1345 1648 1597 1716 noverit,
1634 1664 1830 1720 quem,

152 1731 316 1786 sicut
334 1731 624 1800 scriptum
646 1736 739 1786 est
758 1733 999 1801 (Matth.
1021 1751 1102 1802 xi,
1137 1734 1248 1804 2'1),
1274 1736 1410 1806 quis
1433 1741 1629 1807 potest
1656 1754 1840 1793 nosse

152 1820 273 1874 nisi
310 1819 542 1874 Filius?
597 1820 713 1874 Sed
771 1826 828 1874 et
857 1821 1113 1891 Spiritus
1175 1828 1420 1879 sanctus
1467 1826 1653 1880 novit.
1689 1825 1837 1891 Quid

152 1924 306 1980 ergo
330 1910 360 1962 ‘2
384 1907 531 1962 Cum
565 1909 781 1964 dicitur
825 1911 1186 1966 universitas
1240 1918 1668 1986 creaturarum,
1722 1932 1841 1972 non

154 1996 431 2067 Spiritus
454 2002 701 2053 sanctus
733 2000 1270 2069 comprehenditur.

232 2120 366 2176 126.
390 2121 563 2176 Nunc
584 2122 759 2177 velim
778 2124 1192 2193 respondeant,
1214 2127 1355 2197 quid
1368 2130 1460 2181 est
1488 2128 1548 2182 in
1580 2128 1837 2197 hominc,

150 2210 318 2282 quod
342 2217 670 2282 cognoscat
692 2228 823 2282 quae
845 2217 983 2267 sunt
1014 2214 1273 2269 hominis
1291 2218 1319 2269 ἱ)
1354 2216 1569 2288 Utique
1589 2219 1842 2272 rationa-

147 2299 298 2369 bile,
336 2300 495 2371 quod
528 2301 763 2355 caeteris
791 2302 1003 2357 animm
1044 2303 1363 2359 virtutibus
1412 2307 1838 2375 supereminet,

146 2393 204 2444 et
240 2404 364 2460 quo
397 2390 698 2459 pmcipua
730 2394 935 2445 natura
984 2391 1243 2446 hominis
1292 2395 1639 2449 aestimatur.
1690 2394 1841 2459 Quid

145 2482 249 2533 est
278 2479 470 2549 igitur
500 2478 779 2548 Spiritus,
838 2480 939 2550 qui
972 2480 1085 2533 alta
1120 2481 1225 2535 Dei
1286 2482 1472 2552 novit,
1506 2499 1612 2553 per
1666 2499 1841 2554 quem

147 2566 321 2621 Deus
357 2568 734 2637 omnipotens
764 2568 1110 2623 reveletur?
1144 2569 1442 2640 Numquid
1477 2571 1842 2641 plenitudine

146 2656 490 2710 divinitatis
546 2656 795 2711 inferior
822 2661 933 2725 est,
996 2657 1098 2727 qui
1157 2657 1430 2729 ejusdem
1476 2675 1609 2713 cum
1668 2661 1840 2714 Patre

147 2745 517 2800 substantiae
547 2745 719 2800 etiam
752 2745 864 2799 hoc
898 2746 1169 2815 exemplo
1203 2748 1531 2816 probatur?
1587 2751 1703 2803 Aut
1730 2749 1841 2802 ali-

147 2835 296 2906 quid
319 2835 580 2905 ignorat,
604 2834 705 2904 qui
727 2835 889 2888 novit
910 2835 1159 2889 consilia
1185 2835 1311 2904 Dei,
1331 2840 1387 2891 et
1406 2838 1684 2908 mysteria
1706 2837 1840 2909 ejus

144 2924 220 2978 ab
256 2923 436 2978 initio
468 2922 861 2977 abscondita?
919 2921 1069 2987 Quid
1099 2928 1191 2977 est
1251 2925 1409 2995 quod
1459 2927 1705 2995 nesciat,
1739 2927 1840 2998 qui

146 3014 324 3068 novit
353 3013 550 3066 omnia
580 3027 714 3083 qum
748 3012 851 3066 Dei
886 3013 1074 3066 sunt?
1127 3035 1150 3059 α
1191 3012 1450 3083 Spiritus
1480 3016 1633 3070 enim
1667 3016 1841 3070 etiam

143 3102 264 3157 alta
304 3102 414 3157 Dei
449 3105 748 3157 scrutatur
778 3100 832 3171 (1
863 3101 999 3157 Cor.
1025 3118 1083 3171 ιι,
1118 3101 1228 3171 10).
1259 3122 1281 3152 ι

1944 568 2299 636 proprietate
2318 570 2615 623 sermonis
2638 571 2695 625 id
2719 573 3065 643 exprimitur
3088 592 3102 644 ;
3133 580 3196 631 ut
3225 577 3495 633 videatur
3515 579 3608 634 ni-

1944 653 2028 708 hil
2060 671 2199 710 esse
2223 657 2382 728 quod
2413 660 2659 729 nesciat,
2686 676 2860 731 quem
2892 664 3034 717 nihil
3076 667 3355 735 praeterit.

2018 777 2141 832 129.
2180 780 2443 852 Denique
2468 783 2564 837 ille
2586 784 2810 839 electus
2833 802 2863 839 a
2888 786 3144 858 Christo,
3179 791 3503 847 instructus
3536 794 3609 849 ab

1945 866 2164 937 Spiritu
2197 873 2307 923 est.
2341 870 2488 924 Nam
2523 874 2679 926 sicut
2712 874 2840 945 ipse
2874 878 3141 945 testatur,
3175 895 3282 948 per
3328 880 3609 951 Spiritum

1943 956 2128 1010 divini
2150 960 2548 1030 cognitionem
2575 969 2937 1019 consecutus
2951 968 3170 1035 arcani,
3204 971 3610 1043 ostenditquia

1942 1048 2000 1099 et
2020 1048 2183 1100 novit
2211 1048 2466 1117 Spiritus
2499 1051 2704 1121 Deum,
2740 1056 2796 1107 et
2827 1069 2895 1108 ea
2933 1056 3109 1109 nobis
3138 1073 3270 1127 quae
3308 1058 3412 1112 Dei
3447 1064 3605 1129 sunt,

1942 1133 2197 1204 Spiritus
2223 1136 2525 1208 revelavit,
2551 1140 2705 1194 sicut
2727 1142 3082 1199 revelavitet
3106 1144 3311 1201 Filius.
3350 1148 3419 1202 Et
3447 1149 3611 1203 addi-

1942 1222 2052 1279 dit:
2081 1224 2207 1279 Nos
2229 1229 2421 1280 autem
2438 1243 2555 1281 non
2569 1230 2836 1299 spiritum
2856 1232 3037 1303 hujus
3054 1235 3252 1289 mundi
3268 1237 3608 1307 accepimus

1942 1311 2049 1366 sed
2071 1312 2350 1383 Spiritum
2374 1316 2473 1385 qui
2491 1332 2566 1370 ex
2590 1318 2709 1372 Deo
2733 1322 2825 1373 est
2850 1335 2863 1387 ;
2895 1326 2955 1375 ut
2986 1323 3248 1378 sciamus
3276 1341 3409 1395 quae
3432 1342 3464 1379 a
3488 1308 3609 1381 Deo

1943 1400 2155 1455 donata
2169 1408 2307 1456 sunt
2324 1403 2521 1473 nobis,
2542 1421 2675 1476 quae
2693 1411 2750 1462 et
2769 1408 3085 1482 loquimur,
3101 1428 3218 1467 non
3237 1415 3295 1467 in
3318 1415 3613 1470 suasoriis

1944 1488 2216 1546 humanae
2247 1493 2555 1562 sapientiae
2587 1496 2812 1567 verbis,
2847 1500 2953 1553 sed
2984 1501 3045 1554 in
3095 1503 3441 1559 ostensione
3473 1504 3610 1575 Spi-

1942 1580 2114 1649 ritus,
2147 1583 2205 1634 et
2234 1581 2445 1637 virtute
2479 1584 2583 1638 Dei
2616 1585 2669 1653 (1
2697 1585 2832 1642 Cor.
2869 1605 2929 1655 ιι,
2966 1588 3051 1659 12,
3090 1591 3228 1660 13)?
3261 1617 3282 1640 ν

2565 1707 2818 1765 CAPUT
2856 1712 2979 1765 XII.

1863 1850 1917 1914 Β
1949 1827 2213 1914 Probata
2233 1829 2524 1914 Spiritui)?
2547 1848 2719 1914 (eque
2742 1836 3023 1892 revelare
3053 1854 3120 1893 ac
3141 1840 3389 1914 Patrem
3421 1849 3479 1898 et
3514 1842 3616 1898 Fi-

2017 1899 2180 1985 lium,
2234 1899 2511 1972 quomodo
2550 1899 2663 1985 non
2692 1904 2965 1977 loquatur
2994 1925 3025 1962 a
3045 1925 3112 1964 se
3134 1912 3289 1965 idem
3310 1914 3610 1985 (Spiritus,

2019 1971 2395 2041 explicatur.-
2428 1971 2876 2056 ostenditur—gae
2910 1971 3447 2056 tioucogitanda'in
3484 1971 3611 2056 ipso

2015 2056 2299 2114 corporea
2319 2059 2559 2114 organa,
2590 2061 2697 2099 nec
2718 2048 2835 2101 ulla
2852 2048 3320 2106 inl‘crioritatcm
3344 2048 3616 2109 exeo-lin-

2013 2113 2292 2192 gemlain,
2322 2113 2473 2192 quod
2502 2117 2703 2192 audite
2730 2117 2999 2192 legatur,-
3032 2124 3260 2192 quando
3279 2126 3435 2178 idem
3458 2127 3615 2182 Filio

2016 2189 2179 2262 esset
2210 2185 2691 2264 attribuenfluin;
2723 2185 2838 2264 iuio
2874 2206 3013 2264 rere
3040 2185 3220 2246 etiam
3254 2195 3449 2264 Patri,
3483 2214 3611 2253 cum

2016 2260 2072 2305 et
2103 2254 2232 2334 ipse
2262 2256 2461 2334 audiat
2486 2257 3075 2334 _l:'ilium_.__._s_‘piritum
3114 2264 3303 2334 igitur
3328 2282 3400 2321 reo
3431 2254 3614 2324 sensu

2014 2325 2223 2408 audire
2254 2331 2313 2378 et
2343 2326 2678 2408 clarilicare
2695 2325 2941 2408 fili-um,
2967 2334 3116 2403 quod
3138 2325 3265 2389 eum
3299 2339 3613 2408 praplietis

2013 2400 2186 2477 atque
2216 2397 2498 2467 apostolis
2528 2414 2597 2453 re
2610 2400 2868 2477 velavit,-
2900 2397 3119 2477 quaex
3144 2422 3216 2459 re
3246 2397 3612 2477 operationis

2016 2471 2193 2539 trium
2207 2483 2597 2537 personarum
2617 2472 2815 2526 unitas
2835 2471 3161 2539 astruitur;
3182 2485 3240 2531 et
3259 2471 3385 2532 eum
3400 2482 3610 2536 eadem

2014 2538 2284 2624 Spiritus
2314 2547 2613 2624 operetur,
2652 2559 2777 2613 qua
2808 2543 2999 2624 Pater
3028 2538 3232 2624 eadem
3266 2567 3486 2624 quoque
3517 2554 3614 2609 de-

2016 2610 2281 2662 rlaratur
2313 2612 2618 2684 utriusque
2649 2610 2783 2668 esse
2813 2616 3169 2673 substantia.

2017 2732 2140 2787 130.
2176 2733 2492 2791 Probatum
2524 2740 2617 2791 est
2662 2738 2844 2809 igitur
2889 2741 3027 2812 quia
3055 2743 3212 2800 sicut
3242 2746 3400 2802 Deus
3432 2749 3609 2805 nobis

1945 2837 2079 2893 qua:
2110 2838 2219 2877 sua
2250 2827 2406 2892 sunt,
2442 2826 2519 2879 ita
2547 2830 2605 2880 et
2635 2826 2821 2884 Filius
2849 2845 2981 2901 quae
3014 2831 3120 2886 Dei
3140 2837 3297 2904 sunt,
3330 2837 3409 2890 ita
3438 2838 3614 2895 etiam

1947 2911 2202 2981 Spiritus
2234 2912 2536 2968 revelavit.
2572 2914 2661 2969 Ex
2692 2932 2809 2972 uno
2840 2919 2995 2974 enim
3028 2922 3247 2990 Spiritu
3295 2941 3403 2996 per
3432 2944 3614 2984 unum

1948 2999 2161 3055 Filium
2193 3001 2251 3055 in
2282 3017 2463 3057 unum
2497 3004 2723 3059 Patrem
2758 3009 3019 3080 cognitio
3048 3015 3253 3068 nostra
3309 3018 3611 3084 procedit:

1947 3093 2004 3144 et
2024 3105 2100 3144 ex
2120 3106 2237 3145 uno
2263 3092 2431 3145 Patre
2452 3107 2559 3162 per
2579 3109 2760 3149 unum
2800 3096 3012 3152 Filium
3032 3099 3092 3153 in
3115 3117 3296 3157 unum
3330 3104 3613 3175 Spiritum

218 3209 356 3263 1‘27.
393 3210 482 3262 Ac
511 3224 585 3263 ne
634 3211 806 3280 putes
862 3207 1021 3279 quod
1076 3211 1377 3265 scrutetur
1425 3211 1748 3284 incognita,
1782 3216 1838 3269 et
1869 3212 1923 3278 ο
2272 3179 2508 3287 ξ’ῗξίίθθ
2540 3187 2596 3287 θιι
2645 3186 3033 3287 ῗδξλρίίίξῗξλξίο
3073 3192 3131 3244 et
3177 3192 3613 3287 imPerif‘lej‘ls

146 3299 291 3353 ideo
326 3269 651 3367 scrutetur,
708 3301 771 3352 ut
801 3269 992 3354 discat
1048 3302 1107 3357 id
1168 3302 1326 3373 quod
1383 3269 1655 3374 ignoret;
1690 3269 1839 3359 6’58
1876 3269 1919 3278 v
1946 3273 2184 3374 uilem?
2208 3269 2462 3374 .trf‘ditm.‘
2490 3273 2821 3374 Pomsmus'
3003 3291 3148 3350 ergo
3179 3282 3447 3374 93‘8"“?
3476 3282 3612 3374 ξπ

146 3391 289 3442 ante
302 3386 600 3457 praemisit
617 3388 752 3457 quia
770 3390 1053 3445 revelavit
1071 3394 1248 3448 nobis
1269 3394 1427 3446 Deus
1442 3407 1548 3461 per
1559 3390 1839 3461 Spiritum

148 3491 380 3544 suum;
415 3475 591 3529 simul
623 3479 683 3531 ut
714 3476 985 3534 disceres
1021 3482 1133 3551 (8t)
1191 3482 1327 3553 quia
1362 3481 1526 3535 novit
1582 3481 1836 3550 Spiritus

150 3582 293 3637 quae
331 3564 512 3619 nobis
541 3581 649 3635 per
678 3565 874 3636 ipsum
904 3568 1187 3639 Spiritum
1234 3570 1591 3639 revelantur,
1639 3571 1699 3623 in
1729 3586 1838 3639 po-

151 3653 525 3709 sterioribus
553 3657 667 3709 ait:
735 3679 757 3703 u
789 3655 935 3721 Quis
993 3661 1151 3713 enim
1181 3659 1296 3713 scit
1352 3659 1657 3714 hominum
1708 3675 1841 3730 quae

152 3743 435 3798 hominis
494 3747 653 3813 sunt,
688 3745 808 3798 nisi
866 3748 1113 3817 spiritus
1170 3748 1431 3803 hominis
1487 3749 1585 3819 qui
1617 3749 1676 3803 in
1710 3750 1842 3818 ipso

154 3836 249 3886 est
281 3831 437 3899 {82):
472 3831 563 3885 sic
595 3837 651 3887 et
682 3850 816 3904 quae
850 3835 952 3890 Dei
986 3840 1150 3905 sunt,
1186 3853 1358 3892 nemo
1392 3838 1689 3909 cognovit,
1723 3838 1841 3892 nisi

153 3919 422 3992 Spiritus
451 3920 555 3974 Dei
577 3921 802 3994 (Ibid.).
835 3948 857 3972 ιο
878 3924 1036 3997 Ergo
1058 3927 1110 3980 si
1137 3926 1395 3981 hominis
1414 3928 1659 3997 spiritus
1676 3926 1842 3981 novit

154 4026 291 4081 qua
324 4010 590 4064 hominis
622 4016 778 4082 sunt,
814 4016 871 4067 et
923 4018 1238 4086 antequam
1300 4019 1599 4071 scrutetur
1654 4018 1837 4087 novit,

153 4102 440 4169 potestne
467 4099 691 4170 aliquid
723 4101 827 4155 Dei
883 4117 1042 4171 esse,
1079 4104 1244 4175 quod
1288 4104 1545 4175 Spiritus
1596 4105 1701 4160 Dei
1732 4121 1838 4160 ne-

155 4189 353 4242 sciat?
381 4187 470 4241 De
503 4203 620 4259 quo
652 4204 770 4244 non
802 4191 993 4246 otiose
1026 4193 1354 4262 Apostolus
1420 4193 1601 4249 dixit:
1640 4217 1663 4242 α
1698 4193 1839 4259 Quae

162 4277 269 4332 Dei
301 4280 469 4345 sunt,
503 4292 675 4333 nemo
706 4282 1007 4352 cognovit,
1042 4282 1159 4336 nisi
1187 4282 1448 4352 Spiritus
1483 4283 1625 4353 Dei;
1659 4306 1680 4330 η
1723 4299 1843 4338 ιιοιι

159 4367 322 4437 quod
355 4368 682 4422 scrutando
714 4372 1083 4441 cognoverit,
1119 4371 1229 4425 sed
1259 4372 1490 4426 noverit
1535 4388 1643 4442 per
1671 4376 1841 4428 natu-

158 4471 321 4512 ram:
357 4470 481 4509 non
504 4456 663 4527 quod
689 4459 971 4514 accidens
1001 4460 1061 4513 in
1089 4475 1159 4515 eo
1197 4460 1445 4515 scientia
1488 4460 1841 4533 divinorum,

132 4545 271 4599 .sed
307 4545 573 4617 cognitio
605 4547 894 4603 naturalis
927 4548 1023 4603 sit.

233 4652 362 4707 128.
382 4652 603 4706 Verum
646 4654 698 4707 si
733 4658 790 4709 te
831 4660 1026 4710 movet
1072 4657 1173 4728 qui
1223 4656 1371 4711 dixit
1404 4679 1426 4704 ιι
1463 4661 1778 4728 scrutatur,
1817 4681 1838 4706 η

160 4743 371 4812 accipe
434 4742 566 4812 quia
601 4742 657 4796 id
715 4759 953 4815 quoque
983 4746 1055 4800 de
1116 4746 1236 4800 Deo
1282 4748 1568 4816 scriptum
1626 4751 1734 4809 est,
1773 4762 1842 4801 eo

160 4831 325 4901 quod
343 4831 426 4885 sit
445 4834 740 4886 scrutator
760 4833 962 4886 cordis
980 4837 1035 4888 et
1057 4849 1286 4890 renum.
1330 4835 1462 4904 Ipse
1481 4836 1635 4888 enim
1660 4834 1839 4890 dixit:

164 4942 188 4966 α
223 4919 358 4992 Ego
392 4935 525 4974 sum
558 4928 835 4976 scrutans
883 4922 1061 4976 corda
1105 4927 1161 4977 et
1192 4938 1369 4977 renes
1419 4922 1664 4992 (Jerem.
1701 4940 1841 4992 xvn,

162 5008 277 5073 10).
305 5033 327 5056 ι
356 5008 545 5063 Etiam
578 5009 650 5063 de
683 5008 831 5064 Filio
857 5011 958 5065 Dei
978 5011 1164 5065 habes
1195 5012 1267 5065 ad
1308 5011 1635 5066 Hebraeos:
1674 5032 1694 5059 α
1735 5010 1842 5075 Qui

161 5102 467 5152 scrutator
498 5102 591 5153 est
619 5099 799 5154 animi
830 5103 886 5153 et
918 5101 1296 5172 cogitationis
1326 5100 1538 5165 (Hebr.
1570 5118 1650 5167 ιν,
1679 5101 1787 5169 12).
1817 5124 1839 5149 ιι

166 5186 341 5242 Unde
360 5187 547 5258 liquet
563 5190 700 5259 quia
724 5203 897 5243 nemo
920 5190 1168 5244 inferior
1190 5190 1522 5259 superioris
1549 5194 1847 5245 scrutatur

164 5277 435 5345 interna;
467 5278 685 5331 divinae
718 5280 874 5332 enim
918 5278 1107 5333 solius
1156 5282 1247 5333 est
1277 5280 1585 5349 potestatis
1617 5280 1845 5334 occulta

165 5366 440 5421 novisse.
471 5366 754 5421 Similiter
783 5383 929 5439 ergo
952 5371 1248 5425 scrutator
1274 5371 1367 5423 est
1398 5368 1653 5439 Spiritus
1667 5385 1847 5423 sanc-

237 5507 357 5579 (81)
403 5509 690 5564 Nonnulli
720 5526 892 5578 mss.,
959 5532 980 5558 σ
1017 5509 1299 5580 Spiritum
1358 5527 1553 5567 suum.
1587 5511 1650 5567 Si
1709 5515 1843 5566 ante

165 5582 462 5652 praemisit
492 5582 629 5652 quia
675 5581 960 5636 revelavit
990 5584 1165 5637 nobis
1213 5583 1393 5652 Deus,
1429 5583 1605 5637 simul
1661 5587 1723 5638 ut
1753 5584 1844 5638 di-

167 5668 402 5724 sceres,
437 5658 550 5708 etc.
589 5674 611 5703 »
649 5653 845 5709 Minus
876 5654 1204 5710 commode.

240 5724 359 5799 (82)
392 5724 669 5802 Plerique
723 5740 896 5795 mss.,
964 5748 985 5774 α
1020 5726 1138 5782 nisi
1195 5725 1452 5799 Spiritus
1487 5726 1588 5800 qui
1619 5727 1682 5782 in
1711 5726 1845 5800 ipso

1945 3358 2115 3428 ritus,
2140 3358 2220 3413 ibi
2261 3360 2367 3413 Dei
2402 3360 2624 3416 virtus:
2659 3377 2770 3417 nec
2787 3368 2983 3434 potest
3008 3382 3148 3423 esse
3169 3369 3450 3427 discretio
3472 3372 3606 3443 (83),

1944 3447 2048 3502 ubi
2078 3463 2229 3518 opus
2257 3464 2439 3503 unum
2469 3454 2581 3504 est.
2627 3451 2697 3505 Et
2743 3452 2877 3509 ideo
2906 3456 3065 3525 quod
3112 3457 3375 3530 loquitur
3422 3459 3610 3518 Filius

1944 3540 2204 3612 loquitur
2235 3534 2380 3599 659
2411 3544 2468 3597 et
2500 3541 2706 3599 Pater:
2766 3548 2826 3599 et
2881 3546 3040 3616 quod
3101 3546 3273 3602 Pater
3328 3548 3611 3621 loquitur,

1945 3629 2209 3702 loquitur
2225 3635 2283 3686 et
2303 3632 2489 3688 Filius
2516 3649 2530 3689 :
2563 3636 2635 3703 et_
2649 3634 2807 3704 quod
2838 3635 3104 3706 loquitur
3133 3636 3309 3694 Pater
3328 3641 3387 3694 et
3407 3638 3615 3709 Filius,

1944 3719 2208 3791 loquitur
2236 3725 2294 3776 et
2320 3721 2578 3792 Spiritus
2608 3727 2877 3779 sanctus.

2019 3828 2141 3882 131.
2172 3828 2337 3882 Unde
2359 3832 2417 3883 et
2445 3829 2517 3883 de
2549 3829 2769 3899 Spiritu
2813 3830 3004 3887 Filius
3034 3833 3140 3889 Dei
3172 3834 3357 3891 dixit:
3421 3857 3443 3886 α
3480 3837 3616 3893 Νοιι

1946 3916 2105 3972 enim
2126 3916 2400 3987 loquetur
2418 3934 2450 3971 a
2465 3934 2531 3973 se
2555 3919 2744 3988 (Joan.
2769 3937 2888 3990 xvi,
2916 3921 3070 3992 13),»
3093 3922 3206 3978 hoc
3224 3928 3335 3994 est,
3352 3940 3469 3980 non
3484 3927 3615 3981 sine

1948 4021 2075 4062 mea
2098 4010 2155 4060 et
2178 4007 2366 4061 Patris
2390 4010 2803 4064 communione
2829 4025 2843 4080 ;
2877 4025 3069 4081 neque
3099 4013 3254 4067 enim
3286 4014 3518 4070 divisus
3547 4031 3617 4071 ac

1946 4099 2259 4166 separatus
2297 4101 2389 4151 est
2432 4096 2710 4167 Spiritus,
2764 4099 2872 4154 sed
2922 4116 3056 4171 quae
3087 4102 3267 4173 audit,
3318 4104 3612 4175 loquitur:

1946 4185 2108 4239 audit
2127 4185 2401 4240 videlicet
2417 4202 2524 4256 per
2543 4188 2823 4241 unitatem
2846 4189 3217 4261 substantiae,
3252 4196 3309 4247 et
3338 4209 3444 4263 per
3473 4209 3615 4264 pro-

1946 4275 2250 4344 prietatem
2273 4276 2561 4331 scientias.
2589 4276 2794 4348 Neque
2817 4278 2973 4332 enim
2990 4278 3383 4335 foraminibus
3406 4282 3616 4353 aliqui-

1946 4364 2060 4417 bus
2084 4363 2494 4434 corporalibus
2525 4366 2736 4435 recipit
2763 4367 3044 4437 auditum,
3069 4373 3127 4423 et
3146 4370 3501 4439 quibusdam
3523 4370 3615 4423 di-

1947 4453 2084 4507 vina
2114 4453 2372 4508 modulis
2404 4454 2744 4510 carnalibus
2771 4471 2891 4510 vox
2919 4458 3187 4525 resultat,
3240 4457 3335 4512 vel
3365 4458 3527 4512 audit
3556 4458 3618 4512 id

1947 4543 2107 4614 quod
2138 4542 2406 4615 ignorat;
2441 4544 2718 4615 quoniam
2749 4545 2809 4598 in
2849 4544 3031 4599 rebus
3089 4546 3363 4600 humanis
3418 4547 3620 4601 scien-

1950 4633 2089 4686 tiam
2118 4631 2464 4703 plerumque
2493 4633 2728 4686 auditus
2758 4636 3051 4703 Operatur,
3087 4637 3143 4689 et
3192 4638 3385 4689 tamen
3418 4651 3528 4690 nec
3555 4636 3618 4690 in

1948 4720 2099 4791 ipsis
2132 4721 2471 4775 hominibus
2504 4736 2743 4791 semper
2780 4721 3102 4792 alloquium
3157 4723 3485 4793 corporale,
3519 4728 3620 4779 aut

1951 4809 2207 4863 carnalis
2238 4810 2473 4864 auditus
2506 4813 2635 4864 est:
2675 4832 2697 4857 α
2730 4809 2840 4874 Qui
2893 4812 3048 4865 enim
3079 4811 3341 4882 loquitur
3369 4813 3616 4885 linguis,

1952 4914 2072 4953 non
2102 4898 2464 4966 hominibus,
2516 4898 2726 4970 inquit,
2785 4897 3065 4970 loquitur,
3112 4901 3221 4956 sed
3254 4902 3395 4957 Deo.
3432 4903 3619 4959 Nemo

1954 4988 2110 5043 enim
2132 4988 2312 5058 audit,
2333 4986 2554 5058 Spiritu
2575 4992 2770 5042 autem
2786 4986 3046 5059 loquitur
3086 4991 3367 5062 mysteria
3398 4991 3454 5062 (I
3482 4993 3618 5049 Cor.

1952 5093 2075 5148 xiv,
2107 5077 2181 5148 2).
2220 5100 2243 5126 ι»

2028 5182 2150 5239 13⁸2.
2186 5183 2344 5256 Ergo
2375 5185 2428 5239 si
2461 5185 2519 5239 in
2580 5186 2921 5242 hominibus
2952 5203 3071 5242 non
3116 5204 3354 5260 semper
3383 5190 3621 5246 auditus

1954 5277 2047 5329 est
2104 5274 2472 5344 corporalis;
2533 5276 2592 5329 in
2652 5277 2774 5331 Deo
2834 5280 2896 5332 tu
2942 5277 3299 5334 infirmitatis
3348 5279 3621 5336 humanm

1955 5364 2209 5435 sonitus,
2244 5369 2463 5436 etquae
2515 5380 2740 5439 organa
2786 5367 2983 5440 exigis
3035 5369 3291 5424 carnalis
3342 5370 3620 5438 auditus;

1953 5510 2067 5581 est,
2089 5532 2127 5581 λιι
2163 5510 2219 5581 et
2248 5507 2335 5562 sic
2369 5508 2608 5581 ubique.

2027 5577 2452 5656 (83)‘Nonnulli
2481 5577 2654 5655 inss.,
2693 5604 2715 5635 ι
2751 5582 2831 5638 ibi
2863 5583 2969 5639 Dei
3018 5584 3230 5654 virtus,
3266 5598 3397 5656 quae
3427 5581 3622 5651 potest

1957 5667 2096 5709 esse
2124 5652 2444 5710 distinctio.
2485 5677 2508 5702 η
