3964 6168
478 262 616 331 803

1933 260 2001 330 S.
2032 256 2477 329 AMBROSII.
3732 276 3827 351 tm

496 481 631 522 cum
658 465 791 522 ideo
820 465 1025 523 audire
1072 467 1322 536 dicatur,
1380 470 1446 524 ut
1492 468 1649 523 scire
1682 469 1998 523 credatur?
2043 468 2171 522 Nos
2196 447 2248 510 Α
2285 466 2478 520 sancti
2507 464 2768 535 operatio
2800 480 2917 519 non
2949 463 3299 544 secernitur.
3327 465 3477 525 Unde
3501 472 3648 530 etiam
3664 492 3721 533 ea
3735 495 3824 553 qua

500 556 657 611 enim
685 556 743 610 id
774 557 999 611 scimus
1022 558 1178 628 quod
1198 557 1582 624 audierimus,
1621 561 1676 612 et
1706 562 1838 611 ante
1871 558 2166 625 audimus,

498 648 563 699 ut
593 646 750 699 scire
778 647 1123 716 possimus:
1157 647 1217 701 in
1248 647 1370 702 Deo
1402 650 1596 702 autem
1629 648 1725 718 qui
1758 648 1921 701 novit
1978 647 2172 701 omnia

500 736 811 805 antequam
842 736 1001 804 ﬁant,
1038 736 1285 790 scientia
1329 737 1613 807 praecedit
1661 737 1939 790 auditum.
1972 737 2171 806 Itaque

500 825 564 877 ut
583 823 741 894 quod
760 823 900 879 velit
936 824 1126 893 Pater,
1166 824 1378 879 Filium
1417 841 1535 881 non
1570 827 1847 897 ignorare
1879 825 2168 893 dicamus,

502 912 744 967 audisse
762 928 1159 969 memoramus
1184 928 1198 969 :
1233 914 1342 970 sed
1374 930 1492 969 non
1523 915 1582 968 in
1606 915 1726 968 Deo
1745 929 1953 982 sonus,
1980 929 2173 984 neque

504 1000 751 1072 syllaba,
776 1018 908 1072 quae
930 1003 1271 1075 significare
1294 1004 1490 1059 solent
1520 1004 1801 1057 indicium
1821 1004 2171 1067 voluntatis;

506 1090 615 1144 sed
646 1089 967 1146 voluntatis
1028 1093 1224 1148 unitas
1282 1093 1501 1147 divinis
1534 1092 1770 1164 quidem
1827 1092 2176 1164 intelligitur

504 1180 763 1250 arcanis,
796 1180 1020 1235 nostris
1048 1187 1241 1236 autem
1270 1181 1642 1254 significatur
1673 1181 1928 1235 indiciis.

578 1284 703 1341 135.
750 1284 900 1350 Quid
942 1290 1037 1342 est
1079 1289 1275 1359 ergo?
1309 1311 1331 1335 α
1366 1288 1498 1343 Non
1530 1288 1685 1343 enim
1716 1304 1748 1341 a
1779 1303 1846 1342 se
1902 1288 2177 1358 loquetur

506 1374 697 1444 (Joan.
741 1391 861 1430 xvx.
899 1375 1040 1447 13)?
1072 1398 1093 1424 ιι
1133 1377 1260 1431 Hoc
1291 1379 1403 1447 est,
1436 1392 1554 1432 non
1586 1378 1717 1431 sine
1748 1391 1841 1430 me
1872 1375 2171 1446 loquitur;

504 1463 642 1534 quia
672 1462 948 1535 loquetur
990 1465 1316 1535 veritatem,
1368 1466 1719 1536 sapientiam
1764 1465 2007 1536 aspirat.
2041 1464 2175 1518 Non

507 1550 638 1606 sine
671 1551 841 1607 Patre
872 1553 1150 1625 loquitur,
1197 1554 1336 1626 quia
1367 1554 1473 1609 Dei
1519 1554 1775 1625 Spiritus
1807 1556 1935 1609 est:
1995 1568 2113 1609 non
2141 1568 2175 1607 a

506 1654 573 1695 se
603 1640 784 1707 audit,
820 1643 1097 1712 quoniam
1129 1658 1205 1698 ex
1234 1643 1356 1698 Deo
1387 1644 1603 1698 omnia.

576 1728 699 1784 134.
728 1728 934 1784 Omnia
992 1731 1219 1801 accepit
1276 1747 1310 1785 a
1363 1732 1536 1786 Patre
1594 1732 1799 1803 Filius,
1859 1732 1996 1803 quia
2045 1731 2175 1802 ipse

505 1816 689 1874 dixit:
753 1839 774 1867 ιι
833 1818 1040 1873 Omnia
1099 1818 1244 1873 mihi
1299 1820 1508 1874 tradita
1564 1802 1704 1875 sunt
1749 1837 1811 1874 a.
1843 1820 2011 1874 Patre
2044 1835 2175 1874 meo
2208 1825 2260 1889 Β

503 1906 741 1975 (Matth.
766 1923 847 1976 x1,
875 1907 986 1977 2⁵7).
1026 1931 1048 1956 ιι
1082 1907 1287 1963 Omnia
1322 1909 1515 1963 Patris
1560 1909 1739 1964 habet
1787 1908 2007 1964 Filius:
2041 1909 2176 1979 quia

510 1994 723 2050 iterum
752 1996 868 2051 ait:
934 2020 957 2045 ιι
1001 1996 1205 2051 Omnia
1254 2014 1386 2069 quae
1420 1998 1592 2052 Pater
1640 1998 1816 2053 habet
1862 2015 1991 2052 mea
2041 2000 2179 2052 sunt

502 2084 704 2153 (Joan.
729 2101 851 2153 xvx,
877 2083 986 2155 15).
1025 2109 1048 2134 ιι
1084 2085 1155 2140 Et
1186 2102 1321 2157 quae
1347 2087 1575 2157 accepit
1606 2087 1733 2157 ipse
1765 2103 1871 2157 per
1900 2090 2177 2141 unitatem

499 2175 748 2243 naturae,
783 2188 860 2228 ex
908 2174 1041 2244 ipso
1073 2190 1181 2244 per
1226 2175 1492 2230 eamdem
1538 2176 1816 2230 unitatem
1865 2177 2092 2246 accepit
2118 2180 2176 2230 et

509 2260 788 2332 Spiritus,
821 2262 978 2317 sicut
1024 2262 1154 2333 ipse
1203 2262 1488 2318 Dominus
1540 2263 1723 2319 Jesus
1773 2265 2050 2332 declarat,
2103 2265 2175 2319 de

502 2348 727 2421 Spiritu
756 2366 867 2406 suo
896 2351 1140 2408 dicens:
1175 2374 1197 2400 ιι
1236 2352 1550 2423 Propterea
1582 2353 1724 2421 dixi,
1759 2353 1831 2407 de
1862 2369 1993 2408 meo
2014 2354 2174 2408 acci-

498 2439 639 2509 piet,
665 2443 724 2495 et
739 2440 1118 2495 annuntiabit
1138 2440 1312 2497 vobis
1335 2441 1562 2511 (Ibid)
1589 2465 1610 2490 ιι
1633 2440 1799 2506 Quod
1822 2458 1967 2514 ergo
1988 2443 2178 2513 loqui-

499 2530 595 2582 tur
667 2528 945 2599 Spiritus,
996 2528 1124 2583 Filii
1158 2534 1282 2585 est:
1333 2530 1490 2601 quod
1540 2530 1698 2585 dedit
1745 2531 1953 2599 Filius,
1984 2532 2175 2586 Patris

500 2618 622 2669 est.
654 2616 737 2670 lta
765 2616 910 2671 nihil
940 2632 974 2670 a
1007 2632 1074 2671 se
1104 2622 1202 2672 aut
1234 2618 1420 2673 Filius
1465 2618 1725 2690 loquitur
1771 2624 1868 2675 aut
1896 2621 2172 2691 Spiritus,

500 2702 639 2774 quia
670 2704 817 2758 nihil
848 2710 1015 2761 extra
1046 2722 1113 2762 se
1144 2706 1402 2762 Trinitas
1432 2708 1711 2780 loquitur.

571 2807 695 2865 135.
729 2809 897 2875 Quod
931 2812 985 2866 si
1015 2813 1086 2867 ad
1130 2814 1527 2869 infirmitatem
1570 2816 1825 2886 Spiritus
1870 2818 2083 2886 sancti,
2119 2819 2177 2872 et

498 2899 811 2970 quamdam
840 2916 1146 2971 corporeae
1176 2903 1625 2959 similitudinem
1657 2906 1900 2960 vilitatis
1931 2906 1989 2959 id
2022 2905 2176 2960 deri-

496 2986 626 3042 vari
648 2991 1013 3059 contendas;
1046 2996 1221 3046 etiam
1243 2993 1318 3047 ad
1352 2992 1481 3047 Filii
1522 2994 1801 3065 injuriam
1832 2995 2132 3050 derivabis
2159 3011 2175 3065 ;

497 3076 636 3149 quia
658 3078 797 3133 etde
820 3094 888 3134 se
907 3079 1094 3135 Filius
1110 3081 1285 3137 dixit:
1318 3105 1340 3128 ‹‹
1363 3082 1526 3137 Sicut
1542 3083 1737 3151 audio,
1759 3083 1963 3155 judico
1980 3084 2173 3151 (Joan.

498 3255 614 3312 nisi
644 3257 802 3328 quod
831 3259 1045 3314 viderit
1077 3259 1389 3315 facientem
1421 3261 1650 3315 Patrem
1682 3262 1858 3329 (Ibid.
1908 3262 2013 3330 19),
2044 3286 2065 3309 ιι
2112 3262 2175 3316 Si

503 3345 658 3401 enim
680 3362 887 3402 verum
908 3352 1020 3416 est,
1045 3349 1201 3403 sicut
1218 3365 1423 3404 verum
1449 3354 1559 3416 est,
1586 3351 1741 3421 quod
1775 3350 1922 3404 dixit
1946 3349 2131 3405 Filius
2158 3367 2171 3406 :

508 3457 531 3482 «
565 3434 771 3490 Omnia
818 3453 952 3507 quae
1002 3439 1174 3493 Pater
1219 3438 1413 3505 habet,
1454 3454 1583 3493 mea
1634 3443 1771 3493 sunt
1825 3440 2016 3510 (Joau.
2050 3457 2171 3509 xv1,

506 3521 599 3595 15)
625 3539 639 3594 ;
675 3547 698 3574 ιι
721 3527 779 3581 et
802 3526 1129 3582 secundum
1153 3527 1707 3582 divinitatemunum
1732 3532 1823 3583 est
1845 3545 1976 3583 cum
2000 3531 2173 3584 Patre

505 3611 915 3682 Filius,unum
932 3606 1040 3687 per
1060 3616 1455 3671 substantiam
1486 3618 1830 3688 naturalem,
1863 3634 1981 3673 non
2017 3634 2172 3673 unus

504 3703 835 3758 secundum
864 3704 1257 3759 Sabellianam
1288 3705 1614 3776 perfidiam.
1637 3705 1803 3771 Quod
1835 3723 2015 3762 unum
2056 3708 2174 3762 uti-

505 3806 620 3861 que
650 3795 744 3846 est
770 3808 877 3863 per
931 3794 1282 3850 substantiae
1312 3796 1749 3866 proprietatem,
1798 3812 1917 3851 non
1975 3800 2171 3868 potest

503 3880 807 3951 separari;
866 3884 923 3936 et
981 3882 1114 3938 ideo
1164 3900 1282 3939 non
1337 3887 1532 3955 potest
1564 3884 1752 3940 Filius
1810 3886 2028 3956 facere,
2060 3886 2176 3941 nisi

502 3967 664 4036 quod
721 3969 975 4024 audierit
1001 3986 1036 4025 a
1090 3971 1284 4041 Patre,
1317 3973 1454 4043 quia
1512 3973 1569 4027 in
1602 3977 1886 4028 aeternum
1931 3978 2023 4029 est
2052 3990 2179 4045 per-

500 4070 751 4112 manens
775 4057 878 4113 Dei
903 4058 1158 4113 Verbum
1188 4060 1597 4127 (Psa1.cxvm,
1624 4062 1734 4132 89),
1768 4078 1878 4117 nec
1920 4080 2177 4135 unquam

508 4143 683 4200 Pater
702 4161 735 4200 a
758 4146 891 4201 Filii
915 4148 1256 4218 operatione
1280 4149 1562 4204 dividitur
1586 4166 1600 4206 :
1631 4155 1688 4206 et
1719 4153 1875 4222 quod
1899 4157 2176 4223 Operatur

506 4232 694 4290 Filius
716 4236 831 4290 scit
858 4237 1091 4292 Patrem
1106 4237 1296 4293 velle:
1330 4242 1387 4292 et
1408 4239 1568 4310 quod
1601 4238 1726 4296 vult
1764 4242 1955 4315 Pater,
1989 4242 2176 4298 Filius

500 4324 664 4379 novit
695 4326 951 4396 operari.

583 4422 729 4487 660
763 4429 885 4488 136.
909 4432 1174 4505 Denique
1195 4449 1269 4490 ne
1288 4434 1380 4490 vel
1404 4434 1463 4490 in
1484 4438 1767 4507 tempore,
1797 4438 1893 4493 vel
1923 4437 1982 4493 in
2011 4438 2175 4494 ordi-

501 4535 576 4577 ne
607 4521 864 4594 aliquam
894 4523 1048 4578 inter
1080 4523 1312 4621 Patre-m
1342 4528 1398 4579 et
1428 4525 1641 4581 Filium
1684 4532 1926 4598 putares
1974 4530 2175 4599 operis
2198 4554 2254 4621 ο

502 4624 642 4665 esse
673 4611 1032 4682 distantiam,
1068 4613 1177 4667 sed
1208 4612 1479 4686 ejusdem
1502 4616 1862 4686 operationis
1894 4618 2172 4673 crederes

503 4700 824 4758 unitatem:
863 4722 886 4751 «
921 4701 992 4756 Et
1022 4718 1222 4773 opera,
1256 4703 1467 4776 inquit,
1503 4721 1636 4776 quae
1676 4721 1789 4778 ego
1832 4705 2005 4775 facio,
2045 4708 2175 4778 ipse

504 4786 648 4841 facit
671 4789 861 4857 (Joan.
883 4806 942 4860 v,
979 4791 1089 4861 1'7).
1126 4816 1149 4840 ιι
1186 4791 1256 4846 Et
1284 4808 1497 4847 rursus
1528 4808 1601 4848 ne
1630 4794 2047 4850 discretionem
2066 4797 2175 4850 ali-

508 4891 686 4946 quam
707 4876 769 4931 in
788 4877 989 4947 operis
1012 4879 1391 4937 distinctione
1414 4883 1691 4952 sentires,
1708 4884 1813 4938 sed
1830 4883 1984 4938 idem
2000 4885 2175 4956 velle,

504 4962 660 5018 idem
680 4964 896 5035 facere,
918 4968 1074 5022 idem
1091 4985 1272 5039 posse
1294 4970 1521 5026 Patrem
1544 4975 1601 5027 et
1619 4972 1829 5027 Filium
1843 4972 2173 5046 judicares,

507 5052 648 5108 dicit
702 5055 807 5109 tibi
838 5055 1133 5126 Sapientia
1190 5060 1261 5114 de
1314 5060 1521 5116 Patre:
1582 5061 1961 5133 Quaecunque
2021 5064 2178 5118 enim

506 5142 604 5197 ille
653 5142 880 5215 fecerit,
934 5147 1139 5202 eadem
1172 5151 1229 5203 et
1277 5149 1462 5205 Filius
1507 5150 1647 5205 facit
1695 5152 1966 5207 similiter
1994 5153 2173 5225 (Ibid.

507 5230 621 5302 19,).
651 5253 674 5283 ι
700 5233 831 5288 Non
853 5249 999 5307 ergo
1017 5236 1189 5292 alicui
1215 5238 1378 5308 prior
1403 5240 1497 5294 vel
1530 5242 1833 5296 secundus
1875 5245 1967 5296 est
2007 5245 2175 5297 actus

503 5322 613 5377 sed
633 5322 787 5377 idem
810 5325 986 5380 unius
1010 5328 1372 5396 operationis
1403 5326 1670 5383 effectus.
1706 5330 1774 5383 Et
1806 5331 1938 5386 ideo
1971 5332 2115 5385 nihil
2146 5348 2180 5385 a

506 5426 575 5466 se
608 5428 790 5482 posse
822 5412 1018 5469 facere
1063 5414 1249 5470 Filius
1296 5416 1550 5485 dicitur;
1597 5418 1731 5487 quia
1762 5434 1795 5471 a
1839 5419 2011 5474 Patre
2061 5436 2179 5474 non

504 5504 703 5573 potest
725 5500 862 5574 ejus
886 5504 1147 5575 operatio
1180 5505 1466 5576 separari.
1515 5503 1798 5561 Similiter
1833 5515 1889 5562 et
1923 5508 2179 5580 Spiritus

574 5643 690 5722 (ἒξ)
718 5642 967 5722 Quidam
992 5663 1165 5719 mss.,
1193 5666 1217 5698 ι
1263 5647 1616 5722 Non‘potest
1649 5648 1869 5722 aliquid
1908 5650 2124 5710 facere.
2153 5678 2174 5705 η

573 5715 686 5805 (85)
721 5715 870 5775 Tres
901 5733 1076 5795 mss.,
1130 5715 1158 5773 «⁷
1198 5721 1257 5777 et
1300 5715 1630 5781 divisiones
1676 5715 2115 5803 misteriorum.
2150 5748 2175 5780 υ

2287 554 2567 627 loquitur,
2599 554 2803 609 audire
2834 571 2865 608 a
2902 554 3072 609 Patre
3104 555 3330 611 dicitur.

2361 644 2480 698 137.
2515 644 2664 708 Quid
2697 644 2749 698 si
2800 644 2985 698 doceo
3036 644 3173 714 quia
3221 648 3277 699 et
3306 645 3461 702 Pater
3499 652 3635 706 audit
3658 653 3826 728 Filium,

2287 734 2442 788 sicut
2462 737 2518 787 et
2539 733 2725 787 Filius
2747 734 2907 787 audit
2927 733 3155 788 Patrem
3176 735 3205 787 ἵ)
3237 734 3423 791 Habes
3458 739 3592 794 enim
3621 745 3830 814 scriptum

2286 822 2346 876 in
2379 822 2725 894 Evangelio,
2786 822 2923 893 quia
2957 822 3097 877 dicit
3146 821 3365 880 Filius:
3416 849 3437 875 ι
3482 825 3644 900 Pater,
3677 835 3832 902 gratias

2285 911 2392 966 tibi
2423 927 2558 983 ago,
2594 912 2731 982 quia
2759 911 2977 965 audisti
3008 927 3099 967 me
3148 912 3335 981 (Joan.
3357 930 3433 983 χι,
3471 915 3572 984 41).
3603 940 3621 966 ιι
3648 918 3837 983 Quomo.

2287 1000 2362 1055 do
2393 1001 2615 1054 audivit
2640 1002 2816 1054 Pater
2855 1000 3087 1070 Filium,
3140 1016 3273 1054 cum
3318 1000 3492 1057 Filius
3520 1004 3643 1059 nihil
3679 1008 3736 1062 ad
3761 1010 3835 1063 Pa-

2285 1092 2433 1144 trem
2466 1090 2522 1143 in
2554 1089 2966 1160 superioribus
2999 1090 3071 1143 de
3101 1089 3320 1145 Lazaro
3348 1090 3422 1144 sit
3446 1091 3692 1149 locutus?
3714 1098 3778 1150 Ae
3791 1114 3840 1153 ne

2286 1183 2526 1250 putares
2557 1179 2693 1249 quia
2725 1180 2908 1233 semel
2941 1194 2974 1232 a
3009 1179 3176 1233 Patre
3207 1180 3434 1234 auditus
3461 1185 3545 1236 est
3576 1180 3744 1253 Filias,
3769 1187 3842 1241 ad-

2295 1268 2475 1323 didit:
2540 1290 2562 1316 ιι
2600 1267 2672 1322 Et
2713 1284 2827 1340 ego
2884 1267 3147 1323 sciebam
3180 1269 3316 1338 quia
3370 1285 3588 1340 semper
3613 1287 3689 1326 me
3724 1275 3846 1329 audis

2288 1357 2465 1426 (Ibid.
2496 1355 2609 1426 42).
2649 1377 2672 1407 ι
2733 1356 2893 1429 Ergo
2921 1373 3039 1411 non
3087 1357 3383 1428 subjecta
3435 1358 3849 1431 obedientite,sed

2287 1446 2530 1500 unitatis
2561 1444 2797 1500 auditus
2827 1449 2921 1500 est
2948 1446 3348 1516 sempiterna.

2360 1532 2483 1589 138.
2517 1534 2799 1589 Similiter
2825 1534 3009 1607 igitur
3050 1539 3108 1589 et
3147 1535 3352 1590 audire
3400 1551 3433 1590 a
3457 1536 3614 1592 Patre
3649 1536 3853 1609 Spiritus,

2287 1626 2346 1678 et
2376 1623 2702 1678 clariﬁcare
2732 1623 2944 1678 Filium
2976 1624 3210 1678 dicitur.
3244 1624 3567 1681 Clariticare
3603 1626 3732 1693 ideo,
3754 1628 3850 1697 quia

2288 1712 2488 1766 docuit
2518 1728 2629 1767 nos
2659 1712 2916 1782 Spiritus
2949 1717 3194 1767 sanctus
3227 1711 3436 1768 Filium
3479 1714 3579 1769 Dei
3620 1715 3856 1786 imaginem

2289 1816 2427 1855 esse
2459 1801 2781 1855 invisibilis
2813 1801 2918 1855 Dei
2949 1801 3209 1870 (Coloss.
3242 1819 3283 1872 ι,
3336 1802 3426 1872 15)
3472 1806 3527 1856 et
3567 1802 3857 1872 splendorem

2288 1890 2516 1961 gloriae,
2549 1894 2605 1945 et
2645 1894 3001 1945 caracterem
3033 1891 3386 1946 substantiae
3415 1890 3545 1962 ejus
3574 1890 3751 1958 (Hebr.
3766 1908 3794 1957 ι,
3807 1891 3857 1959 3).

2288 1978 2544 2048 Spiritus
2568 1980 2723 2033 enim
2756 1983 2813 2033 et
2844 1980 2902 2032 in
2935 1980 3293 2049 patriarchis
3336 1983 3396 2034 et
3438 1980 3496 2034 in
3526 1979 3782 2050 prophetis
3801 1978 3858 2033 lo-

2289 2073 2462 2122 culus
2491 2071 2619 2122 est:
2679 2071 2735 2122 et
2765 2069 3017 2139 apostoli
3075 2069 3333 2140 denique
3371 2072 3511 2123 tunc
3564 2069 3864 2139 perfectiores

2288 2173 2427 2212 esse
2461 2160 2786 2227 cmperunt,
2836 2160 3221 2229 posteaquam
3281 2157 3559 2227 Spiritum
3602 2160 3866 2227 receperunt

2286 2246 2423 2316 (85).
2457 2246 2631 2300 Nulla
2664 2262 2809 2318 ergo
2840 2247 3118 2300 distantia
3162 2246 3386 2301 divina
3430 2247 3653 2301 virtutis
3691 2250 3739 2299 et
3775 2260 3867 2316 gra-

2285 2335 2425 2403 tiae;
2476 2351 2609 2388 nam
2654 2335 2792 2390 licet
2825 2356 2847 2383 α
2884 2335 3212 2390 divisiones
3265 2336 3584 2408 gratiarum
3627 2335 3744 2401 sint,
3769 2333 3870 2386 idem

2286 2426 2479 2477 autem
2512 2423 2803 2494 Spiritus:
2850 2428 2907 2478 et
2937 2424 3271 2479 divisiones
3322 2423 3755 2479 ministeriorum
3777 2422 3872 2487 sint,

2286 2511 2439 2566 idem
2472 2517 2667 2566 autem
2700 2513 3027 2568 Dominus:
3082 2516 3139 2568 et
3167 2513 3507 2568 divisiones
3552 2511 3873 2582 operationem

2287 2601 2425 2670 sint,
2487 2601 2642 2656 idem
2699 2606 2892 2656 autem
2950 2603 3131 2673 Deus,
3180 2603 3287 2674 qui
3348 2605 3619 2673 operatur
3669 2597 3880 2654 omniain

2287 2690 2563 2745 omnibus
2594 2689 2648 2759 (Ι
2676 2690 2811 2745 Cor.
2844 2707 2948 2760 xu,
2977 2690 3128 2761 4-6).
3166 2714 3189 2740 ιι
3224 2691 3575 2746 Divisiones
3595 2693 3718 2745 sunt
3741 2699 3883 2741 mune-

2286 2795 2436 2849 rum,
2471 2795 2589 2834 non
2621 2780 3030 2849 separationes
3062 2780 3396 2835 Trinitatis.

2357 2884 2479 2940 139.
2513 2886 2779 2958 Denique
2810 2886 2966 2941 idem
2995 2888 3089 2941 est
3130 2886 3299 2941 Deus
3331 2886 3435 2958 qui
3466 2887 3727 2957 operatur
3747 2880 3887 2937 omnia

2285 2975 2345 3029 in
2378 2975 2694 3042 omnibus;
2746 2978 2807 3030 ut
2839 2975 3001 3033 scias
3030 2976 3169 3047 quia
3202 2991 3330 3031 non
3363 2978 3460 3030 est
3507 2974 3763 3030 discretio
3786 2983 3886 3041 ope-

2284 3064 2532 3117 rationis
2564 3063 2718 3119 inter
2750 3064 2934 3119 Deum
2967 3065 3197 3119 Patrem
3229 3068 3293 3119 et
3341 3065 3627 3134 Spiritum
3669 3064 3888 3123 sanctum,

500 3183 558 3237 v,
583 3165 710 3239 30);
756 3189 778 3218 ιι
815 3172 892 3239 et,
937 3192 959 3217 ιι
1005 3169 1138 3225 Non
1176 3174 1372 3242 potest
1404 3171 1561 3225 aliud
1594 3149 1789 3227 facere
1816 3173 1930 3243 (81)
1961 3149 2168 3241 Filius,
2209 3183 2263 3256 α
2287 3153 2521 3256 (flando
2540 3168 2607 3253 ετξ
2630 3169 2763 3224 quae
2787 3158 3062 3256 099mm“
3096 3153 3364 3254 S'Pif‘itus
3402 3149 3890 3256 Ogemtuf'etpff":

2288 3243 2467 3311 Deus,
2504 3243 2641 3313 quia
2672 3247 2948 3312 operatur
2977 3243 3171 3297 omnia
3201 3243 3266 3298 in
3301 3242 3608 3298 omnibus.
3652 3240 3781 3296 Nam
3804 3248 3895 3290 cum

2286 3338 2565 3402 operetur
2594 3332 2788 3387 omnia
2837 3332 2897 3387 in
2929 3332 3205 3387 omnibus
3245 3333 3456 3388 Pater:
3499 3355 3521 3379 τι
3570 3330 3678 3385 Alii
3708 3352 3728 3377 ιι
3756 3329 3892 3380 tamen

2289 3441 2312 3471 α
2349 3422 2546 3475 datum
2576 3436 2682 3491 per
2711 3421 2994 3492 Spiritum
3024 3437 3224 3477 sermo
3272 3420 3615 3492 sapientia,
3646 3417 3735 3473 alii
3759 3425 3897 3471 sermo

2286 3510 2553 3564 scientiae
2573 3511 2899 3565 secundum
2922 3510 3192 3565 eumdem
3214 3511 3536 3581 Spiritum,
3552 3508 3714 3564 alteri
3729 3505 3843 3560 ﬁdes
3858 3502 3895 3552 in

2284 3599 2492 3653 eodem
2516 3599 2757 3670 Spiritu,
2790 3599 2887 3653 alii
2907 3600 3095 3671 gratia
3119 3603 3511 3655 curationum
3542 3599 3605 3653 in
3631 3612 3737 3653 uno
3766 3588 3898 3663 Spiri-

2283 3690 2365 3758 tu,
2385 3688 2485 3743 alii
2502 3688 2763 3758 operatio
2782 3688 3080 3757 virtutum,
3099 3689 3198 3743 alii
3238 3690 3586 3760 praphetia,
3605 3686 3699 3741 alii
3729 3684 3897 3738 discre-

2282 3777 2363 3831 tio
2386 3778 2720 3847 spirituum,
2744 3777 2842 3831 alii
2859 3793 3082 3849 genera
3102 3777 3485 3849 linguarum,
3508 3776 3611 3831 alii
3632 3769 3901 3842 interpreta-

2284 3866 2364 3920 tio
2396 3881 2759 3921 sermonum.
2819 3866 2962 3921 Heec
2991 3870 3186 3921 autem
3248 3868 3462 3922 omnia
3496 3868 3758 3937 operatur
3796 3870 3902 3913 unus

2284 3959 2458 4026 atque
2488 3955 2645 4010 idem
2672 3955 2949 4027 Spiritus,
2982 3955 3263 4011 dividens
3298 3956 3573 4030 singulis
3621 3949 3795 4027 proult
3822 3941 3906 3999 vult

2286 4044 2465 4114 (Ibid.
2498 4044 2679 4115 8-11).

2358 4149 2481 4206 140.
2508 4151 2640 4206 Non
2663 4154 2756 4206 est
2772 4166 2917 4224 ergo
2950 4151 3194 4207 dubium
3225 4153 3386 4225 quin
3416 4168 3490 4208 ea
3519 4166 3653 4224 quae
3697 4142 3909 4220 operatur

2284 4240 2476 4310 Pater,
2498 4245 2774 4311 operetur
2793 4245 2850 4296 et
2868 4241 3147 4313 Spiritus.
3179 4243 3318 4297 Nec
3342 4259 3425 4297 ex
3461 4244 3764 4314 praecepto,
3799 4230 3910 4286 είοαί

2283 4330 2385 4402 qui
2408 4332 2792 4401 corporaliter
2811 4331 2992 4400 audit,
3044 4336 3373 4402 operatur:
3410 4332 3526 4387 sed
3554 4346 3631 4386 ex
3656 4322 3909 4383 voluntate:

2282 4420 2383 4490 qui
2403 4420 2496 4474 sui
2519 4423 2609 4474 est
2632 4419 2783 4475 liber
2798 4420 3045 4489 arbitrii,
3081 4436 3200 4476 non
3233 4421 3465 4477 alienae
3500 4418 3745 4476 famulus
3770 4415 3910 4502 poles:

2282 4510 2439 4563 tatis.
2466 4509 2599 4564 Non
2616 4510 2771 4564 enim
2789 4509 2962 4581 quasi
2986 4509 3205 4581 jussus
3239 4510 3648 4581 obtemperat,
3666 4503 3763 4561 sed
3784 4508 3910 4572 quasi

2283 4598 2532 4670 largitor
2561 4615 2689 4653 suae
2722 4598 3060 4653 moderator
3086 4602 3179 4654 est
3207 4598 3555 4672 largitatis.

2357 4706 2479 4761 141.
2512 4706 2657 4761 Vide
2680 4722 2836 4761 nunc
2865 4706 3097 4761 interim
3129 4710 3340 4761 utrum
3375 4706 3582 4762 omnia
3611 4694 3814 4774 operari
3848 4689 3910 4745 di:

2285 4810 2388 4849 cas
2439 4794 2719 4865 Spiritum
2779 4811 2914 4866 quae
2975 4800 3259 4865 operatur
3292 4800 3357 4851 et
3416 4798 3599 4850 Pater
3624 4786 3910 4866 negarit?

2287 4899 2420 4938 men
2477 4859 2596 4938 non
2654 4859 2823 4954 potes
2896 4859 3034 4955 (86)-
3066 4885 3201 4955 quia
3268 4859 3784 4955 operatur'Pater
3808 4859 3909 4965 66i-

2286 4988 2420 5044 quee
2444 4977 2721 5043 operatur
2737 4972 2990 5043 Spiritus
3022 4979 3277 5027 sanctus
3306 4990 3320 5029 :
3358 4973 3632 5044 alioquin
3648 4983 3755 5024 non
3774 4969 3910 5020 omml

2286 5068 2565 5133 operatur
2595 5062 2782 5131 Pater,
2844 5062 2897 5117 si
2928 5078 3046 5117 non
3078 5068 3378 5132 operatur
3422 5078 3493 5117 ea
3527 5075 3657 5132 quae
3701 5054 3910 5126 ορθνείω

2283 5155 2340 5206 et
2397 5152 2675 5222 Spiritus.
2732 5150 2901 5216 Quod
2961 5153 3014 5206 si
3044 5167 3112 5206 ea
3169 5169 3317 5223 quae
3354 5156 3644 5223 Operatur
3698 5141 3905 5215 Spiritus

2284 5247 2560 5310 operatur
2625 5245 2681 5295 et
2744 5242 2967 5311 Pater;
3038 5257 3170 5296 cum
3246 5242 3526 5312 Spiritus
3606 5231 3910 5320 operatione“

2284 5346 2427 5384 suas
2484 5347 2591 5400 pro
2652 5330 2947 5385 voluntate
3006 5346 3114 5384 sua
3173 5330 3438 5399 dividat,
3497 5340 3741 5385 necesse
3787 5320 3861 5374 est
3884 5326 3910 5364 lt

2283 5420 2441 5490 quod
2472 5419 2677 5473 dividit
2712 5419 2988 5489 Spiritus,
3020 5424 3119 5473 aut
3167 5421 3369 5474 invito
3419 5422 3591 5474 Patre
3641 5417 3770 5477 Deo,
3797 5406 3910 5490 dicas

2284 5488 2419 5564 eum
2451 5523 2526 5563 ex
2558 5525 2668 5563 sua
2698 5488 2996 5564 voluntate
3028 5509 3303 5565 dividere
3334 5524 3349 5567 :
3404 5512 3511 5565 aut
3539 5508 3593 5563 si
3642 5503 3785 5560 idem
3805 5488 3910 5549 vel“

2355 5654 2469 5726 (86)
2503 5654 2649 5710 Mss.
2681 5653 2925 5730 aliquot,
2962 5672 2987 5709 α
3020 5652 3226 5714 videro
3282 5669 3573 5721 nunc.....
3636 5638 3823 5724 negari
3857 5638 3910 5694 ιε·

2281 5741 2420 5787 men
2449 5742 2569 5787 non
2595 5729 2813 5804 potest.
2852 5747 2876 5782 υ
