4090 6174
134 311 266 378 eos
1303 304 1418 373 DE
1457 302 1800 375 SPIRITU
1841 304 2180 375 SANCTO
2222 307 2381 374 LIB.
2417 308 2500 372 II.

3479 307 3608 380 ωδ

139 512 375 568 dixeris
406 509 639 565 Patrem
688 507 847 581 quod
903 507 1030 564 vult
1067 507 1323 580 Spiritus
1382 513 1651 580 sanctus,
1714 526 1822 566 ne-
1850 494 1908 556 Α
1938 528 2059 581 xw,
2089 511 2166 582 Ἴ).
2203 511 2272 567 Et
2303 513 2458 567 sicut
2490 511 2664 567 Pater
2690 507 2928 567 locutus
2974 514 3067 568 est
3110 526 3219 583 per
3261 510 3605 583 prophetas,

87 593 118 640 ί
140 617 324 657 cesse
352 604 444 654 est
464 603 525 653 ut
548 599 824 653 unitatem
855 598 1176 654 voluntatis
1217 601 1696 671 operationisque
1729 600 1822 655 di-
1937 601 2012 656 ita
2037 602 2209 656 etiam
2232 601 2304 656 de
2335 602 2556 672 Spiritu
2577 601 2820 672 Agabus
2843 601 2985 656 dicit
3012 618 3024 657 :
3054 625 3076 650 ιι
3097 602 3238 656 Haec
3261 603 3402 656 dicit
3424 601 3609 672 Spiri-

140 692 302 745 vinae
335 689 452 759 (8‘7)
483 689 577 743 vel
609 688 850 758 invitus,
887 687 1000 742 etsi
1040 703 1159 742 non
1217 689 1420 757 corde,
1456 689 1664 743 saltem
1720 703 1823 744 ore
1934 694 2030 745 tus
2063 694 2307 746 sanctus
2341 707 2354 745 :
2392 691 2593 745 Virum
2625 691 2802 761 cujus
2835 697 2926 746 est
2959 706 3104 746 zona
3123 691 3273 757 haec,
3298 691 3389 745 sic
3412 691 3612 763 alliga-

143 779 412 833 fatearis.

216 867 344 922 142.
377 865 545 931 Quod
570 867 620 920 si
655 866 833 921 unius
852 869 909 920 et
937 865 1256 921 voluntatis
1276 869 1333 921 et
1350 867 1713 937 operationis
1736 869 1830 921 est

148 972 284 1011 cum
321 957 492 1011 Patre
531 956 651 1010 Deo
680 955 937 1026 Spiritus
967 960 1234 1024 sanctus,
1270 957 1448 1010 unius
1479 957 1656 1010 etiam
1687 956 1829 1010 sub-

147 1047 386 1102 stantia
404 1049 528 1114 est;
550 1044 830 1116 quoniam
850 1060 924 1099 ex
947 1044 1229 1114 operibus
1253 1045 1381 1098 suis
1405 1049 1636 1100 creator
1651 1060 1830 1117 agno-

147 1137 359 1189 scitur.
399 1158 421 1182 «
457 1133 617 1188 Idem
649 1133 831 1204 igitur
857 1131 1137 1202 Spiritus,
1169 1132 1344 1202 idem,
1381 1133 1590 1204 inquit,
1621 1133 1824 1187 Domi-

144 1240 285 1294 nus,
319 1224 496 1292 idem,
521 1222 728 1294 inquit,
756 1222 917 1276 Deus
947 1221 1124 1290 (Ibid.
1156 1220 1213 1289 4,
1243 1223 1296 1289 5,
1329 1221 1405 1290 6).
1447 1246 1468 1269 ιι
1507 1221 1576 1275 Et
1605 1222 1658 1276 si
1691 1222 1822 1292 Spi-

144 1315 329 1369 ritum
357 1313 546 1382 dicas,
579 1311 736 1366 idem
765 1314 857 1364 est
890 1325 904 1366 :
936 1314 993 1365 et
1024 1311 1078 1365 si
1109 1310 1422 1365 Dominum
1449 1310 1636 1374 dicas,
1670 1310 1830 1366 idem

146 1407 244 1458 est
277 1418 291 1457 :
328 1405 385 1457 et
413 1401 466 1456 si
499 1401 682 1454 Deum
713 1398 901 1469 dicas,
935 1398 1091 1454 idem
1123 1402 1233 1454 est.
1268 1399 1402 1454 Non
1433 1399 1588 1454 idem
1605 1402 1669 1454 ut
1700 1399 1830 1470 ipse

148 1492 351 1558 Pater,
385 1492 514 1561 ipse
543 1489 751 1558 Filius,
785 1490 915 1560 ipse
945 1489 1023 1544 sit
1078 1488 1335 1560 Spiritus
1386 1506 1399 1544 :
1452 1489 1560 1544 sed
1606 1489 1744 1560 quia
1774 1491 1833 1542 et

148 1581 338 1636 Pater
366 1583 424 1633 et
453 1579 635 1633 Filius
669 1577 942 1649 ejusdem
990 1582 1077 1632 es!
1115 1577 1447 1648 potestatis.
1495 1577 1655 1632 Idem
1683 1592 1830 1650 ergo

148 1672 244 1724 est
275 1684 386 1739 per
413 1668 801 1722 substantiam
834 1670 1009 1737 atque
1047 1667 1362 1736 virtutem;
1403 1666 1542 1738 quia
1590 1682 1708 1722 non
1740 1671 1834 1721 est

153 1760 214 1813 in
245 1757 560 1812 divinitate
593 1756 687 1810 vel
737 1755 1075 1810 Sabelliana
1120 1755 1418 1825 confusio,
1464 1755 1559 1809 vel
1616 1757 1833 1810 Ariana

152 1847 460 1916 discretio,
493 1845 587 1900 vel
619 1849 851 1899 terrena
882 1844 1330 1916 corporalisque
1352 1844 1616 1899 mutatio.

762 1933 1014 1988 CAPUT
1045 1933 1194 1988 XIII.

157 2024 550 2096 Propbetiarn
578 2022 789 2096 fuisse
805 2037 918 2096 non
937 2021 1122 2078 solum
1153 2038 1185 2076 a
1220 2022 1407 2096 Patre
1427 2037 1495 2076 ac
1523 2021 1703 2096 Filio,
1726 2021 1836 2076 sed

226 2093 409 2174 etiam
429 2094 712 2174 aSpiritu
735 2093 940 2174 :bqjus
973 2108 1196 2174 quoque
1217 2095 1374 2174 idem
1395 2110 1522 2174 cum
1545 2095 1636 2174 eis
1654 2093 1835 2174 impef

230 2169 388 2220 rium
412 2164 584 2238 atque
598 2164 1003 2238 operationem
1017 2165 1079 2238 in
1094 2164 1387 2238 apostolos
1397 2164 1760 2238 significari;
1777 2169 1834 2238 et

234 2238 380 2292 inde
403 2238 464 2289 in
485 2235 697 2290 'tribus
720 2235 1168 2305 intelligendam
1189 2237 1447 2307 imperii,
1478 2236 1840 2290 constitutio-

229 2310 331 2362 nis
345 2308 768 2378 largitatisque
799 2308 1081 2378 unitatem
1101 2326 1118 2360 :
1141 2323 1252 2361 non
1285 2308 1607 2378 timendum
1643 2313 1836 2361 tamen

231 2394 394 2434 exeo
409 2377 711 2432 consortio
723 2377 875 2449 pra'j
882 2377 1135 2432 udicium
1161 2394 1176 2446 ;
1209 2394 1334 2432 cum
1350 2377 1498 2431 illud
1519 2393 1627 2432 nec
1651 2379 1711 2431 in
1735 2378 1837 2431 bu-

228 2465 402 2504 mana
436 2449 700 2521 amicitia
729 2449 915 2521 locum
958 2449 1193 2521 habeat.
1222 2449 1490 2521 Denique
1528 2449 1680 2502 hanc
1703 2462 1838 2503 esse

233 2520 573 2592 apostolica:
620 2519 764 2592 fidei
800 2519 1216 2592 hereditatem
1257 2519 1404 2592 hinc
1432 2521 1836 2592 confirmatur,

236 2590 390 2665 quod
421 2591 672 2662 apostoli
696 2590 1047 2646 scribantur
1075 2591 1337 2662 Spiritui
1367 2597 1574 2646 sancto
1609 2590 1839 2646 obtem-

229 2678 508 2736 parasse.

238 2769 364 2824 143.
389 2768 609 2839 Accipe
637 2767 817 2840 aliud,
850 2771 1054 2824 sancte
1085 2767 1429 2840 Imperator,
1449 2769 1509 2824 in
1531 2782 1711 2823 causa
1741 2783 1841 2822 va-

163 2859 352 2914 lidum
379 2857 714 2928 exemplum
744 2857 857 2927 (88)
887 2862 943 2913 et
990 2857 1096 2912 tibi
1126 2862 1348 2913 notum.
1387 2881 1408 2906 ιι
1445 2857 1840 2927 Multifariam,

161 2949 378 3020 inquit,
411 2951 468 3002 et
507 2946 704 3000 multis
738 2946 928 3000 modis
960 2948 1132 3001 etiam
1167 2947 1324 3002 Deus
1355 2947 1589 3002 locutus
1617 2951 1712 3002 est
1741 2963 1840 3016 pa-

160 3038 359 3092 tribus
390 3036 450 3090 in
480 3036 784 3106 prophetis
814 3033 1024 3103 (Hebr.
1051 3051 1090 3105 ι,
1116 3034 1226 3106 12).
1261 3059 1284 3084 ιι
1323 3035 1393 3090 Et
1414 3035 1710 3106 Sapientia
1733 3035 1840 3090 Dei

1933 778 2081 832 bunt
2125 794 2256 833 eum
2303 781 2362 832 in
2394 779 2725 834 Jerusalem
2774 780 2934 847 (Act.
2983 797 3103 843 xxi,
3140 780 3249 848 11).
3300 800 3322 829 ι
3351 779 3418 834 Ει
3454 781 3610 834 sicut

1934 868 2096 922 misit
2127 868 2425 937 Sapientia
2455 868 2786 938 apostolos,
2821 868 3029 922 dicens
3064 883 3078 923 :
3119 891 3139 916 ιι
3176 869 3256 922 Ite
3297 868 3356 922 in
3404 868 3609 923 orbem

1934 957 2302 1025 universum,
2335 960 2393 1010 et
2423 957 2741 1026 preedicate
2789 956 3179 1028 Evangelium
3217 957 3430 1026 (Marc.
3484 974 3605 1028 xvr,

1937 1046 2026 1116 15)
2060 1060 2074 1100 :
2112 1069 2134 1093 ιι
2169 1045 2258 1099 sic
2288 1048 2345 1100 et
2388 1045 2717 1099 Barnabam
2760 1046 2820 1100 in
2868 1062 3020 1116 opus
3069 1062 3187 1117 quo
3231 1047 3445 1101 vocavi
3499 1061 3606 1101 eos

1935 1135 2094 1202 (Act.
2130 1151 2257 1203 XIII,
2288 1131 2367 1202 2).
2409 1157 2431 1181 ιι
2491 1135 2688 1206 Itaque
2721 1136 3025 1204 praemissi
3063 1150 3096 1188 a
3126 1134 3349 1205 Spiritu
3377 1139 3605 1205 sancto,

1935 1223 2093 1294 quod
2124 1222 2276 1277 infra
2296 1221 2599 1293 Scriptura
2631 1224 2850 1278 indicat
2889 1223 3069 1292 (Ibid.
3093 1223 3150 1292 4)
3176 1239 3190 1291 ;
3224 1224 3445 1278 nullam
3476 1223 3604 1277 dis-

1938 1312 2257 1366 cretionem
2282 1311 2436 1366 inter
2455 1317 2707 1368 caeteros
2730 1313 3064 1367 habuerunt
3081 1313 3409 1382 apostolos,
3434 1311 3610 1383 quasi

1937 1402 2108 1456 aliter
2150 1417 2183 1455 a
2228 1400 2400 1456 Patre
2447 1401 2610 1472 Deo,
2661 1401 2832 1456 aliter
2894 1418 2927 1456 a
2968 1401 3190 1472 Spiritu
3242 1402 3611 1457 mitterentur

1938 1489 2118 1558 (Ibid.
2142 1490 2218 1559 4).

2013 1597 2135 1652 146.
2171 1597 2436 1670 Denique
2467 1612 2602 1653 cum
2621 1597 2844 1652 Paulus
2867 1599 3094 1653 missus
3117 1600 3282 1653 esset
3301 1613 3334 1652 a
3364 1595 3606 1668 Spiritu,

1942 1689 1999 1742 et
2027 1703 2136 1742 vas
2165 1686 2473 1742 electionis
2503 1690 2628 1742 erat
2647 1686 2888 1756 Christi,
2921 1691 2978 1742 et
3009 1687 3194 1742 Deum
3217 1687 3276 1740 in
3308 1703 3375 1741 se
3397 1701 3611 1758 opera-

1943 1779 2064 1830 tum
2086 1791 2225 1830 esse
2255 1779 2695 1844 commemorat,
2729 1775 2936 1830 dicens
2963 1791 2975 1829 :
3015 1798 3035 1823 α
3072 1774 3182 1839 Qui
3213 1775 3370 1830 enim
3395 1791 3612 1846 cpera-

1944 1867 2040 1919 tus
2070 1868 2163 1920 est
2191 1865 2365 1920 Petro
2399 1866 2458 1920 in
2474 1863 2866 1935 apostolatum
2886 1864 3386 1934 circumcisionis,
3406 1879 3615 1936 opera-

1943 1956 2041 2008 tus
2070 1956 2163 2008 est
2183 1956 2240 2007 et
2257 1952 2397 2008 mihi
2429 1953 2501 2007 ad
2524 1957 2736 2025 gentes
2760 1951 2981 2019 (Galat.
3015 1969 3076 2022 ιι,
3110 1953 3185 2021 8).
3218 1977 3240 2000 ιι
3265 1951 3411 2008 Cum
3435 1953 3616 2026 igitur

1943 2041 2099 2096 idem
2129 2042 2181 2097 si
2205 2046 2483 2112 operatus
2501 2043 2559 2096 in
2581 2040 2781 2107 Paulo,
2804 2043 2902 2112 qui
2920 2045 3012 2096 est
3033 2046 3311 2112 operatus
3333 2043 3394 2096 in
3417 2042 3612 2116 Petro,

1943 2131 2057 2185 hoc
2079 2132 2279 2202 utique
2311 2130 2643 2184 ostenditur
2679 2145 2812 2184 cum
2843 2129 3100 2199 Spiritus
3138 2130 3215 2184 sit
3244 2134 3524 2199 cperatus
3554 2132 3614 2186 in

1945 2219 2148 2288 Paulo,
2189 2219 2346 2290 quod
2389 2218 2562 2272 etiam
2612 2218 2670 2271 in
2703 2219 2878 2272 Petro
2909 2217 3164 2287 Spiritus
3181 2221 3439 2272 ‘sanctus
3470 2233 3614 2288 ope-

1942 2311 2106 2364 ratus
2129 2308 2226 2362 sit.
2249 2307 2364 2362 Sed
2389 2311 2445 2361 et
2465 2307 2647 2360 Deum
2668 2306 2896 2360 Patrem
2919 2306 2976 2360 in
2994 2321 3062 2361 se
3076 2311 3380 2376 operatum
3402 2305 3614 2361 Petrus

1945 2399 2074 2468 ipse
2104 2400 2370 2465 testatur,
2403 2396 2559 2450 sicut
2587 2399 2679 2450 est
2697 2396 2755 2449 in
2771 2394 3016 2450 Actibus
3033 2394 3457 2465 apostolorum,
3477 2395 3616 2466 quia

1947 2501 2208 2558 surgens
2234 2485 2443 2540 Petrus
2476 2484 2623 2538 dixit
2669 2484 2742 2538 ad
2773 2499 2880 2539 eos
2927 2498 2941 2539 :
2998 2505 3020 2533 ι
3058 2483 3180 2538 Viri
3213 2483 3452 2552 fratres,
3501 2498 3613 2538 vos

1947 2575 2118 2630 scitis
2149 2574 2285 2647 quia
2325 2590 2358 2628 a
2388 2573 2601 2629 diebus
2630 2573 2890 2644 antiquis
2938 2571 2998 2628 in
3045 2571 3220 2627 nobis
3255 2573 3414 2628 Deus
3435 2571 3620 2644 elegit

1949 2680 2025 2719 ex
2053 2679 2154 2720 ore
2188 2678 2316 2718 meo
2337 2663 2541 2717 audire
2571 2664 2842 2718 nationes
2863 2660 3110 2717 verbum
3133 2660 3442 2733 Evangelii
3459 2661 3616 2729 (Act.

1948 2770 2049 2822 xv,
2073 2753 2150 2822 Ἳ).
2186 2771 2209 2802 ι
2245 2751 2398 2806 Ecce
2431 2752 2612 2823 igitur
2640 2751 2698 2806 in
2728 2752 2902 2806 Petro
2936 2751 3095 2806 Deus
3126 2749 3373 2823 gratiam
3405 2749 3620 2820 prandi-

1952 2842 2203 2898 cationis
2233 2844 2512 2912 operatus
2541 2844 2653 2896 est.
2690 2840 2752 2895 In
2784 2855 2902 2912 quo
2925 2842 3125 2912 utique
3155 2832 3288 2894 cum
3312 2854 3418 2910 per
3445 2838 3622 2893 Chri-

1952 2935 2108 2987 stum
2141 2931 2367 2986 electus
2398 2931 2476 2984 sit
2505 2933 2562 2984 et
2591 2933 2959 3000 assumptus,
2980 2930 3382 3000 operationem
3403 2924 3625 2983 Christi

1953 3023 2090 3094 quis
2121 3021 2331 3075 audeat
2383 3019 2643 3088 diffiteri,
2704 3034 2837 3074 cum
2887 3019 3017 3088 ipse
3067 3018 3355 3073 Dominus
3412 3015 3622 3074 dicat:

166 3128 318 3182 dixit
351 3141 364 3180 :
403 3148 426 3172 ·
463 3104 684 3179 Μὶίιᾶιιιι
731 3125 1051 3195 prophetas
1076 3104 1153 3180 ret
1187 3104 1513 3195 apostolos
1551 3126 1714 3195 (Luc.
1757 3141 1836 3194 xi,

1959 3135 1979 3160 ιι
2020 3111 2212 3166 Pasce
2233 3109 2545 3183 agniculos
2586 3123 2751 3163 meos
2789 3107 2980 3176 (Joan.
3015 3123 3118 3161 xxx
3157 3106 3245 3177 15,
3280 3104 3418 3175 16)?
3453 3128 3474 3154 ιι

163 3216 280 3285 49).
324 3236 346 3264 ι
383 3213 474 3281 Et,
519 3238 541 3262 -
570 3213 684 3268 Alii
715 3213 906 3283 datur,
939 3213 1094 3268 sicut
1122 3215 1406 3285 scriptum
1425 3218 1537 3282 est,
1569 3229 1676 3284 per
1704 3213 1842 3284 Spi-

165 3306 350 3360 ritum
381 3319 580 3358 sermo
611 3303 937 3373 sapientiae,
973 3302 1072 3356 alii
1103 3318 1300 3358 sermo
1324 3303 1590 3358 scientiae
1622 3318 1842 3357 secun-

171 3394 314 3448 dum
346 3393 621 3448 eumdem
641 3392 948 3462 Spiritum,
980 3392 1078 3445 alii
1099 3392 1248 3446 ﬁdes
1280 3392 1340 3446 in
1362 3393 1570 3446 eodem
1600 3392 1842 3462 Spiritu,

165 3483 265 3536 alii
299 3482 490 3553 gratia
530 3481 895 3536 curationum
928 3481 986 3535 in
1021 3497 1136 3535 uno
1175 3479 1415 3550 Spiritu,
1451 3481 1550 3534 alii
1582 3481 1844 3551 operatio

169 3573 477 3640 virtutum,
509 3571 604 3624 alii
657 3570 960 3640 prophetia
1008 3569 1064 3638 (Ι
1091 3569 1226 3624 Cor.
1262 3587 1374 3637 χιι,
1407 3570 1587 3638 8-10).
1624 3593 1646 3618 ιι
1686 3569 1844 3641 Ergo

170 3661 506 3716 secundum
536 3659 885 3730 Apostolum
913 3674 1032 3713 non
1063 3659 1256 3714 solum
1280 3673 1386 3729 per
1401 3659 1634 3713 Patrem
1665 3661 1723 3713 et
1754 3657 1846 3712 Fi-

175 3750 342 3814 lium,
367 3748 476 3802 sed
511 3749 681 3803 etiam
711 3764 820 3819 per
846 3748 1129 3818 Spiritum
1172 3752 1442 3802 sanctum
1491 3746 1800 3819 prophetia
1830 3761 1844 3803 :

173 3844 228 3894 et
258 3839 394 3893 ideo
421 3853 599 3892 unum
630 3853 867 3906 munus,
911 3852 1027 3890 una
1072 3839 1166 3890 est
1195 3835 1404 3908 gratia.
1440 3835 1642 3891 Habes
1697 3851 1844 3908 ergo

175 3928 314 4001 quia
337 3928 522 3982 etiam
551 3926 808 3998 Spiritus
838 3929 1045 3980 auctor
1082 3928 1174 3980 est
1202 3925 1665 3996 prophetiarum.

248 4017 374 4072 144.
411 4015 679 4087 Apostoli
710 4031 946 4086 quoque
977 4013 1291 4069 dixerunt:
1321 4036 1342 4061 ι
1373 4013 1580 4069 Visum
1611 4017 1703 4069 est
1722 4013 1853 4084 Spi-

173 4106 258 4160 tui
299 4108 510 4158 sancto
543 4107 599 4159 et
625 4103 800 4158 nobis
829 4103 986 4171 (Act.
1021 4119 1120 4170 xv,
1153 4101 1264 4172 28).
1311 4125 1334 4151 ιι
1371 4100 1441 4156 Et
1489 4118 1624 4157 cum
1652 4102 1856 4157 dicunt

2025 3218 2148 3273 147.
2183 3217 2312 3273 Una
2342 3215 2524 3288 igitur
2554 3215 2816 3285 operatio
2839 3213 3030 3267 Patris
3049 3216 3106 3268 et
3129 3211 3259 3267 Filii
3289 3215 3346 3266 et
3366 3211 3624 3282 Spiritus

1951 3307 2141 3364 sancti
2176 3323 2188 3362 :
2221 3306 2338 3360 nisi
2360 3305 2511 3358 forte
2534 3304 2646 3358 hoc
2666 3302 2902 3373 putetis,
2934 3302 3070 3373 quis
3093 3301 3326 3373 negatis
3349 3298 3626 3371 ejusdem

1953 3413 2099 3469 erga
2128 3393 2431 3466 apostolos
2464 3393 2664 3464 Operis
2695 3393 2998 3459 unitatem,
3031 3390 3163 3445 ideo
3197 3393 3499 3460 operatum
3517 3389 3628 3444 Pa-

1950 3489 2120 3554 trem,
2138 3484 2269 3539 ideo
2281 3486 2587 3554 operatum
2610 3480 2891 3552 Spiritum
2921 3480 2979 3534 in
3000 3479 3194 3548 Petro,
3217 3478 3277 3533 in
3298 3493 3415 3549 quo
3439 3476 3627 3532 Filius

1953 3579 2231 3646 Operatus
2271 3573 2478 3639 fuerat,
2512 3569 2680 3642 quasi
2711 3569 2766 3624 ei
2795 3567 2929 3623 Filii
2959 3569 3221 3640 operatio
3250 3568 3489 3622 minime
3523 3581 3624 3621 re-

1953 3664 2244 3720 dundaret
2281 3661 2354 3716 ad
2371 3661 2640 3733 gratiam.
2668 3658 2737 3714 Et
2779 3657 2912 3713 ideo
2934 3657 3094 3712 velut
3132 3656 3433 3728 adjunctis
3453 3659 3629 3726 atque

1955 3751 2187 3808 collatis
2219 3749 2450 3805 viribus
2514 3747 2704 3803 Patris
2763 3750 2821 3802 et
2873 3745 3008 3802 Filii
3058 3749 3116 3801 et
3147 3746 3401 3816 Spiritus
3441 3743 3631 3800 sancti

1957 3841 2357 3914 operationem
2422 3836 2614 3892 fuisse
2681 3835 3104 3907 multiplicem,
3165 3849 3239 3890 ne
3288 3834 3361 3889 ad
3411 3834 3631 3889 confir-

1958 3930 2236 3986 mandum
2268 3928 2504 3984 Petrum
2553 3924 2776 3980 Christi
2826 3924 3018 3981 solius
3069 3924 3332 3996 operatio
3389 3922 3631 3978 vacilla-

1959 4025 2068 4076 ret.

2035 4108 2156 4164 148.
2189 4107 2315 4164 Nec
2345 4105 2540 4162 solum
2571 4119 2688 4160 una
2725 4103 2987 4176 operatio
3034 4104 3093 4158 in
3142 4103 3316 4159 Petro
3346 4100 3546 4157 Patris
3576 4102 3635 4155 et

180 4218 200 4242 ι
244 4195 469 4262 visum,
501 4213 523 4241 ι
548 4207 665 4247 non
683 4191 876 4246 solum
894 4195 1265 4261 operatorem
1293 4192 1522 4263 gratiae,
1547 4191 1653 4247 sed
1679 4192 1856 4246 etiam
1963 4199 2092 4256 Filii
2125 4201 2183 4253 et
2213 4195 2468 4268 Spiritus
2497 4193 2688 4250 sancti
2717 4195 3032 4262 invenitur,
3069 4192 3174 4247 sed
3207 4191 3381 4246 etiam
3412 4190 3472 4245 in
3502 4204 3632 4245 om-

176 4287 484 4339 auctorem
537 4282 836 4352 imperatae
879 4280 1286 4336 exsecutionis
1318 4280 1656 4335 ostendunt.
1691 4279 1843 4335 Sicut

1966 4289 2144 4344 nibus
2165 4285 2453 4356 apostolis
2476 4283 2692 4339 divinae
2714 4281 3075 4353 operationis
3097 4280 3293 4335 unitas
3317 4277 3630 4348 reveletur,

176 4375 336 4429 enim
368 4373 444 4427 de
475 4372 596 4426 Deo
629 4371 922 4444 legimus:
960 4391 982 4420 α
1024 4369 1246 4425 Placuit
1286 4369 1443 4440 Deo;
1498 4394 1519 4417 ιι

1569 4370 1648 4424 ita
1679 4370 1854 4424 etiam
1883 4447 1914 4449 _
1967 4382 2025 4434 et
2054 4375 2324 4449 quaedam
2349 4389 2626 4444 supernae
2649 4372 3088 4427 constitutionis
3109 4369 3449 4424 auctoritas.
3481 4367 3630 4436 Ope-

182 4479 319 4518 cum
337 4462 558 4516 dicitur
585 4461 722 4532 quia
758 4482 779 4510 ι
816 4461 1011 4514 visum
1042 4463 1133 4514 est
1152 4457 1399 4529 Spiritui
1429 4459 1657 4529 sancto,
1696 4483 1717 4505 ιι
1760 4474 1852 4514 ar-
1882 4447 1936 4508 D
1969 4447 2115 4523 mu},
2146 4465 2303 4521 enim
2335 4464 2533 4518 divina
2566 4461 2742 4517 habet
2789 4460 3120 4530 imperium,
3167 4473 3285 4512 non
3317 4455 3494 4510 habet
3522 4453 3641 4509 mi-_

179 4552 336 4606 biter
364 4567 496 4606 suae
525 4549 875 4620 exprimitur
901 4548 1232 4619 potestatis.

253 4659 379 4714 142.
414 4657 484 4712 Et
539 4657 836 4730 quomodo
881 4672 1000 4712 non
1029 4656 1284 4725 arbiter,
1316 4655 1417 4728 qui
1446 4671 1514 4710 ea
1545 4670 1678 4727 quae
1707 4655 1853 4724 vult,

185 4751 469 4822 loquitur,
502 4763 636 4819 quae
676 4746 820 4815 vult,
868 4745 1139 4814 mandat;
1199 4745 1355 4799 sicut
1395 4745 1632 4800 mandat
1660 4745 1855 4811 Pater,

189 4839 426 4894 mandat
461 4841 519 4892 et
553 4834 737 4890 Filius
757 4837 786 4890 ?
827 4833 992 4890 Sicut
1021 4834 1176 4888 enim
1206 4833 1431 4888 audivit
1459 4832 1679 4888 Paulus
1713 4831 1858 4896 662

187 4943 396 4983 vocem
428 4926 720 4981 dic’entem
751 4923 867 4980 sibi
903 4941 914 4979 :

187 5033 361 5089 quem
396 5020 459 5070 tu
490 5013 872 5086 persequeris
904 5014 1062 5082 (Act.
1113 5029 1196 5081 ix,
1229 5013 1304 5080 5),

189 5109 337 5161 ritus
361 5105 616 5160 Paulum
639 5107 696 5158 et
713 5103 896 5158 Silam
917 5103 1104 5156 vetuit
1134 5102 1224 5156 ire
1254 5100 1313 5154 in
1347 5100 1678 5171 Bithyniam
1699 5099 1856 5170 (Act.

257 5250 374 5319 (8'7)
407 5248 690 5304 Nonnulli
723 5263 869 5302 mss.
897 5289 911 5317 ,

192 5324 370 5378 tionis
403 5322 640 5374 divinae.
679 5342 700 5368 ιι

256 5394 376 5460 (88)
410 5393 490 5446 Ita
523 5407 666 5446 mss.
693 5392 895 5462 plures
912 5388 1255 5460 acpotiores
1289 5403 1302 5443 :
1337 5386 1435 5441 alii
1465 5401 1630 5462 vero,
1656 5387 1865 5462 etcum

193 5455 284 5520 bis
301 5455 517 5520 omnes
532 5455 1016 5530 edit.,-conﬁxere
1040 5475 1245 5515 vocem
1273 5483 1292 5507 ιι
1312 5457 1718 5530 exemplum._-
1738 5455 1863 5530 Nec

193 5539 363 5592 aliam
386 5535 572 5606 hujus
590 5526 1003 5604 expunctionis
1019 5547 1259 5587 causam
1277 5526 1692 5606 putamus‘,_nisi
1705 5526 1863 5606 quod

198 5628 218 5659 ι
251 5601 612 5680 exemplum,
645 5601 793 5680 {ubi
823 5606 895 5660 de
925 5601 1621 5680 Scriptnrzetestimoniis
1643 5603 1860 5680 agitur,

194 5681 390 5736 visum
420 5672 514 5734 est
542 5672 718 5732 nimis
740 5672 1144 5748 improprium.
1171 5677 1440 5748 Attamen
1475 5672 1632 5748 hunc
1666 5672 1863 5740 ipsum

197 5755 508 5808 tractatum
522 5751 624 5822 qui
644 5743 989 5822 diligentius
1006 5746 1357 5822 examinarit
1371 5743 1637 5822 eamdem
1652 5755 1863 5822 vocem

198 5823 304 5884 hoc
335 5825 474 5904 ipso
507 5812 694 5884 sénsu
727 5812 885 5886 haud
929 5818 1116 5881 semel
1155 5816 1412 5896 positam
1437 5812 1863 5894 deprehendet‘

951 4945 974 4972 ι
1012 4922 1139 4995 Ego
1184 4938 1340 4992 sum,
1379 4921 1588 4994 inquit,
1638 4920 1817 4975 Jesus
1843 4959 1858 4989 ,

1346 5036 1366 5058 ιι
1403 5015 1480 5066 ita
1519 5011 1692 5065 etiam
1724 5008 1860 5080 Spi-

967 5269 988 5294 «
1037 5261 1213 5300 unam
1242 5244 1602 5300 voluntatem
1649 5257 1861 5314 opera-

1966 4554 2313 4623 nisterium;
2364 4567 2556 4624 neque
2587 4551 2745 4606 enim
2793 4565 2926 4604 cum
2978 4550 3254 4618 Operatur
3307 4544 3488 4612 Deus,
3537 4544 3636 4597 aut

1963 4646 2168 4703 labore
2197 4642 2416 4714 aliquid
2449 4640 2715 4695 extundit
2745 4637 2877 4709 (89),
2928 4639 3027 4691 aut
3057 4639 3179 4689 arte
3214 4647 3226 4690 :
3266 4632 3374 4688 sed
3409 4653 3432 4684 «
3466 4631 3632 4701 dixit,

1966 4741 2023 4792 et
2053 4735 2204 4790 facta
2235 4734 2374 4787 sunt
2402 4728 2590 4798 (Psal.
2626 4743 2812 4795 xxxix,
2846 4725 2899 4781 9.
2939 4749 2960 4772 ιι
2995 4723 3174 4792 Dixit,
3212 4745 3235 4770 ιι
3270 4721 3396 4776 Fiat
3425 4720 3548 4790 lux,
3579 4720 3639 4775 et

1967 4824 2118 4879 facta
2149 4825 2205 4878 et
2235 4820 2336 4876 lux
2365 4818 2540 4889 (Gen.
2573 4833 2614 4886 ι,
2644 4815 2742 4886 3);
2781 4834 2802 4864 ιι
2861 4814 2923 4868 in
2973 4815 3271 4884 prmeepto
3319 4809 3476 4866 enim
3531 4808 3638 4864 Dei

1967 4909 2328 4984 operationis
2359 4906 2606 4962 effectus
2637 4907 2748 4959 est.

2040 5019 2163 5074 149.
2189 5017 2354 5072 Hanc
2388 5014 2570 5085 igitur
2598 5010 2860 5083 regalem
2881 5007 3193 5081 quamdam
3224 5007 3397 5062 etiam
3430 5006 3637 5061 sancto

1968 5106 2210 5182 Spiritui
2233 5107 2581 5178 potestatem
2595 5099 3031 5171 Scripturarum
3045 5096 3460 5153 testificatione
3482 5093 3635 5150 dela-

2039 5251 2153 5323 (89)
2184 5247 2448 5316 Amerb.,
2476 5244 2647 5323 Erae.
2691 5259 2760 5298 ac
2791 5259 2938 5297 mss.
2981 5241 3159 5323 longe
3190 5237 3448 5323 plurimi,
3494 5235 3639 5323 «la-

1969 5307 2114 5381 bore
2135 5307 2334 5393 aliquo
2363 5307 2734 5393 extenditur;
2769 5337 2791 5364 ιι
2827 5331 2976 5393 mss_._
2999 5307 3243 5393 aliquot,
3279 5335 3300 5357 «
3334 5307 3639 5393 extendit;

1969 5380 2182 5452 melius
2217 5380 2353 5447 edit.
2392 5392 2568 5457 Rom,
2608 5411 2630 5435 «
2666 5380 2866 5442 labore
2906 5380 3118 5456 aliqud
3152 5383 3208 5436 id
3253 5380 3575 5457 extundim.
3611 5398 3634 5423 ιι

1969 5467 2196 5538 Optime
2225 5463 2358 5519 GilI.
2393 5466 2464 5538 et
2481 5452 2626 5515 mss.
2661 5457 2894 5528 reliqui,
2919 5461 2981 5511 ut
3006 5452 3271 5538 in-textu.
3298 5452 3638 5538 Intra-vero,

1970 5519 2328 5595 ubiiomnes
2373 5533 2547 5602 edit.,
2587 5553 2608 5577 α
2663 5519 3222 5602 οιιιιίθέᾳροξιωιοε
3270 5537 3395 5602 non
3446 5519 3641 5602 solum

1972 5609 2192 5666 Christi
2215 5607 2405 5662 fuisse
2436 5598 2786 5673 discipulos,
2839 5601 2944 5654 sed
2977 5599 3182 5663 etiam,
3231 5598 3366 5673 e_tc_.,
3403 5614 3422 5639 ιι
3462 5601 3641 5673 cu‘nc-

1969 5659 2611 5745 tti-m's'siiewcontrario;
2657 5696 2680 5721 αι
2733 5659 3060 5744 omnesque
3106 5659 3479 5739 apostolos...
3511 5659 3641 5738 dis-3

1971 5752 2203 5831 cipulos
2233 5747 2616 5825 revelabitur,
2649 5747 2761 5803 etc.
2807 5765 2831 5795 ι
