4090 6174
541 247 661 312 807

1988 254 2054 317 S.
2099 251 2546 318 AMBROSII.
3806 264 3894 330 808

552 471 685 527 tam,
717 458 772 512 si
800 458 1052 514 velimus
1085 459 1411 529 advertere,
1456 460 1624 515 facile
1657 477 1980 531 possumus
2032 475 2206 530 repe-
2237 458 2276 517 λ
2313 457 2469 513 tolos
2501 456 2797 523 Christus,
2820 459 3071 528 poneret
3101 459 3261 514 Deus
3283 459 3468 530 Pater,
3489 466 3710 531 poneret
3737 468 3788 520 et
3811 465 3903 536 Spi-

539 551 656 605 rire
691 564 707 617 ;
742 565 1068 620 omnesque
1089 551 1395 620 apostolos
1420 567 1535 604 non
1559 551 1752 604 solum
1775 551 1990 604 Christi
2018 549 2206 604 fuisse

541 639 869 708 discipulos
902 639 1278 707 revelabitur,
1314 640 1420 694 sed
1459 640 1631 693 etiam
1661 639 1846 693 Patris
1880 643 1934 693 et
1992 639 2119 693 Filii
2153 644 2208 694 et

538 728 794 800 Spiritus
828 729 1014 782 sancti
1051 729 1380 782 ministros.
1417 728 1580 782 Sicut
1611 729 1782 782 etiam
1824 729 2028 782 doctor
2059 745 2207 798 gen-

538 819 682 873 tium
713 819 884 872 docet
915 818 1120 872 dicens
1149 833 1160 872 τ
1192 839 1212 866 α
1241 817 1538 882 Quosdam
1567 818 1802 888 quidem
1821 819 2018 887 posuit
2049 817 2208 872 Deus

536 909 598 962 in
633 907 927 972 Ecclesia,
963 907 1152 976 primo
1192 907 1517 976 apostolos,
1571 907 1834 960 secundo
1864 907 2204 976 prophetas,

535 997 707 1052 tertio
748 997 1024 1050 doctores
1051 1012 1062 1050 :
1089 996 1299 1050 deinde
1335 997 1479 1059 663
1520 997 1786 1064 virtutes,
1823 997 2067 1068 gratiam
2101 1013 2206 1049 cu-

535 1087 862 1153 rationum,
915 1085 1363 1155 opitulationes,
1414 1087 1907 1158 gubernationes,
1984 1102 2206 1158 genera

533 1175 872 1244 linguarum
903 1173 959 1240 (Ι
988 1172 1123 1228 Cor.
1147 1191 1250 1240 xu,
1283 1174 1396 1244 28).
1435 1199 1455 1222 η

603 1282 726 1336 150.
763 1280 916 1334 Ecce
959 1281 1116 1334 Deus
1150 1281 1348 1350 posuit
1377 1283 1703 1352 apostolos,
1737 1282 1936 1352 posuit
1956 1281 2208 1352 prephe-

536 1374 630 1426 tas
663 1374 836 1440 atque
857 1369 1152 1438 doctores,
1178 1371 1334 1424 dedit
1352 1373 1720 1425 curationum
1740 1373 2007 1442 gratiam,
2035 1387 2208 1442 quam

539 1475 720 1530 supra
751 1458 938 1512 habes
972 1458 1098 1512 dari
1135 1475 1242 1529 per
1274 1459 1554 1529 Spiritum
1587 1464 1878 1527 sanctum,
1911 1461 2070 1514 dedit
2099 1476 2209 1530 ge-

535 1564 676 1603 nera
704 1547 1062 1618 linguarum.
1099 1547 1213 1601 Sed
1249 1550 1443 1602 tamen
1489 1565 1607 1603 non
1658 1565 1865 1603 omnes
1911 1549 2203 1618 apostoli,

535 1653 652 1692 non
683 1653 891 1691 omnes
923 1635 1244 1706 prophetae,
1303 1653 1422 1691 non
1468 1653 1675 1692 omnes
1717 1639 2012 1692 doctores.
2076 1639 2209 1692 Non

543 1741 774 1794 omnes,
801 1725 1006 1794 inquit,
1041 1725 1259 1777 habent
1298 1727 1548 1795 gratiam
1595 1727 1981 1793 curationum,
2017 1743 2208 1796 neque

541 1830 770 1884 omnes,
797 1813 1004 1883 inquit,
1038 1811 1261 1882 linguis
1285 1812 1607 1884 loquuntur
1636 1815 1804 1880 (Ibid.
1839 1815 1950 1882 80).
1986 1815 2048 1868 In
2081 1816 2209 1869 sin-

535 1903 695 1977 gulis
754 1903 909 1956 enim
940 1901 1281 1956 hominibus
1323 1903 1603 1956 universa
1642 1903 1794 1956 dona
1843 1903 2035 1957 divina
2070 1921 2209 1958 esse

539 2009 657 2049 non
688 1994 941 2063 possunt
991 2008 1003 2045 :
1058 2006 1164 2060 pro
1215 1995 1386 2060 captu
1423 1992 1834 2062 unusquisque
1874 1992 1931 2046 id
1974 1994 2206 2062 accipit,

534 2081 697 2152 quod
747 2083 846 2134 aut
887 2079 1204 2148 desiderat,
1257 2084 1356 2133 aut
1387 2083 1662 2134 meretur.
1705 2081 1818 2133 Sed
1851 2097 1969 2134 non
2026 2081 2210 2151 hujus

534 2169 892 2225 inﬁrmitatis
924 2168 1140 2222 similis
1163 2169 1422 2238 potentia
1441 2169 1766 2239 Trinitatis,
1792 2186 1924 2240 qua:
1949 2171 2211 2225 omnium

536 2260 813 2317 muniﬁca
845 2259 1168 2330 gratiarum
1205 2261 1318 2312 est.

605 2386 728 2440 151.
765 2384 1031 2454 Denique
1061 2382 1260 2452 posuit
1305 2382 1612 2452 apostolos
1655 2383 1835 2439 Deus.
1886 2385 2011 2439 Hos
2057 2402 2210 2456 quos

533 2480 696 2533 Deus
719 2472 919 2544 posuit
947 2472 1008 2524 in
1042 2471 1334 2539 Ecclesia,
1367 2470 1644 2526 Christus
1669 2473 1867 2544 elegit,
1893 2477 1948 2527 et
1977 2480 2215 2544 aposto-

532 2569 629 2624 los
663 2563 956 2620 ordinavit
985 2560 1120 2630 (90),
1147 2563 1204 2613 et
1237 2560 1295 2612 in
1330 2560 1536 2614 orbem
1558 2561 1772 2615 direxit
1800 2561 2006 2616 dicens
2042 2579 2054 2617 :
2094 2587 2114 2608 α
2135 2565 2213 2618 lle

541 2657 602 2710 in
635 2654 838 2709 orbem
860 2651 1228 2717 universum,
1263 2651 1320 2702 et
1337 2649 1652 2718 praedicate
1679 2649 2064 2721 Evangelium
2087 2654 2214 2706 uni-

534 2759 730 2800 versae
762 2744 1070 2795 creaturae.
1113 2737 1221 2802 Qui
1257 2737 1594 2804 crediderit,
1631 2743 1686 2792 et
1725 2739 2050 2808 baptizatus
2081 2741 2212 2795 fue-

532 2834 628 2900 rit,
667 2833 761 2886 hic
803 2829 1010 2884 salvus
1041 2826 1152 2880 erit
1186 2842 1198 2881 :
1237 2827 1336 2896 qui
1370 2843 1512 2881 vero
1544 2843 1660 2881 uon
1695 2829 2031 2896 crediderit,
2053 2830 2214 2884 dam-

539 2922 796 2978 nabitur.
821 2919 1004 2990 Signa
1034 2920 1227 2970 autem
1261 2916 1572 2970 credentes
1615 2917 1727 2970 ista
1751 2922 2075 2988 sequentur
2109 2935 2122 2988 ;
2153 2920 2213 2974 in

535 3011 779 3068 nomine
807 3023 939 3062 meo
979 3005 1270 3060 daemonia
1309 3004 1570 3076 ejicient,
1623 3005 1848 3078 linguis
1898 3007 2214 3080 loquentur

536 3101 736 3168 novis,
769 3097 1080 3166 serpentes
1110 3093 1350 3162 tollent;
1383 3096 1440 3148 et
1470 3094 1519 3148 si
1557 3096 1922 3150 mortiferum
1955 3098 2095 3168 quid
2125 3099 2212 3152 bi-

2317 549 2468 602 ritus
2503 549 2785 614 sanctus;
2835 547 2950 601 nisi
2999 547 3156 603 forte
3201 553 3261 603 ut
3291 549 3552 605 homines
3599 556 3901 624 tanquamin

2319 638 2619 692 consortio
2652 638 3065 706 possessionis
3091 641 3189 692 aut
3205 637 3359 707 juris
3381 639 3760 711 praejudicium
3777 661 3903 698 vere-

2317 725 2574 779 bantur?
2603 727 2715 792 (92)
2748 726 2816 779 Et
2834 726 2964 780 ideo
2988 726 3358 781 dividebatur
3382 728 3522 792 664
3539 732 3790 800 operatio,
3815 733 3904 786 dis-

2318 815 2689 868 tribuebatur
2719 815 3051 884 imperinm.

2396 923 2518 977 15-1.
2553 923 2693 976 Haec
2727 921 2879 976 inter
2929 923 3096 993 ipsos
3130 923 3401 979 homines
3456 929 3691 998 angusta
3718 931 3832 982 sunt
3872 933 3911 981 et

2319 1013 2562 1080 minuta,
2599 1011 2696 1082 qui
2730 1011 3074 1082 plerumque
3130 1017 3323 1068 tamen
3362 1015 3584 1070 etiamsi
3636 1017 3908 1086 Operatione

2321 1117 2440 1156 non
2475 1104 2826 1171 congruunt,
2854 1108 3190 1170 congruunt
3206 1104 3522 1158 voluntate.
3548 1104 3701 1159 Unde
3729 1106 3910 1175 quidam

2319 1191 2721 1260 interrogatus
2754 1191 2894 1260 quid
2925 1191 3154 1246 amicus
3187 1197 3352 1247 esset
3383 1209 3397 1247 :
3433 1193 3610 1260 Alter,
3627 1194 3804 1265 inquit,
3830 1180 3912 1265 ego

2322 1280 2455 1348 (93).
2513 1279 2579 1333 Si
2623 1294 2767 1350 ergo
2817 1279 2992 1334 homo
3032 1281 3283 1335 amicum
3318 1282 3396 1336 ita
3435 1281 3702 1350 deﬁnivit,
3732 1287 3783 1336 ut
3806 1282 3913 1335 alte-

2320 1385 2450 1422 rum
2483 1385 2549 1422 se
2582 1385 2720 1423 esse
2751 1369 2995 1434 diceret,
3029 1385 3136 1440 per
3166 1371 3446 1424 unitatem
3464 1371 3722 1424 videlicet
3744 1372 3912 1424 amoris

2321 1461 2377 1512 et
2410 1459 2616 1528 gratiae
2651 1474 2663 1512 :
2698 1460 2916 1528 quanto
2949 1458 3141 1529 magis
3193 1459 3252 1512 in
3297 1459 3474 1513 Patre
3505 1463 3561 1513 et
3590 1459 3723 1514 Filio
3749 1464 3794 1512 et
3816 1458 3915 1527 Spi-

2322 1546 2438 1600 ritu
2470 1550 2675 1600 sancto
2707 1547 2985 1600 unitatem
3006 1546 3342 1616 majestatis
3367 1549 3653 1602 aestimare
3673 1547 3915 1614 debemus,

2325 1650 2460 1688 cum
2490 1652 2598 1704 per
2640 1634 2905 1689 eamdem
2945 1637 3345 1704 Operationem
3391 1652 3460 1690 ac
3510 1637 3831 1690 divinitatem
3853 1636 3919 1688 vel

2324 1724 2541 1790 unitas,
2576 1723 2668 1777 vel
2703 1727 2860 1778 certe
2885 1766 2898 1791 ,
2951 1725 3008 1777 id
3041 1725 3196 1795 quod
3227 1726 3484 1796 amplius
3531 1729 3652 1794 est,
3701 1730 3917 1791 1min;

2324 1813 2479 1866 sicut
2516 1813 2722 1868 Graece
2753 1813 2984 1882 dicitur,
3019 1815 3428 1884 exprimatur?
3456 1822 3608 1875 ταὺτὸ
3653 1815 3756 1882 (94)
3803 1815 3916 1868 enim

2323 1901 2480 1955 idem
2512 1901 2810 1972 signiﬁcat
2841 1917 2909 1956 eo
2939 1903 3096 1972 quod
3129 1903 3284 1957 idem
3304 1904 3516 1959 habeat
3544 1908 3598 1958 et
3619 1905 3771 1958 Pater
3787 1907 3832 1956 et
3853 1901 3917 1955 Fi-

2322 1989 2438 2044 lius
2472 1995 2527 2044 et
2559 1991 2815 2060 Spiritus
2865 1995 3109 2046 sanctus
3152 2009 3165 2047 ε
3201 1996 3264 2046 ut
3305 1993 3462 2048 idem
3509 1993 3674 2062 velle,
3716 1998 3765 2047 et
3810 1991 3920 2046 idem

2321 2095 2503 2150 posse
2535 2095 2652 2134 non
2683 2094 2759 2134 ex
2787 2078 3092 2136 affectione
3128 2082 3206 2136 sit
3238 2083 3578 2153 voluntatis,
3604 2083 3701 2137 sed
3723 2081 3917 2134 insubs-

2322 2170 2499 2222 tantia
2530 2169 2854 2224 Trinitatis.

2405 2295 2528 2350 155.
2566 2296 2709 2348 Haec
2741 2297 2838 2349 est
2861 2294 3201 2364 apostolicae
3229 2296 3369 2351 ﬁdei
3403 2300 3461 2352 et
3507 2296 3810 2352 devotionis
3832 2294 3920 2349 ha-

2323 2387 2542 2444 reditas
2574 2385 2708 2455 (95),
2742 2399 2919 2455 quam
2951 2383 3087 2438 licet
3119 2387 3176 2438 et
3203 2400 3279 2440 ex
3301 2385 3571 2456 ipsorum
3595 2385 3921 2458 apostolorum

2324 2476 2706 2531 considerare
2757 2472 3029 2526 Actibus.
3070 2473 3406 2530 Paruerunt
3463 2492 3605 2548 ergo
3655 2474 3846 2529 Paulus
3889 2475 3923 2523 et

2324 2565 2628 2619 Barnabas
2662 2561 2852 2615 sancti
2897 2561 3152 2630 Spiritus
3196 2563 3524 2634 imperatis.
3582 2564 3865 2618 Paruerant
3887 2563 3923 2612 et

2324 2669 2533 2709 omnes
2562 2651 2834 2722 apostoli,
2863 2651 3176 2720 statimque
3207 2666 3313 2706 eos
3347 2669 3500 2724 quos
3519 2650 3922 2723 separarijusse—

2323 2747 2413 2796 rat
2469 2741 2744 2811 Spiritus,
2796 2739 3220 2793 ordinaverunt
3281 2757 3293 2794 :
3356 2764 3380 2789 ι(
3432 2741 3723 2812 Separate,
3761 2739 3922 2808 inquit,

2325 2831 2469 2885 mihi
2503 2829 2745 2884 Paulum
2775 2831 2832 2882 et
2864 2828 3194 2882 Barnabam
3227 2828 3394 2897 (Act.
3432 2848 3570 2901 xm,
3619 2832 3689 2902 2).
3736 2853 3756 2878 ιο
3801 2826 3926 2880 Vide-

2321 2920 2399 2973 tis
2433 2919 2704 2990 jubentis
2762 2917 3126 2988 imperium?
3156 2917 3432 2988 Spectata
3481 2921 3675 2976 merita
3713 2916 3924 2974 servien-

2323 3009 2468 3064 tium
2503 3023 2514 3063 :

2396 3115 2518 3169 156.
2552 3113 2814 3169 Credidit
2841 3114 3098 3185 Paulus;
3130 3117 3186 3170 et
3209 3115 3347 3186 quia
3369 3115 3634 3184 credidit,
3657 3113 3821 3170 studia
3833 3126 3926 3182 per-

535 3189 750 3256 berint,
775 3202 893 3242 non
926 3184 1016 3240 eis
1052 3183 1290 3238 nocebit
1321 3198 1334 3238 :
1368 3199 1552 3253 super
1573 3201 1771 3256 aegros
1803 3201 2011 3240 manus
2035 3187 2208 3258 impo-

2325 3203 2621 3260 secutoris
2652 3202 2891 3274 abjecit,
2913 3183 3192 3258 coronam
3209 3183 3466 3274 j—ustitiae
3489 3183 3800 3276 reportavit.
3827 3200 3925 3253 Cre-

536 3281 696 3349 nent,
747 3280 802 3331 et
857 3274 1008 3330 bene
1043 3273 1340 3327 habebunt
1361 3272 1574 3342 (Marc.
1611 3291 1729 3340 χιιι,
1754 3275 1958 3342 15-18).
1998 3298 2019 3326 »
2059 3277 2211 3332 Ecce

541 3369 816 3424 doctores
848 3364 1048 3436 posuit
1081 3363 1271 3432 Pater,
1305 3361 1503 3431 posuit
1533 3363 1706 3416 etiam
1729 3363 2004 3419 Christus
2024 3367 2082 3420 in
2109 3367 2214 3421 Ec-

538 3456 743 3512 clesiis
778 3470 793 3524 ;
835 3457 890 3508 et
922 3453 1078 3507 sicut
1112 3451 1290 3504 Pater
1310 3450 1407 3504 dat
1436 3451 1688 3521 gratiam
1711 3454 2098 3523 curationum,
2133 3456 2210 3510 ita

537 3546 635 3601 dat
665 3548 722 3600 et
751 3543 936 3598 Filius
961 3558 975 3611 ;
1009 3541 1164 3595 sicut
1190 3540 1367 3594 Pater
1395 3539 1494 3594 dat
1525 3539 1678 3594 dona
1733 3541 2089 3614 linguarum,
2131 3545 2211 3598 ita

535 3635 789 3707 largitus
813 3635 904 3688 est
933 3635 990 3685 et
1020 3629 1231 3685 Filius.

611 3741 732 3796 152.
765 3737 1134 3795 Similiterde
1175 3739 1382 3791 sancto
1409 3736 1628 3807 Spiritu
1651 3754 1831 3808 supra
1870 3739 2210 3809 accepimus

538 3831 676 3904 quia
707 3829 911 3884 eadem
970 3826 1296 3898 gratiarum
1329 3841 1550 3898 genera
1599 3827 1922 3900 largitatur.
1972 3851 1993 3876 α
2031 3829 2215 3884 Datur

539 3921 719 3987 enim,
755 3916 964 3988 inquit,
1011 3931 1120 3985 per
1149 3915 1429 3985 Spiritum
1459 3915 1555 3969 alii
1598 3918 1784 3987 gratia
1817 3919 2208 3990 curationum,

540 4007 640 4062 alii
663 4005 1253 4079 generalinguarum,
1287 4003 1385 4058 alii
1413 4005 1719 4074 prophetia
1767 4005 1816 4074 (Ι
1845 4005 1980 4060 Cor.
2015 4024 2118 4078 xu,
2151 4006 2207 4078 9,

549 4096 661 4166 10).
709 4117 730 4144 υ
768 4094 926 4166 Ergo
957 4094 1160 4148 eadem
1184 4094 1279 4146 dat
1299 4093 1576 4163 Spiritus,
1598 4110 1730 4164 quae
1754 4095 1850 4148 dat
1891 4095 2080 4166 Pater,
2115 4096 2212 4151 dat

541 4186 717 4240 etiam
751 4183 960 4239 Filius.
1015 4183 1395 4253 Accipiamus
1429 4197 1584 4236 nunc
1633 4183 2005 4253 expressius,
2053 4185 2208 4255 quod

543 4274 822 4346 superius
852 4272 1334 4344 praelibavimus,
1369 4271 1504 4342 quia
1554 4271 1709 4325 idem
1756 4272 1912 4342 quod
1955 4273 2125 4328 Pater
2153 4276 2212 4329 et

545 4363 756 4433 Filius,
779 4363 951 4418 etiam
975 4361 1229 4432 Spiritus
1252 4362 1495 4414 sanctus
1519 4359 1752 4414 mandet
1773 4361 2055 4431 ofﬁcium,
2076 4378 2210 4417 eos-

539 4455 792 4526 demque
811 4452 1149 4514 constituat;
1165 4448 1475 4502 dixitenim
1493 4448 1740 4503 Paulus:
1762 4470 1782 4497 «
1801 4450 2096 4505 Attendite
2114 4467 2212 4506 vo-

535 4543 652 4610 bis,
670 4542 898 4598 etomni
916 4539 1084 4614 gregi
1101 4539 1158 4593 in
1181 4554 1298 4610 quo
1321 4538 1517 4608 posuit
1547 4553 1656 4592 vos
1679 4537 1932 4608 Spiritus
1965 4543 2208 4595 sanctus

537 4633 858 4703 episcOpos
890 4643 1102 4702 regere
1126 4627 1454 4682 Ecclesiam
1487 4627 1593 4680 Dei
1625 4627 1737 4696 (91)
1769 4627 1925 4696 (Act.
1958 4645 2059 4697 xx,
2094 4629 2207 4699 28).

614 4737 736 4792 153.
772 4739 980 4792 Unitas
1016 4737 1198 4810 igitur
1226 4734 1477 4806 imperii,
1510 4734 1704 4788 unitas
1745 4735 2205 4803 constitutionis,

541 4825 738 4880 unitas
767 4826 1078 4898 largitatis.
1122 4826 1271 4880 Nam
1300 4825 1349 4879 si
1376 4824 1852 4879 constitutionem
1877 4841 2122 4895 separes
2154 4828 2212 4881 et

537 4916 909 4985 potestatem,
945 4931 1077 4986 quae
1103 4918 1226 4970 erat
1257 4931 1438 4970 causa
1469 4917 1530 4968 ut
1551 4930 1702 4986 quos
1725 4919 2004 4985 posuerat
2035 4931 2210 4986 apos-

611 5055 724 5129 (90)
759 5058 928 5112 Rom.
962 5057 1099 5111 edit.
1135 5057 1284 5127 sola,
1321 5078 1345 5107 α
1387 5062 1443 5112 et
1463 5059 1768 5129 apostolos
1801 5060 2140 5116 nominavit.
2179 5081 2202 5112 ι

610 5128 723 5200 (ξΗ)
755 5129 1000 5200 Quidam
1033 5145 1204 5194 mss.,
1242 5153 1262 5175 α
1290 5128 1852 5200 νεεθγθῐῧοριθςίειιη
1889 5133 2139 5186 Domini.
2179 5157 2201 5182 ι)

609 5198 721 5271 (92)
749 5200 896 5253 Mss.
921 5199 1163 5270 aliquot,
1203 5223 1223 5244 ιι
1251 5198 1601 5270 pra-judicio
1621 5204 2014 5271 verebantur;
2051 5225 2072 5252 ι
2108 5204 2208 5258 alii

539 5269 752 5345 majori
783 5269 1105 5345 numeroet
1133 5269 1498 5345 auctoritate,
1533 5289 1761 5345 necnon
1795 5269 2011 5328 omnes
2043 5275 2204 5345 edit.,

543 5364 563 5391 ιι
602 5343 1014 5412 pi'aajudieium
1047 5343 1422 5396 verebantur.
1456 5343 1612 5396 infra
1659 5361 1822 5411 vero,
1861 5346 1956 5399 ubi
1997 5343 2204 5400 omnes

540 5414 677 5468 edit.
704 5431 836 5468 cum
871 5415 1074 5483 paucis
1099 5429 1270 5481 mss.,
1308 5436 1330 5460 «
1357 5414 1773 5468 destruebatur
1795 5417 2100 5486 imperium
2126 5437 2144 5482 ;
2177 5442 2200 5466 η

2323 3294 2472 3348 didit
2520 3292 2618 3348 ille
2648 3291 2748 3364 qui
2773 3291 3076 3346 Ecclesias
3102 3293 3458 3348 devastabat
3488 3310 3501 3350 :
3528 3295 3629 3349 sed
3660 3302 3922 3348 conversus

2321 3383 2393 3437 ad
2427 3382 2622 3451 ﬁdem,
2657 3365 3016 3452 praedicabat
3045 3381 3104 3435 in
3136 3381 3382 3451 Spiritu,
3418 3384 3576 3454 quod
3599 3382 3824 3452 Spiritus
3847 3379 3923 3430 im-

2321 3471 2565 3542 perabat
2614 3470 2746 3540 (96).
2784 3469 3058 3542 Ungebat
3102 3471 3383 3526 athletam
3424 3488 3600 3527 suum
3627 3470 3862 3542 Spiritus,
3888 3467 3924 3518 et

2324 3561 2568 3631 pulvere
2589 3560 2901 3630 impietatis
2925 3575 3206 3628 excusso,
3233 3561 3652 3617 debellatorem
3670 3557 3923 3614 inﬁdelium

2321 3649 2760 3704 ineluctabilem
2781 3649 2962 3703 variis
2977 3649 3288 3720 impiorum
3313 3641 3926 3724 congressionibusolle-

2322 3739 2508 3806 rebat,
2541 3742 2714 3809 atque
2759 3737 2832 3792 ad
2881 3738 3152 3792 brevium
3210 3755 3494 3809 supernae
3550 3737 3845 3794 vocationis
3887 3731 3924 3782 in

2320 3825 2558 3882 Christo
2591 3827 2734 3881 Jesu
2766 3827 3024 3880 diversis
3055 3829 3448 3897 passionibus
3492 3826 3792 3884 erudiebat.

2393 3933 2515 3987 157.
2555 3932 2858 3987 Barnabas
2889 3950 3125 4005 quoque
3159 3935 3429 4004 credidit,
3473 3941 3528 3991 et
3558 3936 3686 4008 quia
3715 3927 3922 3988 credidit.

2320 4021 2532 4092 paruit.
2566 4023 2764 4093 Itaque
2796 4023 2984 4076 sancti
3015 4022 3270 4093 Spiritus
3289 4023 3781 4095 electusimperio,
3809 4012 3921 4089 quod

2321 4111 2374 4165 ei
2406 4111 2479 4164 ad
2538 4127 2710 4165 omne
2743 4111 3030 4165 redundat
3064 4112 3300 4184 insigne
3333 4115 3692 4181 meritorum,
3722 4125 3820 4165 non
3845 4104 3923 4158 fuil

2320 4201 2480 4254 tanto
2512 4200 2795 4270 indignus
2828 4200 3102 4272 collegio.
3154 4201 3282 4256 Una
3323 4203 3481 4257 enim
3513 4203 3692 4276 gratia
3719 4192 3922 4268 fulgebat

2320 4287 2381 4342 in
2411 4288 2527 4358 his,
2553 4305 2705 4360 quos
2736 4289 2990 4360 Spiritus
3024 4305 3178 4344 unus
3211 4289 3493 4364 elegerat.

2394 4377 2518 4433 158.
2552 4377 2679 4432 Nec
2710 4377 2930 4433 Paulus
2962 4378 3206 4434 inferior
3237 4381 3432 4448 Petro,
3455 4379 3716 4452 quamvis
3743 4374 3824 4429 ille
3843 4368 3922 4424 Ec-

2321 4465 2523 4522 clesiae
2557 4466 3021 4537 fundamentum,
3073 4471 3130 4521 et
3163 4468 3274 4522 -hic
3323 4470 3566 4540 sapiens
3625 4461 3919 4521 architectus

2227 4561 2280 4626 D
2323 4555 2523 4610 sciens
2573 4557 2827 4629 vestigia
2884 4557 3248 4611 credentium
3293 4556 3543 4613 fundare
3589 4552 3920 4627 populorum:

2322 4660 2431 4698 nee
2453 4645 2694 4714 Paulus,
2721 4646 2977 4716 inquam,
2995 4646 3277 4718 indignus
3290 4647 3684 4716 apostolorum
3703 4635 3919 4707 collegiO,

2321 4749 2453 4788 cum
2486 4734 2676 4804 primo
2707 4750 2941 4805 quoque
2974 4734 3145 4789 facile
3176 4736 3593 4798 conferendas,
3622 4737 3676 4788 et
3701 4727 3820 4786 nulli
3845 4735 3919 4775 se-

2323 4824 2574 4879 cundus.
2627 4823 2775 4879 Nam
2806 4824 2904 4894 qui
2955 4839 3023 4878 se
3059 4824 3342 4895 imparem
3363 4824 3572 4895 nescit,
3598 4822 3722 4877 facit
3763 4825 3917 4885 mqua-

2319 4911 2454 4967 lem.

2322 5055 2516 5135 ipsius
2548 5055 2946 5135 libuagiicitia
2979 5056 3220 5135 petitam
3249 5056 3559 5135 citavimus
3589 5053 3656 5108 ad
3673 5037 3915 5135 ᾼιιξξξῂοδξξ

2319 5110 2428 5207 lib:
2457 5144 2515 5207 ιιι
2547 5128 2620 5180 de
2647 5126 2796 5181 Oflie
2828 5143 2955 5198 cap.
2979 5110 3091 5182 ὐιι.
3124 5127 3221 5181 ubi
3273 5129 3471 5199 agitur
3515 5127 3585 5181 de
3613 5118 3832 5178 amicitia
3877 5110 3914 5162 ei

2319 5213 2546 5251 amicis.

2386 5269 2497 5336 (94)
2546 5268 2830 5322 Nonnulli
2880 5251 3051 5338 mss.,
3109 5276 3167 5329 τὸ
3189 5277 3388 5347 adeo-3;
3422 5273 3536 5324 vet.
3579 5266 3707 5322 edit.
3733 5259 3908 5347 τανῖόνς

2315 5350 2528 5404 melius
2555 5350 2723 5405 Rom.
2747 5354 2804 5404 et
2825 5350 2922 5404 alii
2946 5366 3116 5416 mss.,
3140 5355 3316 5428 ταυτὸ,
3343 5340 3517 5418 idem,
3539 5340 3906 5428 ιιιιάθταυτὸςθςξ

2313 5445 2488 5498 quam
2505 5429 2862 5484 identitatem
2885 5431 3086 5484 dicunt
3102 5418 3460 5502 philosophi,
3479 5434 3536 5485 et
3550 5428 3637 5482 cui
3659 5418 3912 5494 Opponitur

533 5486 738 5580 plqres
765 5490 1149 5580 potioresque
1184 5501 1330 5566 mss.
1369 5487 1558 5556 magis
1592 5488 1858 5556 apposite
1900 5489 2203 5560 exhibent,
2311 5486 2553 5580 έζ-ερδτης,

461 5602 466 5607 .
539 5579 561 5608 u
607 5558 1075 5612 distribuebatur
1107 5557 1438 5626 imperium.
1486 5581 1508 5604 υ

603 5630 716 5701 (93)
749 5628 899 5704 Quin
924 5629 1046 5704 hoc
1078 5627 1193 5684 loci
1221 5628 1645 5704 ab_A_mbrosio
1678 5629 1906 5683 Tullius
1929 5630 2207 5704 designe-

530 5699 629 5764 tur
664 5699 811 5760 nulli
844 5703 1201 5761 dubitamus.
1272 5699 1470 5774 Hujus
1521 5715 1664 5756 vero
1723 5699 2095 5758 sententiam‘
2130 5720 2206 5760 ex

2385 5561 2684 5642 l95i'Tres
2714 5597 2886 5653 mss.,
2924 5605 2946 5630 «
2987 5583 3311 5652 apostolica
3343 5583 3506 5652 ﬁdes,
3555 5581 3611 5634 et
3635 5561 3906 5632 devotionis

2316 5650 2660 5709 hau-editas.
2701 5677 2722 5701 »

2387 5723 2500 5797 (96)
2530 5725 2679 5783 Tres
2711 5741 2880 5800 mss.,
2918 5747 2941 5774 «
2977 5723 3146 5792 Quod
3177 5727 3339 5784 Deus
3368 5721 3692 5799 imperabat.
3723 5737 3744 5767 υ
