  <div class='ocr_page' id='page_1' title='image "/cluster/home/n/w/nwhite01/storage/ocr_20150623/16/hvd.32044096580444/410.png"; bbox 0 0 4090 6174; ppageno 0'>
   <div class='ocr_carea' id='block_1_1' title="bbox 253 402 376 466">
    <p class='ocr_par' dir='ltr' id='par_1_1' title="bbox 253 402 376 466">
     <span class='ocr_line' id='line_1_1' title="bbox 253 402 376 466; baseline 0 0"><span class='ocrx_word' id='word_1_1' title='bbox 253 402 376 466; x_wconf 84' lang='grc'><em>809</em></span> 
     </span>
    </p>
   </div>
   <div class='ocr_carea' id='block_1_2' title="bbox 1389 384 2577 457">
    <p class='ocr_par' dir='ltr' id='par_1_2' title="bbox 1389 384 2577 457">
     <span class='ocr_line' id='line_1_2' title="bbox 1389 384 2577 457; baseline -0.006 -1"><span class='ocrx_word' id='word_1_2' title='bbox 1389 391 1500 456; x_wconf 91' lang='lat' dir='ltr'><em>DE</em></span> <span class='ocrx_word' id='word_1_3' title='bbox 1531 389 1872 457; x_wconf 86' lang='lat' dir='ltr'><em>SPIRITU</em></span> <span class='ocrx_word' id='word_1_4' title='bbox 1905 386 2236 455; x_wconf 89' lang='lat' dir='ltr'><em>SANCTO</em></span> <span class='ocrx_word' id='word_1_5' title='bbox 2272 386 2430 452; x_wconf 93' lang='lat' dir='ltr'><em>LIB.</em></span> <span class='ocrx_word' id='word_1_6' title='bbox 2467 384 2577 450; x_wconf 91' lang='grc' dir='ltr'><em>ΙΙΙ.</em></span> 
     </span>
    </p>
   </div>
   <div class='ocr_carea' id='block_1_3' title="bbox 3583 381 3706 446">
    <p class='ocr_par' dir='ltr' id='par_1_3' title="bbox 3583 381 3706 446">
     <span class='ocr_line' id='line_1_3' title="bbox 3583 381 3706 446; baseline 0 0"><span class='ocrx_word' id='word_1_7' title='bbox 3583 381 3706 446; x_wconf 84' lang='grc'><em>810</em></span> 
     </span>
    </p>
   </div>
   <div class='ocr_carea' id='block_1_4' title="bbox 287 569 3704 608">
    <p class='ocr_par' dir='ltr' id='par_1_4' title="bbox 287 569 3704 608">
     <span class='ocr_line' id='line_1_4' title="bbox 287 569 3704 608; baseline -0.001 -17"><span class='ocrx_word' id='word_1_8' title='bbox 287 569 3704 608; x_wconf 86' lang='lat'><em>_________________________________.__</em></span> 
     </span>
    </p>
   </div>
   <div class='ocr_carea' id='block_1_5' title="bbox 1490 713 2474 800">
    <p class='ocr_par' dir='ltr' id='par_1_5' title="bbox 1490 713 2474 800">
     <span class='ocr_line' id='line_1_5' title="bbox 1490 713 2474 800; baseline 0.003 -3"><span class='ocrx_word' id='word_1_9' title='bbox 1490 718 1844 797; x_wconf 79' lang='lat' dir='ltr'><em>LIBER</em></span> <span class='ocrx_word' id='word_1_10' title='bbox 1911 713 2474 800; x_wconf 82' lang='lat' dir='ltr'><em>TERTIUS.</em></span> 
     </span>
    </p>
   </div>
   <div class='ocr_carea' id='block_1_6' title="bbox 1846 917 2088 928">
    <p class='ocr_par' dir='ltr' id='par_1_6' title="bbox 1846 917 2088 928">
     <span class='ocr_line' id='line_1_6' title="bbox 1846 917 2088 928; baseline -0.008 0"><span class='ocrx_word' id='word_1_11' title='bbox 1846 917 2088 928; x_wconf 50' lang='grc' dir='ltr'><em>-α</em></span> 
     </span>
    </p>
   </div>
   <div class='ocr_carea' id='block_1_7' title="bbox 709 1062 1502 1126">
    <p class='ocr_par' dir='ltr' id='par_1_7' title="bbox 709 1062 1502 1126">
     <span class='ocr_line' id='line_1_7' title="bbox 709 1062 1502 1126; baseline -0.006 0"><span class='ocrx_word' id='word_1_12' title='bbox 709 1062 855 1126; x_wconf 86' lang='grc'>665</span> <span class='ocrx_word' id='word_1_13' title='bbox 894 1068 1145 1124; x_wconf 86' lang='lat' dir='ltr'><em>CAPUT</em></span> <span class='ocrx_word' id='word_1_14' title='bbox 1177 1067 1502 1123; x_wconf 78' lang='lat' dir='ltr'><em>PRIMUM.</em></span> 
     </span>
    </p>
   </div>
   <div class='ocr_carea' id='block_1_8' title="bbox 256 1191 1927 1267">
    <p class='ocr_par' dir='ltr' id='par_1_8' title="bbox 256 1191 1927 1267">
     <span class='ocr_line' id='line_1_8' title="bbox 256 1191 1927 1267; baseline -0.007 -14"><span class='ocrx_word' id='word_1_15' title='bbox 256 1199 397 1254; x_wconf 80' lang='lat' dir='ltr'><em>Non</em></span> <span class='ocrx_word' id='word_1_16' title='bbox 422 1202 645 1252; x_wconf 85' lang='lat' dir='ltr'><em>tantum</em></span> <span class='ocrx_word' id='word_1_17' title='bbox 663 1196 988 1267; x_wconf 73' lang='lat' dir='ltr'><em>preplietas</em></span> <span class='ocrx_word' id='word_1_18' title='bbox 1005 1202 1062 1248; x_wconf 89' lang='lat' dir='ltr'><em>et</em></span> <span class='ocrx_word' id='word_1_19' title='bbox 1081 1193 1373 1267; x_wconf 54' lang='lat' dir='ltr'><em>apostolos</em></span> <span class='ocrx_word' id='word_1_20' title='bbox 1395 1191 1631 1267; x_wconf 77' lang='lat' dir='ltr'><em>aSpirit</em></span> <span class='ocrx_word' id='word_1_21' title='bbox 1642 1209 1672 1244; x_wconf 84' lang='grc' dir='ltr'><em>ιι</em></span> <span class='ocrx_word' id='word_1_22' title='bbox 1694 1193 1927 1267; x_wconf 67' lang='lat' dir='ltr'><em>missos,</em></span> 
     </span>
    </p>
   </div>
   <div class='ocr_carea' id='block_1_9' title="bbox 336 1261 1928 1328">
    <p class='ocr_par' dir='ltr' id='par_1_9' title="bbox 336 1261 1928 1328">
     <span class='ocr_line' id='line_1_9' title="bbox 336 1261 1928 1328; baseline -0.007 -4"><span class='ocrx_word' id='word_1_23' title='bbox 336 1286 540 1325; x_wconf 78' lang='lat' dir='ltr'><em>verum</em></span> <span class='ocrx_word' id='word_1_24' title='bbox 565 1261 744 1322; x_wconf 75' lang='lat' dir='ltr'><em>etiam</em></span> <span class='ocrx_word' id='word_1_25' title='bbox 772 1261 997 1320; x_wconf 54' lang='lat' dir='ltr'><em>&#39;Filinm</em></span> <span class='ocrx_word' id='word_1_26' title='bbox 1037 1261 1168 1320; x_wconf 73' lang='lat' dir='ltr'><em>Dei.</em></span> <span class='ocrx_word' id='word_1_27' title='bbox 1218 1261 1524 1318; x_wconf 80' lang='lat' dir='ltr'><em>Probatur</em></span> <span class='ocrx_word' id='word_1_28' title='bbox 1555 1264 1617 1316; x_wconf 81' lang='lat' dir='ltr'><em>id</em></span> <span class='ocrx_word' id='word_1_29' title='bbox 1648 1279 1725 1315; x_wconf 80' lang='lat' dir='ltr'><em>ex</em></span> <span class='ocrx_word' id='word_1_30' title='bbox 1751 1261 1928 1328; x_wconf 83' lang='lat' dir='ltr'><em>Isaia,</em></span> 
     </span>
    </p>
   </div>
   <div class='ocr_carea' id='block_1_10' title="bbox 334 1332 1935 1410">
    <p class='ocr_par' dir='ltr' id='par_1_10' title="bbox 334 1332 1935 1410">
     <span class='ocr_line' id='line_1_10' title="bbox 334 1332 1935 1410; baseline -0.007 -14"><span class='ocrx_word' id='word_1_31' title='bbox 334 1348 394 1396; x_wconf 89' lang='lat' dir='ltr'><em>et</em></span> <span class='ocrx_word' id='word_1_32' title='bbox 428 1339 844 1410; x_wconf 83' lang='lat' dir='ltr'><em>evangelistis,</em></span> <span class='ocrx_word' id='word_1_33' title='bbox 872 1353 1152 1410; x_wconf 84' lang='lat' dir='ltr'><em>quamque</em></span> <span class='ocrx_word' id='word_1_34' title='bbox 1167 1336 1238 1390; x_wconf 89' lang='lat' dir='ltr'><em>ob</em></span> <span class='ocrx_word' id='word_1_35' title='bbox 1261 1351 1492 1410; x_wconf 77' lang='lat' dir='ltr'><em>causam</em></span> <span class='ocrx_word' id='word_1_36' title='bbox 1513 1335 1779 1410; x_wconf 73' lang='lat' dir='ltr'><em>eumdem</em></span> <span class='ocrx_word' id='word_1_37' title='bbox 1798 1332 1935 1410; x_wconf 85' lang='lat' dir='ltr'><em>_Sp_i-</em></span> 
     </span>
    </p>
   </div>
   <div class='ocr_carea' id='block_1_11' title="bbox 335 1404 1938 1475">
    <p class='ocr_par' dir='ltr' id='par_1_11' title="bbox 335 1404 1938 1475">
     <span class='ocr_line' id='line_1_11' title="bbox 335 1404 1938 1475; baseline -0.007 -8"><span class='ocrx_word' id='word_1_38' title='bbox 335 1414 519 1467; x_wconf 83' lang='lat' dir='ltr'><em>ritum</em></span> <span class='ocrx_word' id='word_1_39' title='bbox 533 1404 684 1464; x_wconf 72' lang='lat' dir='ltr'><em>sicut</em></span> <span class='ocrx_word' id='word_1_40' title='bbox 707 1404 1028 1464; x_wconf 72' lang='lat' dir='ltr'><em>columbam</em></span> <span class='ocrx_word' id='word_1_41' title='bbox 1049 1404 1438 1462; x_wconf 68' lang='lat' dir='ltr'><em>descendisse</em></span> <span class='ocrx_word' id='word_1_42' title='bbox 1456 1422 1523 1459; x_wconf 88' lang='lat' dir='ltr'><em>ac</em></span> <span class='ocrx_word' id='word_1_43' title='bbox 1540 1421 1720 1475; x_wconf 86' lang='lat' dir='ltr'><em>super</em></span> <span class='ocrx_word' id='word_1_44' title='bbox 1736 1404 1938 1457; x_wconf 82' lang='lat' dir='ltr'><em>Chris-</em></span> 
     </span>
    </p>
   </div>
   <div class='ocr_carea' id='block_1_12' title="bbox 339 1475 1937 1549">
    <p class='ocr_par' dir='ltr' id='par_1_12' title="bbox 339 1475 1937 1549">
     <span class='ocr_line' id='line_1_12' title="bbox 339 1475 1937 1549; baseline -0.006 -12"><span class='ocrx_word' id='word_1_45' title='bbox 339 1490 459 1537; x_wconf 90' lang='lat' dir='ltr'><em>tum</em></span> <span class='ocrx_word' id='word_1_46' title='bbox 492 1496 732 1535; x_wconf 86' lang='lat' dir='ltr'><em>manere</em></span> <span class='ocrx_word' id='word_1_47' title='bbox 763 1480 954 1534; x_wconf 86' lang='lat' dir='ltr'><em>Lucas</em></span> <span class='ocrx_word' id='word_1_48' title='bbox 980 1479 1320 1549; x_wconf 71' lang='lat' dir='ltr'><em>scripserit,</em></span> <span class='ocrx_word' id='word_1_49' title='bbox 1347 1478 1680 1549; x_wconf 77' lang='lat' dir='ltr'><em>exponitur.</em></span> <span class='ocrx_word' id='word_1_50' title='bbox 1708 1475 1937 1549; x_wconf 57' lang='lat' dir='ltr'><em>Dehinc</em></span> 
     </span>
    </p>
   </div>
   <div class='ocr_carea' id='block_1_13' title="bbox 342 1545 1936 1616">
    <p class='ocr_par' dir='ltr' id='par_1_13' title="bbox 342 1545 1936 1616">
     <span class='ocr_line' id='line_1_13' title="bbox 342 1545 1936 1616; baseline -0.007 -8"><span class='ocrx_word' id='word_1_51' title='bbox 342 1553 546 1608; x_wconf 88' lang='lat' dir='ltr'><em>eadem</em></span> <span class='ocrx_word' id='word_1_52' title='bbox 568 1552 800 1606; x_wconf 84' lang='lat' dir='ltr'><em>Christi</em></span> <span class='ocrx_word' id='word_1_53' title='bbox 820 1545 1488 1616; x_wconf 41' lang='lat' dir='ltr'><em>missione-conﬁrmata,</em></span> <span class='ocrx_word' id='word_1_54' title='bbox 1520 1547 1742 1600; x_wconf 82' lang='lat' dir='ltr'><em>Filium</em></span> <span class='ocrx_word' id='word_1_55' title='bbox 1761 1563 1790 1599; x_wconf 87' lang='lat' dir='ltr'><em>a</em></span> <span class='ocrx_word' id='word_1_56' title='bbox 1814 1545 1936 1598; x_wconf 86' lang='lat' dir='ltr'><em>Pa-</em></span> 
     </span>
    </p>
   </div>
   <div class='ocr_carea' id='block_1_14' title="bbox 347 1618 1937 1706">
    <p class='ocr_par' dir='ltr' id='par_1_14' title="bbox 347 1618 1937 1706">
     <span class='ocr_line' id='line_1_14' title="bbox 347 1618 1937 1706; baseline -0.005 -28"><span class='ocrx_word' id='word_1_57' title='bbox 347 1630 532 1706; x_wconf 43' lang='lat' dir='ltr'><em>treet</em></span> <span class='ocrx_word' id='word_1_58' title='bbox 561 1623 948 1706; x_wconf 32' lang='lat' dir='ltr'><em>Spirituponl</em></span> <span class='ocrx_word' id='word_1_59' title='bbox 968 1636 1142 1675; x_wconf 88' lang='lat' dir='ltr'><em>secus</em></span> <span class='ocrx_word' id='word_1_60' title='bbox 1163 1637 1229 1673; x_wconf 87' lang='lat' dir='ltr'><em>ac</em></span> <span class='ocrx_word' id='word_1_61' title='bbox 1260 1618 1548 1691; x_wconf 77' lang='lat' dir='ltr'><em>Spiritum</em></span> <span class='ocrx_word' id='word_1_62' title='bbox 1586 1634 1618 1672; x_wconf 87' lang='lat' dir='ltr'><em>a</em></span> <span class='ocrx_word' id='word_1_63' title='bbox 1649 1618 1838 1672; x_wconf 87' lang='lat' dir='ltr'><em>Patre</em></span> <span class='ocrx_word' id='word_1_64' title='bbox 1879 1623 1937 1670; x_wconf 87' lang='lat' dir='ltr'><em>ct</em></span> 
     </span>
    </p>
   </div>
   <div class='ocr_carea' id='block_1_15' title="bbox 349 1692 1045 1764">
    <p class='ocr_par' dir='ltr' id='par_1_15' title="bbox 349 1692 1045 1764">
     <span class='ocr_line' id='line_1_15' title="bbox 349 1692 1045 1764; baseline -0.004 -15"><span class='ocrx_word' id='word_1_65' title='bbox 349 1695 511 1750; x_wconf 73' lang='lat' dir='ltr'><em>Filio</em></span> <span class='ocrx_word' id='word_1_66' title='bbox 536 1692 694 1748; x_wconf 82' lang='lat' dir='ltr'><em>mitti</em></span> <span class='ocrx_word' id='word_1_67' title='bbox 723 1692 1045 1764; x_wconf 83' lang='lat' dir='ltr'><em>colligitur.</em></span> 
     </span>
    </p>
   </div>
   <div class='ocr_carea' id='block_1_16' title="bbox 335 1797 1937 1872">
    <p class='ocr_par' dir='ltr' id='par_1_16' title="bbox 335 1797 1937 1872">
     <span class='ocr_line' id='line_1_16' title="bbox 335 1797 1937 1872; baseline -0.004 -16"><span class='ocrx_word' id='word_1_68' title='bbox 335 1803 389 1856; x_wconf 87' lang='lat'><em>1.</em></span> <span class='ocrx_word' id='word_1_69' title='bbox 426 1799 733 1872; x_wconf 90' lang='lat' dir='ltr'><em>Superiori</em></span> <span class='ocrx_word' id='word_1_70' title='bbox 763 1799 916 1854; x_wconf 90' lang='lat' dir='ltr'><em>libro</em></span> <span class='ocrx_word' id='word_1_71' title='bbox 947 1799 1094 1870; x_wconf 86' lang='lat' dir='ltr'><em>(cap.</em></span> <span class='ocrx_word' id='word_1_72' title='bbox 1131 1797 1219 1867; x_wconf 74' lang='lat'><em>1?.)</em></span> <span class='ocrx_word' id='word_1_73' title='bbox 1259 1797 1635 1852; x_wconf 82' lang='lat' dir='ltr'><em>evidentibus</em></span> <span class='ocrx_word' id='word_1_74' title='bbox 1667 1797 1937 1850; x_wconf 85' lang='lat' dir='ltr'><em>testimo-</em></span> 
     </span>
    </p>
   </div>
   <div class='ocr_carea' id='block_1_17' title="bbox 265 1886 1935 1960">
    <p class='ocr_par' dir='ltr' id='par_1_17' title="bbox 265 1886 1935 1960">
     <span class='ocr_line' id='line_1_17' title="bbox 265 1886 1935 1960; baseline -0.005 -14"><span class='ocrx_word' id='word_1_75' title='bbox 265 1892 387 1946; x_wconf 89' lang='lat' dir='ltr'><em>niis</em></span> <span class='ocrx_word' id='word_1_76' title='bbox 410 1889 848 1960; x_wconf 87' lang='lat' dir='ltr'><em>Scripturarum</em></span> <span class='ocrx_word' id='word_1_77' title='bbox 871 1889 1180 1943; x_wconf 86' lang='lat' dir='ltr'><em>docuimus</em></span> <span class='ocrx_word' id='word_1_78' title='bbox 1201 1887 1504 1957; x_wconf 81' lang='lat' dir='ltr'><em>apostolos</em></span> <span class='ocrx_word' id='word_1_79' title='bbox 1523 1889 1577 1940; x_wconf 86' lang='lat' dir='ltr'><em>et</em></span> <span class='ocrx_word' id='word_1_80' title='bbox 1597 1886 1935 1956; x_wconf 73' lang='lat' dir='ltr'><em>prophetas,</em></span> 
     </span>
    </p>
   </div>
   <div class='ocr_carea' id='block_1_18' title="bbox 266 1975 1940 2050">
    <p class='ocr_par' dir='ltr' id='par_1_18' title="bbox 266 1975 1940 2050">
     <span class='ocr_line' id='line_1_18' title="bbox 266 1975 1940 2050; baseline -0.004 -16"><span class='ocrx_word' id='word_1_81' title='bbox 266 1981 408 2035; x_wconf 90' lang='lat' dir='ltr'><em>illos</em></span> <span class='ocrx_word' id='word_1_82' title='bbox 441 1979 514 2033; x_wconf 91' lang='lat' dir='ltr'><em>ad</em></span> <span class='ocrx_word' id='word_1_83' title='bbox 554 1979 1042 2050; x_wconf 88' lang='lat' dir='ltr'><em>prophetandum,</em></span> <span class='ocrx_word' id='word_1_84' title='bbox 1094 1977 1207 2030; x_wconf 91' lang='lat' dir='ltr'><em>hos</em></span> <span class='ocrx_word' id='word_1_85' title='bbox 1246 1977 1317 2030; x_wconf 90' lang='lat' dir='ltr'><em>ad</em></span> <span class='ocrx_word' id='word_1_86' title='bbox 1350 1975 1873 2047; x_wconf 84' lang='lat' dir='ltr'><em>evangelizandum</em></span> <span class='ocrx_word' id='word_1_87' title='bbox 1907 1991 1940 2029; x_wconf 88' lang='lat' dir='ltr'><em>a</em></span> 
     </span>
    </p>
   </div>
   <div class='ocr_carea' id='block_1_19' title="bbox 268 2065 1939 2138">
    <p class='ocr_par' dir='ltr' id='par_1_19' title="bbox 268 2065 1939 2138">
     <span class='ocr_line' id='line_1_19' title="bbox 268 2065 1939 2138; baseline -0.004 -14"><span class='ocrx_word' id='word_1_88' title='bbox 268 2072 481 2124; x_wconf 87' lang='lat' dir='ltr'><em>sancto</em></span> <span class='ocrx_word' id='word_1_89' title='bbox 533 2068 775 2138; x_wconf 83' lang='lat' dir='ltr'><em>Spiritu,</em></span> <span class='ocrx_word' id='word_1_90' title='bbox 821 2068 976 2121; x_wconf 80' lang='lat' dir='ltr'><em>sicut</em></span> <span class='ocrx_word' id='word_1_91' title='bbox 1018 2083 1050 2120; x_wconf 91' lang='lat' dir='ltr'><em>a</em></span> <span class='ocrx_word' id='word_1_92' title='bbox 1081 2067 1252 2120; x_wconf 81' lang='lat' dir='ltr'><em>Patre</em></span> <span class='ocrx_word' id='word_1_93' title='bbox 1283 2068 1339 2120; x_wconf 88' lang='lat' dir='ltr'><em>et</em></span> <span class='ocrx_word' id='word_1_94' title='bbox 1369 2082 1401 2119; x_wconf 92' lang='lat' dir='ltr'><em>a</em></span> <span class='ocrx_word' id='word_1_95' title='bbox 1431 2065 1580 2120; x_wconf 90' lang='lat' dir='ltr'><em>Filio</em></span> <span class='ocrx_word' id='word_1_96' title='bbox 1611 2065 1939 2119; x_wconf 90' lang='lat' dir='ltr'><em>destinatos</em></span> 
     </span>
    </p>
   </div>
   <div class='ocr_carea' id='block_1_20' title="bbox 268 2154 1942 2229">
    <p class='ocr_par' dir='ltr' id='par_1_20' title="bbox 268 2154 1942 2229">
     <span class='ocr_line' id='line_1_20' title="bbox 268 2154 1942 2229; baseline -0.003 -16"><span class='ocrx_word' id='word_1_97' title='bbox 268 2158 384 2228; x_wconf 90' lang='lat'>(97)</span> <span class='ocrx_word' id='word_1_98' title='bbox 410 2175 426 2229; x_wconf 87' lang='lat'><strong>;</strong></span> <span class='ocrx_word' id='word_1_99' title='bbox 461 2174 618 2213; x_wconf 92' lang='lat' dir='ltr'><em>nunc</em></span> <span class='ocrx_word' id='word_1_100' title='bbox 640 2157 954 2229; x_wconf 85' lang='lat' dir='ltr'><em>adjicimus</em></span> <span class='ocrx_word' id='word_1_101' title='bbox 973 2157 1128 2227; x_wconf 89' lang='lat' dir='ltr'><em>quod</em></span> <span class='ocrx_word' id='word_1_102' title='bbox 1153 2171 1360 2209; x_wconf 88' lang='lat' dir='ltr'><em>omnes</em></span> <span class='ocrx_word' id='word_1_103' title='bbox 1389 2154 1524 2226; x_wconf 85' lang='lat' dir='ltr'><em>jure</em></span> <span class='ocrx_word' id='word_1_104' title='bbox 1549 2156 1851 2222; x_wconf 79' lang='lat' dir='ltr'><em>mirentur,</em></span> <span class='ocrx_word' id='word_1_105' title='bbox 1886 2157 1942 2208; x_wconf 91' lang='lat' dir='ltr'><em>et</em></span> 
     </span>
    </p>
   </div>
   <div class='ocr_carea' id='block_1_21' title="bbox 271 2243 1940 2317">
    <p class='ocr_par' dir='ltr' id='par_1_21' title="bbox 271 2243 1940 2317">
     <span class='ocr_line' id='line_1_21' title="bbox 271 2243 1940 2317; baseline -0.004 -14"><span class='ocrx_word' id='word_1_106' title='bbox 271 2249 544 2303; x_wconf 90' lang='lat' dir='ltr'><em>dubitare</em></span> <span class='ocrx_word' id='word_1_107' title='bbox 574 2263 692 2302; x_wconf 92' lang='lat' dir='ltr'><em>non</em></span> <span class='ocrx_word' id='word_1_108' title='bbox 739 2247 994 2317; x_wconf 87' lang='lat' dir='ltr'><em>possint,</em></span> <span class='ocrx_word' id='word_1_109' title='bbox 1037 2245 1193 2316; x_wconf 90' lang='lat' dir='ltr'><em>quod</em></span> <span class='ocrx_word' id='word_1_110' title='bbox 1250 2245 1505 2314; x_wconf 84' lang='lat' dir='ltr'><em>Spiritus</em></span> <span class='ocrx_word' id='word_1_111' title='bbox 1555 2260 1737 2314; x_wconf 87' lang='lat' dir='ltr'><em>super</em></span> <span class='ocrx_word' id='word_1_112' title='bbox 1766 2243 1940 2297; x_wconf 88' lang='lat' dir='ltr'><em>Chri-</em></span> 
     </span>
    </p>
   </div>
   <div class='ocr_carea' id='block_1_22' title="bbox 1959 1038 3711 1144">
    <p class='ocr_par' dir='ltr' id='par_1_22' title="bbox 1959 1038 3711 1144">
     <span class='ocr_line' id='line_1_22' title="bbox 1959 1038 3711 1144; baseline 0.001 -18"><span class='ocrx_word' id='word_1_113' title='bbox 1959 1038 2017 1098; x_wconf 74' lang='grc' dir='ltr'><strong>Α</strong></span> <span class='ocrx_word' id='word_1_114' title='bbox 2050 1072 2288 1126; x_wconf 87' lang='lat' dir='ltr'><em>Marcus</em></span> <span class='ocrx_word' id='word_1_115' title='bbox 2315 1085 2326 1125; x_wconf 93' lang='lat'><em>:</em></span> <span class='ocrx_word' id='word_1_116' title='bbox 2363 1070 2557 1125; x_wconf 88' lang='lat' dir='ltr'><em>Lucas</em></span> <span class='ocrx_word' id='word_1_117' title='bbox 2579 1073 2772 1126; x_wconf 91' lang='lat' dir='ltr'><em>autem</em></span> <span class='ocrx_word' id='word_1_118' title='bbox 2794 1070 3014 1125; x_wconf 84' lang='lat' dir='ltr'><em>addidit</em></span> <span class='ocrx_word' id='word_1_119' title='bbox 3052 1067 3209 1142; x_wconf 91' lang='lat' dir='ltr'><em>quod</em></span> <span class='ocrx_word' id='word_1_120' title='bbox 3242 1072 3711 1144; x_wconf 77' lang='lat' dir='ltr'><em>corporali&#39;spe-</em></span> 
     </span>
    </p>
   </div>
   <div class='ocr_carea' id='block_1_23' title="bbox 2051 1160 3708 1232">
    <p class='ocr_par' dir='ltr' id='par_1_23' title="bbox 2051 1160 3708 1232">
     <span class='ocr_line' id='line_1_23' title="bbox 2051 1160 3708 1232; baseline 0.002 -18"><span class='ocrx_word' id='word_1_121' title='bbox 2051 1162 2140 1215; x_wconf 91' lang='lat' dir='ltr'><em>cie</em></span> <span class='ocrx_word' id='word_1_122' title='bbox 2169 1161 2478 1215; x_wconf 85' lang='lat' dir='ltr'><em>descendit</em></span> <span class='ocrx_word' id='word_1_123' title='bbox 2509 1160 2763 1230; x_wconf 86' lang='lat' dir='ltr'><em>Spiritus</em></span> <span class='ocrx_word' id='word_1_124' title='bbox 2787 1164 3051 1228; x_wconf 87' lang='lat' dir='ltr'><em>sanctus,</em></span> <span class='ocrx_word' id='word_1_125' title='bbox 3079 1161 3232 1216; x_wconf 87' lang='lat' dir='ltr'><em>sicut</em></span> <span class='ocrx_word' id='word_1_126' title='bbox 3251 1161 3521 1216; x_wconf 92' lang='lat' dir='ltr'><em>columba</em></span> <span class='ocrx_word' id='word_1_127' title='bbox 3545 1163 3708 1232; x_wconf 91' lang='lat' dir='ltr'><em>(Luc.</em></span> 
     </span>
    </p>
   </div>
   <div class='ocr_carea' id='block_1_24' title="bbox 2008 1249 3714 1322">
    <p class='ocr_par' dir='ltr' id='par_1_24' title="bbox 2008 1249 3714 1322">
     <span class='ocr_line' id='line_1_24' title="bbox 2008 1249 3714 1322; baseline 0.002 -20"><span class='ocrx_word' id='word_1_128' title='bbox 2008 1311 2011 1314; x_wconf 37' lang='grc'><em>,</em></span> <span class='ocrx_word' id='word_1_129' title='bbox 2049 1267 2130 1319; x_wconf 88' lang='grc' dir='ltr'>ιιι,</span> <span class='ocrx_word' id='word_1_130' title='bbox 2151 1250 2278 1319; x_wconf 69' lang='grc'>22);</span> <span class='ocrx_word' id='word_1_131' title='bbox 2311 1266 2384 1304; x_wconf 92' lang='lat' dir='ltr'><em>ne</em></span> <span class='ocrx_word' id='word_1_132' title='bbox 2411 1250 2873 1304; x_wconf 87' lang='lat' dir='ltr'><em>incarnationem</em></span> <span class='ocrx_word' id='word_1_133' title='bbox 2892 1249 3048 1304; x_wconf 91' lang='lat' dir='ltr'><em>illam</em></span> <span class='ocrx_word' id='word_1_134' title='bbox 3070 1253 3310 1321; x_wconf 87' lang='lat' dir='ltr'><em>putares</em></span> <span class='ocrx_word' id='word_1_135' title='bbox 3359 1251 3573 1322; x_wconf 83' lang='lat' dir='ltr'><em>fuisse,</em></span> <span class='ocrx_word' id='word_1_136' title='bbox 3606 1252 3714 1306; x_wconf 89' lang='lat' dir='ltr'><em>sed</em></span> 
     </span>
    </p>
   </div>
   <div class='ocr_carea' id='block_1_25' title="bbox 2050 1339 3716 1414">
    <p class='ocr_par' dir='ltr' id='par_1_25' title="bbox 2050 1339 3716 1414">
     <span class='ocr_line' id='line_1_25' title="bbox 2050 1339 3716 1414; baseline 0.005 -23"><span class='ocrx_word' id='word_1_137' title='bbox 2050 1340 2332 1408; x_wconf 87' lang='lat' dir='ltr'><em>speciem.</em></span> <span class='ocrx_word' id='word_1_138' title='bbox 2393 1339 2529 1393; x_wconf 90' lang='lat' dir='ltr'><em>Ideo</em></span> <span class='ocrx_word' id='word_1_139' title='bbox 2567 1342 2761 1392; x_wconf 91' lang='lat' dir='ltr'><em>autem</em></span> <span class='ocrx_word' id='word_1_140' title='bbox 2817 1339 3080 1409; x_wconf 88' lang='lat' dir='ltr'><em>speciem</em></span> <span class='ocrx_word' id='word_1_141' title='bbox 3128 1341 3457 1411; x_wconf 69' lang='lat' dir='ltr'><em>praetendit,</em></span> <span class='ocrx_word' id='word_1_142' title='bbox 3517 1346 3579 1398; x_wconf 87' lang='lat' dir='ltr'><em>ut</em></span> <span class='ocrx_word' id='word_1_143' title='bbox 3609 1360 3716 1414; x_wconf 90' lang='lat' dir='ltr'><em>per</em></span> 
     </span>
    </p>
   </div>
   <div class='ocr_carea' id='block_1_26' title="bbox 2050 1427 3717 1504">
    <p class='ocr_par' dir='ltr' id='par_1_26' title="bbox 2050 1427 3717 1504">
     <span class='ocr_line' id='line_1_26' title="bbox 2050 1427 3717 1504; baseline 0.005 -24"><span class='ocrx_word' id='word_1_144' title='bbox 2050 1428 2312 1498; x_wconf 89' lang='lat' dir='ltr'><em>speciem</em></span> <span class='ocrx_word' id='word_1_145' title='bbox 2344 1427 2634 1497; x_wconf 82' lang='lat' dir='ltr'><em>crederet,</em></span> <span class='ocrx_word' id='word_1_146' title='bbox 2667 1428 2766 1499; x_wconf 90' lang='lat' dir='ltr'><em>qui</em></span> <span class='ocrx_word' id='word_1_147' title='bbox 2789 1427 3070 1498; x_wconf 90' lang='lat' dir='ltr'><em>Spiritum</em></span> <span class='ocrx_word' id='word_1_148' title='bbox 3102 1445 3218 1484; x_wconf 89' lang='lat' dir='ltr'><em>non</em></span> <span class='ocrx_word' id='word_1_149' title='bbox 3236 1431 3492 1501; x_wconf 83' lang='lat' dir='ltr'><em>videbat,</em></span> <span class='ocrx_word' id='word_1_150' title='bbox 3525 1437 3582 1486; x_wconf 92' lang='lat' dir='ltr'><em>et</em></span> <span class='ocrx_word' id='word_1_151' title='bbox 3609 1450 3717 1504; x_wconf 89' lang='lat' dir='ltr'><em>per</em></span> 
     </span>
    </p>
   </div>
   <div class='ocr_carea' id='block_1_27' title="bbox 2050 1517 3714 1594">
    <p class='ocr_par' dir='ltr' id='par_1_27' title="bbox 2050 1517 3714 1594">
     <span class='ocr_line' id='line_1_27' title="bbox 2050 1517 3714 1594; baseline 0.004 -24"><span class='ocrx_word' id='word_1_152' title='bbox 2050 1517 2312 1586; x_wconf 89' lang='lat' dir='ltr'><em>speciem</em></span> <span class='ocrx_word' id='word_1_153' title='bbox 2379 1517 2704 1571; x_wconf 84' lang='lat' dir='ltr'><em>declararet</em></span> <span class='ocrx_word' id='word_1_154' title='bbox 2769 1518 2945 1572; x_wconf 90' lang='lat' dir='ltr'><em>unius</em></span> <span class='ocrx_word' id='word_1_155' title='bbox 3005 1518 3251 1573; x_wconf 90' lang='lat' dir='ltr'><em>honoris</em></span> <span class='ocrx_word' id='word_1_156' title='bbox 3310 1520 3370 1575; x_wconf 90' lang='lat' dir='ltr'><em>in</em></span> <span class='ocrx_word' id='word_1_157' title='bbox 3424 1521 3714 1594; x_wconf 90' lang='lat' dir='ltr'><em>imperio,</em></span> 
     </span>
    </p>
   </div>
   <div class='ocr_carea' id='block_1_28' title="bbox 2050 1605 3717 1678">
    <p class='ocr_par' dir='ltr' id='par_1_28' title="bbox 2050 1605 3717 1678">
     <span class='ocr_line' id='line_1_28' title="bbox 2050 1605 3717 1678; baseline 0.005 -18"><span class='ocrx_word' id='word_1_158' title='bbox 2050 1605 2227 1660; x_wconf 90' lang='lat' dir='ltr'><em>unius</em></span> <span class='ocrx_word' id='word_1_159' title='bbox 2259 1607 2618 1676; x_wconf 89' lang='lat' dir='ltr'><em>operationis</em></span> <span class='ocrx_word' id='word_1_160' title='bbox 2667 1607 2728 1660; x_wconf 93' lang='lat' dir='ltr'><em>in</em></span> <span class='ocrx_word' id='word_1_161' title='bbox 2785 1607 3090 1678; x_wconf 79' lang='lat' dir='ltr'><em>mysterio,</em></span> <span class='ocrx_word' id='word_1_162' title='bbox 3128 1609 3303 1663; x_wconf 90' lang='lat' dir='ltr'><em>unius</em></span> <span class='ocrx_word' id='word_1_163' title='bbox 3359 1613 3623 1667; x_wconf 89' lang='lat' dir='ltr'><em>muneris</em></span> <span class='ocrx_word' id='word_1_164' title='bbox 3655 1616 3717 1670; x_wconf 94' lang='lat' dir='ltr'><em>in</em></span> 
     </span>
    </p>
   </div>
   <div class='ocr_carea' id='block_1_29' title="bbox 2050 1695 3715 1774">
    <p class='ocr_par' dir='ltr' id='par_1_29' title="bbox 2050 1695 3715 1774">
     <span class='ocr_line' id='line_1_29' title="bbox 2050 1695 3715 1774; baseline 0.005 -25"><span class='ocrx_word' id='word_1_165' title='bbox 2050 1695 2287 1749; x_wconf 89' lang='lat' dir='ltr'><em>lavacro</em></span> <span class='ocrx_word' id='word_1_166' title='bbox 2318 1711 2452 1750; x_wconf 85' lang='lat' dir='ltr'><em>cum</em></span> <span class='ocrx_word' id='word_1_167' title='bbox 2484 1695 2652 1750; x_wconf 86' lang='lat' dir='ltr'><em>Patre</em></span> <span class='ocrx_word' id='word_1_168' title='bbox 2695 1697 2752 1750; x_wconf 90' lang='lat' dir='ltr'><em>et</em></span> <span class='ocrx_word' id='word_1_169' title='bbox 2799 1695 2944 1749; x_wconf 86' lang='lat' dir='ltr'><em>Filio</em></span> <span class='ocrx_word' id='word_1_170' title='bbox 2978 1696 3094 1749; x_wconf 88' lang='lat' dir='ltr'><em>sibi</em></span> <span class='ocrx_word' id='word_1_171' title='bbox 3138 1713 3276 1753; x_wconf 88' lang='lat' dir='ltr'><em>esse</em></span> <span class='ocrx_word' id='word_1_172' title='bbox 3327 1703 3715 1774; x_wconf 88' lang='lat' dir='ltr'><em>consortium,</em></span> 
     </span>
    </p>
   </div>
   <div class='ocr_carea' id='block_1_30' title="bbox 2053 1785 3720 1864">
    <p class='ocr_par' dir='ltr' id='par_1_30' title="bbox 2053 1785 3720 1864">
     <span class='ocr_line' id='line_1_30' title="bbox 2053 1785 3720 1864; baseline 0.007 -25"><span class='ocrx_word' id='word_1_173' title='bbox 2053 1785 2168 1839; x_wconf 90' lang='lat' dir='ltr'><em>nisi</em></span> <span class='ocrx_word' id='word_1_174' title='bbox 2200 1785 2347 1839; x_wconf 80' lang='lat' dir='ltr'><em>forte</em></span> <span class='ocrx_word' id='word_1_175' title='bbox 2380 1785 2705 1839; x_wconf 88' lang='lat' dir='ltr'><em>invalidum</em></span> <span class='ocrx_word' id='word_1_176' title='bbox 2736 1785 3056 1856; x_wconf 87' lang='lat' dir='ltr'><em>credimus,</em></span> <span class='ocrx_word' id='word_1_177' title='bbox 3089 1789 3151 1840; x_wconf 86' lang='lat' dir='ltr'><em>ut</em></span> <span class='ocrx_word' id='word_1_178' title='bbox 3180 1787 3240 1842; x_wconf 89' lang='lat' dir='ltr'><em>in</em></span> <span class='ocrx_word' id='word_1_179' title='bbox 3269 1803 3338 1844; x_wconf 90' lang='lat' dir='ltr'><em>eo</em></span> <span class='ocrx_word' id='word_1_180' title='bbox 3389 1790 3720 1864; x_wconf 86' lang='lat' dir='ltr'><em>baptizetur</em></span> 
     </span>
    </p>
   </div>
   <div class='ocr_carea' id='block_1_31' title="bbox 2053 1873 3412 1945">
    <p class='ocr_par' dir='ltr' id='par_1_31' title="bbox 2053 1873 3412 1945">
     <span class='ocr_line' id='line_1_31' title="bbox 2053 1873 3412 1945; baseline 0.005 -17"><span class='ocrx_word' id='word_1_181' title='bbox 2053 1874 2354 1943; x_wconf 85' lang='lat' dir='ltr'><em>servulus,</em></span> <span class='ocrx_word' id='word_1_182' title='bbox 2389 1874 2447 1927; x_wconf 93' lang='lat' dir='ltr'><em>in</em></span> <span class='ocrx_word' id='word_1_183' title='bbox 2479 1889 2596 1945; x_wconf 92' lang='lat' dir='ltr'><em>quo</em></span> <span class='ocrx_word' id='word_1_184' title='bbox 2625 1873 2953 1943; x_wconf 85' lang='lat' dir='ltr'><em>baptizatus</em></span> <span class='ocrx_word' id='word_1_185' title='bbox 2984 1878 3076 1930; x_wconf 89' lang='lat' dir='ltr'><em>est</em></span> <span class='ocrx_word' id='word_1_186' title='bbox 3108 1875 3412 1936; x_wconf 87' lang='lat' dir='ltr'><em>Dominus.</em></span> 
     </span>
    </p>
   </div>
   <div class='ocr_carea' id='block_1_32' title="bbox 2125 1981 3720 2060">
    <p class='ocr_par' dir='ltr' id='par_1_32' title="bbox 2125 1981 3720 2060">
     <span class='ocr_line' id='line_1_32' title="bbox 2125 1981 3720 2060; baseline 0.008 -25"><span class='ocrx_word' id='word_1_187' title='bbox 2125 1983 2177 2035; x_wconf 85' lang='grc'><em>5.</em></span> <span class='ocrx_word' id='word_1_188' title='bbox 2206 1981 2458 2035; x_wconf 87' lang='lat' dir='ltr'><em>Pulchre</em></span> <span class='ocrx_word' id='word_1_189' title='bbox 2489 1984 2683 2034; x_wconf 89' lang='lat' dir='ltr'><em>autem</em></span> <span class='ocrx_word' id='word_1_190' title='bbox 2715 1981 2894 2036; x_wconf 85' lang='lat' dir='ltr'><em>dixit:</em></span> <span class='ocrx_word' id='word_1_191' title='bbox 2951 2001 2972 2030; x_wconf 75' lang='grc' dir='ltr'><strong>α</strong></span> <span class='ocrx_word' id='word_1_192' title='bbox 3011 1982 3340 2041; x_wconf 85' lang='lat' dir='ltr'><em>Manentem</em></span> <span class='ocrx_word' id='word_1_193' title='bbox 3373 2002 3556 2060; x_wconf 89' lang='lat' dir='ltr'><em>super</em></span> <span class='ocrx_word' id='word_1_194' title='bbox 3584 2006 3720 2048; x_wconf 91' lang='lat' dir='ltr'><em>eum</em></span> 
     </span>
    </p>
   </div>
   <div class='ocr_carea' id='block_1_33' title="bbox 2053 2069 3722 2145">
    <p class='ocr_par' dir='ltr' id='par_1_33' title="bbox 2053 2069 3722 2145">
     <span class='ocr_line' id='line_1_33' title="bbox 2053 2069 3722 2145; baseline 0.007 -20"><span class='ocrx_word' id='word_1_195' title='bbox 2053 2071 2242 2141; x_wconf 85' lang='lat' dir='ltr'><em>(Joan.</em></span> <span class='ocrx_word' id='word_1_196' title='bbox 2276 2069 2426 2136; x_wconf 87' lang='lat'><em>1,33)</em></span> <span class='ocrx_word' id='word_1_197' title='bbox 2465 2086 2479 2138; x_wconf 84' lang='grc'>;</span> <span class='ocrx_word' id='word_1_198' title='bbox 2541 2070 2676 2140; x_wconf 87' lang='lat' dir='ltr'><em>quia</em></span> <span class='ocrx_word' id='word_1_199' title='bbox 2708 2069 2780 2123; x_wconf 89' lang='lat' dir='ltr'><em>ad</em></span> <span class='ocrx_word' id='word_1_200' title='bbox 2837 2071 3156 2140; x_wconf 88' lang='lat' dir='ltr'><em>prephetas</em></span> <span class='ocrx_word' id='word_1_201' title='bbox 3195 2076 3427 2145; x_wconf 90' lang='lat' dir='ltr'><em>quoties</em></span> <span class='ocrx_word' id='word_1_202' title='bbox 3485 2079 3722 2136; x_wconf 87' lang='lat' dir='ltr'><em>volebat</em></span> 
     </span>
    </p>
   </div>
   <div class='ocr_carea' id='block_1_34' title="bbox 2055 2149 3718 2232">
    <p class='ocr_par' dir='ltr' id='par_1_34' title="bbox 2055 2149 3718 2232">
     <span class='ocr_line' id='line_1_34' title="bbox 2055 2149 3718 2232; baseline 0.008 -20"><span class='ocrx_word' id='word_1_203' title='bbox 2055 2159 2310 2229; x_wconf 87' lang='lat' dir='ltr'><em>Spiritus</em></span> <span class='ocrx_word' id='word_1_204' title='bbox 2337 2149 2480 2212; x_wconf 89' lang='lat'><em>666</em></span> <span class='ocrx_word' id='word_1_205' title='bbox 2508 2158 2601 2211; x_wconf 90' lang='lat' dir='ltr'><em>vel</em></span> <span class='ocrx_word' id='word_1_206' title='bbox 2633 2158 2959 2227; x_wconf 88' lang='lat' dir='ltr'><em>inspirabat</em></span> <span class='ocrx_word' id='word_1_207' title='bbox 2988 2161 3256 2232; x_wconf 89' lang='lat' dir='ltr'><em>verbum,</em></span> <span class='ocrx_word' id='word_1_208' title='bbox 3295 2163 3388 2218; x_wconf 90' lang='lat' dir='ltr'><em>vel</em></span> <span class='ocrx_word' id='word_1_209' title='bbox 3428 2165 3678 2224; x_wconf 81' lang='lat' dir='ltr'><em>faciebat</em></span> <span class='ocrx_word' id='word_1_210' title='bbox 3703 2185 3718 2226; x_wconf 89' lang='lat'><em>:</em></span> 
     </span>
    </p>
   </div>
   <div class='ocr_carea' id='block_1_35' title="bbox 2057 2246 3202 2318">
    <p class='ocr_par' dir='ltr' id='par_1_35' title="bbox 2057 2246 3202 2318">
     <span class='ocr_line' id='line_1_35' title="bbox 2057 2246 3202 2318; baseline 0.003 -16"><span class='ocrx_word' id='word_1_211' title='bbox 2057 2263 2296 2318; x_wconf 88' lang='lat' dir='ltr'><em>semper</em></span> <span class='ocrx_word' id='word_1_212' title='bbox 2325 2250 2520 2300; x_wconf 90' lang='lat' dir='ltr'><em>autem</em></span> <span class='ocrx_word' id='word_1_213' title='bbox 2552 2247 2825 2300; x_wconf 89' lang='lat' dir='ltr'><em>manebat</em></span> <span class='ocrx_word' id='word_1_214' title='bbox 2856 2246 2915 2301; x_wconf 93' lang='lat' dir='ltr'><em>in</em></span> <span class='ocrx_word' id='word_1_215' title='bbox 2945 2246 3202 2305; x_wconf 89' lang='lat' dir='ltr'><em>Christo.</em></span> 
     </span>
    </p>
   </div>
   <div class='ocr_carea' id='block_1_36' title="bbox 272 2331 3718 2430">
    <p class='ocr_par' dir='ltr' id='par_1_36' title="bbox 272 2331 3718 2430">
     <span class='ocr_line' id='line_1_36' title="bbox 272 2331 3718 2430; baseline -0.003 -39"><span class='ocrx_word' id='word_1_216' title='bbox 272 2341 466 2430; x_wconf 34' lang='lat' dir='ltr'><em>stu-mh;</em></span> <span class='ocrx_word' id='word_1_217' title='bbox 497 2340 569 2430; x_wconf 70' lang='lat' dir='ltr'><em>et</em></span> <span class='ocrx_word' id='word_1_218' title='bbox 591 2335 776 2430; x_wconf 28' lang='lat' dir='ltr'><em>quod.</em></span> <span class='ocrx_word' id='word_1_219' title='bbox 797 2334 1070 2430; x_wconf 60' lang='lat' dir='ltr'><em>sica—tilla</em></span> <span class='ocrx_word' id='word_1_220' title='bbox 1107 2333 1387 2430; x_wconf 66' lang='lat' dir='ltr'><em>Spiritum</em></span> <span class='ocrx_word' id='word_1_221' title='bbox 1417 2333 1596 2430; x_wconf 65' lang='lat' dir='ltr'><em>misit,</em></span> <span class='ocrx_word' id='word_1_222' title='bbox 1633 2337 1688 2387; x_wconf 89' lang='lat' dir='ltr'><em>et</em></span> <span class='ocrx_word' id='word_1_223' title='bbox 1728 2331 1940 2430; x_wconf 42' lang='lat' dir='ltr'><em>{iiIi-um</em></span> <span class='ocrx_word' id='word_1_224' title='bbox 1971 2355 2024 2417; x_wconf 79' lang='grc' dir='ltr'>Β</span> <span class='ocrx_word' id='word_1_225' title='bbox 2127 2353 2180 2409; x_wconf 47' lang='grc'>6.</span> <span class='ocrx_word' id='word_1_226' title='bbox 2208 2354 2332 2409; x_wconf 73' lang='lat' dir='ltr'><em>Nec</em></span> <span class='ocrx_word' id='word_1_227' title='bbox 2356 2369 2594 2408; x_wconf 55' lang='lat' dir='ltr'><em>rursum</em></span> <span class='ocrx_word' id='word_1_228' title='bbox 2615 2356 2868 2424; x_wconf 55' lang='lat' dir='ltr'><em>moveat,</em></span> <span class='ocrx_word' id='word_1_229' title='bbox 2909 2355 3066 2425; x_wconf 73' lang='lat' dir='ltr'><em>quod</em></span> <span class='ocrx_word' id='word_1_230' title='bbox 3091 2380 3112 2404; x_wconf 47' lang='grc' dir='ltr'>ι(</span> <span class='ocrx_word' id='word_1_231' title='bbox 3155 2373 3339 2430; x_wconf 62' lang='lat' dir='ltr'><em>super</em></span> <span class='ocrx_word' id='word_1_232' title='bbox 3359 2376 3494 2418; x_wconf 72' lang='lat' dir='ltr'><em>eum</em></span> <span class='ocrx_word' id='word_1_233' title='bbox 3533 2365 3718 2424; x_wconf 58' lang='lat' dir='ltr'><em>dixit:</em></span> 
     </span>
    </p>
   </div>
   <div class='ocr_carea' id='block_1_37' title="bbox 275 2421 1940 2496">
    <p class='ocr_par' dir='ltr' id='par_1_37' title="bbox 275 2421 1940 2496">
     <span class='ocr_line' id='line_1_37' title="bbox 275 2421 1940 2496; baseline -0.004 -16"><span class='ocrx_word' id='word_1_234' title='bbox 275 2427 385 2480; x_wconf 90' lang='lat' dir='ltr'><em>Dei</em></span> <span class='ocrx_word' id='word_1_235' title='bbox 416 2425 673 2496; x_wconf 88' lang='lat' dir='ltr'><em>Spiritus</em></span> <span class='ocrx_word' id='word_1_236' title='bbox 702 2424 881 2478; x_wconf 89' lang='lat' dir='ltr'><em>misit.</em></span> <span class='ocrx_word' id='word_1_237' title='bbox 914 2423 1064 2477; x_wconf 91' lang='lat' dir='ltr'><em>Dicit</em></span> <span class='ocrx_word' id='word_1_238' title='bbox 1085 2423 1240 2477; x_wconf 91' lang='lat' dir='ltr'><em>enim</em></span> <span class='ocrx_word' id='word_1_239' title='bbox 1274 2421 1460 2476; x_wconf 87' lang='lat' dir='ltr'><em>Filius</em></span> <span class='ocrx_word' id='word_1_240' title='bbox 1491 2422 1595 2476; x_wconf 92' lang='lat' dir='ltr'><em>Dei</em></span> <span class='ocrx_word' id='word_1_241' title='bbox 1631 2439 1642 2477; x_wconf 92' lang='lat'><em>:</em></span> <span class='ocrx_word' id='word_1_242' title='bbox 1683 2445 1704 2468; x_wconf 87' lang='lat'><strong>«</strong></span> <span class='ocrx_word' id='word_1_243' title='bbox 1748 2422 1940 2492; x_wconf 86' lang='lat' dir='ltr'><em>Spiri-</em></span> 
     </span>
    </p>
   </div>
   <div class='ocr_carea' id='block_1_38' title="bbox 273 2511 1937 2583">
    <p class='ocr_par' dir='ltr' id='par_1_38' title="bbox 273 2511 1937 2583">
     <span class='ocr_line' id='line_1_38' title="bbox 273 2511 1937 2583; baseline -0.002 -13"><span class='ocrx_word' id='word_1_244' title='bbox 273 2519 373 2570; x_wconf 90' lang='lat' dir='ltr'><em>tus</em></span> <span class='ocrx_word' id='word_1_245' title='bbox 420 2514 652 2570; x_wconf 90' lang='lat' dir='ltr'><em>Domini</em></span> <span class='ocrx_word' id='word_1_246' title='bbox 702 2529 884 2583; x_wconf 88' lang='lat' dir='ltr'><em>super</em></span> <span class='ocrx_word' id='word_1_247' title='bbox 932 2527 1046 2582; x_wconf 90' lang='lat' dir='ltr'><em>me,</em></span> <span class='ocrx_word' id='word_1_248' title='bbox 1107 2514 1348 2582; x_wconf 90' lang='lat' dir='ltr'><em>propter</em></span> <span class='ocrx_word' id='word_1_249' title='bbox 1394 2511 1551 2582; x_wconf 91' lang='lat' dir='ltr'><em>quod</em></span> <span class='ocrx_word' id='word_1_250' title='bbox 1601 2513 1769 2565; x_wconf 90' lang='lat' dir='ltr'><em>unxit</em></span> <span class='ocrx_word' id='word_1_251' title='bbox 1824 2526 1937 2582; x_wconf 89' lang='lat' dir='ltr'><em>me,</em></span> 
     </span>
    </p>
   </div>
   <div class='ocr_carea' id='block_1_39' title="bbox 273 2600 1943 2674">
    <p class='ocr_par' dir='ltr' id='par_1_39' title="bbox 273 2600 1943 2674">
     <span class='ocr_line' id='line_1_39' title="bbox 273 2600 1943 2674; baseline -0.004 -15"><span class='ocrx_word' id='word_1_252' title='bbox 273 2603 688 2674; x_wconf 83' lang='lat' dir='ltr'><em>evangelizare</em></span> <span class='ocrx_word' id='word_1_253' title='bbox 719 2601 1079 2672; x_wconf 89' lang='lat' dir='ltr'><em>pauperibus</em></span> <span class='ocrx_word' id='word_1_254' title='bbox 1112 2600 1270 2654; x_wconf 86' lang='lat' dir='ltr'><em>misit</em></span> <span class='ocrx_word' id='word_1_255' title='bbox 1300 2615 1413 2668; x_wconf 91' lang='lat' dir='ltr'><em>me,</em></span> <span class='ocrx_word' id='word_1_256' title='bbox 1449 2601 1772 2670; x_wconf 65' lang='lat' dir='ltr'><em>prazdicare</em></span> <span class='ocrx_word' id='word_1_257' title='bbox 1808 2617 1943 2670; x_wconf 84' lang='lat' dir='ltr'><em>cap-</em></span> 
     </span>
    </p>
   </div>
   <div class='ocr_carea' id='block_1_40' title="bbox 274 2689 1942 2760">
    <p class='ocr_par' dir='ltr' id='par_1_40' title="bbox 274 2689 1942 2760">
     <span class='ocr_line' id='line_1_40' title="bbox 274 2689 1942 2760; baseline -0.002 -13"><span class='ocrx_word' id='word_1_258' title='bbox 274 2694 417 2748; x_wconf 87' lang='lat' dir='ltr'><em>tivis</em></span> <span class='ocrx_word' id='word_1_259' title='bbox 449 2691 886 2760; x_wconf 89' lang='lat' dir='ltr'><em>remissionem,</em></span> <span class='ocrx_word' id='word_1_260' title='bbox 910 2694 968 2744; x_wconf 92' lang='lat' dir='ltr'><em>et</em></span> <span class='ocrx_word' id='word_1_261' title='bbox 997 2690 1176 2744; x_wconf 69' lang='lat' dir='ltr'><em>cazcis</em></span> <span class='ocrx_word' id='word_1_262' title='bbox 1194 2689 1386 2743; x_wconf 91' lang='lat' dir='ltr'><em>visum</em></span> <span class='ocrx_word' id='word_1_263' title='bbox 1410 2690 1573 2756; x_wconf 89' lang='lat' dir='ltr'><em>(Luc.</em></span> <span class='ocrx_word' id='word_1_264' title='bbox 1607 2707 1684 2759; x_wconf 89' lang='lat' dir='ltr'><em>1v,</em></span> <span class='ocrx_word' id='word_1_265' title='bbox 1713 2689 1800 2759; x_wconf 93' lang='lat'><em>18,</em></span> <span class='ocrx_word' id='word_1_266' title='bbox 1836 2690 1901 2744; x_wconf 91' lang='lat'><em>19</em></span> <span class='ocrx_word' id='word_1_267' title='bbox 1927 2705 1942 2759; x_wconf 82' lang='lat'><strong>;</strong></span> 
     </span>
    </p>
   </div>
   <div class='ocr_carea' id='block_1_41' title="bbox 278 2778 1947 2851">
    <p class='ocr_par' dir='ltr' id='par_1_41' title="bbox 278 2778 1947 2851">
     <span class='ocr_line' id='line_1_41' title="bbox 278 2778 1947 2851; baseline -0.002 -13"><span class='ocrx_word' id='word_1_268' title='bbox 278 2782 398 2838; x_wconf 87' lang='lat' dir='ltr'><em>Isa.</em></span> <span class='ocrx_word' id='word_1_269' title='bbox 432 2781 708 2851; x_wconf 78' lang='lat' dir='ltr'><em>Lx1,1,2).</em></span> <span class='ocrx_word' id='word_1_270' title='bbox 732 2805 753 2826; x_wconf 75' lang='grc' dir='ltr'><em>ιι</em></span> <span class='ocrx_word' id='word_1_271' title='bbox 786 2779 954 2845; x_wconf 90' lang='lat' dir='ltr'><em>Quod</em></span> <span class='ocrx_word' id='word_1_272' title='bbox 977 2795 1109 2833; x_wconf 90' lang='lat' dir='ltr'><em>cum</em></span> <span class='ocrx_word' id='word_1_273' title='bbox 1132 2779 1203 2833; x_wconf 91' lang='lat' dir='ltr'><em>de</em></span> <span class='ocrx_word' id='word_1_274' title='bbox 1225 2778 1376 2833; x_wconf 88' lang='lat' dir='ltr'><em>libro</em></span> <span class='ocrx_word' id='word_1_275' title='bbox 1398 2779 1567 2832; x_wconf 79' lang='lat' dir='ltr'><em>Isaiae</em></span> <span class='ocrx_word' id='word_1_276' title='bbox 1590 2779 1834 2851; x_wconf 78' lang='lat' dir='ltr'><em>legeret,</em></span> <span class='ocrx_word' id='word_1_277' title='bbox 1868 2780 1947 2834; x_wconf 89' lang='lat' dir='ltr'><em>ait</em></span> 
     </span>
    </p>
   </div>
   <div class='ocr_carea' id='block_1_42' title="bbox 278 2868 1947 2942">
    <p class='ocr_par' dir='ltr' id='par_1_42' title="bbox 278 2868 1947 2942">
     <span class='ocr_line' id='line_1_42' title="bbox 278 2868 1947 2942; baseline -0.002 -16"><span class='ocrx_word' id='word_1_278' title='bbox 278 2873 339 2927; x_wconf 92' lang='lat' dir='ltr'><em>in</em></span> <span class='ocrx_word' id='word_1_279' title='bbox 373 2871 701 2942; x_wconf 79' lang='lat' dir='ltr'><em>Evangelia</em></span> <span class='ocrx_word' id='word_1_280' title='bbox 727 2886 739 2924; x_wconf 90' lang='lat'><em>:</em></span> <span class='ocrx_word' id='word_1_281' title='bbox 777 2891 798 2920; x_wconf 78' lang='grc' dir='ltr'><em>ι</em></span> <span class='ocrx_word' id='word_1_282' title='bbox 836 2869 1026 2924; x_wconf 86' lang='lat' dir='ltr'><em>Hodie</em></span> <span class='ocrx_word' id='word_1_283' title='bbox 1057 2868 1342 2939; x_wconf 91' lang='lat' dir='ltr'><em>completa</em></span> <span class='ocrx_word' id='word_1_284' title='bbox 1373 2872 1465 2922; x_wconf 93' lang='lat' dir='ltr'><em>est</em></span> <span class='ocrx_word' id='word_1_285' title='bbox 1495 2869 1623 2922; x_wconf 64' lang='lat' dir='ltr'><em>haec</em></span> <span class='ocrx_word' id='word_1_286' title='bbox 1647 2868 1947 2938; x_wconf 86' lang='lat' dir='ltr'><em>Scriptura</em></span> 
     </span>
    </p>
   </div>
   <div class='ocr_carea' id='block_1_43' title="bbox 273 2957 1949 3029">
    <p class='ocr_par' dir='ltr' id='par_1_43' title="bbox 273 2957 1949 3029">
     <span class='ocr_line' id='line_1_43' title="bbox 273 2957 1949 3029; baseline -0.002 -13"><span class='ocrx_word' id='word_1_287' title='bbox 273 2961 336 3016; x_wconf 90' lang='lat' dir='ltr'><em>in</em></span> <span class='ocrx_word' id='word_1_288' title='bbox 368 2960 617 3015; x_wconf 85' lang='lat' dir='ltr'><em>auribus</em></span> <span class='ocrx_word' id='word_1_289' title='bbox 647 2959 865 3014; x_wconf 90' lang='lat' dir='ltr'><em>vestris</em></span> <span class='ocrx_word' id='word_1_290' title='bbox 897 2959 1060 3028; x_wconf 88' lang='lat' dir='ltr'><em>(Luc.</em></span> <span class='ocrx_word' id='word_1_291' title='bbox 1095 2973 1172 3029; x_wconf 88' lang='lat' dir='ltr'><em>1v,</em></span> <span class='ocrx_word' id='word_1_292' title='bbox 1207 2958 1337 3028; x_wconf 76' lang='lat'><em>21);</em></span> <span class='ocrx_word' id='word_1_293' title='bbox 1373 2981 1394 3005; x_wconf 76' lang='grc' dir='ltr'><em>ιι</em></span> <span class='ocrx_word' id='word_1_294' title='bbox 1428 2961 1490 3012; x_wconf 91' lang='lat' dir='ltr'><em>ut</em></span> <span class='ocrx_word' id='word_1_295' title='bbox 1521 2957 1592 3012; x_wconf 89' lang='lat' dir='ltr'><em>de</em></span> <span class='ocrx_word' id='word_1_296' title='bbox 1633 2973 1698 3012; x_wconf 89' lang='lat' dir='ltr'><em>se</em></span> <span class='ocrx_word' id='word_1_297' title='bbox 1730 2958 1949 3013; x_wconf 91' lang='lat' dir='ltr'><em>dictum</em></span> 
     </span>
    </p>
   </div>
   <div class='ocr_carea' id='block_1_44' title="bbox 279 3050 739 3121">
    <p class='ocr_par' dir='ltr' id='par_1_44' title="bbox 279 3050 739 3121">
     <span class='ocr_line' id='line_1_44' title="bbox 279 3050 739 3121; baseline -0.009 -15"><span class='ocrx_word' id='word_1_298' title='bbox 279 3066 421 3106; x_wconf 90' lang='lat' dir='ltr'><em>esse</em></span> <span class='ocrx_word' id='word_1_299' title='bbox 455 3050 739 3121; x_wconf 81' lang='lat' dir='ltr'><em>signaret.</em></span> 
     </span>
    </p>
   </div>
   <div class='ocr_carea' id='block_1_45' title="bbox 352 3137 1949 3210">
    <p class='ocr_par' dir='ltr' id='par_1_45' title="bbox 352 3137 1949 3210">
     <span class='ocr_line' id='line_1_45' title="bbox 352 3137 1949 3210; baseline -0.001 -16"><span class='ocrx_word' id='word_1_300' title='bbox 352 3140 408 3194; x_wconf 77' lang='lat'><em>2.</em></span> <span class='ocrx_word' id='word_1_301' title='bbox 435 3139 596 3210; x_wconf 87' lang='lat' dir='ltr'><em>Ergo</em></span> <span class='ocrx_word' id='word_1_302' title='bbox 628 3137 826 3198; x_wconf 85' lang='lat' dir='ltr'><em>mirari</em></span> <span class='ocrx_word' id='word_1_303' title='bbox 848 3153 1173 3208; x_wconf 89' lang='lat' dir='ltr'><em>possumus</em></span> <span class='ocrx_word' id='word_1_304' title='bbox 1201 3137 1255 3192; x_wconf 90' lang='lat' dir='ltr'><em>si</em></span> <span class='ocrx_word' id='word_1_305' title='bbox 1284 3140 1340 3192; x_wconf 92' lang='lat' dir='ltr'><em>et</em></span> <span class='ocrx_word' id='word_1_306' title='bbox 1368 3137 1688 3208; x_wconf 85' lang='lat' dir='ltr'><em>prepbetas</em></span> <span class='ocrx_word' id='word_1_307' title='bbox 1719 3141 1774 3193; x_wconf 89' lang='lat' dir='ltr'><em>et</em></span> <span class='ocrx_word' id='word_1_308' title='bbox 1805 3155 1949 3209; x_wconf 81' lang='lat' dir='ltr'><em>apo-</em></span> 
     </span>
    </p>
   </div>
   <div class='ocr_carea' id='block_1_46' title="bbox 282 3226 1955 3300">
    <p class='ocr_par' dir='ltr' id='par_1_46' title="bbox 282 3226 1955 3300">
     <span class='ocr_line' id='line_1_46' title="bbox 282 3226 1955 3300; baseline -0.002 -15"><span class='ocrx_word' id='word_1_309' title='bbox 282 3229 476 3285; x_wconf 86' lang='lat' dir='ltr'><em>stolos</em></span> <span class='ocrx_word' id='word_1_310' title='bbox 498 3228 752 3300; x_wconf 86' lang='lat' dir='ltr'><em>Spiritus</em></span> <span class='ocrx_word' id='word_1_311' title='bbox 782 3228 1112 3296; x_wconf 89' lang='lat' dir='ltr'><em>misit,cum</em></span> <span class='ocrx_word' id='word_1_312' title='bbox 1135 3226 1413 3281; x_wconf 86' lang='lat' dir='ltr'><em>Christus</em></span> <span class='ocrx_word' id='word_1_313' title='bbox 1435 3227 1650 3282; x_wconf 87' lang='lat' dir='ltr'><em>dixerit</em></span> <span class='ocrx_word' id='word_1_314' title='bbox 1684 3244 1695 3283; x_wconf 90' lang='lat'><em>:</em></span> <span class='ocrx_word' id='word_1_315' title='bbox 1727 3251 1746 3274; x_wconf 78' lang='grc' dir='ltr'><em>ιι</em></span> <span class='ocrx_word' id='word_1_316' title='bbox 1776 3229 1955 3298; x_wconf 86' lang='lat' dir='ltr'><em>Spiri-</em></span> 
     </span>
    </p>
   </div>
   <div class='ocr_carea' id='block_1_47' title="bbox 281 3315 1954 3389">
    <p class='ocr_par' dir='ltr' id='par_1_47' title="bbox 281 3315 1954 3389">
     <span class='ocr_line' id='line_1_47' title="bbox 281 3315 1954 3389; baseline -0.002 -14"><span class='ocrx_word' id='word_1_317' title='bbox 281 3325 382 3375; x_wconf 89' lang='lat' dir='ltr'><em>tus</em></span> <span class='ocrx_word' id='word_1_318' title='bbox 407 3320 639 3374; x_wconf 90' lang='lat' dir='ltr'><em>Domini</em></span> <span class='ocrx_word' id='word_1_319' title='bbox 663 3333 845 3389; x_wconf 86' lang='lat' dir='ltr'><em>super</em></span> <span class='ocrx_word' id='word_1_320' title='bbox 862 3332 953 3371; x_wconf 89' lang='lat' dir='ltr'><em>me</em></span> <span class='ocrx_word' id='word_1_321' title='bbox 974 3316 1150 3386; x_wconf 87' lang='lat' dir='ltr'><em>(Ibid.</em></span> <span class='ocrx_word' id='word_1_322' title='bbox 1184 3315 1274 3387; x_wconf 84' lang='lat'><em>10)</em></span> <span class='ocrx_word' id='word_1_323' title='bbox 1295 3318 1362 3371; x_wconf 84' lang='lat' dir='ltr'><em>?n</em></span> <span class='ocrx_word' id='word_1_324' title='bbox 1412 3315 1482 3370; x_wconf 88' lang='lat' dir='ltr'><em>Et</em></span> <span class='ocrx_word' id='word_1_325' title='bbox 1513 3317 1684 3385; x_wconf 87' lang='lat' dir='ltr'><em>bene,</em></span> <span class='ocrx_word' id='word_1_326' title='bbox 1716 3342 1736 3365; x_wconf 79' lang='grc' dir='ltr'>α</span> <span class='ocrx_word' id='word_1_327' title='bbox 1773 3335 1954 3388; x_wconf 89' lang='lat' dir='ltr'><em>super</em></span> 
     </span>
    </p>
   </div>
   <div class='ocr_carea' id='block_1_48' title="bbox 282 3405 1950 3479">
    <p class='ocr_par' dir='ltr' id='par_1_48' title="bbox 282 3405 1950 3479">
     <span class='ocr_line' id='line_1_48' title="bbox 282 3405 1950 3479; baseline -0.002 -14"><span class='ocrx_word' id='word_1_328' title='bbox 282 3426 401 3478; x_wconf 88' lang='lat' dir='ltr'><em>me,</em></span> <span class='ocrx_word' id='word_1_329' title='bbox 431 3434 453 3457; x_wconf 77' lang='grc' dir='ltr'><strong><em>η</em></strong></span> <span class='ocrx_word' id='word_1_330' title='bbox 489 3409 655 3478; x_wconf 84' lang='lat' dir='ltr'><em>dixit,</em></span> <span class='ocrx_word' id='word_1_331' title='bbox 689 3408 825 3479; x_wconf 86' lang='lat' dir='ltr'><em>quia</em></span> <span class='ocrx_word' id='word_1_332' title='bbox 871 3406 1044 3478; x_wconf 88' lang='lat' dir='ltr'><em>quasi</em></span> <span class='ocrx_word' id='word_1_333' title='bbox 1077 3405 1264 3460; x_wconf 84' lang='lat' dir='ltr'><em>Filius</em></span> <span class='ocrx_word' id='word_1_334' title='bbox 1290 3405 1547 3460; x_wconf 87' lang='lat' dir='ltr'><em>hominis</em></span> <span class='ocrx_word' id='word_1_335' title='bbox 1580 3407 1950 3477; x_wconf 84' lang='lat' dir='ltr'><em>loquebatur.</em></span> 
     </span>
    </p>
   </div>
   <div class='ocr_carea' id='block_1_49' title="bbox 281 3495 1955 3565">
    <p class='ocr_par' dir='ltr' id='par_1_49' title="bbox 281 3495 1955 3565">
     <span class='ocr_line' id='line_1_49' title="bbox 281 3495 1955 3565; baseline -0.001 -12"><span class='ocrx_word' id='word_1_336' title='bbox 281 3499 468 3565; x_wconf 88' lang='lat' dir='ltr'><em>Quasi</em></span> <span class='ocrx_word' id='word_1_337' title='bbox 498 3496 683 3552; x_wconf 88' lang='lat' dir='ltr'><em>Filius</em></span> <span class='ocrx_word' id='word_1_338' title='bbox 715 3497 869 3552; x_wconf 89' lang='lat' dir='ltr'><em>enim</em></span> <span class='ocrx_word' id='word_1_339' title='bbox 904 3495 1162 3550; x_wconf 88' lang='lat' dir='ltr'><em>hominis</em></span> <span class='ocrx_word' id='word_1_340' title='bbox 1185 3499 1241 3550; x_wconf 93' lang='lat' dir='ltr'><em>et</em></span> <span class='ocrx_word' id='word_1_341' title='bbox 1262 3499 1476 3550; x_wconf 90' lang='lat' dir='ltr'><em>unctus</em></span> <span class='ocrx_word' id='word_1_342' title='bbox 1508 3499 1565 3550; x_wconf 87' lang='lat' dir='ltr'><em>et</em></span> <span class='ocrx_word' id='word_1_343' title='bbox 1599 3497 1822 3550; x_wconf 87' lang='lat' dir='ltr'><em>missus</em></span> <span class='ocrx_word' id='word_1_344' title='bbox 1863 3501 1955 3552; x_wconf 90' lang='lat' dir='ltr'><em>est</em></span> 
     </span>
    </p>
   </div>
   <div class='ocr_carea' id='block_1_50' title="bbox 282 3585 1264 3660">
    <p class='ocr_par' dir='ltr' id='par_1_50' title="bbox 282 3585 1264 3660">
     <span class='ocr_line' id='line_1_50' title="bbox 282 3585 1264 3660; baseline -0.002 -18"><span class='ocrx_word' id='word_1_345' title='bbox 282 3589 359 3642; x_wconf 88' lang='lat' dir='ltr'><em>ad</em></span> <span class='ocrx_word' id='word_1_346' title='bbox 393 3586 779 3660; x_wconf 87' lang='lat' dir='ltr'><em>Evangelium</em></span> <span class='ocrx_word' id='word_1_347' title='bbox 801 3585 1264 3656; x_wconf 87' lang='lat' dir='ltr'><em>praedicandum.</em></span> 
     </span>
    </p>
   </div>
   <div class='ocr_carea' id='block_1_51' title="bbox 2059 2442 3722 2520">
    <p class='ocr_par' dir='ltr' id='par_1_51' title="bbox 2059 2442 3722 2520">
     <span class='ocr_line' id='line_1_51' title="bbox 2059 2442 3722 2520; baseline 0.008 -22"><span class='ocrx_word' id='word_1_348' title='bbox 2059 2444 2130 2498; x_wconf 91' lang='lat' dir='ltr'><em>de</em></span> <span class='ocrx_word' id='word_1_349' title='bbox 2149 2442 2297 2498; x_wconf 82' lang='lat' dir='ltr'><em>Filio</em></span> <span class='ocrx_word' id='word_1_350' title='bbox 2321 2443 2474 2498; x_wconf 91' lang='lat' dir='ltr'><em>enim</em></span> <span class='ocrx_word' id='word_1_351' title='bbox 2499 2443 2757 2498; x_wconf 90' lang='lat' dir='ltr'><em>hominis</em></span> <span class='ocrx_word' id='word_1_352' title='bbox 2780 2443 3150 2516; x_wconf 89' lang='lat' dir='ltr'><em>loquebatur,</em></span> <span class='ocrx_word' id='word_1_353' title='bbox 3187 2449 3322 2520; x_wconf 92' lang='lat' dir='ltr'><em>quia</em></span> <span class='ocrx_word' id='word_1_354' title='bbox 3361 2451 3516 2508; x_wconf 91' lang='lat' dir='ltr'><em>sicut</em></span> <span class='ocrx_word' id='word_1_355' title='bbox 3534 2453 3722 2512; x_wconf 87' lang='lat' dir='ltr'><em>Filius</em></span> 
     </span>
    </p>
   </div>
   <div class='ocr_carea' id='block_1_52' title="bbox 2060 2531 3720 2603">
    <p class='ocr_par' dir='ltr' id='par_1_52' title="bbox 2060 2531 3720 2603">
     <span class='ocr_line' id='line_1_52' title="bbox 2060 2531 3720 2603; baseline 0.008 -16"><span class='ocrx_word' id='word_1_356' title='bbox 2060 2532 2318 2587; x_wconf 90' lang='lat' dir='ltr'><em>hominis</em></span> <span class='ocrx_word' id='word_1_357' title='bbox 2351 2531 2772 2603; x_wconf 86' lang='lat' dir='ltr'><em>baptizabatur.</em></span> <span class='ocrx_word' id='word_1_358' title='bbox 2808 2532 2958 2587; x_wconf 88' lang='lat' dir='ltr'><em>Nam</em></span> <span class='ocrx_word' id='word_1_359' title='bbox 2990 2537 3318 2594; x_wconf 91' lang='lat' dir='ltr'><em>secundum</em></span> <span class='ocrx_word' id='word_1_360' title='bbox 3355 2541 3720 2601; x_wconf 89' lang='lat' dir='ltr'><em>divinitatem</em></span> 
     </span>
    </p>
   </div>
   <div class='ocr_carea' id='block_1_53' title="bbox 2062 2620 3719 2705">
    <p class='ocr_par' dir='ltr' id='par_1_53' title="bbox 2062 2620 3719 2705">
     <span class='ocr_line' id='line_1_53' title="bbox 2062 2620 3719 2705; baseline 0.008 -29"><span class='ocrx_word' id='word_1_361' title='bbox 2062 2637 2178 2676; x_wconf 90' lang='lat' dir='ltr'><em>non</em></span> <span class='ocrx_word' id='word_1_362' title='bbox 2211 2637 2392 2692; x_wconf 90' lang='lat' dir='ltr'><em>super</em></span> <span class='ocrx_word' id='word_1_363' title='bbox 2420 2620 2720 2676; x_wconf 83' lang='lat' dir='ltr'><em>Christum</em></span> <span class='ocrx_word' id='word_1_364' title='bbox 2751 2625 2843 2676; x_wconf 90' lang='lat' dir='ltr'><em>est</em></span> <span class='ocrx_word' id='word_1_365' title='bbox 2871 2621 3147 2695; x_wconf 87' lang='lat' dir='ltr'><em>Spiritus,</em></span> <span class='ocrx_word' id='word_1_366' title='bbox 3181 2629 3291 2683; x_wconf 89' lang='lat' dir='ltr'><em>sed</em></span> <span class='ocrx_word' id='word_1_367' title='bbox 3321 2629 3382 2685; x_wconf 90' lang='lat' dir='ltr'><em>in</em></span> <span class='ocrx_word' id='word_1_368' title='bbox 3438 2632 3719 2705; x_wconf 86' lang='lat' dir='ltr'><em>Christo;</em></span> 
     </span>
    </p>
   </div>
   <div class='ocr_carea' id='block_1_54' title="bbox 2062 2708 3729 2791">
    <p class='ocr_par' dir='ltr' id='par_1_54' title="bbox 2062 2708 3729 2791">
     <span class='ocr_line' id='line_1_54' title="bbox 2062 2708 3729 2791; baseline 0.007 -25"><span class='ocrx_word' id='word_1_369' title='bbox 2062 2712 2198 2782; x_wconf 85' lang='lat' dir='ltr'><em>quia</em></span> <span class='ocrx_word' id='word_1_370' title='bbox 2229 2712 2385 2765; x_wconf 87' lang='lat' dir='ltr'><em>sicut</em></span> <span class='ocrx_word' id='word_1_371' title='bbox 2409 2712 2578 2765; x_wconf 81' lang='lat' dir='ltr'><em>Pater</em></span> <span class='ocrx_word' id='word_1_372' title='bbox 2600 2711 2658 2764; x_wconf 90' lang='lat' dir='ltr'><em>in</em></span> <span class='ocrx_word' id='word_1_373' title='bbox 2681 2708 2848 2780; x_wconf 83' lang='lat' dir='ltr'><em>Filio,</em></span> <span class='ocrx_word' id='word_1_374' title='bbox 2883 2715 2940 2766; x_wconf 94' lang='lat' dir='ltr'><em>et</em></span> <span class='ocrx_word' id='word_1_375' title='bbox 2972 2713 3156 2770; x_wconf 85' lang='lat' dir='ltr'><em>Filius</em></span> <span class='ocrx_word' id='word_1_376' title='bbox 3188 2717 3248 2772; x_wconf 91' lang='lat' dir='ltr'><em>in</em></span> <span class='ocrx_word' id='word_1_377' title='bbox 3280 2719 3470 2791; x_wconf 88' lang='lat' dir='ltr'><em>Patre,</em></span> <span class='ocrx_word' id='word_1_378' title='bbox 3514 2723 3592 2777; x_wconf 88' lang='lat' dir='ltr'><em>ita</em></span> <span class='ocrx_word' id='word_1_379' title='bbox 3621 2725 3729 2780; x_wconf 91' lang='lat' dir='ltr'><em>Dei</em></span> 
     </span>
    </p>
   </div>
   <div class='ocr_carea' id='block_1_55' title="bbox 2064 2800 3732 2870">
    <p class='ocr_par' dir='ltr' id='par_1_55' title="bbox 2064 2800 3732 2870">
     <span class='ocr_line' id='line_1_55' title="bbox 2064 2800 3732 2870; baseline 0.008 -15"><span class='ocrx_word' id='word_1_380' title='bbox 2064 2801 2321 2870; x_wconf 89' lang='lat' dir='ltr'><em>Spiritus</em></span> <span class='ocrx_word' id='word_1_381' title='bbox 2350 2804 2406 2855; x_wconf 91' lang='lat' dir='ltr'><em>et</em></span> <span class='ocrx_word' id='word_1_382' title='bbox 2459 2800 2716 2870; x_wconf 88' lang='lat' dir='ltr'><em>Spiritus</em></span> <span class='ocrx_word' id='word_1_383' title='bbox 2775 2801 2997 2856; x_wconf 85' lang='lat' dir='ltr'><em>Christi</em></span> <span class='ocrx_word' id='word_1_384' title='bbox 3027 2806 3084 2858; x_wconf 91' lang='lat' dir='ltr'><em>et</em></span> <span class='ocrx_word' id='word_1_385' title='bbox 3140 2805 3200 2860; x_wconf 92' lang='lat' dir='ltr'><em>in</em></span> <span class='ocrx_word' id='word_1_386' title='bbox 3234 2807 3403 2864; x_wconf 87' lang='lat' dir='ltr'><em>Patre</em></span> <span class='ocrx_word' id='word_1_387' title='bbox 3435 2814 3528 2866; x_wconf 92' lang='lat' dir='ltr'><em>est</em></span> <span class='ocrx_word' id='word_1_388' title='bbox 3585 2817 3640 2868; x_wconf 90' lang='lat' dir='ltr'><em>et</em></span> <span class='ocrx_word' id='word_1_389' title='bbox 3671 2813 3732 2868; x_wconf 90' lang='lat' dir='ltr'><em>in</em></span> 
     </span>
    </p>
   </div>
   <div class='ocr_carea' id='block_1_56' title="bbox 2065 2888 3732 2961">
    <p class='ocr_par' dir='ltr' id='par_1_56' title="bbox 2065 2888 3732 2961">
     <span class='ocr_line' id='line_1_56' title="bbox 2065 2888 3732 2961; baseline 0.01 -19"><span class='ocrx_word' id='word_1_390' title='bbox 2065 2888 2237 2959; x_wconf 86' lang='lat' dir='ltr'><em>Filio,</em></span> <span class='ocrx_word' id='word_1_391' title='bbox 2272 2890 2407 2961; x_wconf 88' lang='lat' dir='ltr'><em>quia</em></span> <span class='ocrx_word' id='word_1_392' title='bbox 2443 2889 2565 2944; x_wconf 87' lang='lat' dir='ltr'><em>oris</em></span> <span class='ocrx_word' id='word_1_393' title='bbox 2597 2891 2688 2944; x_wconf 88' lang='lat' dir='ltr'><em>est</em></span> <span class='ocrx_word' id='word_1_394' title='bbox 2718 2889 2992 2960; x_wconf 89' lang='lat' dir='ltr'><em>Spiritus.</em></span> <span class='ocrx_word' id='word_1_395' title='bbox 3055 2891 3251 2950; x_wconf 86' lang='lat' dir='ltr'><em>Manet</em></span> <span class='ocrx_word' id='word_1_396' title='bbox 3305 2899 3462 2954; x_wconf 91' lang='lat' dir='ltr'><em>enim</em></span> <span class='ocrx_word' id='word_1_397' title='bbox 3489 2900 3550 2955; x_wconf 89' lang='lat' dir='ltr'><em>in</em></span> <span class='ocrx_word' id='word_1_398' title='bbox 3608 2903 3732 2959; x_wconf 89' lang='lat' dir='ltr'><em>Deo</em></span> 
     </span>
    </p>
   </div>
   <div class='ocr_carea' id='block_1_57' title="bbox 2067 2979 3733 3051">
    <p class='ocr_par' dir='ltr' id='par_1_57' title="bbox 2067 2979 3733 3051">
     <span class='ocr_line' id='line_1_57' title="bbox 2067 2979 3733 3051; baseline 0.01 -19"><span class='ocrx_word' id='word_1_399' title='bbox 2067 2979 2166 3050; x_wconf 88' lang='lat' dir='ltr'><em>qui</em></span> <span class='ocrx_word' id='word_1_400' title='bbox 2197 2995 2272 3033; x_wconf 90' lang='lat' dir='ltr'><em>ex</em></span> <span class='ocrx_word' id='word_1_401' title='bbox 2303 2979 2424 3033; x_wconf 90' lang='lat' dir='ltr'><em>Deo</em></span> <span class='ocrx_word' id='word_1_402' title='bbox 2455 2983 2564 3048; x_wconf 90' lang='lat' dir='ltr'><em>est,</em></span> <span class='ocrx_word' id='word_1_403' title='bbox 2601 2979 2755 3034; x_wconf 90' lang='lat' dir='ltr'><em>sicut</em></span> <span class='ocrx_word' id='word_1_404' title='bbox 2801 2982 3086 3051; x_wconf 89' lang='lat' dir='ltr'><em>scriptum</em></span> <span class='ocrx_word' id='word_1_405' title='bbox 3137 2989 3264 3042; x_wconf 89' lang='lat' dir='ltr'><em>est:</em></span> <span class='ocrx_word' id='word_1_406' title='bbox 3322 3011 3344 3036; x_wconf 81' lang='grc' dir='ltr'>ι(</span> <span class='ocrx_word' id='word_1_407' title='bbox 3379 2989 3505 3046; x_wconf 89' lang='lat' dir='ltr'><em>Nos</em></span> <span class='ocrx_word' id='word_1_408' title='bbox 3537 2996 3733 3048; x_wconf 91' lang='lat' dir='ltr'><em>autem</em></span> 
     </span>
    </p>
   </div>
   <div class='ocr_carea' id='block_1_58' title="bbox 2068 3067 3736 3150">
    <p class='ocr_par' dir='ltr' id='par_1_58' title="bbox 2068 3067 3736 3150">
     <span class='ocr_line' id='line_1_58' title="bbox 2068 3067 3736 3150; baseline 0.009 -27"><span class='ocrx_word' id='word_1_409' title='bbox 2068 3085 2186 3124; x_wconf 89' lang='lat' dir='ltr'><em>non</em></span> <span class='ocrx_word' id='word_1_410' title='bbox 2209 3068 2479 3139; x_wconf 87' lang='lat' dir='ltr'><em>spiritum</em></span> <span class='ocrx_word' id='word_1_411' title='bbox 2505 3067 2688 3139; x_wconf 83' lang='lat' dir='ltr'><em>hujus</em></span> <span class='ocrx_word' id='word_1_412' title='bbox 2707 3070 2907 3124; x_wconf 90' lang='lat' dir='ltr'><em>mundi</em></span> <span class='ocrx_word' id='word_1_413' title='bbox 2943 3073 3306 3146; x_wconf 88' lang='lat' dir='ltr'><em>accepimus,</em></span> <span class='ocrx_word' id='word_1_414' title='bbox 3332 3079 3438 3133; x_wconf 90' lang='lat' dir='ltr'><em>sed</em></span> <span class='ocrx_word' id='word_1_415' title='bbox 3462 3081 3736 3150; x_wconf 90' lang='lat' dir='ltr'><em>spiritum</em></span> 
     </span>
    </p>
   </div>
   <div class='ocr_carea' id='block_1_59' title="bbox 2068 3157 3737 3228">
    <p class='ocr_par' dir='ltr' id='par_1_59' title="bbox 2068 3157 3737 3228">
     <span class='ocr_line' id='line_1_59' title="bbox 2068 3157 3737 3228; baseline 0.008 -16"><span class='ocrx_word' id='word_1_416' title='bbox 2068 3159 2169 3228; x_wconf 89' lang='lat' dir='ltr'><em>qui</em></span> <span class='ocrx_word' id='word_1_417' title='bbox 2191 3174 2266 3212; x_wconf 89' lang='lat' dir='ltr'><em>ex</em></span> <span class='ocrx_word' id='word_1_418' title='bbox 2301 3158 2418 3212; x_wconf 92' lang='lat' dir='ltr'><em>Deo</em></span> <span class='ocrx_word' id='word_1_419' title='bbox 2452 3161 2542 3212; x_wconf 89' lang='lat' dir='ltr'><em>est</em></span> <span class='ocrx_word' id='word_1_420' title='bbox 2573 3157 2629 3225; x_wconf 87' lang='grc' dir='ltr'><em>(Ῑ</em></span> <span class='ocrx_word' id='word_1_421' title='bbox 2657 3157 2790 3212; x_wconf 87' lang='lat' dir='ltr'><em>Cor.</em></span> <span class='ocrx_word' id='word_1_422' title='bbox 2834 3175 2893 3228; x_wconf 85' lang='grc' dir='ltr'>ιι,</span> <span class='ocrx_word' id='word_1_423' title='bbox 2934 3159 3042 3228; x_wconf 76' lang='lat'><em>12).</em></span> <span class='ocrx_word' id='word_1_424' title='bbox 3085 3185 3108 3210; x_wconf 70' lang='grc' dir='ltr'><strong><em>υ</em></strong></span> <span class='ocrx_word' id='word_1_425' title='bbox 3148 3162 3218 3217; x_wconf 86' lang='lat' dir='ltr'><em>Et</em></span> <span class='ocrx_word' id='word_1_426' title='bbox 3247 3171 3440 3222; x_wconf 88' lang='lat' dir='ltr'><em>manet</em></span> <span class='ocrx_word' id='word_1_427' title='bbox 3471 3169 3530 3223; x_wconf 92' lang='lat' dir='ltr'><em>in</em></span> <span class='ocrx_word' id='word_1_428' title='bbox 3560 3169 3737 3224; x_wconf 86' lang='lat' dir='ltr'><em>Chri-</em></span> 
     </span>
    </p>
   </div>
   <div class='ocr_carea' id='block_1_60' title="bbox 2069 3246 3736 3331">
    <p class='ocr_par' dir='ltr' id='par_1_60' title="bbox 2069 3246 3736 3331">
     <span class='ocr_line' id='line_1_60' title="bbox 2069 3246 3736 3331; baseline 0.008 -30"><span class='ocrx_word' id='word_1_429' title='bbox 2069 3251 2180 3312; x_wconf 88' lang='lat' dir='ltr'><em>sto,</em></span> <span class='ocrx_word' id='word_1_430' title='bbox 2216 3246 2316 3318; x_wconf 88' lang='lat' dir='ltr'><em>qui</em></span> <span class='ocrx_word' id='word_1_431' title='bbox 2346 3263 2377 3300; x_wconf 92' lang='lat' dir='ltr'><em>a</em></span> <span class='ocrx_word' id='word_1_432' title='bbox 2409 3246 2644 3301; x_wconf 83' lang='lat' dir='ltr'><em>Christo</em></span> <span class='ocrx_word' id='word_1_433' title='bbox 2674 3247 2933 3318; x_wconf 89' lang='lat' dir='ltr'><em>accepit:</em></span> <span class='ocrx_word' id='word_1_434' title='bbox 2987 3252 3043 3303; x_wconf 92' lang='lat' dir='ltr'><em>et</em></span> <span class='ocrx_word' id='word_1_435' title='bbox 3074 3249 3133 3305; x_wconf 90' lang='lat' dir='ltr'><em>in</em></span> <span class='ocrx_word' id='word_1_436' title='bbox 3163 3251 3400 3310; x_wconf 88' lang='lat' dir='ltr'><em>Christo</em></span> <span class='ocrx_word' id='word_1_437' title='bbox 3452 3262 3562 3328; x_wconf 90' lang='lat' dir='ltr'><em>est,</em></span> <span class='ocrx_word' id='word_1_438' title='bbox 3599 3262 3736 3331; x_wconf 90' lang='lat' dir='ltr'><em>quia</em></span> 
     </span>
    </p>
   </div>
   <div class='ocr_carea' id='block_1_61' title="bbox 2068 3336 3736 3421">
    <p class='ocr_par' dir='ltr' id='par_1_61' title="bbox 2068 3336 3736 3421">
     <span class='ocr_line' id='line_1_61' title="bbox 2068 3336 3736 3421; baseline 0.008 -31"><span class='ocrx_word' id='word_1_439' title='bbox 2068 3336 2279 3391; x_wconf 86' lang='lat' dir='ltr'><em>iterum</em></span> <span class='ocrx_word' id='word_1_440' title='bbox 2322 3336 2608 3406; x_wconf 86' lang='lat' dir='ltr'><em>scriptum</em></span> <span class='ocrx_word' id='word_1_441' title='bbox 2655 3340 2782 3391; x_wconf 89' lang='lat' dir='ltr'><em>est:</em></span> <span class='ocrx_word' id='word_1_442' title='bbox 2850 3357 2872 3387; x_wconf 73' lang='grc' dir='ltr'><em>ι</em></span> <span class='ocrx_word' id='word_1_443' title='bbox 2921 3337 3023 3393; x_wconf 86' lang='lat' dir='ltr'><em>Ille</em></span> <span class='ocrx_word' id='word_1_444' title='bbox 3055 3339 3127 3394; x_wconf 90' lang='lat' dir='ltr'><em>de</em></span> <span class='ocrx_word' id='word_1_445' title='bbox 3162 3358 3290 3398; x_wconf 89' lang='lat' dir='ltr'><em>meo</em></span> <span class='ocrx_word' id='word_1_446' title='bbox 3339 3347 3589 3417; x_wconf 89' lang='lat' dir='ltr'><em>accipiet</em></span> <span class='ocrx_word' id='word_1_447' title='bbox 3622 3350 3736 3421; x_wconf 89' lang='lat'>(99)</span> 
     </span>
    </p>
   </div>
   <div class='ocr_carea' id='block_1_62' title="bbox 2070 3425 3736 3507">
    <p class='ocr_par' dir='ltr' id='par_1_62' title="bbox 2070 3425 3736 3507">
     <span class='ocr_line' id='line_1_62' title="bbox 2070 3425 3736 3507; baseline 0.009 -28"><span class='ocrx_word' id='word_1_448' title='bbox 2070 3426 2260 3495; x_wconf 88' lang='lat' dir='ltr'><em>(Joan.</em></span> <span class='ocrx_word' id='word_1_449' title='bbox 2312 3442 2434 3493; x_wconf 88' lang='lat' dir='ltr'><em>xv1,</em></span> <span class='ocrx_word' id='word_1_450' title='bbox 2468 3425 2594 3495; x_wconf 75' lang='lat'><em>11);</em></span> <span class='ocrx_word' id='word_1_451' title='bbox 2661 3447 2681 3473; x_wconf 74' lang='grc' dir='ltr'><em>ι</em></span> <span class='ocrx_word' id='word_1_452' title='bbox 2719 3429 2775 3480; x_wconf 91' lang='lat' dir='ltr'><em>et</em></span> <span class='ocrx_word' id='word_1_453' title='bbox 2805 3427 2986 3496; x_wconf 87' lang='lat' dir='ltr'><em>alibi;</em></span> <span class='ocrx_word' id='word_1_454' title='bbox 3051 3451 3073 3477; x_wconf 72' lang='grc' dir='ltr'><em>ιι</em></span> <span class='ocrx_word' id='word_1_455' title='bbox 3109 3430 3234 3485; x_wconf 87' lang='lat' dir='ltr'><em>Lex</em></span> <span class='ocrx_word' id='word_1_456' title='bbox 3291 3436 3449 3489; x_wconf 89' lang='lat' dir='ltr'><em>enim</em></span> <span class='ocrx_word' id='word_1_457' title='bbox 3479 3437 3736 3507; x_wconf 88' lang='lat' dir='ltr'><em>Spiritus</em></span> 
     </span>
    </p>
   </div>
   <div class='ocr_carea' id='block_1_63' title="bbox 2070 3514 3739 3596">
    <p class='ocr_par' dir='ltr' id='par_1_63' title="bbox 2070 3514 3739 3596">
     <span class='ocr_line' id='line_1_63' title="bbox 2070 3514 3739 3596; baseline 0.009 -29"><span class='ocrx_word' id='word_1_458' title='bbox 2070 3516 2205 3569; x_wconf 81' lang='lat' dir='ltr'><em>vitae</em></span> <span class='ocrx_word' id='word_1_459' title='bbox 2239 3515 2296 3568; x_wconf 91' lang='lat' dir='ltr'><em>in</em></span> <span class='ocrx_word' id='word_1_460' title='bbox 2327 3514 2564 3569; x_wconf 89' lang='lat' dir='ltr'><em>Christo</em></span> <span class='ocrx_word' id='word_1_461' title='bbox 2597 3514 2743 3569; x_wconf 84' lang='lat' dir='ltr'><em>Jesu</em></span> <span class='ocrx_word' id='word_1_462' title='bbox 2775 3515 3048 3572; x_wconf 90' lang='lat' dir='ltr'><em>liberavit</em></span> <span class='ocrx_word' id='word_1_463' title='bbox 3079 3535 3168 3574; x_wconf 90' lang='lat' dir='ltr'><em>me</em></span> <span class='ocrx_word' id='word_1_464' title='bbox 3198 3537 3229 3574; x_wconf 91' lang='lat' dir='ltr'><em>a</em></span> <span class='ocrx_word' id='word_1_465' title='bbox 3261 3522 3394 3595; x_wconf 83' lang='lat' dir='ltr'><em>lege</em></span> <span class='ocrx_word' id='word_1_466' title='bbox 3425 3529 3649 3596; x_wconf 91' lang='lat' dir='ltr'><em>peccati</em></span> <span class='ocrx_word' id='word_1_467' title='bbox 3681 3532 3739 3582; x_wconf 91' lang='lat' dir='ltr'><em>et</em></span> 
     </span>
    </p>
   </div>
   <div class='ocr_carea' id='block_1_64' title="bbox 2074 3604 3739 3679">
    <p class='ocr_par' dir='ltr' id='par_1_64' title="bbox 2074 3604 3739 3679">
     <span class='ocr_line' id='line_1_64' title="bbox 2074 3604 3739 3679; baseline 0.008 -22"><span class='ocrx_word' id='word_1_468' title='bbox 2074 3605 2278 3658; x_wconf 89' lang='lat' dir='ltr'><em>mortis</em></span> <span class='ocrx_word' id='word_1_469' title='bbox 2302 3604 2490 3672; x_wconf 77' lang='lat' dir='ltr'><em>(Rom.</em></span> <span class='ocrx_word' id='word_1_470' title='bbox 2519 3620 2640 3672; x_wconf 85' lang='lat' dir='ltr'><em>vni,</em></span> <span class='ocrx_word' id='word_1_471' title='bbox 2665 3604 2740 3670; x_wconf 72' lang='lat'><em>2‘).</em></span> <span class='ocrx_word' id='word_1_472' title='bbox 2769 3627 2790 3651; x_wconf 75' lang='grc' dir='ltr'>ι»</span> <span class='ocrx_word' id='word_1_473' title='bbox 2816 3605 2948 3660; x_wconf 83' lang='grc' dir='ltr'>Νοιι</span> <span class='ocrx_word' id='word_1_474' title='bbox 2977 3623 3122 3679; x_wconf 90' lang='lat' dir='ltr'><em>ergo</em></span> <span class='ocrx_word' id='word_1_475' title='bbox 3155 3613 3484 3668; x_wconf 91' lang='lat' dir='ltr'><em>secundum</em></span> <span class='ocrx_word' id='word_1_476' title='bbox 3525 3616 3739 3670; x_wconf 83' lang='lat' dir='ltr'><em>divini-</em></span> 
     </span>
    </p>
   </div>
   <div class='ocr_carea' id='block_1_65' title="bbox 353 3678 3740 3776">
    <p class='ocr_par' dir='ltr' id='par_1_65' title="bbox 353 3678 3740 3776">
     <span class='ocr_line' id='line_1_65' title="bbox 353 3678 3740 3776; baseline 0.004 -27"><span class='ocrx_word' id='word_1_477' title='bbox 353 3694 411 3749; x_wconf 89' lang='lat'><em>3.</em></span> <span class='ocrx_word' id='word_1_478' title='bbox 445 3694 564 3749; x_wconf 90' lang='lat' dir='ltr'><em>Sed</em></span> <span class='ocrx_word' id='word_1_479' title='bbox 611 3693 662 3748; x_wconf 90' lang='lat' dir='ltr'><em>si</em></span> <span class='ocrx_word' id='word_1_480' title='bbox 695 3709 814 3748; x_wconf 91' lang='lat' dir='ltr'><em>non</em></span> <span class='ocrx_word' id='word_1_481' title='bbox 853 3693 1112 3747; x_wconf 89' lang='lat' dir='ltr'><em>creditur</em></span> <span class='ocrx_word' id='word_1_482' title='bbox 1143 3691 1312 3761; x_wconf 92' lang='lat' dir='ltr'><em>Filio,</em></span> <span class='ocrx_word' id='word_1_483' title='bbox 1350 3691 1587 3746; x_wconf 88' lang='lat' dir='ltr'><em>audiant</em></span> <span class='ocrx_word' id='word_1_484' title='bbox 1616 3693 1788 3746; x_wconf 90' lang='lat' dir='ltr'><em>etiam</em></span> <span class='ocrx_word' id='word_1_485' title='bbox 1837 3693 1953 3747; x_wconf 85' lang='lat' dir='ltr'><em>Pa-</em></span> <span class='ocrx_word' id='word_1_486' title='bbox 1992 3678 2042 3738; x_wconf 74' lang='grc' dir='ltr'><strong>Ο</strong></span> <span class='ocrx_word' id='word_1_487' title='bbox 2073 3697 2246 3748; x_wconf 89' lang='lat' dir='ltr'><em>tatem</em></span> <span class='ocrx_word' id='word_1_488' title='bbox 2278 3691 2496 3746; x_wconf 89' lang='lat' dir='ltr'><em>Christi</em></span> <span class='ocrx_word' id='word_1_489' title='bbox 2531 3707 2712 3762; x_wconf 87' lang='lat' dir='ltr'><em>super</em></span> <span class='ocrx_word' id='word_1_490' title='bbox 2739 3678 3185 3768; x_wconf 17' lang='lat' dir='ltr'><em>Christumiest,</em></span> <span class='ocrx_word' id='word_1_491' title='bbox 3222 3701 3359 3771; x_wconf 90' lang='lat' dir='ltr'><em>quia</em></span> <span class='ocrx_word' id='word_1_492' title='bbox 3409 3719 3526 3758; x_wconf 92' lang='lat' dir='ltr'><em>non</em></span> <span class='ocrx_word' id='word_1_493' title='bbox 3556 3721 3740 3776; x_wconf 90' lang='lat' dir='ltr'><em>super</em></span> 
     </span>
    </p>
   </div>
   <div class='ocr_carea' id='block_1_66' title="bbox 282 3781 1955 3854">
    <p class='ocr_par' dir='ltr' id='par_1_66' title="bbox 282 3781 1955 3854">
     <span class='ocr_line' id='line_1_66' title="bbox 282 3781 1955 3854; baseline -0.001 -14"><span class='ocrx_word' id='word_1_494' title='bbox 282 3789 438 3840; x_wconf 83' lang='lat' dir='ltr'><em>trem</em></span> <span class='ocrx_word' id='word_1_495' title='bbox 511 3783 847 3854; x_wconf 89' lang='lat' dir='ltr'><em>loquentem</em></span> <span class='ocrx_word' id='word_1_496' title='bbox 920 3783 1056 3853; x_wconf 87' lang='lat' dir='ltr'><em>quia</em></span> <span class='ocrx_word' id='word_1_497' title='bbox 1129 3782 1383 3852; x_wconf 87' lang='lat' dir='ltr'><em>Spiritus</em></span> <span class='ocrx_word' id='word_1_498' title='bbox 1458 3781 1689 3836; x_wconf 89' lang='lat' dir='ltr'><em>Domini</em></span> <span class='ocrx_word' id='word_1_499' title='bbox 1773 3799 1955 3854; x_wconf 83' lang='lat' dir='ltr'><em>super</em></span> 
     </span>
    </p>
   </div>
   <div class='ocr_carea' id='block_1_67' title="bbox 285 3870 1956 3943">
    <p class='ocr_par' dir='ltr' id='par_1_67' title="bbox 285 3870 1956 3943">
     <span class='ocr_line' id='line_1_67' title="bbox 285 3870 1956 3943; baseline -0.002 -14"><span class='ocrx_word' id='word_1_500' title='bbox 285 3873 610 3929; x_wconf 86' lang='lat' dir='ltr'><em>Christum.</em></span> <span class='ocrx_word' id='word_1_501' title='bbox 629 3872 781 3926; x_wconf 89' lang='lat' dir='ltr'><em>Dicit</em></span> <span class='ocrx_word' id='word_1_502' title='bbox 802 3872 956 3926; x_wconf 91' lang='lat' dir='ltr'><em>enim</em></span> <span class='ocrx_word' id='word_1_503' title='bbox 975 3871 1183 3926; x_wconf 84' lang='lat' dir='ltr'><em>Joanni</em></span> <span class='ocrx_word' id='word_1_504' title='bbox 1210 3871 1321 3940; x_wconf 91' lang='lat'><em>(98)</em></span> <span class='ocrx_word' id='word_1_505' title='bbox 1355 3886 1368 3926; x_wconf 89' lang='lat'><em>:</em></span> <span class='ocrx_word' id='word_1_506' title='bbox 1405 3891 1427 3921; x_wconf 74' lang='grc' dir='ltr'><em>ι</em></span> <span class='ocrx_word' id='word_1_507' title='bbox 1463 3870 1654 3941; x_wconf 91' lang='lat' dir='ltr'><em>Super</em></span> <span class='ocrx_word' id='word_1_508' title='bbox 1682 3887 1856 3943; x_wconf 91' lang='lat' dir='ltr'><em>quem</em></span> <span class='ocrx_word' id='word_1_509' title='bbox 1877 3872 1956 3926; x_wconf 87' lang='lat' dir='ltr'><em>vi-</em></span> 
     </span>
    </p>
   </div>
   <div class='ocr_carea' id='block_1_68' title="bbox 284 3960 1962 4032">
    <p class='ocr_par' dir='ltr' id='par_1_68' title="bbox 284 3960 1962 4032">
     <span class='ocr_line' id='line_1_68' title="bbox 284 3960 1962 4032; baseline -0.001 -15"><span class='ocrx_word' id='word_1_510' title='bbox 284 3963 450 4018; x_wconf 89' lang='lat' dir='ltr'><em>deris</em></span> <span class='ocrx_word' id='word_1_511' title='bbox 474 3961 754 4032; x_wconf 90' lang='lat' dir='ltr'><em>Spiritum</em></span> <span class='ocrx_word' id='word_1_512' title='bbox 773 3961 1235 4016; x_wconf 89' lang='lat' dir='ltr'><em>descendentem</em></span> <span class='ocrx_word' id='word_1_513' title='bbox 1260 3960 1331 4014; x_wconf 91' lang='lat' dir='ltr'><em>de</em></span> <span class='ocrx_word' id='word_1_514' title='bbox 1357 3960 1525 4022; x_wconf 91' lang='lat' dir='ltr'><em>coelo,</em></span> <span class='ocrx_word' id='word_1_515' title='bbox 1550 3964 1605 4015; x_wconf 90' lang='lat' dir='ltr'><em>et</em></span> <span class='ocrx_word' id='word_1_516' title='bbox 1630 3965 1962 4016; x_wconf 88' lang='lat' dir='ltr'><em>manentem</em></span> 
     </span>
    </p>
   </div>
   <div class='ocr_carea' id='block_1_69' title="bbox 285 4049 1962 4123">
    <p class='ocr_par' dir='ltr' id='par_1_69' title="bbox 285 4049 1962 4123">
     <span class='ocr_line' id='line_1_69' title="bbox 285 4049 1962 4123; baseline -0.001 -16"><span class='ocrx_word' id='word_1_517' title='bbox 285 4067 472 4123; x_wconf 88' lang='lat' dir='ltr'><em>super</em></span> <span class='ocrx_word' id='word_1_518' title='bbox 503 4066 658 4119; x_wconf 91' lang='lat' dir='ltr'><em>eum,</em></span> <span class='ocrx_word' id='word_1_519' title='bbox 699 4051 795 4105; x_wconf 89' lang='lat' dir='ltr'><em>hic</em></span> <span class='ocrx_word' id='word_1_520' title='bbox 846 4053 938 4105; x_wconf 90' lang='lat' dir='ltr'><em>est</em></span> <span class='ocrx_word' id='word_1_521' title='bbox 976 4049 1076 4121; x_wconf 91' lang='lat' dir='ltr'><em>qui</em></span> <span class='ocrx_word' id='word_1_522' title='bbox 1109 4049 1364 4119; x_wconf 89' lang='lat' dir='ltr'><em>baptizat</em></span> <span class='ocrx_word' id='word_1_523' title='bbox 1395 4049 1454 4104; x_wconf 90' lang='lat' dir='ltr'><em>in</em></span> <span class='ocrx_word' id='word_1_524' title='bbox 1502 4049 1724 4120; x_wconf 89' lang='lat' dir='ltr'><em>Spiritu</em></span> <span class='ocrx_word' id='word_1_525' title='bbox 1757 4054 1962 4105; x_wconf 89' lang='lat' dir='ltr'><em>sancto</em></span> 
     </span>
    </p>
   </div>
   <div class='ocr_carea' id='block_1_70' title="bbox 285 4138 1964 4211">
    <p class='ocr_par' dir='ltr' id='par_1_70' title="bbox 285 4138 1964 4211">
     <span class='ocr_line' id='line_1_70' title="bbox 285 4138 1964 4211; baseline -0.002 -15"><span class='ocrx_word' id='word_1_526' title='bbox 285 4142 479 4211; x_wconf 86' lang='lat' dir='ltr'><em>(Joan.</em></span> <span class='ocrx_word' id='word_1_527' title='bbox 505 4157 545 4210; x_wconf 92' lang='lat'><em>1,</em></span> <span class='ocrx_word' id='word_1_528' title='bbox 578 4139 692 4209; x_wconf 86' lang='lat'><em>33).</em></span> <span class='ocrx_word' id='word_1_529' title='bbox 723 4163 743 4186; x_wconf 71' lang='grc' dir='ltr'>ιν</span> <span class='ocrx_word' id='word_1_530' title='bbox 779 4139 937 4193; x_wconf 85' lang='lat' dir='ltr'><em>Dixit</em></span> <span class='ocrx_word' id='word_1_531' title='bbox 967 4139 1079 4194; x_wconf 91' lang='lat' dir='ltr'><em>hoc</em></span> <span class='ocrx_word' id='word_1_532' title='bbox 1109 4139 1268 4193; x_wconf 91' lang='lat' dir='ltr'><em>Deus</em></span> <span class='ocrx_word' id='word_1_533' title='bbox 1302 4138 1702 4193; x_wconf 82' lang='lat' dir='ltr'><em>PaterJoanni</em></span> <span class='ocrx_word' id='word_1_534' title='bbox 1739 4157 1750 4193; x_wconf 76' lang='grc' dir='ltr'><strong>ε</strong></span> <span class='ocrx_word' id='word_1_535' title='bbox 1787 4139 1964 4194; x_wconf 84' lang='lat' dir='ltr'><em>Joan-</em></span> 
     </span>
    </p>
   </div>
   <div class='ocr_carea' id='block_1_71' title="bbox 284 4227 1958 4298">
    <p class='ocr_par' dir='ltr' id='par_1_71' title="bbox 284 4227 1958 4298">
     <span class='ocr_line' id='line_1_71' title="bbox 284 4227 1958 4298; baseline -0.002 -12"><span class='ocrx_word' id='word_1_536' title='bbox 284 4246 394 4286; x_wconf 87' lang='lat' dir='ltr'><em>nes</em></span> <span class='ocrx_word' id='word_1_537' title='bbox 427 4234 485 4284; x_wconf 91' lang='lat' dir='ltr'><em>et</em></span> <span class='ocrx_word' id='word_1_538' title='bbox 505 4229 746 4296; x_wconf 87' lang='lat' dir='ltr'><em>audivit,</em></span> <span class='ocrx_word' id='word_1_539' title='bbox 780 4231 838 4283; x_wconf 92' lang='lat' dir='ltr'><em>et</em></span> <span class='ocrx_word' id='word_1_540' title='bbox 867 4228 1031 4297; x_wconf 88' lang='lat' dir='ltr'><em>vidit,</em></span> <span class='ocrx_word' id='word_1_541' title='bbox 1067 4232 1126 4283; x_wconf 92' lang='lat' dir='ltr'><em>et</em></span> <span class='ocrx_word' id='word_1_542' title='bbox 1155 4227 1422 4282; x_wconf 89' lang='lat' dir='ltr'><em>credidit.</em></span> <span class='ocrx_word' id='word_1_543' title='bbox 1459 4228 1701 4282; x_wconf 84' lang='lat' dir='ltr'><em>Audivit</em></span> <span class='ocrx_word' id='word_1_544' title='bbox 1751 4246 1783 4282; x_wconf 88' lang='lat' dir='ltr'><em>a</em></span> <span class='ocrx_word' id='word_1_545' title='bbox 1819 4229 1958 4298; x_wconf 91' lang='lat' dir='ltr'><em>Deo,</em></span> 
     </span>
    </p>
   </div>
   <div class='ocr_carea' id='block_1_72' title="bbox 289 4316 1962 4388">
    <p class='ocr_par' dir='ltr' id='par_1_72' title="bbox 289 4316 1962 4388">
     <span class='ocr_line' id='line_1_72' title="bbox 289 4316 1962 4388; baseline -0.001 -16"><span class='ocrx_word' id='word_1_546' title='bbox 289 4319 438 4375; x_wconf 88' lang='lat' dir='ltr'><em>vidit</em></span> <span class='ocrx_word' id='word_1_547' title='bbox 467 4319 528 4373; x_wconf 91' lang='lat' dir='ltr'><em>in</em></span> <span class='ocrx_word' id='word_1_548' title='bbox 561 4317 832 4385; x_wconf 91' lang='lat' dir='ltr'><em>Domino,</em></span> <span class='ocrx_word' id='word_1_549' title='bbox 867 4317 1054 4371; x_wconf 88' lang='lat' dir='ltr'><em>credit</em></span> <span class='ocrx_word' id='word_1_550' title='bbox 1080 4317 1217 4388; x_wconf 90' lang='lat' dir='ltr'><em>quia</em></span> <span class='ocrx_word' id='word_1_551' title='bbox 1249 4316 1505 4387; x_wconf 90' lang='lat' dir='ltr'><em>Spiritus</em></span> <span class='ocrx_word' id='word_1_552' title='bbox 1537 4320 1661 4371; x_wconf 90' lang='lat' dir='ltr'><em>erat</em></span> <span class='ocrx_word' id='word_1_553' title='bbox 1692 4318 1790 4388; x_wconf 91' lang='lat' dir='ltr'><em>qui</em></span> <span class='ocrx_word' id='word_1_554' title='bbox 1825 4317 1962 4371; x_wconf 89' lang='lat' dir='ltr'><em>des-</em></span> 
     </span>
    </p>
   </div>
   <div class='ocr_carea' id='block_1_73' title="bbox 293 4405 1963 4475">
    <p class='ocr_par' dir='ltr' id='par_1_73' title="bbox 293 4405 1963 4475">
     <span class='ocr_line' id='line_1_73' title="bbox 293 4405 1963 4475; baseline -0.002 -11"><span class='ocrx_word' id='word_1_555' title='bbox 293 4407 586 4464; x_wconf 88' lang='lat' dir='ltr'><em>cendebat</em></span> <span class='ocrx_word' id='word_1_556' title='bbox 617 4407 689 4461; x_wconf 89' lang='lat' dir='ltr'><em>de</em></span> <span class='ocrx_word' id='word_1_557' title='bbox 721 4406 892 4462; x_wconf 71' lang='lat' dir='ltr'><em>cwlo.</em></span> <span class='ocrx_word' id='word_1_558' title='bbox 939 4406 1073 4460; x_wconf 87' lang='lat' dir='ltr'><em>Non</em></span> <span class='ocrx_word' id='word_1_559' title='bbox 1131 4407 1286 4460; x_wconf 89' lang='lat' dir='ltr'><em>enim</em></span> <span class='ocrx_word' id='word_1_560' title='bbox 1319 4405 1610 4475; x_wconf 87' lang='lat' dir='ltr'><em>columba,</em></span> <span class='ocrx_word' id='word_1_561' title='bbox 1671 4406 1777 4460; x_wconf 90' lang='lat' dir='ltr'><em>sed</em></span> <span class='ocrx_word' id='word_1_562' title='bbox 1808 4407 1963 4461; x_wconf 91' lang='lat' dir='ltr'><em>sicut</em></span> 
     </span>
    </p>
   </div>
   <div class='ocr_carea' id='block_1_74' title="bbox 290 4495 1964 4565">
    <p class='ocr_par' dir='ltr' id='par_1_74' title="bbox 290 4495 1964 4565">
     <span class='ocr_line' id='line_1_74' title="bbox 290 4495 1964 4565; baseline -0.001 -13"><span class='ocrx_word' id='word_1_563' title='bbox 290 4497 564 4552; x_wconf 89' lang='lat' dir='ltr'><em>columba</em></span> <span class='ocrx_word' id='word_1_564' title='bbox 599 4495 943 4550; x_wconf 88' lang='lat' dir='ltr'><em>descendit:</em></span> <span class='ocrx_word' id='word_1_565' title='bbox 981 4496 1070 4549; x_wconf 90' lang='lat' dir='ltr'><em>sic</em></span> <span class='ocrx_word' id='word_1_566' title='bbox 1102 4495 1261 4550; x_wconf 90' lang='lat' dir='ltr'><em>enim</em></span> <span class='ocrx_word' id='word_1_567' title='bbox 1289 4495 1578 4565; x_wconf 88' lang='lat' dir='ltr'><em>scriptum</em></span> <span class='ocrx_word' id='word_1_568' title='bbox 1636 4498 1765 4550; x_wconf 88' lang='lat' dir='ltr'><em>est:</em></span> <span class='ocrx_word' id='word_1_569' title='bbox 1835 4518 1856 4541; x_wconf 78' lang='grc' dir='ltr'><strong><em>α</em></strong></span> <span class='ocrx_word' id='word_1_570' title='bbox 1895 4495 1964 4550; x_wconf 86' lang='lat' dir='ltr'><em>Et</em></span> 
     </span>
    </p>
   </div>
   <div class='ocr_carea' id='block_1_75' title="bbox 291 4583 1966 4656">
    <p class='ocr_par' dir='ltr' id='par_1_75' title="bbox 291 4583 1966 4656">
     <span class='ocr_line' id='line_1_75' title="bbox 291 4583 1966 4656; baseline -0.002 -15"><span class='ocrx_word' id='word_1_571' title='bbox 291 4587 412 4641; x_wconf 89' lang='lat' dir='ltr'><em>vidi</em></span> <span class='ocrx_word' id='word_1_572' title='bbox 444 4585 727 4656; x_wconf 89' lang='lat' dir='ltr'><em>Spiritum</em></span> <span class='ocrx_word' id='word_1_573' title='bbox 757 4583 1218 4640; x_wconf 89' lang='lat' dir='ltr'><em>descendentem</em></span> <span class='ocrx_word' id='word_1_574' title='bbox 1249 4584 1320 4638; x_wconf 90' lang='lat' dir='ltr'><em>de</em></span> <span class='ocrx_word' id='word_1_575' title='bbox 1355 4585 1526 4654; x_wconf 90' lang='lat' dir='ltr'><em>coelo,</em></span> <span class='ocrx_word' id='word_1_576' title='bbox 1563 4584 1717 4639; x_wconf 88' lang='lat' dir='ltr'><em>sicut</em></span> <span class='ocrx_word' id='word_1_577' title='bbox 1748 4585 1966 4640; x_wconf 83' lang='lat' dir='ltr'><em>colum-</em></span> 
     </span>
    </p>
   </div>
   <div class='ocr_carea' id='block_1_76' title="bbox 293 4672 957 4744">
    <p class='ocr_par' dir='ltr' id='par_1_76' title="bbox 293 4672 957 4744">
     <span class='ocr_line' id='line_1_76' title="bbox 293 4672 957 4744; baseline -0.008 -13"><span class='ocrx_word' id='word_1_578' title='bbox 293 4675 429 4731; x_wconf 89' lang='lat' dir='ltr'><em>bam</em></span> <span class='ocrx_word' id='word_1_579' title='bbox 460 4675 677 4744; x_wconf 74' lang='lat' dir='ltr'><em>(Marc.</em></span> <span class='ocrx_word' id='word_1_580' title='bbox 713 4690 752 4744; x_wconf 87' lang='lat'><em>1,</em></span> <span class='ocrx_word' id='word_1_581' title='bbox 786 4672 894 4743; x_wconf 91' lang='lat'><em>10).</em></span> <span class='ocrx_word' id='word_1_582' title='bbox 930 4694 957 4724; x_wconf 72' lang='lat'><em>11</em></span> 
     </span>
    </p>
   </div>
   <div class='ocr_carea' id='block_1_77' title="bbox 365 4779 1966 4851">
    <p class='ocr_par' dir='ltr' id='par_1_77' title="bbox 365 4779 1966 4851">
     <span class='ocr_line' id='line_1_77' title="bbox 365 4779 1966 4851; baseline -0.002 -13"><span class='ocrx_word' id='word_1_583' title='bbox 365 4782 420 4838; x_wconf 76' lang='lat'><em>4.</em></span> <span class='ocrx_word' id='word_1_584' title='bbox 441 4781 609 4837; x_wconf 88' lang='lat' dir='ltr'><em>Sicut</em></span> <span class='ocrx_word' id='word_1_585' title='bbox 638 4780 899 4836; x_wconf 84' lang='lat' dir='ltr'><em>Joannes</em></span> <span class='ocrx_word' id='word_1_586' title='bbox 929 4781 1158 4835; x_wconf 90' lang='lat' dir='ltr'><em>vidisse</em></span> <span class='ocrx_word' id='word_1_587' title='bbox 1189 4795 1257 4835; x_wconf 91' lang='lat' dir='ltr'><em>se</em></span> <span class='ocrx_word' id='word_1_588' title='bbox 1307 4779 1472 4849; x_wconf 88' lang='lat' dir='ltr'><em>dixit,</em></span> <span class='ocrx_word' id='word_1_589' title='bbox 1505 4780 1584 4834; x_wconf 90' lang='lat' dir='ltr'><em>ita</em></span> <span class='ocrx_word' id='word_1_590' title='bbox 1632 4781 1877 4851; x_wconf 91' lang='lat' dir='ltr'><em>scripsit</em></span> <span class='ocrx_word' id='word_1_591' title='bbox 1910 4784 1966 4835; x_wconf 90' lang='lat' dir='ltr'><em>et</em></span> 
     </span>
    </p>
   </div>
   <div class='ocr_carea' id='block_1_78' title="bbox 370 4921 1962 4993">
    <p class='ocr_par' dir='ltr' id='par_1_78' title="bbox 370 4921 1962 4993">
     <span class='ocr_line' id='line_1_78' title="bbox 370 4921 1962 4993; baseline -0.002 -13"><span class='ocrx_word' id='word_1_592' title='bbox 370 4924 488 4993; x_wconf 84' lang='lat'><em>(9‘7)</em></span> <span class='ocrx_word' id='word_1_593' title='bbox 514 4923 612 4978; x_wconf 91' lang='lat' dir='ltr'><em>Sic</em></span> <span class='ocrx_word' id='word_1_594' title='bbox 634 4923 872 4979; x_wconf 90' lang='lat' dir='ltr'><em>Amerb.</em></span> <span class='ocrx_word' id='word_1_595' title='bbox 930 4925 986 4977; x_wconf 90' lang='lat' dir='ltr'><em>et</em></span> <span class='ocrx_word' id='word_1_596' title='bbox 1017 4921 1185 4976; x_wconf 88' lang='lat' dir='ltr'><em>Eras.</em></span> <span class='ocrx_word' id='word_1_597' title='bbox 1222 4939 1354 4976; x_wconf 91' lang='lat' dir='ltr'><em>cum</em></span> <span class='ocrx_word' id='word_1_598' title='bbox 1385 4926 1548 4993; x_wconf 89' lang='lat' dir='ltr'><em>parte</em></span> <span class='ocrx_word' id='word_1_599' title='bbox 1606 4939 1753 4977; x_wconf 90' lang='lat' dir='ltr'><em>mss.</em></span> <span class='ocrx_word' id='word_1_600' title='bbox 1783 4939 1794 4977; x_wconf 96' lang='lat'><em>:</em></span> <span class='ocrx_word' id='word_1_601' title='bbox 1830 4923 1962 4978; x_wconf 86' lang='lat' dir='ltr'><em>Gill.</em></span> 
     </span>
    </p>
   </div>
   <div class='ocr_carea' id='block_1_79' title="bbox 297 4995 1897 5065">
    <p class='ocr_par' dir='ltr' id='par_1_79' title="bbox 297 4995 1897 5065">
     <span class='ocr_line' id='line_1_79' title="bbox 297 4995 1897 5065; baseline -0.001 -16"><span class='ocrx_word' id='word_1_602' title='bbox 297 5012 441 5051; x_wconf 87' lang='lat' dir='ltr'><em>vero</em></span> <span class='ocrx_word' id='word_1_603' title='bbox 473 4999 532 5049; x_wconf 90' lang='lat' dir='ltr'><em>et</em></span> <span class='ocrx_word' id='word_1_604' title='bbox 566 4996 735 5050; x_wconf 80' lang='lat' dir='ltr'><em>Rom.</em></span> <span class='ocrx_word' id='word_1_605' title='bbox 767 4996 904 5049; x_wconf 87' lang='lat' dir='ltr'><em>edit.</em></span> <span class='ocrx_word' id='word_1_606' title='bbox 943 5011 1074 5048; x_wconf 89' lang='lat' dir='ltr'><em>cum</em></span> <span class='ocrx_word' id='word_1_607' title='bbox 1105 4995 1218 5047; x_wconf 84' lang='lat' dir='ltr'><em>alia</em></span> <span class='ocrx_word' id='word_1_608' title='bbox 1249 5000 1431 5064; x_wconf 88' lang='lat' dir='ltr'><em>parte,</em></span> <span class='ocrx_word' id='word_1_609' title='bbox 1471 5017 1493 5041; x_wconf 79' lang='grc' dir='ltr'>α</span> <span class='ocrx_word' id='word_1_610' title='bbox 1529 4995 1897 5065; x_wconf 90' lang='lat' dir='ltr'><em>designatos,</em></span> 
     </span>
    </p>
   </div>
   <div class='ocr_carea' id='block_1_80' title="bbox 301 5066 1963 5136">
    <p class='ocr_par' dir='ltr' id='par_1_80' title="bbox 301 5066 1963 5136">
     <span class='ocr_line' id='line_1_80' title="bbox 301 5066 1963 5136; baseline -0.002 -14"><span class='ocrx_word' id='word_1_611' title='bbox 301 5069 489 5122; x_wconf 89' lang='lat' dir='ltr'><em>Porro</em></span> <span class='ocrx_word' id='word_1_612' title='bbox 521 5071 637 5121; x_wconf 89' lang='lat' dir='ltr'><em>vet.</em></span> <span class='ocrx_word' id='word_1_613' title='bbox 671 5067 809 5121; x_wconf 91' lang='lat' dir='ltr'><em>edit.</em></span> <span class='ocrx_word' id='word_1_614' title='bbox 867 5067 940 5120; x_wconf 91' lang='lat' dir='ltr'><em>ab</em></span> <span class='ocrx_word' id='word_1_615' title='bbox 971 5067 1135 5119; x_wconf 92' lang='lat' dir='ltr'><em>initio</em></span> <span class='ocrx_word' id='word_1_616' title='bbox 1193 5066 1374 5136; x_wconf 91' lang='lat' dir='ltr'><em>hujus</em></span> <span class='ocrx_word' id='word_1_617' title='bbox 1404 5067 1612 5135; x_wconf 89' lang='lat' dir='ltr'><em>capitis</em></span> <span class='ocrx_word' id='word_1_618' title='bbox 1673 5081 1862 5136; x_wconf 91' lang='lat' dir='ltr'><em>usque</em></span> <span class='ocrx_word' id='word_1_619' title='bbox 1892 5067 1963 5119; x_wconf 92' lang='lat' dir='ltr'><em>ad</em></span> 
     </span>
    </p>
   </div>
   <div class='ocr_carea' id='block_1_81' title="bbox 298 5137 1958 5207">
    <p class='ocr_par' dir='ltr' id='par_1_81' title="bbox 298 5137 1958 5207">
     <span class='ocr_line' id='line_1_81' title="bbox 298 5137 1958 5207; baseline -0.005 -15"><span class='ocrx_word' id='word_1_620' title='bbox 298 5139 481 5194; x_wconf 89' lang='lat' dir='ltr'><em>verba</em></span> <span class='ocrx_word' id='word_1_621' title='bbox 506 5139 624 5207; x_wconf 89' lang='lat' dir='ltr'><em>illa,</em></span> <span class='ocrx_word' id='word_1_622' title='bbox 654 5160 676 5185; x_wconf 77' lang='grc' dir='ltr'>α</span> <span class='ocrx_word' id='word_1_623' title='bbox 705 5137 774 5192; x_wconf 89' lang='lat' dir='ltr'><em>Et</em></span> <span class='ocrx_word' id='word_1_624' title='bbox 791 5138 1076 5191; x_wconf 88' lang='lat' dir='ltr'><em>Dominus</em></span> <span class='ocrx_word' id='word_1_625' title='bbox 1101 5137 1259 5190; x_wconf 90' lang='lat' dir='ltr'><em>misit</em></span> <span class='ocrx_word' id='word_1_626' title='bbox 1277 5153 1387 5205; x_wconf 90' lang='lat' dir='ltr'><em>me,</em></span> <span class='ocrx_word' id='word_1_627' title='bbox 1413 5138 1730 5206; x_wconf 89' lang='lat' dir='ltr'><em>etspiritus</em></span> <span class='ocrx_word' id='word_1_628' title='bbox 1754 5138 1908 5207; x_wconf 83' lang='lat' dir='ltr'><em>ejus,</em></span> <span class='ocrx_word' id='word_1_629' title='bbox 1937 5162 1958 5184; x_wconf 75' lang='grc' dir='ltr'><em>ιι</em></span> 
     </span>
    </p>
   </div>
   <div class='ocr_carea' id='block_1_82' title="bbox 299 5207 1962 5282">
    <p class='ocr_par' dir='ltr' id='par_1_82' title="bbox 299 5207 1962 5282">
     <span class='ocr_line' id='line_1_82' title="bbox 299 5207 1962 5282; baseline -0.002 -19"><span class='ocrx_word' id='word_1_630' title='bbox 299 5227 432 5282; x_wconf 70' lang='lat' dir='ltr'><em>quze</em></span> <span class='ocrx_word' id='word_1_631' title='bbox 467 5209 631 5282; x_wconf 17' lang='lat' dir='ltr'><em>infra,</em></span> <span class='ocrx_word' id='word_1_632' title='bbox 653 5225 812 5263; x_wconf 90' lang='lat' dir='ltr'><em>num.</em></span> <span class='ocrx_word' id='word_1_633' title='bbox 865 5207 1322 5282; x_wconf 17' lang='lat' dir='ltr'><em>7Acontine‘ntur,</em></span> <span class='ocrx_word' id='word_1_634' title='bbox 1344 5207 1783 5282; x_wconf 53' lang='lat' dir='ltr'><em>Praefationem</em></span> <span class='ocrx_word' id='word_1_635' title='bbox 1817 5224 1962 5262; x_wconf 88' lang='lat' dir='ltr'><em>con-</em></span> 
     </span>
    </p>
   </div>
   <div class='ocr_carea' id='block_1_83' title="bbox 300 5279 1968 5350">
    <p class='ocr_par' dir='ltr' id='par_1_83' title="bbox 300 5279 1968 5350">
     <span class='ocr_line' id='line_1_83' title="bbox 300 5279 1968 5350; baseline -0.002 -15"><span class='ocrx_word' id='word_1_636' title='bbox 300 5279 568 5336; x_wconf 75' lang='lat' dir='ltr'><em>stituunt.</em></span> <span class='ocrx_word' id='word_1_637' title='bbox 590 5281 737 5334; x_wconf 90' lang='lat' dir='ltr'><em>Tum</em></span> <span class='ocrx_word' id='word_1_638' title='bbox 760 5280 1019 5350; x_wconf 88' lang='lat' dir='ltr'><em>ascripto</em></span> <span class='ocrx_word' id='word_1_639' title='bbox 1047 5280 1236 5346; x_wconf 88' lang='lat' dir='ltr'><em>titulo,</em></span> <span class='ocrx_word' id='word_1_640' title='bbox 1276 5302 1296 5325; x_wconf 81' lang='grc' dir='ltr'>α</span> <span class='ocrx_word' id='word_1_641' title='bbox 1333 5279 1477 5343; x_wconf 88' lang='lat' dir='ltr'><em>Quia</em></span> <span class='ocrx_word' id='word_1_642' title='bbox 1500 5281 1754 5349; x_wconf 86' lang='lat' dir='ltr'><em>Spiritus</em></span> <span class='ocrx_word' id='word_1_643' title='bbox 1786 5296 1968 5348; x_wconf 89' lang='lat' dir='ltr'><em>super</em></span> 
     </span>
    </p>
   </div>
   <div class='ocr_carea' id='block_1_84' title="bbox 303 5351 1965 5420">
    <p class='ocr_par' dir='ltr' id='par_1_84' title="bbox 303 5351 1965 5420">
     <span class='ocr_line' id='line_1_84' title="bbox 303 5351 1965 5420; baseline -0.002 -13"><span class='ocrx_word' id='word_1_644' title='bbox 303 5354 605 5407; x_wconf 75' lang='lat' dir='ltr'><em>Christum</em></span> <span class='ocrx_word' id='word_1_645' title='bbox 632 5367 645 5406; x_wconf 91' lang='lat'><em>:</em></span> <span class='ocrx_word' id='word_1_646' title='bbox 679 5357 735 5404; x_wconf 90' lang='lat' dir='ltr'><em>et</em></span> <span class='ocrx_word' id='word_1_647' title='bbox 758 5352 912 5405; x_wconf 86' lang='lat' dir='ltr'><em>sicut</em></span> <span class='ocrx_word' id='word_1_648' title='bbox 932 5351 1116 5404; x_wconf 77' lang='lat' dir='ltr'><em>Filius</em></span> <span class='ocrx_word' id='word_1_649' title='bbox 1134 5351 1414 5420; x_wconf 89' lang='lat' dir='ltr'><em>Spiritum</em></span> <span class='ocrx_word' id='word_1_650' title='bbox 1452 5352 1608 5416; x_wconf 90' lang='lat' dir='ltr'><em>misi,</em></span> <span class='ocrx_word' id='word_1_651' title='bbox 1644 5351 1720 5404; x_wconf 88' lang='lat' dir='ltr'><em>ita</em></span> <span class='ocrx_word' id='word_1_652' title='bbox 1750 5355 1805 5403; x_wconf 89' lang='lat' dir='ltr'><em>et</em></span> <span class='ocrx_word' id='word_1_653' title='bbox 1838 5354 1965 5418; x_wconf 85' lang='lat' dir='ltr'><em>Spi-</em></span> 
     </span>
    </p>
   </div>
   <div class='ocr_carea' id='block_1_85' title="bbox 303 5421 1966 5492">
    <p class='ocr_par' dir='ltr' id='par_1_85' title="bbox 303 5421 1966 5492">
     <span class='ocr_line' id='line_1_85' title="bbox 303 5421 1966 5492; baseline -0.002 -14"><span class='ocrx_word' id='word_1_654' title='bbox 303 5427 453 5478; x_wconf 86' lang='lat' dir='ltr'><em>ritus</em></span> <span class='ocrx_word' id='word_1_655' title='bbox 488 5422 703 5476; x_wconf 87' lang='lat' dir='ltr'><em>Filium</em></span> <span class='ocrx_word' id='word_1_656' title='bbox 757 5423 862 5477; x_wconf 89' lang='lat' dir='ltr'><em>Dei</em></span> <span class='ocrx_word' id='word_1_657' title='bbox 893 5422 1071 5489; x_wconf 90' lang='lat' dir='ltr'><em>misit,</em></span> <span class='ocrx_word' id='word_1_658' title='bbox 1135 5445 1156 5469; x_wconf 85' lang='grc' dir='ltr'>ι›</span> <span class='ocrx_word' id='word_1_659' title='bbox 1193 5425 1379 5492; x_wconf 78' lang='lat' dir='ltr'><em>caput,</em></span> <span class='ocrx_word' id='word_1_660' title='bbox 1411 5421 1432 5474; x_wconf 91' lang='lat'><em>1</em></span> <span class='ocrx_word' id='word_1_661' title='bbox 1487 5423 1713 5476; x_wconf 90' lang='lat' dir='ltr'><em>orditur</em></span> <span class='ocrx_word' id='word_1_662' title='bbox 1742 5421 1815 5474; x_wconf 88' lang='lat' dir='ltr'><em>ab</em></span> <span class='ocrx_word' id='word_1_663' title='bbox 1848 5423 1966 5475; x_wconf 89' lang='lat' dir='ltr'><em>illis</em></span> 
     </span>
    </p>
   </div>
   <div class='ocr_carea' id='block_1_86' title="bbox 304 5493 1965 5563">
    <p class='ocr_par' dir='ltr' id='par_1_86' title="bbox 304 5493 1965 5563">
     <span class='ocr_line' id='line_1_86' title="bbox 304 5493 1965 5563; baseline -0.001 -16"><span class='ocrx_word' id='word_1_664' title='bbox 304 5496 543 5550; x_wconf 87' lang='lat' dir='ltr'><em>verbis:</em></span> <span class='ocrx_word' id='word_1_665' title='bbox 599 5518 618 5539; x_wconf 80' lang='grc' dir='ltr'><em>ιι</em></span> <span class='ocrx_word' id='word_1_666' title='bbox 655 5495 800 5557; x_wconf 89' lang='lat' dir='ltr'><em>Quis</em></span> <span class='ocrx_word' id='word_1_667' title='bbox 855 5497 947 5548; x_wconf 88' lang='lat' dir='ltr'><em>est</em></span> <span class='ocrx_word' id='word_1_668' title='bbox 975 5495 1075 5563; x_wconf 89' lang='lat' dir='ltr'><em>qui</em></span> <span class='ocrx_word' id='word_1_669' title='bbox 1105 5493 1264 5560; x_wconf 90' lang='lat' dir='ltr'><em>dicit,</em></span> <span class='ocrx_word' id='word_1_670' title='bbox 1331 5517 1352 5539; x_wconf 78' lang='grc' dir='ltr'><strong>υ</strong></span> <span class='ocrx_word' id='word_1_671' title='bbox 1389 5495 1500 5546; x_wconf 87' lang='lat' dir='ltr'><em>etc.</em></span> <span class='ocrx_word' id='word_1_672' title='bbox 1537 5493 1753 5546; x_wconf 85' lang='lat' dir='ltr'><em>Verum</em></span> <span class='ocrx_word' id='word_1_673' title='bbox 1786 5493 1965 5546; x_wconf 85' lang='lat' dir='ltr'><em>multo</em></span> 
     </span>
    </p>
   </div>
   <div class='ocr_carea' id='block_1_87' title="bbox 308 5563 1966 5634">
    <p class='ocr_par' dir='ltr' id='par_1_87' title="bbox 308 5563 1966 5634">
     <span class='ocr_line' id='line_1_87' title="bbox 308 5563 1966 5634; baseline -0.001 -15"><span class='ocrx_word' id='word_1_674' title='bbox 308 5566 659 5621; x_wconf 89' lang='lat' dir='ltr'><em>concinnius</em></span> <span class='ocrx_word' id='word_1_675' title='bbox 683 5567 848 5619; x_wconf 79' lang='lat' dir='ltr'><em>Rom.</em></span> <span class='ocrx_word' id='word_1_676' title='bbox 877 5565 1014 5618; x_wconf 89' lang='lat' dir='ltr'><em>edit.</em></span> <span class='ocrx_word' id='word_1_677' title='bbox 1036 5580 1108 5618; x_wconf 91' lang='lat' dir='ltr'><em>ex</em></span> <span class='ocrx_word' id='word_1_678' title='bbox 1132 5563 1342 5634; x_wconf 89' lang='lat' dir='ltr'><em>majori</em></span> <span class='ocrx_word' id='word_1_679' title='bbox 1365 5579 1607 5618; x_wconf 90' lang='lat' dir='ltr'><em>numero</em></span> <span class='ocrx_word' id='word_1_680' title='bbox 1628 5579 1772 5617; x_wconf 90' lang='lat' dir='ltr'><em>mss.</em></span> <span class='ocrx_word' id='word_1_681' title='bbox 1801 5563 1966 5618; x_wconf 80' lang='lat' dir='ltr'><em>Prae-</em></span> 
     </span>
    </p>
   </div>
   <div class='ocr_carea' id='block_1_88' title="bbox 309 5635 1967 5707">
    <p class='ocr_par' dir='ltr' id='par_1_88' title="bbox 309 5635 1967 5707">
     <span class='ocr_line' id='line_1_88' title="bbox 309 5635 1967 5707; baseline -0.002 -16"><span class='ocrx_word' id='word_1_682' title='bbox 309 5638 586 5692; x_wconf 76' lang='lat' dir='ltr'><em>fationem</em></span> <span class='ocrx_word' id='word_1_683' title='bbox 611 5637 765 5690; x_wconf 89' lang='lat' dir='ltr'><em>illam</em></span> <span class='ocrx_word' id='word_1_684' title='bbox 791 5653 921 5690; x_wconf 92' lang='lat' dir='ltr'><em>cum</em></span> <span class='ocrx_word' id='word_1_685' title='bbox 947 5638 1219 5707; x_wconf 88' lang='lat' dir='ltr'><em>sequenti</em></span> <span class='ocrx_word' id='word_1_686' title='bbox 1243 5636 1429 5705; x_wconf 89' lang='lat' dir='ltr'><em>capite</em></span> <span class='ocrx_word' id='word_1_687' title='bbox 1455 5635 1685 5706; x_wconf 83' lang='lat' dir='ltr'><em>redegit</em></span> <span class='ocrx_word' id='word_1_688' title='bbox 1707 5637 1764 5688; x_wconf 91' lang='lat' dir='ltr'><em>in</em></span> <span class='ocrx_word' id='word_1_689' title='bbox 1789 5652 1967 5707; x_wconf 90' lang='lat' dir='ltr'><em>unum</em></span> 
     </span>
    </p>
   </div>
   <div class='ocr_carea' id='block_1_89' title="bbox 311 5706 1968 5782">
    <p class='ocr_par' dir='ltr' id='par_1_89' title="bbox 311 5706 1968 5782">
     <span class='ocr_line' id='line_1_89' title="bbox 311 5706 1968 5782; baseline -0.002 -19"><span class='ocrx_word' id='word_1_690' title='bbox 311 5715 499 5782; x_wconf 87' lang='lat' dir='ltr'><em>caput.</em></span> <span class='ocrx_word' id='word_1_691' title='bbox 533 5708 814 5782; x_wconf 80' lang='lat' dir='ltr'><em>Nonnulli</em></span> <span class='ocrx_word' id='word_1_692' title='bbox 843 5706 1048 5782; x_wconf 73' lang='lat' dir='ltr'><em>tamen</em></span> <span class='ocrx_word' id='word_1_693' title='bbox 1066 5723 1212 5761; x_wconf 91' lang='lat' dir='ltr'><em>mss.</em></span> <span class='ocrx_word' id='word_1_694' title='bbox 1242 5707 1754 5782; x_wconf 76' lang='lat' dir='ltr'><em>Praefatiunculam</em></span> <span class='ocrx_word' id='word_1_695' title='bbox 1795 5706 1968 5761; x_wconf 89' lang='lat' dir='ltr'><em>etiam</em></span> 
     </span>
    </p>
   </div>
   <div class='ocr_carea' id='block_1_90' title="bbox 311 5777 1968 5852">
    <p class='ocr_par' dir='ltr' id='par_1_90' title="bbox 311 5777 1968 5852">
     <span class='ocr_line' id='line_1_90' title="bbox 311 5777 1968 5852; baseline -0.004 -14"><span class='ocrx_word' id='word_1_696' title='bbox 311 5777 610 5851; x_wconf 78' lang='lat' dir='ltr'><em>exhibent,</em></span> <span class='ocrx_word' id='word_1_697' title='bbox 645 5779 753 5834; x_wconf 90' lang='lat' dir='ltr'><em>sed</em></span> <span class='ocrx_word' id='word_1_698' title='bbox 801 5779 1072 5852; x_wconf 89' lang='lat' dir='ltr'><em>pauculis</em></span> <span class='ocrx_word' id='word_1_699' title='bbox 1119 5777 1400 5835; x_wconf 83' lang='lat' dir='ltr'><em>versibus</em></span> <span class='ocrx_word' id='word_1_700' title='bbox 1440 5777 1968 5852; x_wconf 80' lang='lat' dir='ltr'><em>comprehensam;</em></span> 
     </span>
    </p>
   </div>
   <div class='ocr_carea' id='block_1_91' title="bbox 591 5903 1045 5968">
    <p class='ocr_par' dir='ltr' id='par_1_91' title="bbox 591 5903 1045 5968">
     <span class='ocr_line' id='line_1_91' title="bbox 591 5903 1045 5968; baseline -0.013 -1"><span class='ocrx_word' id='word_1_701' title='bbox 591 5903 850 5968; x_wconf 77' lang='grc' dir='ltr'>ΡΑτιιοι..</span> <span class='ocrx_word' id='word_1_702' title='bbox 890 5903 1045 5963; x_wconf 81' lang='lat' dir='ltr'><em>XVI.</em></span> 
     </span>
    </p>
   </div>
   <div class='ocr_carea' id='block_1_92' title="bbox 2075 3781 3736 3861">
    <p class='ocr_par' dir='ltr' id='par_1_92' title="bbox 2075 3781 3736 3861">
     <span class='ocr_line' id='line_1_92' title="bbox 2075 3781 3736 3861; baseline 0.008 -24"><span class='ocrx_word' id='word_1_703' title='bbox 2075 3798 2140 3837; x_wconf 92' lang='lat' dir='ltr'><em>se</em></span> <span class='ocrx_word' id='word_1_704' title='bbox 2174 3785 2264 3836; x_wconf 90' lang='lat' dir='ltr'><em>est</em></span> <span class='ocrx_word' id='word_1_705' title='bbox 2293 3781 2571 3850; x_wconf 87' lang='lat' dir='ltr'><em>Trinitas,</em></span> <span class='ocrx_word' id='word_1_706' title='bbox 2608 3781 2712 3835; x_wconf 91' lang='lat' dir='ltr'><em>sed</em></span> <span class='ocrx_word' id='word_1_707' title='bbox 2744 3797 2926 3853; x_wconf 87' lang='lat' dir='ltr'><em>supra</em></span> <span class='ocrx_word' id='word_1_708' title='bbox 2959 3789 3173 3858; x_wconf 89' lang='lat' dir='ltr'><em>omnia,</em></span> <span class='ocrx_word' id='word_1_709' title='bbox 3209 3805 3390 3861; x_wconf 88' lang='lat' dir='ltr'><em>supra</em></span> <span class='ocrx_word' id='word_1_710' title='bbox 3446 3809 3513 3848; x_wconf 89' lang='lat' dir='ltr'><em>se</em></span> <span class='ocrx_word' id='word_1_711' title='bbox 3543 3801 3736 3850; x_wconf 89' lang='lat' dir='ltr'><em>autem</em></span> 
     </span>
    </p>
   </div>
   <div class='ocr_carea' id='block_1_93' title="bbox 2074 3870 2808 3940">
    <p class='ocr_par' dir='ltr' id='par_1_93' title="bbox 2074 3870 2808 3940">
     <span class='ocr_line' id='line_1_93' title="bbox 2074 3870 2808 3940; baseline -0.001 -14"><span class='ocrx_word' id='word_1_712' title='bbox 2074 3887 2191 3926; x_wconf 92' lang='lat' dir='ltr'><em>non</em></span> <span class='ocrx_word' id='word_1_713' title='bbox 2225 3873 2335 3940; x_wconf 92' lang='lat' dir='ltr'><em>est,</em></span> <span class='ocrx_word' id='word_1_714' title='bbox 2371 3870 2478 3924; x_wconf 92' lang='lat' dir='ltr'><em>sed</em></span> <span class='ocrx_word' id='word_1_715' title='bbox 2507 3871 2566 3923; x_wconf 91' lang='lat' dir='ltr'><em>in</em></span> <span class='ocrx_word' id='word_1_716' title='bbox 2599 3886 2664 3924; x_wconf 92' lang='lat' dir='ltr'><em>se</em></span> <span class='ocrx_word' id='word_1_717' title='bbox 2697 3875 2808 3925; x_wconf 91' lang='lat' dir='ltr'><em>est.</em></span> 
     </span>
    </p>
   </div>
   <div class='ocr_carea' id='block_1_94' title="bbox 2136 3977 3736 4060">
    <p class='ocr_par' dir='ltr' id='par_1_94' title="bbox 2136 3977 3736 4060">
     <span class='ocr_line' id='line_1_94' title="bbox 2136 3977 3736 4060; baseline 0.011 -28"><span class='ocrx_word' id='word_1_718' title='bbox 2136 3979 2188 4032; x_wconf 80' lang='lat'><em>&#39;7.</em></span> <span class='ocrx_word' id='word_1_719' title='bbox 2210 3978 2355 4044; x_wconf 89' lang='lat' dir='ltr'><em>Quis</em></span> <span class='ocrx_word' id='word_1_720' title='bbox 2378 3993 2522 4050; x_wconf 88' lang='lat' dir='ltr'><em>ergo</em></span> <span class='ocrx_word' id='word_1_721' title='bbox 2547 3977 2770 4032; x_wconf 88' lang='lat' dir='ltr'><em>dubitet</em></span> <span class='ocrx_word' id='word_1_722' title='bbox 2793 3979 2930 4050; x_wconf 84' lang='lat' dir='ltr'><em>quia</em></span> <span class='ocrx_word' id='word_1_723' title='bbox 2978 3983 3300 4053; x_wconf 89' lang='lat' dir='ltr'><em>prophetas</em></span> <span class='ocrx_word' id='word_1_724' title='bbox 3332 3990 3388 4043; x_wconf 89' lang='lat' dir='ltr'><em>et</em></span> <span class='ocrx_word' id='word_1_725' title='bbox 3431 3993 3736 4060; x_wconf 85' lang='lat' dir='ltr'><em>apostolos</em></span> 
     </span>
    </p>
   </div>
   <div class='ocr_carea' id='block_1_95' title="bbox 2067 4067 3736 4150">
    <p class='ocr_par' dir='ltr' id='par_1_95' title="bbox 2067 4067 3736 4150">
     <span class='ocr_line' id='line_1_95' title="bbox 2067 4067 3736 4150; baseline 0.008 -28"><span class='ocrx_word' id='word_1_726' title='bbox 2067 4068 2321 4138; x_wconf 86' lang='lat' dir='ltr'><em>Spiritus</em></span> <span class='ocrx_word' id='word_1_727' title='bbox 2355 4067 2532 4134; x_wconf 88' lang='lat' dir='ltr'><em>misit,</em></span> <span class='ocrx_word' id='word_1_728' title='bbox 2599 4083 2732 4121; x_wconf 90' lang='lat' dir='ltr'><em>cum</em></span> <span class='ocrx_word' id='word_1_729' title='bbox 2763 4068 2918 4122; x_wconf 88' lang='lat' dir='ltr'><em>dicat</em></span> <span class='ocrx_word' id='word_1_730' title='bbox 2976 4071 3079 4126; x_wconf 91' lang='lat' dir='ltr'><em>Dei</em></span> <span class='ocrx_word' id='word_1_731' title='bbox 3113 4072 3338 4132; x_wconf 84' lang='lat' dir='ltr'><em>Filius:</em></span> <span class='ocrx_word' id='word_1_732' title='bbox 3406 4102 3426 4125; x_wconf 85' lang='lat'><strong>«</strong></span> <span class='ocrx_word' id='word_1_733' title='bbox 3477 4080 3736 4150; x_wconf 89' lang='lat' dir='ltr'><em>Spiritus</em></span> 
     </span>
    </p>
   </div>
   <div class='ocr_carea' id='block_1_96' title="bbox 2070 4157 3736 4242">
    <p class='ocr_par' dir='ltr' id='par_1_96' title="bbox 2070 4157 3736 4242">
     <span class='ocr_line' id='line_1_96' title="bbox 2070 4157 3736 4242; baseline 0.008 -31"><span class='ocrx_word' id='word_1_734' title='bbox 2070 4157 2300 4211; x_wconf 88' lang='lat' dir='ltr'><em>Domini</em></span> <span class='ocrx_word' id='word_1_735' title='bbox 2331 4171 2515 4226; x_wconf 90' lang='lat' dir='ltr'><em>super</em></span> <span class='ocrx_word' id='word_1_736' title='bbox 2545 4172 2636 4210; x_wconf 90' lang='lat' dir='ltr'><em>me</em></span> <span class='ocrx_word' id='word_1_737' title='bbox 2667 4157 2829 4226; x_wconf 87' lang='lat' dir='ltr'><em>(Luc.</em></span> <span class='ocrx_word' id='word_1_738' title='bbox 2874 4175 2953 4227; x_wconf 89' lang='lat' dir='ltr'><em>1v,</em></span> <span class='ocrx_word' id='word_1_739' title='bbox 2990 4160 3130 4229; x_wconf 82' lang='lat'><em>18)?</em></span> <span class='ocrx_word' id='word_1_740' title='bbox 3179 4186 3200 4210; x_wconf 77' lang='grc' dir='ltr'>α</span> <span class='ocrx_word' id='word_1_741' title='bbox 3237 4163 3307 4219; x_wconf 87' lang='lat' dir='ltr'><em>Et</em></span> <span class='ocrx_word' id='word_1_742' title='bbox 3338 4166 3511 4223; x_wconf 90' lang='lat' dir='ltr'><em>alibi:</em></span> <span class='ocrx_word' id='word_1_743' title='bbox 3550 4191 3570 4220; x_wconf 76' lang='grc' dir='ltr'><em>ι</em></span> <span class='ocrx_word' id='word_1_744' title='bbox 3609 4170 3736 4242; x_wconf 88' lang='lat' dir='ltr'><em>Ego</em></span> 
     </span>
    </p>
   </div>
   <div class='ocr_carea' id='block_1_97' title="bbox 2070 4245 3736 4321">
    <p class='ocr_par' dir='ltr' id='par_1_97' title="bbox 2070 4245 3736 4321">
     <span class='ocr_line' id='line_1_97' title="bbox 2070 4245 3736 4321; baseline 0.007 -20"><span class='ocrx_word' id='word_1_745' title='bbox 2070 4263 2201 4301; x_wconf 89' lang='lat' dir='ltr'><em>sum</em></span> <span class='ocrx_word' id='word_1_746' title='bbox 2232 4245 2479 4316; x_wconf 91' lang='lat' dir='ltr'><em>primus,</em></span> <span class='ocrx_word' id='word_1_747' title='bbox 2534 4249 2590 4300; x_wconf 92' lang='lat' dir='ltr'><em>et</em></span> <span class='ocrx_word' id='word_1_748' title='bbox 2620 4261 2732 4318; x_wconf 91' lang='lat' dir='ltr'><em>ego</em></span> <span class='ocrx_word' id='word_1_749' title='bbox 2783 4249 2842 4301; x_wconf 92' lang='lat' dir='ltr'><em>in</em></span> <span class='ocrx_word' id='word_1_750' title='bbox 2889 4253 3215 4321; x_wconf 65' lang='lat' dir='ltr'><em>aeternum;</em></span> <span class='ocrx_word' id='word_1_751' title='bbox 3258 4258 3314 4308; x_wconf 89' lang='lat' dir='ltr'><em>et</em></span> <span class='ocrx_word' id='word_1_752' title='bbox 3347 4272 3558 4311; x_wconf 89' lang='lat' dir='ltr'><em>manus</em></span> <span class='ocrx_word' id='word_1_753' title='bbox 3608 4275 3736 4313; x_wconf 89' lang='lat' dir='ltr'><em>mea</em></span> 
     </span>
    </p>
   </div>
   <div class='ocr_carea' id='block_1_98' title="bbox 2071 4335 3730 4403">
    <p class='ocr_par' dir='ltr' id='par_1_98' title="bbox 2071 4335 3730 4403">
     <span class='ocr_line' id='line_1_98' title="bbox 2071 4335 3730 4403; baseline 0.008 -14"><span class='ocrx_word' id='word_1_754' title='bbox 2071 4335 2590 4403; x_wconf 85' lang='lat' dir='ltr'><em>fundavitterram,</em></span> <span class='ocrx_word' id='word_1_755' title='bbox 2627 4340 2682 4390; x_wconf 85' lang='lat' dir='ltr'><em>et</em></span> <span class='ocrx_word' id='word_1_756' title='bbox 2713 4336 2953 4391; x_wconf 83' lang='lat' dir='ltr'><em>dextera</em></span> <span class='ocrx_word' id='word_1_757' title='bbox 2987 4355 3112 4394; x_wconf 88' lang='lat' dir='ltr'><em>mea</em></span> <span class='ocrx_word' id='word_1_758' title='bbox 3155 4342 3432 4399; x_wconf 88' lang='lat' dir='ltr'><em>solidavit</em></span> <span class='ocrx_word' id='word_1_759' title='bbox 3482 4346 3730 4402; x_wconf 88' lang='lat' dir='ltr'><em>coelum:</em></span> 
     </span>
    </p>
   </div>
   <div class='ocr_carea' id='block_1_99' title="bbox 2069 4424 3738 4504">
    <p class='ocr_par' dir='ltr' id='par_1_99' title="bbox 2069 4424 3738 4504">
     <span class='ocr_line' id='line_1_99' title="bbox 2069 4424 3738 4504; baseline 0.008 -28"><span class='ocrx_word' id='word_1_760' title='bbox 2069 4424 2297 4479; x_wconf 90' lang='lat' dir='ltr'><em>vocabo</em></span> <span class='ocrx_word' id='word_1_761' title='bbox 2329 4439 2454 4489; x_wconf 87' lang='lat' dir='ltr'><em>eos,</em></span> <span class='ocrx_word' id='word_1_762' title='bbox 2489 4428 2546 4478; x_wconf 92' lang='lat' dir='ltr'><em>et</em></span> <span class='ocrx_word' id='word_1_763' title='bbox 2577 4425 2853 4478; x_wconf 81' lang='lat' dir='ltr'><em>astabant</em></span> <span class='ocrx_word' id='word_1_764' title='bbox 2881 4427 3080 4496; x_wconf 91' lang='lat' dir='ltr'><em>simul,</em></span> <span class='ocrx_word' id='word_1_765' title='bbox 3114 4433 3170 4482; x_wconf 81' lang='lat' dir='ltr'><em>et</em></span> <span class='ocrx_word' id='word_1_766' title='bbox 3213 4434 3738 4504; x_wconf 82' lang='lat' dir='ltr'><em>congregabantur</em></span> 
     </span>
    </p>
   </div>
   <div class='ocr_carea' id='block_1_100' title="bbox 2073 4513 3738 4582">
    <p class='ocr_par' dir='ltr' id='par_1_100' title="bbox 2073 4513 3738 4582">
     <span class='ocr_line' id='line_1_100' title="bbox 2073 4513 3738 4582; baseline 0.005 -14"><span class='ocrx_word' id='word_1_767' title='bbox 2073 4530 2298 4582; x_wconf 90' lang='lat' dir='ltr'><em>omnes,</em></span> <span class='ocrx_word' id='word_1_768' title='bbox 2325 4517 2381 4567; x_wconf 92' lang='lat' dir='ltr'><em>et</em></span> <span class='ocrx_word' id='word_1_769' title='bbox 2401 4513 2656 4567; x_wconf 89' lang='lat' dir='ltr'><em>audient.</em></span> <span class='ocrx_word' id='word_1_770' title='bbox 2683 4513 2826 4578; x_wconf 92' lang='lat' dir='ltr'><em>Quis</em></span> <span class='ocrx_word' id='word_1_771' title='bbox 2860 4515 2978 4568; x_wconf 88' lang='lat' dir='ltr'><em>illis</em></span> <span class='ocrx_word' id='word_1_772' title='bbox 3011 4517 3139 4571; x_wconf 75' lang='lat' dir='ltr'><em>haec</em></span> <span class='ocrx_word' id='word_1_773' title='bbox 3163 4518 3573 4575; x_wconf 83' lang='lat' dir='ltr'><em>denuntiavit?</em></span> <span class='ocrx_word' id='word_1_774' title='bbox 3605 4523 3738 4576; x_wconf 86' lang='lat' dir='ltr'><em>Dili-</em></span> 
     </span>
    </p>
   </div>
   <div class='ocr_carea' id='block_1_101' title="bbox 2071 4601 3732 4680">
    <p class='ocr_par' dir='ltr' id='par_1_101' title="bbox 2071 4601 3732 4680">
     <span class='ocr_line' id='line_1_101' title="bbox 2071 4601 3732 4680; baseline 0.005 -23"><span class='ocrx_word' id='word_1_775' title='bbox 2071 4619 2223 4676; x_wconf 87' lang='lat' dir='ltr'><em>gens</em></span> <span class='ocrx_word' id='word_1_776' title='bbox 2248 4606 2323 4670; x_wconf 88' lang='lat' dir='ltr'><em>te,</em></span> <span class='ocrx_word' id='word_1_777' title='bbox 2351 4601 2461 4656; x_wconf 80' lang='lat' dir='ltr'><em>feci</em></span> <span class='ocrx_word' id='word_1_778' title='bbox 2483 4602 2840 4656; x_wconf 89' lang='lat' dir='ltr'><em>voluntatem</em></span> <span class='ocrx_word' id='word_1_779' title='bbox 2864 4607 3020 4658; x_wconf 90' lang='lat' dir='ltr'><em>tuam</em></span> <span class='ocrx_word' id='word_1_780' title='bbox 3037 4606 3329 4662; x_wconf 91' lang='lat' dir='ltr'><em>adversus</em></span> <span class='ocrx_word' id='word_1_781' title='bbox 3355 4610 3732 4680; x_wconf 69' lang='lat' dir='ltr'><em>Babylonem,</em></span> 
     </span>
    </p>
   </div>
   <div class='ocr_carea' id='block_1_102' title="bbox 2071 4691 3739 4768">
    <p class='ocr_par' dir='ltr' id='par_1_102' title="bbox 2071 4691 3739 4768">
     <span class='ocr_line' id='line_1_102' title="bbox 2071 4691 3739 4768; baseline 0.004 -20"><span class='ocrx_word' id='word_1_782' title='bbox 2071 4697 2132 4748; x_wconf 90' lang='lat' dir='ltr'><em>ut</em></span> <span class='ocrx_word' id='word_1_783' title='bbox 2157 4691 2392 4746; x_wconf 89' lang='lat' dir='ltr'><em>tollatur</em></span> <span class='ocrx_word' id='word_1_784' title='bbox 2411 4707 2616 4746; x_wconf 90' lang='lat' dir='ltr'><em>semen</em></span> <span class='ocrx_word' id='word_1_785' title='bbox 2634 4691 3065 4747; x_wconf 70' lang='lat' dir='ltr'><em>Chaldaaorum.</em></span> <span class='ocrx_word' id='word_1_786' title='bbox 3103 4694 3227 4766; x_wconf 79' lang='lat' dir='ltr'><em>Ego</em></span> <span class='ocrx_word' id='word_1_787' title='bbox 3251 4696 3484 4753; x_wconf 90' lang='lat' dir='ltr'><em>locutus</em></span> <span class='ocrx_word' id='word_1_788' title='bbox 3503 4716 3656 4768; x_wconf 91' lang='lat' dir='ltr'><em>sum,</em></span> <span class='ocrx_word' id='word_1_789' title='bbox 3683 4707 3739 4754; x_wconf 90' lang='lat' dir='ltr'><em>et</em></span> 
     </span>
    </p>
   </div>
   <div class='ocr_carea' id='block_1_103' title="bbox 2073 4779 3734 4860">
    <p class='ocr_par' dir='ltr' id='par_1_103' title="bbox 2073 4779 3734 4860">
     <span class='ocr_line' id='line_1_103' title="bbox 2073 4779 3734 4860; baseline 0.004 -23"><span class='ocrx_word' id='word_1_790' title='bbox 2073 4798 2186 4854; x_wconf 89' lang='lat' dir='ltr'><em>ego</em></span> <span class='ocrx_word' id='word_1_791' title='bbox 2208 4781 2449 4835; x_wconf 89' lang='lat' dir='ltr'><em>vocavi:</em></span> <span class='ocrx_word' id='word_1_792' title='bbox 2483 4779 2870 4850; x_wconf 86' lang='lat' dir='ltr'><em>adduxieum,</em></span> <span class='ocrx_word' id='word_1_793' title='bbox 2893 4785 3312 4854; x_wconf 88' lang='lat' dir='ltr'><em>etprosperum</em></span> <span class='ocrx_word' id='word_1_794' title='bbox 3328 4787 3436 4841; x_wconf 89' lang='lat' dir='ltr'><em>iter</em></span> <span class='ocrx_word' id='word_1_795' title='bbox 3453 4788 3586 4860; x_wconf 87' lang='lat' dir='ltr'><em>ejus</em></span> <span class='ocrx_word' id='word_1_796' title='bbox 3602 4789 3734 4844; x_wconf 81' lang='lat' dir='ltr'><em>feci.</em></span> 
     </span>
    </p>
   </div>
   <div class='ocr_carea' id='block_1_104' title="bbox 2076 4921 3738 4991">
    <p class='ocr_par' dir='ltr' id='par_1_104' title="bbox 2076 4921 3738 4991">
     <span class='ocr_line' id='line_1_104' title="bbox 2076 4921 3738 4991; baseline 0.005 -14"><span class='ocrx_word' id='word_1_797' title='bbox 2076 4922 2294 4978; x_wconf 84' lang='lat' dir='ltr'><em>desinit</em></span> <span class='ocrx_word' id='word_1_798' title='bbox 2315 4921 2470 4976; x_wconf 90' lang='lat' dir='ltr'><em>enim</em></span> <span class='ocrx_word' id='word_1_799' title='bbox 2494 4922 2628 4990; x_wconf 92' lang='lat' dir='ltr'><em>post</em></span> <span class='ocrx_word' id='word_1_800' title='bbox 2651 4921 2747 4974; x_wconf 91' lang='lat' dir='ltr'><em>illa</em></span> <span class='ocrx_word' id='word_1_801' title='bbox 2781 4921 2961 4975; x_wconf 89' lang='lat' dir='ltr'><em>verba</em></span> <span class='ocrx_word' id='word_1_802' title='bbox 2995 4939 3154 4978; x_wconf 90' lang='lat' dir='ltr'><em>num.</em></span> <span class='ocrx_word' id='word_1_803' title='bbox 3191 4926 3240 4991; x_wconf 92' lang='lat'><em>1,</em></span> <span class='ocrx_word' id='word_1_804' title='bbox 3271 4949 3292 4976; x_wconf 72' lang='grc' dir='ltr'><em>ι</em></span> <span class='ocrx_word' id='word_1_805' title='bbox 3321 4927 3590 4984; x_wconf 89' lang='lat' dir='ltr'><em>dubitare</em></span> <span class='ocrx_word' id='word_1_806' title='bbox 3622 4948 3738 4986; x_wconf 88' lang='lat' dir='ltr'><em>non</em></span> 
     </span>
    </p>
   </div>
   <div class='ocr_carea' id='block_1_105' title="bbox 1939 4991 3740 5072">
    <p class='ocr_par' dir='ltr' id='par_1_105' title="bbox 1939 4991 3740 5072">
     <span class='ocr_line' id='line_1_105' title="bbox 1939 4991 3740 5072; baseline 0.008 -30"><span class='ocrx_word' id='word_1_807' title='bbox 1939 5019 1959 5072; x_wconf 55' lang='grc' dir='ltr'><em>ιι</em></span> <span class='ocrx_word' id='word_1_808' title='bbox 1997 5000 2047 5060; x_wconf 81' lang='grc' dir='ltr'>ι)</span> <span class='ocrx_word' id='word_1_809' title='bbox 2078 4995 2346 5072; x_wconf 84' lang='lat' dir='ltr'><em>possint:</em></span> <span class='ocrx_word' id='word_1_810' title='bbox 2376 5016 2406 5072; x_wconf 77' lang='lat'><em>_«</em></span> <span class='ocrx_word' id='word_1_811' title='bbox 2435 4991 2646 5072; x_wconf 77' lang='lat' dir='ltr'><em>deinde</em></span> <span class='ocrx_word' id='word_1_812' title='bbox 2669 4991 2967 5072; x_wconf 62' lang='lat' dir='ltr'><em>locotituli</em></span> <span class='ocrx_word' id='word_1_813' title='bbox 2989 5002 3304 5072; x_wconf 78' lang='lat' dir='ltr'><em>ponuntur,</em></span> <span class='ocrx_word' id='word_1_814' title='bbox 3326 5015 3458 5069; x_wconf 86' lang='lat' dir='ltr'><em>quae</em></span> <span class='ocrx_word' id='word_1_815' title='bbox 3482 5017 3740 5072; x_wconf 90' lang='lat' dir='ltr'><em>sequun-</em></span> 
     </span>
    </p>
   </div>
   <div class='ocr_carea' id='block_1_106' title="bbox 2078 5063 3741 5140">
    <p class='ocr_par' dir='ltr' id='par_1_106' title="bbox 2078 5063 3741 5140">
     <span class='ocr_line' id='line_1_106' title="bbox 2078 5063 3741 5140; baseline -0.01 -20"><span class='ocrx_word' id='word_1_816' title='bbox 2078 5063 2174 5120; x_wconf 79' lang='lat' dir='ltr'><em>tur</em></span> <span class='ocrx_word' id='word_1_817' title='bbox 2195 5065 2453 5131; x_wconf 88' lang='lat' dir='ltr'><em>intextu,</em></span> <span class='ocrx_word' id='word_1_818' title='bbox 2475 5063 2820 5140; x_wconf 79' lang='lat' dir='ltr'><em>nimiru_m_,__«</em></span> <span class='ocrx_word' id='word_1_819' title='bbox 2846 5063 3493 5140; x_wconf 48' lang='lat' dir='ltr'><em>QuodSpii-itus&#39;super</em></span> <span class='ocrx_word' id='word_1_820' title='bbox 3530 5063 3741 5127; x_wconf 53' lang='grc' dir='ltr'><em>(ςἰητίε,</em></span> 
     </span>
    </p>
   </div>
   <div class='ocr_carea' id='block_1_107' title="bbox 2080 5133 3740 5210">
    <p class='ocr_par' dir='ltr' id='par_1_107' title="bbox 2080 5133 3740 5210">
     <span class='ocr_line' id='line_1_107' title="bbox 2080 5133 3740 5210; baseline 0.005 -20"><span class='ocrx_word' id='word_1_821' title='bbox 2080 5143 2222 5210; x_wconf 87' lang='lat' dir='ltr'><em>tum,</em></span> <span class='ocrx_word' id='word_1_822' title='bbox 2258 5140 2314 5210; x_wconf 85' lang='lat' dir='ltr'><em>et</em></span> <span class='ocrx_word' id='word_1_823' title='bbox 2343 5134 2498 5210; x_wconf 89' lang='lat' dir='ltr'><em>quod</em></span> <span class='ocrx_word' id='word_1_824' title='bbox 2547 5133 2703 5210; x_wconf 76' lang='lat' dir='ltr'><em>sicut</em></span> <span class='ocrx_word' id='word_1_825' title='bbox 2747 5136 2846 5210; x_wconf 73' lang='lat' dir='ltr'><em>ille</em></span> <span class='ocrx_word' id='word_1_826' title='bbox 2877 5133 3159 5210; x_wconf 79' lang='lat' dir='ltr'><em>Spiritum</em></span> <span class='ocrx_word' id='word_1_827' title='bbox 3208 5133 3478 5210; x_wconf 53' lang='lat' dir='ltr'><em>misit,&#39;et</em></span> <span class='ocrx_word' id='word_1_828' title='bbox 3525 5142 3740 5199; x_wconf 84' lang='lat' dir='ltr'><em>Filium</em></span> 
     </span>
    </p>
   </div>
   <div class='ocr_carea' id='block_1_108' title="bbox 2082 5205 3742 5284">
    <p class='ocr_par' dir='ltr' id='par_1_108' title="bbox 2082 5205 3742 5284">
     <span class='ocr_line' id='line_1_108' title="bbox 2082 5205 3742 5284; baseline 0.006 -24"><span class='ocrx_word' id='word_1_829' title='bbox 2082 5208 2186 5284; x_wconf 79' lang='lat' dir='ltr'><em>Dei</em></span> <span class='ocrx_word' id='word_1_830' title='bbox 2205 5207 2460 5284; x_wconf 79' lang='lat' dir='ltr'><em>Spiritus</em></span> <span class='ocrx_word' id='word_1_831' title='bbox 2485 5205 2708 5284; x_wconf 35' lang='lat' dir='ltr'><em>misit-,3:</em></span> <span class='ocrx_word' id='word_1_832' title='bbox 2737 5206 2878 5284; x_wconf 67' lang='lat' dir='ltr'><em>Quae</em></span> <span class='ocrx_word' id='word_1_833' title='bbox 2899 5205 3134 5284; x_wconf 81' lang='lat' dir='ltr'><em>quidem</em></span> <span class='ocrx_word' id='word_1_834' title='bbox 3155 5212 3336 5284; x_wconf 85' lang='lat' dir='ltr'><em>verba</em></span> <span class='ocrx_word' id='word_1_835' title='bbox 3361 5205 3494 5267; x_wconf 86' lang='lat' dir='ltr'><em>eum</em></span> <span class='ocrx_word' id='word_1_836' title='bbox 3529 5216 3585 5268; x_wconf 90' lang='lat' dir='ltr'><em>in</em></span> <span class='ocrx_word' id='word_1_837' title='bbox 3609 5218 3742 5270; x_wconf 89' lang='lat' dir='ltr'><em>aliis</em></span> 
     </span>
    </p>
   </div>
   <div class='ocr_carea' id='block_1_109' title="bbox 2081 5277 3743 5353">
    <p class='ocr_par' dir='ltr' id='par_1_109' title="bbox 2081 5277 3743 5353">
     <span class='ocr_line' id='line_1_109' title="bbox 2081 5277 3743 5353; baseline 0.005 -21"><span class='ocrx_word' id='word_1_838' title='bbox 2081 5279 2302 5349; x_wconf 89' lang='lat' dir='ltr'><em>aliquot</em></span> <span class='ocrx_word' id='word_1_839' title='bbox 2324 5293 2478 5353; x_wconf 74' lang='lat' dir='ltr'><em>mss.</em></span> <span class='ocrx_word' id='word_1_840' title='bbox 2514 5277 2946 5353; x_wconf 69' lang='lat' dir='ltr'><em>desiderentur.</em></span> <span class='ocrx_word' id='word_1_841' title='bbox 2983 5286 3038 5353; x_wconf 89' lang='lat' dir='ltr'><em>et</em></span> <span class='ocrx_word' id='word_1_842' title='bbox 3060 5283 3114 5334; x_wconf 90' lang='lat' dir='ltr'><em>in</em></span> <span class='ocrx_word' id='word_1_843' title='bbox 3145 5283 3390 5353; x_wconf 90' lang='lat' dir='ltr'><em>reliquis</em></span> <span class='ocrx_word' id='word_1_844' title='bbox 3414 5301 3530 5338; x_wconf 91' lang='lat' dir='ltr'><em>non</em></span> <span class='ocrx_word' id='word_1_845' title='bbox 3562 5302 3743 5340; x_wconf 91' lang='lat' dir='ltr'><em>secus</em></span> 
     </span>
    </p>
   </div>
   <div class='ocr_carea' id='block_1_110' title="bbox 2081 5349 3740 5423">
    <p class='ocr_par' dir='ltr' id='par_1_110' title="bbox 2081 5349 3740 5423">
     <span class='ocr_line' id='line_1_110' title="bbox 2081 5349 3740 5423; baseline 0.004 -20"><span class='ocrx_word' id='word_1_846' title='bbox 2081 5367 2149 5403; x_wconf 91' lang='lat' dir='ltr'><em>ac</em></span> <span class='ocrx_word' id='word_1_847' title='bbox 2182 5367 2240 5402; x_wconf 87' lang='grc' dir='ltr'><em>ιιι</em></span> <span class='ocrx_word' id='word_1_848' title='bbox 2271 5349 2407 5402; x_wconf 89' lang='lat' dir='ltr'><em>edit.</em></span> <span class='ocrx_word' id='word_1_849' title='bbox 2444 5349 2795 5423; x_wconf 80' lang='lat' dir='ltr'><em>conveniant</em></span> <span class='ocrx_word' id='word_1_850' title='bbox 2827 5365 2957 5423; x_wconf 86' lang='lat' dir='ltr'><em>cum</em></span> <span class='ocrx_word' id='word_1_851' title='bbox 2993 5352 3154 5406; x_wconf 91' lang='lat' dir='ltr'><em>titulo</em></span> <span class='ocrx_word' id='word_1_852' title='bbox 3186 5349 3367 5423; x_wconf 82' lang='lat' dir='ltr'><em>supra</em></span> <span class='ocrx_word' id='word_1_853' title='bbox 3397 5362 3740 5423; x_wconf 89' lang='lat' dir='ltr'><em>memorato,</em></span> 
     </span>
    </p>
   </div>
   <div class='ocr_carea' id='block_1_111' title="bbox 2083 5419 3351 5489">
    <p class='ocr_par' dir='ltr' id='par_1_111' title="bbox 2083 5419 3351 5489">
     <span class='ocr_line' id='line_1_111' title="bbox 2083 5419 3351 5489; baseline 0.003 -13"><span class='ocrx_word' id='word_1_854' title='bbox 2083 5424 2360 5489; x_wconf 88' lang='lat' dir='ltr'><em>suspecta</em></span> <span class='ocrx_word' id='word_1_855' title='bbox 2397 5419 2570 5472; x_wconf 90' lang='lat' dir='ltr'><em>nobis</em></span> <span class='ocrx_word' id='word_1_856' title='bbox 2601 5424 2738 5473; x_wconf 88' lang='lat' dir='ltr'><em>sunt</em></span> <span class='ocrx_word' id='word_1_857' title='bbox 2771 5420 2923 5474; x_wconf 89' lang='lat' dir='ltr'><em>haud</em></span> <span class='ocrx_word' id='word_1_858' title='bbox 2958 5419 3351 5480; x_wconf 80' lang='lat' dir='ltr'><em>mediocriter.</em></span> 
     </span>
    </p>
   </div>
   <div class='ocr_carea' id='block_1_112' title="bbox 2155 5491 3560 5560">
    <p class='ocr_par' dir='ltr' id='par_1_112' title="bbox 2155 5491 3560 5560">
     <span class='ocr_line' id='line_1_112' title="bbox 2155 5491 3560 5560; baseline 0.004 -15"><span class='ocrx_word' id='word_1_859' title='bbox 2155 5493 2267 5557; x_wconf 87' lang='lat'><em>(98)</em></span> <span class='ocrx_word' id='word_1_860' title='bbox 2297 5491 2567 5560; x_wconf 77' lang='lat' dir='ltr'><em>Quinque</em></span> <span class='ocrx_word' id='word_1_861' title='bbox 2601 5507 2774 5559; x_wconf 91' lang='lat' dir='ltr'><em>mss.,</em></span> <span class='ocrx_word' id='word_1_862' title='bbox 2813 5514 2835 5538; x_wconf 73' lang='grc' dir='ltr'>α</span> <span class='ocrx_word' id='word_1_863' title='bbox 2873 5493 3012 5547; x_wconf 89' lang='lat' dir='ltr'><em>dicit</em></span> <span class='ocrx_word' id='word_1_864' title='bbox 3041 5495 3196 5548; x_wconf 90' lang='lat' dir='ltr'><em>enim</em></span> <span class='ocrx_word' id='word_1_865' title='bbox 3219 5497 3500 5550; x_wconf 80' lang='lat' dir='ltr'><em>Joannes.</em></span> <span class='ocrx_word' id='word_1_866' title='bbox 3539 5520 3560 5544; x_wconf 78' lang='grc' dir='ltr'><strong>υ</strong></span> 
     </span>
    </p>
   </div>
   <div class='ocr_carea' id='block_1_113' title="bbox 2155 5562 3747 5636">
    <p class='ocr_par' dir='ltr' id='par_1_113' title="bbox 2155 5562 3747 5636">
     <span class='ocr_line' id='line_1_113' title="bbox 2155 5562 3747 5636; baseline 0.002 -20"><span class='ocrx_word' id='word_1_867' title='bbox 2155 5562 2269 5625; x_wconf 69' lang='lat'>(99)</span> <span class='ocrx_word' id='word_1_868' title='bbox 2303 5563 2449 5636; x_wconf 68' lang='lat' dir='ltr'><em>Mss.</em></span> <span class='ocrx_word' id='word_1_869' title='bbox 2485 5563 2725 5636; x_wconf 90' lang='lat' dir='ltr'><em>aliquot,</em></span> <span class='ocrx_word' id='word_1_870' title='bbox 2790 5583 2811 5608; x_wconf 86' lang='lat'><strong>«</strong></span> <span class='ocrx_word' id='word_1_871' title='bbox 2848 5563 2948 5636; x_wconf 72' lang='lat' dir='ltr'><em>ille</em></span> <span class='ocrx_word' id='word_1_872' title='bbox 3005 5565 3078 5619; x_wconf 90' lang='lat' dir='ltr'><em>de</em></span> <span class='ocrx_word' id='word_1_873' title='bbox 3121 5582 3214 5620; x_wconf 89' lang='lat' dir='ltr'><em>me</em></span> <span class='ocrx_word' id='word_1_874' title='bbox 3264 5567 3532 5636; x_wconf 89' lang='lat' dir='ltr'><em>accipiet.</em></span> <span class='ocrx_word' id='word_1_875' title='bbox 3572 5591 3592 5613; x_wconf 77' lang='grc' dir='ltr'><strong><em>η</em></strong></span> <span class='ocrx_word' id='word_1_876' title='bbox 3629 5567 3747 5620; x_wconf 89' lang='lat' dir='ltr'><em>Sed</em></span> 
     </span>
    </p>
   </div>
   <div class='ocr_carea' id='block_1_114' title="bbox 2084 5633 3744 5708">
    <p class='ocr_par' dir='ltr' id='par_1_114' title="bbox 2084 5633 3744 5708">
     <span class='ocr_line' id='line_1_114' title="bbox 2084 5633 3744 5708; baseline 0.002 -20"><span class='ocrx_word' id='word_1_877' title='bbox 2084 5635 2212 5688; x_wconf 92' lang='lat' dir='ltr'><em>sive</em></span> <span class='ocrx_word' id='word_1_878' title='bbox 2248 5655 2268 5679; x_wconf 81' lang='grc' dir='ltr'>α</span> <span class='ocrx_word' id='word_1_879' title='bbox 2303 5633 2375 5687; x_wconf 92' lang='lat' dir='ltr'><em>de</em></span> <span class='ocrx_word' id='word_1_880' title='bbox 2410 5648 2521 5701; x_wconf 91' lang='lat' dir='ltr'><em>me,</em></span> <span class='ocrx_word' id='word_1_881' title='bbox 2563 5655 2584 5682; x_wconf 74' lang='grc' dir='ltr'><em>ι</em></span> <span class='ocrx_word' id='word_1_882' title='bbox 2619 5635 2747 5687; x_wconf 90' lang='lat' dir='ltr'><em>sive</em></span> <span class='ocrx_word' id='word_1_883' title='bbox 2782 5657 2803 5679; x_wconf 79' lang='grc' dir='ltr'>«ι</span> <span class='ocrx_word' id='word_1_884' title='bbox 2842 5635 2914 5688; x_wconf 89' lang='lat' dir='ltr'><em>de</em></span> <span class='ocrx_word' id='word_1_885' title='bbox 2947 5651 3076 5689; x_wconf 92' lang='lat' dir='ltr'><em>meo</em></span> <span class='ocrx_word' id='word_1_886' title='bbox 3114 5660 3134 5683; x_wconf 78' lang='grc' dir='ltr'><em>η</em></span> <span class='ocrx_word' id='word_1_887' title='bbox 3171 5637 3338 5708; x_wconf 84' lang='lat' dir='ltr'><em>legas</em></span> <span class='ocrx_word' id='word_1_888' title='bbox 3361 5633 3604 5706; x_wconf 77' lang='lat' dir='ltr'><em>perinde</em></span> <span class='ocrx_word' id='word_1_889' title='bbox 3623 5643 3744 5691; x_wconf 86' lang='lat' dir='ltr'><em>est:</em></span> 
     </span>
    </p>
   </div>
   <div class='ocr_carea' id='block_1_115' title="bbox 2085 5712 3085 5788">
    <p class='ocr_par' dir='ltr' id='par_1_115' title="bbox 2085 5712 3085 5788">
     <span class='ocr_line' id='line_1_115' title="bbox 2085 5712 3085 5788; baseline -0.003 -20"><span class='ocrx_word' id='word_1_890' title='bbox 2085 5729 2216 5769; x_wconf 90' lang='lat' dir='ltr'><em>cum</em></span> <span class='ocrx_word' id='word_1_891' title='bbox 2248 5713 2454 5769; x_wconf 68' lang='lat' dir='ltr'><em>Graece</em></span> <span class='ocrx_word' id='word_1_892' title='bbox 2487 5713 2772 5769; x_wconf 88' lang='lat' dir='ltr'><em>habeatur</em></span> <span class='ocrx_word' id='word_1_893' title='bbox 2813 5712 2900 5766; x_wconf 82' lang='grc' dir='ltr'><em>ἀπ’</em></span> <span class='ocrx_word' id='word_1_894' title='bbox 2945 5713 3085 5788; x_wconf 74' lang='grc' dir='ltr'><em>ἐμοῦ.</em></span> 
     </span>
    </p>
   </div>
   <div class='ocr_carea' id='block_1_116' title="bbox 3395 5899 3470 5976">
    <p class='ocr_par' dir='ltr' id='par_1_116' title="bbox 3395 5899 3470 5976">
     <span class='ocr_line' id='line_1_116' title="bbox 3395 5899 3470 5976; baseline -0.053 0"><span class='ocrx_word' id='word_1_895' title='bbox 3395 5899 3470 5976; x_wconf 69' lang='grc'>26</span> 
     </span>
    </p>
   </div>
  </div>
