4090 6174
254 236 376 310 813

1395 241 1505 306 DE
1541 239 1879 307 SPIRITU
1911 237 2245 306 SANCTO
2278 245 2436 306 LIB.
2471 240 2581 306 ΙΙΙ.

3581 243 3704 309 814

259 460 375 500 non
394 443 454 498 in
475 443 695 498 tabulis
712 442 983 514 lapideis,
1008 444 1115 498 sed
1138 444 1195 498 in
1216 444 1432 498 tabulis
1457 445 1654 499 cordis
1675 445 1926 498 carnali-
1958 426 2013 488 Α
2102 459 2251 515 gura
2267 442 2414 519 fuit;
2436 444 2729 519 siquidem
2752 445 2814 498 in
2833 445 2942 519 hoc
2967 449 3096 500 tros
3125 459 3419 519 personas
3446 461 3524 502 ex
3542 462 3706 519 aequo

255 533 368 588 bus
399 532 472 602 (11
502 533 636 587 Cor.
669 550 752 603 ιιι,
785 533 862 602 3).
900 553 923 582 ι
961 533 1109 586 Nam
1141 534 1195 587 si
1225 534 1761 604 Apostoliepistola
1786 535 1930 587 scri-

251 621 488 676 biturin
520 621 762 692 Spiritu,
789 622 926 693 quid
957 622 1152 676 obstat
1188 623 1506 693 quominus
1541 623 1710 676 etiam
1735 625 1926 693 legem

2105 517 2364 586 operari,
2385 517 2880 587 sancti/icaroque
2905 516 3218 588 Scriptura
3249 518 3437 572 docet.

2106 622 2192 675 1'1.
2229 621 2424 692 [Alias
2455 637 2582 691 cap.
2617 621 2736 693 111.]
2769 621 2883 676 Sed
2907 623 2960 676 si
2991 623 3126 693 quis
3153 624 3345 678 adhuc
3367 623 3705 679 carnalibus

255 710 358 766 Dei
382 727 504 765 non
528 713 872 773 atramento,
896 711 1003 764 sed
1027 711 1247 781 Spiritu
1262 712 1366 764 Dei
1390 713 1669 781 scriptam
1686 712 1927 765 credere
2034 709 2618 780 inhaeretambiguis,
2636 714 2691 764 et
2709 712 3120 780 corporalibus
3138 712 3373 767 vacillat
3391 714 3704 783 exemplis,

252 799 579 854 debeamus
611 815 624 854 :
661 816 794 871 quas
826 800 1026 870 utique
1051 801 1249 854 cordis
1273 801 1460 855 nostri
1481 801 1810 872 mentisque
1834 815 1929 854 se-

254 893 414 944 creta
428 905 548 944 non
572 890 847 959 maculat,
873 891 979 943 sed
1005 889 1334 944 illuminat?

326 995 419 1050 14.
455 996 686 1067 Scripta
710 999 801 1050 est
833 999 1025 1050 autem
1057 997 1116 1050 in
1147 996 1365 1051 tabulis
1398 995 1667 1067 lapideis,
1701 996 1838 1066 quia
1869 995 1930 1049 in

253 1088 396 1156 typo
430 1086 653 1156 scripta
684 1090 810 1141 est:
846 1086 954 1140 sed
985 1086 1200 1140 tabulae
1234 1086 1435 1140 fractae
1464 1088 1653 1155 primo
1686 1088 1843 1153 sunt,
1875 1088 1934 1139 et

255 1173 513 1245 abjectae
545 1174 616 1228 de
648 1174 875 1245 Moysis
907 1175 1182 1229 manibus
1208 1191 1222 1244 ς
1257 1175 1391 1246 quia
1412 1175 1600 1229 Judaei
1624 1191 1654 1227 a
1677 1173 1930 1244 prophe-

250 1263 392 1317 ticis
407 1263 690 1332 Operibus
729 1263 1079 1319 exciderunt
1100 1263 1646 1331 (Exod.xxxu,19).
1681 1262 1751 1316 Et
1777 1263 1930 1317 bene

255 1352 479 1407 tabulae
507 1351 710 1407 fractae
733 1356 890 1422 sunt,
915 1368 1034 1407 non
1062 1353 1356 1422 scriptura
1378 1352 1586 1407 deleta.
1623 1351 1690 1404 Et
1711 1354 1773 1405 tu
1796 1351 1930 1405 vide

257 1456 336 1495 ne
355 1440 661 1512 frangatur
684 1441 878 1496 tabula
905 1445 1022 1510 tua,
1044 1458 1117 1496 ne
1141 1457 1310 1496 mens
1332 1445 1429 1495 tua
1451 1446 1507 1495 et
1527 1441 1758 1494 animus
1783 1440 1930 1494 divi-

258 1529 456 1584 datur.
484 1529 776 1601 Numquid
797 1531 1029 1586 divisus
1062 1533 1154 1584 est
1175 1530 1448 1585 Christus
1466 1531 1494 1584 ‘3
1534 1529 1667 1584 Non
1699 1529 1931 1583 divisus

261 1621 378 1687 est,
403 1620 507 1673 sed
532 1636 710 1674 unum
733 1623 825 1675 est
858 1636 990 1675 cum
1024 1620 1224 1675 Patre:
1274 1623 1330 1674 et
1358 1623 1412 1674 te
1444 1635 1616 1674 nemo
1639 1619 1710 1672 ab
1735 1635 1805 1673 eo
1837 1634 1932 1673 se-

258 1711 450 1778 paret.
484 1707 546 1762 Si
577 1709 728 1763 fides
759 1710 1012 1780 deficiat,
1049 1709 1244 1763 tabula
1276 1709 1474 1763 cordis
1507 1709 1589 1763 tui
1618 1708 1928 1778 frangitur.

2039 799 2377 853 consideret
2408 800 2543 869 quia
2573 815 2692 853 non
2741 803 2936 869 potest
2967 801 3118 855 bene
3171 802 3391 856 sentire
3424 803 3495 856 de
3527 802 3706 872 Filio,

2039 887 2136 958 qui
2170 890 2366 957 potest
2397 887 2546 942 male
2598 890 2818 943 sentire
2875 889 2946 942 de
3007 889 3258 959 Spiritu.
3305 889 3456 944 Nam
3491 892 3544 945 si
3575 891 3709 946 ideo

2038 977 2368 1046 portionem
2389 977 2701 1047 quamdam
2725 978 3001 1049 exiguam
3034 981 3240 1048 putant
3261 994 3399 1034 esse
3426 978 3712 1049 Spiritum

2039 1065 2165 1132 Dei,
2191 1065 2327 1135 quia
2358 1066 2580 1136 digitus
2615 1066 2718 1120 Dei
2765 1067 3018 1136 dicitur;
3079 1068 3258 1122 iidem
3299 1068 3380 1138 (6)
3420 1068 3620 1139 utique
3655 1071 3713 1123 et

2040 1154 2369 1223 portionem
2398 1155 2675 1226 exiguam
2707 1155 2909 1211 dicunt
2939 1172 3076 1211 esse
3107 1157 3168 1211 in
3213 1156 3363 1212 Filio
3409 1157 3536 1227 Dei,
3571 1157 3711 1228 quia

2041 1242 2282 1297 dextera
2314 1243 2417 1296 Dei
2450 1243 2685 1298 dicitur.

2113 1348 2200 1403 18.
2233 1348 2350 1404 Sed
2381 1349 2567 1404 Filius
2601 1353 2657 1405 et
2687 1350 2927 1406 dextera
2958 1355 3015 1407 et
3059 1354 3252 1407 virtus
3303 1351 3552 1408 dicitur:
3599 1353 3712 1408 ita-

2042 1454 2155 1508 que
2189 1439 2240 1492 si
2269 1439 2450 1493 verba
2482 1443 2683 1494 nostra
2717 1441 3066 1511 pendamus,
3126 1442 3286 1496 nulla
3335 1444 3531 1512 potest
3582 1442 3714 1498 sine

2042 1527 2254 1583 virtute
2284 1544 2422 1582 esse
2453 1529 2736 1599 perfectio
2763 1546 2778 1600 ;
2838 1535 2894 1585 et
2925 1531 3057 1586 ideo
3116 1534 3354 1586 careant
3383 1547 3456 1586 ne
3485 1534 3709 1602 putent,

2043 1617 2199 1688 quod
2235 1617 2405 1671 nefas
2436 1619 2594 1672 dictu
2637 1622 2748 1689 est,
2785 1619 3267 1689 semiperfectum
3314 1621 3375 1675 in
3421 1637 3530 1675 sua
3565 1622 3714 1676 sub-

2045 1708 2256 1760 stantia
2279 1707 2507 1761 Patrem
2547 1707 2971 1777 perfectionem
2994 1709 3303 1779 accepisse
3339 1722 3446 1780 per
3473 1709 3706 1778 Filium,

259 1797 695 1852 Comminuitur
723 1798 900 1852 animi
931 1798 1250 1868 firmitudo,
1285 1798 1337 1852 si
1361 1798 1638 1852 unitatem
1663 1797 1934 1850 divinita-
1973 1805 2018 1864 Β
2045 1795 2390 1850 etdesinant
2407 1799 2768 1850 coaeternum
2787 1795 2998 1851 Filium
3025 1797 3180 1852 Patri
3202 1813 3442 1870 negare.
3467 1798 3712 1863 Quando

254 1888 335 1940 tis
366 1887 430 1940 in
461 1887 742 1942 Trinitate
775 1904 894 1942 non
923 1888 1156 1942 credas.
1202 1888 1431 1958 Scripta
1453 1891 1546 1942 est
1567 1890 1621 1940 et
1645 1887 1792 1940 ﬁdes
1813 1889 1930 1955 tua,

261 1975 490 2046 scripta
518 1979 609 2030 est
630 1979 687 2031 et
708 1977 878 2047 culpa
894 1981 1009 2047 tua,
1030 1978 1186 2031 sicut
1203 1977 1494 2031 Jeremias
1515 1976 1659 2029 dixit
1684 1991 1696 2030 :
1736 1996 1757 2024 (ι
1784 1973 1936 2029 Scri-

259 2067 361 2134 pta
381 2067 496 2134 est,
512 2065 684 2134 Juda,
711 2065 882 2136 culpa
904 2069 1000 2120 tua
1025 2066 1272 2136 graphio
1297 2064 1489 2120 ferreo
1511 2070 1564 2118 et
1584 2079 1779 2136 ungue
1799 2064 1933 2116 ada-

260 2154 530 2209 mantino
556 2155 641 2215 (4).
666 2155 736 2209 Et
765 2157 987 2225 scripta
1002 2159 1113 2225 est,
1135 2179 1156 2204 ιι
1184 2156 1393 2226 inquit,
1424 2176 1445 2204 α
1462 2155 1522 2208 in
1544 2156 1781 2224 pectore
1800 2156 1856 2206 et
1877 2152 1936 2207 in

263 2244 450 2298 corde
466 2247 564 2298 tuo
588 2245 838 2313 (Jerem.
864 2262 1006 2312 xvu,
1033 2245 1101 2305 1).
1128 2268 1149 2292 ››
1174 2245 1258 2299 lbi
1282 2244 1463 2315 igitur
1493 2243 1663 2313 culpa
1700 2246 1810 2312 est,
1837 2243 1937 2296 ubi

261 2331 498 2404 gratia:
535 2332 642 2388 sed
675 2333 846 2404 culpa
878 2334 1129 2406 graphio
1170 2333 1471 2404 scribitur,
1495 2333 1684 2405 gratia
1718 2331 1940 2402 Spiritu

261 2421 641 2492 designatur.

345 2510 435 2564 15.
471 2511 599 2565 Hoc
631 2511 816 2583 digito
863 2511 1113 2582 mystice
1170 2512 1343 2567 etiam
1394 2512 1680 2566 Dominus
1736 2511 1938 2581 Jesus,

262 2599 555 2654 inclinato
589 2601 796 2670 capite,
843 2601 1149 2655 scribebat
1188 2600 1250 2655 in
1289 2604 1465 2671 terra,
1491 2617 1624 2655 cum
1662 2600 1941 2655 aJudmis

262 2687 541 2742 adultera
570 2692 735 2743 esset
764 2689 955 2744 oblata
978 2690 1168 2759 (Joan.
1193 2707 1316 2760 vm,
1346 2689 1441 2758 6):
1475 2690 1826 2761 significans
1841 2705 1946 2759 per

262 2777 548 2848 figuram,
583 2778 816 2848 quando
861 2779 932 2833 de
980 2779 1242 2849 peccatis
1291 2779 1536 2833 alterius
1578 2777 1939 2849 judicamus,

265 2867 469 2921 nostri
500 2882 612 2921 nos
643 2867 860 2922 debere
889 2868 1236 2922 meminisse
1267 2870 1514 2939 peccati.

349 2972 438 3028 16.
474 2975 560 3027 Ac
590 2990 663 3028 ne
696 2990 909 3030 rursus
941 2977 1077 3046 quia
1123 2976 1319 3048 legem
1366 2977 1525 3031 Deus
1575 2976 1792 3046 Spiritu
1833 2989 1945 3030 suo

266 3063 544 3133 scripsit,
579 3062 829 3118 inferius
889 3065 1110 3136 aliquid
1169 3069 1447 3136 tanquam
1505 3065 1576 3119 de
1618 3065 1946 3120 ministerio

2046 1885 2200 1937 enim
2233 1900 2351 1938 non
2400 1884 2508 1938 fuit
2553 1884 2658 1938 Dei
2688 1886 2923 1940 virtus?
2967 1884 3134 1950 Quod
3165 1887 3215 1940 si
3248 1887 3564 1960 aliquando
3599 1903 3715 1958 pu-

2045 1975 2167 2026 tant
2195 1988 2313 2027 non
2346 1973 2537 2027 fuisse
2570 1974 2674 2027 Dei
2714 1975 3010 2042 virtutem,
3045 1975 3361 2046 aliquando
3391 1977 3712 2046 plenitudi-

2050 2077 2183 2114 nem
2215 2063 2274 2115 in
2307 2062 2428 2116 Deo
2453 2062 2624 2116 Patre
2652 2063 2953 2134 negabunt
2982 2064 3193 2134 fuisse,
3229 2067 3324 2120 cui
3373 2069 3576 2136 putant
3603 2067 3715 2120 ali-

2050 2150 2285 2221 quando
2309 2150 2578 2206 defuisse
2600 2151 2894 2206 virtutem.

2125 2256 2210 2310 19.
2247 2256 2362 2310 Sed
2396 2257 2545 2327 haec,
2581 2261 2642 2312 ut
2675 2259 2816 2328 dixi,
2851 2259 3071 2330 scripta
3100 2263 3258 2331 sunt,
3291 2263 3355 2316 ut
3411 2261 3484 2315 ad
3514 2262 3710 2316 unita-

2050 2349 2165 2401 tem
2199 2346 2520 2401 divinitatis
2553 2347 2667 2401 ista
2717 2347 3068 2418 referamus,
3108 2352 3165 2403 et
3199 2350 3512 2405 credamus
3557 2351 3718 2422 quod

2052 2434 2375 2506 Apostolus
2397 2435 2541 2488 dixit
2563 2435 2699 2506 quia
2722 2436 3024 2506 plenitudo
3047 2437 3371 2493 divinitatis
3391 2439 3714 2510 corporali-

2051 2527 2142 2579 ter
2162 2524 2380 2578 habitat
2401 2525 2460 2578 in
2473 2524 2709 2580 Christo
2728 2524 2980 2594 (Coloss.
3002 2543 3062 2594 ιι,
3083 2524 3159 2596 9),
3186 2531 3242 2582 et
3263 2528 3490 2582 habitat
3520 2530 3580 2583 in
3603 2529 3718 2583 Pa-

2055 2617 2162 2682 tre,
2197 2616 2254 2668 et
2286 2613 2504 2667 habitat
2558 2614 2620 2668 in
2649 2613 2872 2684 Spiritu
2929 2618 3168 2670 sancto:
3231 2618 3290 2671 et
3345 2617 3503 2688 quod
3561 2618 3719 2673 sicut

2057 2703 2251 2757 unitas
2282 2702 2624 2772 divinitatis,
2658 2703 2734 2758 ita
2767 2705 2824 2758 et
2855 2704 3050 2758 unitas
3081 2705 3443 2775 operationis
3477 2707 3574 2761 sit.

2129 2810 2216 2864 20.
2247 2809 2409 2874 Quod
2445 2811 2617 2864 etiam
2641 2825 2715 2864 ex
2732 2811 2972 2866 Cantico
2991 2812 3220 2883 Moysis
3252 2813 3454 2886 colligi
3489 2815 3719 2884 potest:

2058 2900 2186 2970 ipse
2220 2899 2374 2952 enim
2404 2913 2534 2952 cum
2571 2915 2677 2969 per
2708 2900 2891 2954 maria
2920 2901 3288 2956 traduxisset
3314 2903 3596 2973 populum
3627 2904 3726 2959 Ju-

2060 2989 2354 3059 dzeorum,
2402 2991 2457 3042 et
2509 2989 2613 3042 Dei
2662 2989 2849 3043 Patris
2896 2992 3297 3060 operationem
3347 2995 3404 3046 et
3452 2993 3590 3047 Filii
3631 2996 3724 3047 est

2061 3079 2379 3133 confessus
2411 3081 2466 3132 et
2488 3078 2741 3159 Spiritus
2762 3078 2969 3133 dicens
2992 3095 3003 3133 :
3043 3100 3066 3130 α
3094 3080 3345 3135 Dextera
3368 3097 3579 3136 manus
3603 3083 3722 3150 tua,

267 3152 538 3222 Spiritus
572 3152 974 3224 crederemus;
1009 3153 1103 3208 V31
1145 3169 1222 3209 ex
1260 3154 1532 3225 corporis
1564 3155 1750 3209 nostri
1790 3153 1948 3208 θεείῦ
1980 3171 2032 3234 C
2062 3169 2326 3234 Domine,
2359 3152 2684 3239 glorificata
2717 3170 2807 3222 cst
2852 3167 2911 3221 in
2947 3168 3195 3224 virtute:
3231 3169 3474 3224 dextera
3511 3186 3723 3224 manus

268 3241 537 3296 matione
560 3243 889 3312 portionem
907 3245 1221 3314 quamdam
1244 3244 1520 3315 exiguam
1540 3244 1644 3298 Dei
1669 3244 1947 3314 Spiritum

2072 3263 2177 3326 tua,
2216 3258 2480 3326 Domine,
2516 3256 2809 3328 confregit
2841 3256 3113 3311 inimicos
3165 3257 3383 3326 (Exod.
3436 3275 3537 3329 xv,
3588 3259 3663 3328 6).
3702 3278 3725 3308 ι

269 3334 647 3402 putaremus,
683 3331 762 3384 ait
792 3331 932 3386 alibi
960 3332 1284 3402 Apostolus
1312 3332 1386 3401 (5)
1427 3348 1544 3386 non
1576 3349 1642 3386 se
1679 3333 1950 3388 humanae

273 3421 558 3475 scientiae
590 3420 796 3474 verbis
827 3420 1012 3491 loqui,
1047 3421 1153 3475 sed
1186 3421 1378 3474 doctis
1401 3420 1675 3491 Spiritus,
1701 3425 1758 3476 et
1778 3421 1951 3492 spiri-

273 3508 550 3563 tualibus
608 3509 897 3580 spiritalia
949 3525 1329 3579 comparare:
1392 3510 1701 3564 animalem
1760 3514 1951 3564 autem

275 3598 590 3652 hominem
621 3614 739 3652 non
789 3599 1096 3668 percipere
1126 3615 1259 3669 quae
1310 3601 1447 3652 sunt
1491 3598 1746 3668 Spiritus
1778 3599 1878 3652 Dei
1914 3598 1961 3666 (1

287 3686 436 3741 Cor.
467 3703 530 3754 ιι,
567 3686 652 3756 13,
688 3687 778 3756 14)
805 3702 819 3756 ;
852 3686 1080 3741 sciebat
1131 3687 1288 3741 enim
1335 3687 1490 3758 quod
1521 3688 1595 3756 is,
1628 3688 1728 3758 qui
1758 3687 1956 3742 divina

287 3775 639 3830 carnalibus
696 3779 1081 3845 compararet,
1121 3776 1273 3830 inter
1319 3776 1590 3829 animalia
1622 3780 1802 3843 esset,
1837 3793 1956 3831 non

279 3869 442 3922 inter
464 3866 764 3936 spiritales
783 3867 1054 3922 homines
1070 3868 1498 3937 computandus
1521 3884 1532 3922 :
1570 3859 1714 3922 669
1752 3889 1772 3914 α
1803 3867 1957 3922 Stul-

278 3957 413 4011 titia
445 3957 621 4026 enim,
655 3956 864 4027 inquit,
898 3956 980 4010 illi
1007 3959 1099 4011 est
1119 3956 1296 4024 (Ibid.
1323 3957 1433 4026 14).
1472 3980 1494 4004 ι»
1537 3957 1609 4010 Et
1648 3957 1780 4012 ideo
1821 3958 1958 4028 quia

283 4047 476 4101 sciret
504 4045 614 4099 has
646 4044 878 4099 futuras
918 4061 1058 4100 esse
1090 4045 1427 4100 animalium
1458 4045 1760 4100 hominum
1791 4062 1959 4117 qua:-

285 4136 544 4205 stiones,
575 4151 894 4206 praesagus
919 4134 1098 4189 futuri
1123 4136 1202 4188 ait
1229 4151 1241 4190 :
1280 4157 1301 4182 u
1336 4134 1480 4199 Quis
1503 4135 1658 4189 enim
1682 4135 1962 4206 cognovit

287 4240 541 4279 sensum
589 4224 843 4293 Domini,
895 4224 995 4294 qui
1047 4224 1300 4278 instruat
1348 4239 1483 4278 eum
1529 4224 1705 4294 (Ibid.
1744 4225 1879 4294 16)?
1933 4244 1955 4273 ιι

287 4313 420 4369 Nos
451 4316 646 4369 autem
678 4328 925 4369 sensum
954 4312 1174 4367 Christi
1206 4313 1514 4368 habemus.

934 4438 1186 4493 CAPUT
1221 4439 1318 4492 IV.

2064 3348 2263 3400 Habes
2288 3347 2423 3417 quia
2454 3350 2510 3399 et
2542 3345 2752 3399 Filium
2785 3345 2861 3399 sit
2893 3345 3215 3400 confessus
3251 3350 3307 3400 et
3344 3346 3597 3415 Patrem,
3623 3363 3731 3402 cu-

2059 3437 2162 3507 jus
2194 3440 2286 3489 est
2314 3436 2574 3488 dextera.
2624 3434 2692 3487 Et
2751 3434 2922 3502 infra,
2984 3451 3057 3488 ne
3115 3435 3397 3505 Spiritum
3454 3438 3730 3490 sanctum

2064 3525 2410 3596 praeteriret,
2444 3523 2693 3594 adjecit:
2762 3523 3034 3577 «Misisti
3096 3523 3380 3592 Spiritum
3435 3527 3621 3594 tuum,
3674 3528 3733 3579 et

2068 3613 2373 3683 cooperuit
2402 3627 2507 3665 eos
2539 3628 2697 3665 mare
2728 3611 2834 3681 (7):
2887 3615 2943 3666 et
2989 3611 3211 3682 Spiritu
3253 3613 3575 3667 iracundiae
3610 3615 3728 3667 tua)

2068 3704 2259 3756 divisa
2289 3705 2379 3755 est
2400 3716 2550 3771 aqua
2574 3700 2742 3769 (Ibid.
2775 3702 2843 3754 10
2871 3718 2889 3771 ι
2921 3718 3042 3770 xxv,
3075 3701 3185 3770 21).
3219 3726 3240 3748 »
3262 3700 3388 3766 Quo
3413 3703 3729 3773 significa-

2066 3797 2164 3846 tur
2216 3791 2412 3845 unitas
2458 3789 2801 3858 divinitatis,
2864 3806 2981 3844 non
3039 3791 3410 3862 inaequalitas
3469 3791 3724 3845 Trinita-

2068 3883 2165 3936 tis.

2141 3989 2229 4042 21.
2263 3986 2460 4058 (Alias
2489 4003 2614 4056 cap.
2649 3985 2773 4052 ιν.)
2805 3986 2988 4041 Vides
3022 3986 3204 4058 igitur
3224 3987 3360 4058 quia
3387 3990 3446 4040 et
3479 3985 3736 4056 Spiritus

2073 4081 2316 4134 sanctus
2350 4081 2700 4146 c00peratus
2737 4075 2888 4129 Patri
2920 4079 2976 4130 et
3022 4076 3168 4131 Filio
3212 4077 3308 4145 sit,
3359 4079 3423 4130 ut
3452 4079 3735 4146 tanquam

2074 4164 2632 4238 congelascentibus
2665 4165 2940 4218 ﬂuctibus
2963 4166 3022 4219 in
3046 4165 3235 4220 medio
3262 4165 3426 4234 mari,
3452 4181 3736 4236 aquarum

2073 4256 2311 4328 quidam
2340 4270 2548 4308 murus
2582 4255 2922 4325 insurgeret
2942 4254 3012 4307 ad
3037 4254 3346 4307 transitum
3369 4253 3732 4320 Judaaorum,

2073 4349 2130 4400 et
2159 4359 2370 4399 rursus
2402 4343 2824 4415 ZEgyptiorum
2862 4343 3140 4413 populum
3185 4358 3292 4412 per
3320 4341 3600 4410 Spiritum
3637 4355 3736 4392 re-

2073 4435 2247 4490 fusus
2279 4435 2555 4488 obrueret
2584 4431 2800 4499 (Exod.
2834 4448 2954 4501 xxv,
2988 4431 3077 4500 22,
3110 4431 3220 4498 27).
3256 4430 3395 4483 Inde
3426 4431 3481 4482 et
3512 4427 3734 4482 colum-

292 4546 588 4618 Spiritum
612 4551 934 4618 propterea
951 4545 1102 4617 quod
1132 4545 1360 4618 digitus
1389 4551 1645 4610 vocatur,
1673 4546 1947 4618 minoren:

2077 4542 2208 4579 nam
2241 4523 2408 4578 rubis
2434 4522 2698 4593 plerique
2728 4520 3123 4590 praecessisse
3165 4519 3222 4571 in
3253 4518 3345 4572 die
3384 4517 3600 4587 populo
3631 4517 3738 4570 Ju-

368 4634 505 4698 ess_e
530 4617 1052 4698 pontendentibus,
1067 4617 1300 4698 regerit
1323 4619 1430 4672 boc
1462 4619 1774 4698 quoque-in
1798 4617 1958 4681 Filii,

2081 4616 2363 4680 dmorum,
2399 4615 2454 4666 et
2486 4611 2818 4665 columnam
2850 4608 3008 4680 ignis
3056 4608 3114 4660 in
3164 4609 3334 4661 nocte
3382 4606 3740 4659 arbitrantur

371 4690 472 4761 (1οί
502 4689 720 4770 ᾷθκίΐθ
753 4689 994 4773 dicitur:
1030 4689 1623 4773 igiqriaqchnyjetjéic
1660 4689 1800 4773 Hfi-‘C
1824 4705 1968 4773 ergo
2077 4703 2294 4773 (Exod.
2329 4718 2452 4770 xm,
2485 4699 2599 4769 21),
2634 4714 2750 4769 quo
2783 4700 3121 4768 protegeret
3151 4695 3383 4765 plebem
3401 4710 3572 4749 suam
3607 4711 3740 4766 gra-

366 4759 602 4816 nomina
619 4777 729 4813 non
745 4759 864 4812 nisi
877 4759 952 4813 ad
967 4761 1246 4813 unitatem
1262 4761 1603 4815 divinitatis
1616 4759 1962 4817 referenda:

373 4833 528 4886 unde
568 4832 813 4903 Moyses
855 4836 1049 4903 totam
1090 4831 1441 4903 Trinitatem
1474 4831 1534 4883 in
1566 4831 1754 4884 maris
1774 4830 1966 4903 Rubri

372 4903 637 4958 transitu
667 4901 885 4956 cecinit
937 4908 1255 4972 Operatam.
1298 4902 1429 4957 Nec
1459 4918 1605 4956 sane
1635 4906 1846 4954 mirum
1882 4901 1969 4972 ibi

371 4976 643 5047 Spiritus
667 4971 983 5047 exstitisse
1007 4975 1426 5045 operationem,
1458 4973 1558 5027 ubi
1589 4972 1869 5044 baptismi
1904 4971 1968 5025 {i-

371 5119 450 5188 (4)
487 5118 658 5172 Rom.
693 5115 828 5171 edit.
863 5115 1010 5183 sola,
1047 5138 1068 5163 α
1132 5115 1380 5188 graphio
1415 5115 1606 5188 ferreo
1648 5115 1717 5188 in
1769 5129 1966 5182 ungue

301 5188 698 5244 adamantino.
736 5212 758 5236 ιι
798 5189 871 5241 At
900 5188 1038 5240 licet
1069 5187 1530 5258 italegatversio
1555 5187 1728 5258 Vulg.
1756 5188 1968 5240 melius

301 5263 550 5332 reliquae
581 5259 720 5313 edit.
754 5275 822 5312 ac
863 5275 1012 5312 mss.
1055 5259 1256 5332 Ambr.
1298 5275 1430 5332 cum
1480 5274 1640 5312 vers.
1675 5258 1880 5332 Chald.
1915 5260 1973 5310 et

304 5328 616 5403 Syriaca...
657 5354 678 5377 α
715 5334 772 5403 et
802 5346 1000 5401 ungue
1031 5331 1443 5403 adamantina;
1481 5352 1503 5376 »ι
1539 5328 1758 5400 unguis
1777 5329 1968 5403 enim,

303 5401 364 5458 ut
393 5404 678 5457 observat
707 5401 946 5454 Grotius
978 5401 1048 5454 ad
1081 5401 1352 5455 eumdem
1401 5401 1614 5468 locum,
1651 5405 1742 5453 est
1775 5401 1969 5467 ipsum

304 5489 554 5529 acumen
586 5473 934 5537 adamantis,
973 5473 1129 5542 quod
1162 5473 1235 5526 ad
1279 5471 1660 5526 scribendum
1693 5471 1968 5539 sculpen-

308 5547 523 5600 dumve
554 5544 822 5598 adhiberi
855 5544 1026 5598 solet.
1063 5544 1246 5598 Porro
1278 5544 1372 5597 hic
1422 5545 1618 5597 textus
1672 5542 1732 5596 in
1761 5543 1968 5597 Graeco

314 5617 589 5672 idiomate
621 5615 1012 5670 desideratur.

379 5690 453 5767 (5)
485 5687 770 5754 Nonnulli
800 5703 974 5764 mss.,
1011 5707 1035 5741 α
1070 5686 1148 5745 ait
1178 5686 1285 5744 tibi
1313 5686 1660 5762 Apostolus.
1697 5710 1718 5735 η

2076 4795 2152 4846 tia
2186 4790 2492 4860 spiritalis.

2159 4872 2304 4934 670
2337 4878 2424 4933 :29.
2473 4878 2637 4931 Hanc
2678 4879 2873 4930 autem
2920 4873 3320 4944 operationem
3380 4873 3506 4944 Dei,
3566 4888 3742 4945 quam

2077 4973 2234 5024 totus
2257 4968 2420 5023 orbis
2449 4966 2586 5037 jure
2617 4965 2880 5035 miratur,
2907 4965 3036 5019 sine
3067 4963 3255 5018 sancti
3282 4963 3537 5034 Spiritus
3559 4979 3739 5034 opere

2149 5114 2226 5182 (G)
2269 5111 2415 5165 Mss.
2451 5108 2739 5178 nonnulli,
2796 5132 2816 5154 ιι

2080 5186 2277 5248 iidem,
2317 5206 2338 5230 n
2374 5185 2485 5236 etc.

2152 5255 2229 5325 (7)
2250 5255 2329 5307 Ita
2344 5252 2740 5322 mss.aliquot,
2759 5253 2814 5306 et
2830 5250 3046 5325 Amerb
3058 5254 3263 5325 ._atque
3279 5249 3603 5325 Eras._cum
3619 5248 3736 5325 eis:

2081 5318 2221 5381 Gil]:
2241 5341 2381 5379 vero
2406 5340 2539 5377 cum
2559 5318 2692 5377 aliis
2730 5318 2880 5377 ‘mss.
2920 5318 3190 5392 pluribus
3226 5320 3512 5392 quidquid
3548 5318 3746 5392 sequi-

2083 5397 2287 5452 turilla
2306 5395 2508 5462 verba,
2530 5418 2550 5442 α
2567 5409 2672 5449 eos
2690 5411 2869 5460 mare,
2892 5389 3121 5464 {usque
3146 5392 3217 5445 ad
3236 5389 3262 5438 «ἶ
3289 5389 3468 5444 Vides
3500 5389 3740 5464 igitur,_»

2084 5457 2571 5540 praetermittunt;
2605 5469 2660 5519 at
2692 5457 3082 5540 posteriorem
3133 5467 3373 5540 partem,
3413 5473 3622 5540 nempre
3672 5457 3745 5510 ab

2085 5530 2216 5594 istis
2241 5539 2464 5607 verbis,
2490 5560 2510 5584 «
2537 5537 2662 5602 Quo
2687 5530 3060 5608 signiﬁcatur
3089 5530 3304 5610 unitas,
3342 5552 3377 5610 ξ.
3399 5530 3744 5610 δάμη-Βοιὼ

2085 5610 2369 5666 restituit:
2407 5600 2515 5665 sed
2548 5600 2654 5665 cur
2681 5600 2938 5681 priorem
2987 5603 3403 5677 repudiaverit,
3435 5600 3583 5655 nihil
3613 5614 3748 5656 cau-

2089 5698 2174 5740 sae
2205 5684 2316 5741 est.
3653 5689 3657 5700 '

2881 5107 3016 5179 quia
3070 5107 3324 5178 Spiritus
3357 5106 3463 5162 Dei
3505 5107 3741 5177 dicitur,
