3964 6168
315 339 324 346 ,
361 260 481 321 815

1720 250 1786 318 S.
1819 249 2264 320 AMBROSII.

3614 256 3712 329 816

361 474 480 513 non
510 458 703 513 fuisse
731 457 901 512 etiam
964 454 1288 527 Apostolus
1346 454 1686 526 declaravit,
1727 453 1934 510 dicens
1964 454 2023 509 in
2045 438 2105 504 Κ
2206 453 2295 509 30.
2325 450 2493 520 Quod
2524 448 2577 509 si
2608 450 2744 527 quis
2775 451 2849 510 ad
2888 449 3344 527 diminutionem,
3383 473 3489 515 non
3513 461 3575 516 ad
3600 464 3714 519 nni-

362 548 556 619 ﬁgura
575 547 669 600 illa
686 543 1080 617 praecessisse
1103 544 1385 616 spiritalis
1404 545 1983 617 mysteriiveritatem
2005 560 2020 615 ;

362 636 452 690 sic
477 635 633 691 enim
676 635 901 690 habes:
941 658 963 682 α
1025 633 1311 699 Quoniam
1367 638 1566 705 patres
1596 635 1786 689 nostri
1816 648 2023 689 omnes

362 725 477 780 sub
507 725 666 779 nube
698 725 957 793 fuerunt,
990 726 1047 779 et
1091 737 1297 783 omnes
1355 738 1516 779 mare
1561 724 1942 791 transierunt,
1966 724 2025 776 et

361 830 571 870 omnes
594 816 654 868 in
679 814 883 884 Moyse
906 813 1178 884 baptizati
1211 815 1350 867 sunt
1372 812 1431 866 in
1469 812 1625 868 nube
1656 816 1713 867 et
1745 812 1805 865 in
1836 825 2020 865 mari:

361 907 418 960 et
441 919 649 960 omnes
664 904 929 958 eamdem
948 918 1147 958 escam
1162 901 1484 974 spiritalem
1499 901 2023 969 manducaverunt,

358 996 415 1047 et
464 1008 671 1047 omnes
722 992 991 1047 eumdem
1032 995 1235 1062 potum
1279 989 1602 1061 spiritalem
1649 989 1927 1045 biberunt
1973 987 2028 1059 (I

361 1081 496 1136 Cor.
526 1098 586 1153 x,
620 1080 755 1151 1-3).
794 1104 816 1129 ι»

434 1168 524 1224 23.
559 1169 707 1224 Nam
736 1168 1229 1241 quemadmodum
1252 1170 1426 1239 typus
1457 1166 1809 1225 sacramenti
1837 1165 2025 1237 potuit

361 1272 501 1314 esse
533 1258 662 1313 sine
694 1258 1033 1328 operatione
1064 1257 1319 1328 Spiritus
1351 1258 1561 1327 sancti,
1598 1256 1773 1328 cujus
1803 1255 2022 1310 veritas

361 1348 557 1403 omnis
590 1347 651 1402 in
672 1346 892 1417 Spiritu
917 1348 1056 1401 est?
1095 1345 1262 1412 Quod
1281 1349 1339 1401 et
1355 1345 1681 1417 Apostolus
1703 1345 1901 1400 docuit
1929 1344 2020 1398 di-

361 1451 506 1491 cens
534 1452 545 1490 :
586 1459 608 1483 α
643 1435 759 1490 Sed
788 1435 970 1489 abluti
1002 1435 1171 1503 estis,
1205 1434 1313 1489 sed
1342 1434 1691 1489 sanctiﬁcati
1722 1434 1890 1503 estis,
1916 1432 2024 1487 sed

354 1524 665 1595 justiﬁcati
698 1525 845 1579 estis
873 1525 936 1579 in
967 1524 1202 1580 nomine
1234 1523 1464 1579 Domini
1483 1524 1670 1578 nostri
1693 1522 1839 1578 Jesu
1855 1521 2024 1576 Chri-

357 1614 455 1684 sti,
489 1618 545 1667 et
574 1614 635 1668 in
665 1613 885 1684 Spiritu
918 1614 1025 1668 Dei
1052 1614 1241 1669 nostri
1268 1611 1325 1683 (Ι
1351 1612 1487 1668 Cor.
1520 1629 1599 1683 vx,
1633 1611 1741 1681 11).
1782 1633 1805 1661 ι

429 1702 518 1757 24.
551 1702 733 1757 Vides
768 1703 950 1775 igitur
981 1703 1119 1774 quia
1148 1705 1205 1756 et
1244 1701 1417 1757 Pater
1449 1705 1725 1771 cperatur
1761 1701 1821 1755 in
1854 1700 2022 1770 Filio,

2134 546 2309 599 tatem
2341 544 2651 614 potestatis
2681 547 2842 615 putat
2862 560 3001 600 esse
3033 544 3412 618 referendum,
3433 548 3480 603 is
3498 550 3718 620 profecto

2133 632 2194 686 in
2216 647 2342 687 eam
2362 633 2678 688 amentiam
2711 635 2897 703 cadet,
2929 638 2989 688 ut
3025 638 3293 705 tanquam
3318 635 3372 690 in
3406 652 3559 692 unam
3590 640 3720 695 velut

2136 721 2405 792 corporis
2426 721 2674 777 formam
2695 722 2929 777 Patrem
2952 726 3009 777 et
3024 714 3162 778 671
3196 722 3395 778 Filium
3418 728 3469 780 et
3488 726 3721 797 Spiritum

2135 813 2403 865 sanctum
2432 811 2703 866 videatur
2733 811 3042 884 efﬁngere,
3077 815 3135 867 et
3162 812 3543 870 distinctiones
3572 832 3723 888 quas-

2133 898 2267 953 dam
2288 899 2547 972 ﬁgurare
2580 900 3000 956 membrorum.
3484 972 3485 975 η

2201 986 2295 1043 31.
2326 986 2445 1043 Sed
2472 989 2790 1060 accipiant,
2821 992 2884 1044 ut
2912 990 3138 1061 sapius
3159 989 3299 1061 dixi,
3329 1006 3441 1046 non
3465 991 3727 1064 inequali-

2130 1078 2330 1146 tatem,
2364 1077 2473 1132 sed
2503 1078 2784 1133 unitatem
2816 1079 3127 1149 potestatis
3145 1078 3256 1133 hac
3278 1080 3651 1135 testiﬁcatione
3664 1082 3734 1135 si-

2131 1165 2303 1238 gnari
2330 1181 2345 1236 ;
2376 1166 2853 1239 quandoquidem
2883 1184 3017 1240 quae
3056 1183 3234 1240 opera
3264 1168 3364 1224 Dei
3394 1172 3537 1237 sunt,
3566 1170 3733 1225 eadem

2130 1254 2250 1309 sint
2281 1270 2460 1326 opera
2492 1272 2790 1326 manuum,
2823 1257 3030 1313 eadem
3060 1258 3235 1313 etiam
3262 1257 3565 1330 legerimus
3590 1273 3737 1329 opera

2130 1358 2270 1399 esse
2298 1344 2636 1414 digitorum.
2671 1345 2969 1418 Scriptum
3017 1349 3110 1402 est
3137 1348 3330 1403 enim:
3380 1368 3402 1396 ι
3434 1345 3568 1403 Gali
3594 1362 3737 1402 enar-

2129 1436 2261 1487 rant
2289 1432 2541 1505 gloriam
2574 1434 2699 1504 Dei,
2733 1438 2792 1490 et
2822 1450 3001 1507 opera
3030 1452 3308 1491 manuum
3336 1435 3466 1508 ejus
3481 1436 3741 1491 annuntiat

2130 1521 2560 1578 ﬁrmamentum
2619 1523 2808 1594 (Psal.
2843 1541 3008 1594 xvm,
3056 1524 3148 1595 2);
3186 1549 3209 1573 η
3244 1528 3301 1580 et
3351 1524 3520 1581 alibi:
3556 1548 3575 1573 α
3604 1524 3745 1580 Initio

2128 1614 2346 1666 terram
2375 1615 2438 1666 tu
2468 1611 2747 1682 fundasti,
2785 1613 3051 1683 Domine,
3077 1617 3135 1669 et
3164 1629 3339 1685 opera
3371 1628 3626 1669 manuum
3649 1618 3748 1669 tua-

2129 1716 2259 1755 rum
2289 1704 2429 1755 sunt
2478 1701 2612 1756 cmli
2653 1702 2844 1771 (Psal.
2879 1719 2955 1773 c1,
2988 1702 3099 1773 26).
3140 1726 3162 1751 ιι
3197 1702 3415 1758 Eadem
3446 1703 3614 1775 igitur
3636 1706 3750 1757 sunt

362 1795 420 1848 et
452 1791 641 1847 Filius
671 1795 949 1862 operatur
976 1791 1036 1845 in
1054 1790 1275 1861 Spiritu
1304 1790 1398 1861 (8).
1434 1790 1504 1845 Et
1533 1790 1666 1845 ideo
1695 1789 2022 1845 secundum
2053 1820 2108 1884 Β
2131 1804 2308 1859 opera
2339 1805 2637 1861 manuum,
2671 1806 2805 1863 quae
2840 1795 2977 1847 sunt
2999 1807 3178 1863 opera
3215 1793 3339 1848 Dei.
3369 1792 3498 1848 Non
3519 1807 3649 1865 ergo
3665 1791 3748 1846 alio

360 1881 579 1936 seriem
609 1880 1043 1951 Scripturarum
1074 1880 1195 1935 noli
1225 1880 1493 1935 dubitare
1516 1881 1575 1934 in
1598 1880 1789 1952 ﬁgura
1810 1879 2021 1950 fuisse,
2055 1879 2099 1884 ⁷
2131 1894 2245 1949 qua
2263 1894 2369 1948 pro
2383 1879 2783 1935 membrorum
2802 1881 3196 1952 corporalium
3216 1882 3489 1953 qualitate
3510 1880 3754 1936 discretio

363 1971 523 2043 quod
550 1971 611 2025 in
643 1970 888 2025 veritate
907 1985 1045 2025 esse
1066 1970 1196 2041 ipsa
1226 1970 1403 2025 etiam
1430 1970 1651 2025 veritas
1682 1968 2021 2023 declaravit.

357 2060 504 2124 Quis
554 2061 712 2115 enim
785 2060 1187 2130 operationem
1255 2058 1390 2131 ejus
1458 2059 1677 2113 abnuat
1740 2059 1800 2113 in
1859 2058 2023 2112 lava-

360 2165 485 2219 cro,
546 2149 607 2203 in
663 2164 780 2220 quo
827 2149 1228 2219 Operationem
1273 2148 1408 2220 ejus
1447 2148 1740 2203 sentimus
1784 2150 1844 2202 et
1882 2163 2023 2220 gra-

353 2238 492 2293 tiam
511 2239 540 2293 ?

426 2328 514 2383 25.
550 2325 746 2400 [Alias
776 2342 903 2398 cap.
938 2325 1034 2400 V.]
1068 2327 1219 2383 Nam
1259 2326 1415 2383 sicut
1448 2326 1778 2382 sanctiﬁcat
1813 2326 2020 2396 Pater,

357 2419 434 2473 ita
465 2418 796 2472 sanctificat
825 2420 881 2470 et
913 2416 1120 2486 Filius,
1153 2416 1483 2472 sanctiﬁcat
1513 2420 1570 2471 et
1600 2416 1855 2487 Spiritus
1886 2431 2024 2470 san-

360 2509 512 2562 ctus.
546 2506 884 2561 Sanctiﬁcat
918 2506 1109 2575 Pater,
1163 2506 1493 2561 secundum
1537 2506 1695 2578 quod
1738 2505 2023 2576 scriptum

358 2602 488 2652 est:
529 2616 552 2645 ι
588 2596 747 2649 Deus
779 2595 944 2665 pacis
975 2596 1307 2650 sanctiﬁcat
1336 2611 1467 2666 vos,
1500 2599 1562 2650 ut
1590 2595 1822 2666 integer
1842 2594 2023 2664 spiri-

353 2689 454 2741 tus
485 2688 705 2754 vester,
738 2687 795 2739 et
824 2683 1018 2739 anima
1062 2688 1118 2739 et
1151 2700 1370 2755 corpus
1406 2684 1537 2740 sine
1580 2683 1821 2755 querela
1843 2683 1902 2737 in
1927 2683 2021 2738 die

354 2774 589 2831 Domini
603 2774 791 2828 nostri
808 2773 837 2827 ,Ι
844 2789 954 2828 esu
970 2773 1191 2828 Christi
1204 2778 1478 2829 servetur
1493 2773 1551 2844 (Ι
1576 2773 1780 2829 Thess.
1798 2789 1853 2842 v,
1870 2772 1938 2827 23
1941 2785 2017 2842 ).ι

354 2864 427 2920 Et
446 2864 589 2918 alibi
613 2862 798 2918 Filius
820 2863 992 2918 dicit:
1034 2885 1055 2912 α
1082 2864 1275 2935 Pater,
1296 2862 1603 2918 sanctiﬁca
1637 2877 1743 2918 eos
1770 2862 1832 2916 in
1867 2861 2023 2917 veri-

352 2956 469 3008 tate
492 2950 678 3012 (Joau.
703 2968 868 3022 xvm,
896 2950 1003 3012 17).
1044 2975 1065 3001 ιι

425 3059 516 3117 26.
552 3061 635 3115 De
664 3060 812 3115 Filio
843 3063 1037 3115 autem
1068 3060 1222 3115 idem
1263 3059 1589 3131 Apostolus
1615 3059 1799 3115 dixit:
1852 3080 1875 3106 α
1908 3057 2019 3125 Qui

354 3151 549 3206 factus
598 3154 690 3205 est
738 3150 912 3204 nobis
965 3150 1255 3221 sapientia
1302 3165 1337 3203 a
1377 3149 1522 3220 Deo,
1572 3153 1629 3204 et
1672 3150 1925 3224 justitia,
1964 3153 2021 3206 et

353 3239 769 3311 sanctiﬁcatio,
797 3242 852 3294 et
883 3239 1205 3310 redemptio
1236 3240 1291 3309 (1
1338 3240 1472 3296 Cor.
1533 3258 1573 3311 ι,
1615 3241 1727 3312 30).
1775 3264 1798 3290 η
1838 3242 2020 3298 Vides

355 3330 494 3402 quia
522 3329 716 3384 factus
748 3332 841 3383 est
881 3327 1319 3384 sanctiﬁcatio?
1349 3328 1465 3385 Sed
1496 3328 1689 3385 factus
1721 3334 1814 3386 est
1842 3331 2019 3386 nobis

356 3434 476 3474 non
506 3422 570 3473 ut
589 3418 687 3473 ille
709 3421 960 3474 mutaret
979 3418 1135 3491 quod
1154 3421 1299 3490 erat,
1323 3419 1430 3474 sed
1454 3422 1516 3475 ut
1535 3436 1648 3476 nos
1680 3421 2020 3478 sanctiﬁca-

352 3513 443 3566 ret
471 3509 532 3563 in
563 3524 759 3564 carne.

424 3598 514 3655 2'7.
547 3598 830 3670 Spiritum
870 3613 1106 3670 quoque
1146 3601 1417 3655 sanctum
1451 3601 1823 3659 sanctiﬁcare
1855 3605 2019 3676 Apo-

357 3689 549 3746 stolus
564 3689 755 3744 docet.
771 3687 869 3743 Sic
886 3688 1039 3743 enim
1055 3688 1226 3759 dicit;
1250 3711 1271 3737 «ι
1287 3689 1518 3745 Gratias
1535 3705 1715 3763 agere
1731 3692 2018 3753 debemus

356 3781 479 3835 Deo
510 3792 749 3848 semper
778 3794 885 3847 pro
916 3777 1109 3848 vobis,
1143 3777 1360 3833 fratres
1418 3778 1790 3835 dilectissimi
1832 3800 1866 3838 a
1898 3785 2020 3842 Do-

355 3869 552 3924 mino:
584 3867 721 3938 quia
751 3868 929 3938 elegit
960 3881 1071 3919 vos
1116 3866 1277 3920 Deus
1326 3866 1615 3937 primitias
1653 3870 1713 3925 in
1744 3872 2017 3947 salutem,

357 3957 419 4013 in
438 3955 902 4012 sanctiﬁcatione
924 3954 1201 4024 Spiritus,
1222 3957 1278 4010 et
1294 3955 1408 4011 ﬁde
1429 3957 1796 4031 veritatis(ll
1810 3962 2016 4021 Thess.

360 4064 400 4118 ι,
435 4046 545 4115 12).
582 4068 604 4093 η

435 4135 523 4190 28.
558 4134 717 4205 Ergo
750 4132 1083 4188 sanctiﬁcat
1125 4132 1317 4204 Pater,
1352 4136 1681 4193 sanctiﬁcat
1724 4143 1782 4197 et
1810 4141 2017 4215 Filius,

359 4224 691 4281 sanctiﬁcat
721 4225 777 4277 et
805 4221 1059 4291 Spiritus
1083 4225 1359 4279 sanctus:
1387 4224 1495 4279 sed
1518 4242 1631 4282 una
1653 4235 1746 4283 est
1761 4232 2023 4287 sanctiﬁ-

355 4315 530 4387 catio,
562 4313 702 4386 quia
750 4328 932 4368 unum
982 4315 1074 4367 est
1120 4311 1413 4383 baptisma
1461 4314 1708 4388 (Ephes.
1742 4335 1821 4391 iv,
1856 4320 1933 4392 5),
1966 4325 2022 4377 et

353 4421 473 4462 una
504 4404 693 4478 gratia
727 4403 1103 4457 sacramenti.

1007 4544 1151 4600 CAP
1161 4544 1260 4601 UT
1300 4545 1370 4603 V.

361 4690 603 4767 Colligit
637 4695 883 4767 cmptqu
916 4695 1437 4767 argumentumLet
1471 4693 1753 4767 unitatem
1782 4712 1897 4767 per
1926 4698 2022 4752 di-

426 4761 612 4837 gitum
636 4769 809 4837 atque
827 4762 1140 4837 dexteram
1162 4761 1498 4837 significari
1518 4764 1660 4819 inde
1690 4761 2017 4837 confirmat,

432 4833 582 4905 quod
614 4836 815 4886 eadem
863 4848 1038 4902 Opera
1072 4833 1186 4906 ζ)θί
1215 4835 1357 4906 siut,
1395 4850 1518 4906 quw
1548 4844 1684 4889 sunt
1715 4833 2022 4906 manuum,-

430 4903 487 4979 ét
521 4919 644 4974 qum
673 4919 959 4979 manuum,
984 4903 1199 4979 eadem
1220 4903 1550 4979 etiarn'sint
1572 4907 1924 4979 digitorum:
1956 4903 2024 4966 ac

433 4973 662 5050 domum
682 4973 833 5050 quod
849 4990 1055 5050 manus
1075 4974 1310 5050 Filiget
1333 4976 1591 5050 Spiritui
1603 4973 1860 5050 p'eriude
1881 4997 2021 5037 con-

436 5045 657 5114 veniat,
694 5060 761 5097 ac
790 5044 1049 5115 Spiritui
1079 5051 1137 5100 et
1169 5045 1325 5101 Filio
1347 5044 1592 5118 digitus.

426 5170 514 5225 29.
550 5165 745 5242 [Alius
774 5185 901 5239 cap.
942 5167 1058 5242 VL]
1081 5169 1197 5224 Sed
1220 5171 1360 5243 quid
1383 5173 1594 5229 mirum
1619 5175 1671 5230 si
1692 5181 2021 5239 sanctiﬁcat

356 5259 633 5332 singulos
666 5259 794 5329 ipse
826 5260 1290 5316 sanctiﬁcatione
1320 5277 1439 5317 non
1466 5264 1765 5338 indigens,
1789 5271 1897 5325 sed
1928 5289 2019 5328 re-

355 5349 666 5418 dundans;
698 5348 931 5420 quando
962 5352 1199 5418 tantam,
1234 5354 1297 5406 ut
1325 5351 1467 5424 dixi,
1500 5356 1868 5427 majestatcm
1882 5361 2017 5433 ejus

2051 4544 2111 4609 D

2130 1968 2511 2039 operationis,
2538 1969 2645 2024 sed
2664 1970 2859 2025 unitas
2878 1972 3193 2041 potestatis
3211 1974 3322 2026 est.
3396 2040 3402 2047 _

2198 2056 2288 2111 32.
2321 2055 2464 2121 Quae
2486 2061 2680 2113 autem
2698 2074 2877 2131 opera
2898 2063 3037 2116 sunt
3058 2075 3359 2131 manuum,
3383 2059 3580 2116 eadem
3607 2073 3756 2131 opera

2130 2144 2485 2218 digitorum;
2535 2147 2672 2219 quia
2730 2163 2899 2220 aeque
2957 2149 3247 2220 scriptum
3277 2152 3405 2205 est:
3454 2171 3477 2197 α
3507 2147 3757 2213 Quoniam

2126 2234 2342 2290 videbo
2371 2235 2558 2292 cmlos
2578 2240 2734 2307 tuos,
2761 2253 2938 2309 opera
2965 2238 3286 2311 digitorum
3320 2241 3569 2306 tuorum,
3590 2237 3761 2292 lunam

2129 2326 2186 2378 et
2208 2324 2413 2379 stellas
2438 2340 2589 2396 quas
2605 2329 2668 2381 tu
2688 2326 2951 2381 fundasti
2970 2327 3160 2398 (Psal.
3197 2344 3324 2397 vm,
3347 2328 3422 2398 4).
3463 2350 3486 2377 ιι
3516 2326 3653 2392 Quid
3681 2325 3760 2379 hic

2130 2412 2314 2484 igitur
2341 2413 2509 2486 digiti
2541 2415 2736 2470 minus
2754 2432 2930 2488 quam
2952 2432 3163 2471 manus
3184 2417 3408 2473 fecisse
3430 2416 3762 2488 produntur;

2130 2516 2264 2556 cum
2294 2501 2449 2557 idem
2480 2502 2729 2559 fecerint
2749 2504 2938 2576 digiti,
2973 2506 3132 2577 quod
3157 2522 3370 2561 manus
3396 2522 3409 2575 ;
3442 2506 3593 2561 sicut
3611 2503 3766 2574 scrip-

2129 2593 2250 2644 tum
2274 2594 2403 2646 est:
2442 2614 2465 2638 α
2501 2591 2788 2657 Quoniam
2819 2593 3125 2649 delectasti
3172 2611 3289 2666 me,
3323 2595 3586 2663 Domine,
3618 2593 3673 2647 in
3696 2591 3765 2645 fa-

2131 2682 2293 2735 ctura
2311 2682 2429 2751 tua,
2449 2684 2506 2736 et
2522 2681 2581 2735 in
2604 2682 2887 2754 cperibus
2910 2699 3189 2739 manuum
3208 2688 3446 2740 tuarum
3463 2680 3772 2738 delectabar

2133 2767 2325 2839 (Psal.
2357 2786 2476 2840 χοι,
2509 2768 2584 2841 5).
2620 2794 2642 2819 ιι

2200 2875 2289 2931 33.
2323 2875 2395 2930 Ει
2424 2879 2617 2932 tamen
2650 2878 2787 2949 quia
2818 2894 3058 2934 manum
3114 2879 3380 2953 legimus
3438 2880 3517 2952 (9)
3565 2878 3770 2944 Filium,

2130 2963 2437 3035 (scriptum
2469 2969 2562 3020 est
2583 2968 2774 3023 enim:
2814 2988 2836 3018 α
2873 2968 3085 3023 Nonne
3117 2984 3335 3024 manus
3358 2984 3488 3024 mea
3506 2967 3639 3023 fecit
3664 2966 3773 3021 hac

2134 3053 2327 3109 omnia
2355 3052 2495 3123 (Isa.
2531 3072 2689 3126 LXVI,
2720 3056 2815 3115 2)?
2850 3078 2872 3105 ιι
2909 3059 2966 3112 et
2995 3056 3176 3114 alibi:
3216 3080 3238 3107 α
3278 3058 3503 3114 Ponam
3536 3061 3588 3112 te
3617 3057 3671 3110 in
3700 3054 3778 3109 fo-

2130 3143 2356 3198 ramine
2372 3147 2577 3215 petrae,
2606 3149 2662 3199 et
2682 3150 2990 3219 protegam
3023 3163 3265 3203 manum
3305 3162 3500 3202 meam
3533 3160 3702 3217 super
3732 3146 3777 3197 te

2132 3232 2348 3301 (Exod.
2368 3249 2581 3302 χχχιιι,
2602 3234 2713 3304 22).
2751 3257 2774 3283 η
2814 3258 2835 3282 ιι
2873 3236 3058 3290 Posui
3089 3252 3335 3291 manum
3366 3251 3558 3292 meam
3589 3234 3694 3290 sub
3719 3235 3785 3287 te.

2132 3324 2413 3393 gumento
2442 3325 2625 3393 petrae
2672 3321 2910 3383 (Jerem.
2959 3341 3083 3394 xm,
3117 3326 3211 3395 4);
3252 3348 3275 3375 ιι
3313 3326 3476 3398 quod
3509 3324 3581 3378 ad
3610 3324 3782 3377 incar-

2132 3410 2388 3466 nationis
2428 3413 2775 3483 mysterium
2835 3417 3082 3484 spectat,
3141 3416 3285 3486 quia
3342 3415 3786 3487 integumentum

2132 3500 2403 3571 corporis
2450 3501 2641 3557 virtus
2693 3502 2800 3556 Dei
2837 3503 3197 3573 sempiterna
3246 3503 3561 3576 suscepit),
3608 3500 3784 3571 utique

2131 3587 2318 3661 liquet
2348 3605 2559 3645 manus
2588 3594 2645 3645 et
2700 3590 2773 3646 de
2832 3591 2975 3647 Filio
3007 3591 3114 3647 Dei
3144 3596 3202 3648 et
3232 3593 3309 3649 de
3341 3592 3570 3665 Spiritu
3601 3591 3785 3647 sancto

2132 3677 2496 3749 Scripturam
2521 3679 2798 3735 locutam.

2202 3768 2292 3823 34.
2328 3767 2400 3823 Et
2428 3785 2644 3824 rursus
2673 3770 2809 3841 quia
2831 3770 3080 3843 digitum
3111 3771 3219 3826 Dei
3238 3771 3532 3844 Spiritum
3554 3770 3787 3843 legimus

2131 3856 2298 3926 (Luc.
2322 3874 2402 3927 χι,
2439 3857 2552 3929 20),
2591 3858 2725 3914 ideo
2746 3859 3031 3930 apellatos
3071 3861 3300 3933 digitos
3339 3862 3722 3925 mstimamus,
3739 3859 3790 3910 ut

2133 3945 2347 4001 Filium
2379 3945 2779 4020 Spiritumque
2799 3948 3085 4021 signaret.
3112 3950 3390 4023 Denique
3413 3954 3478 4006 ut
3517 3953 3575 4005 et
3606 3946 3729 4004 Filii
3745 3946 3793 4000 et

2133 4033 2390 4106 Spiritus
2410 4036 2938 4092 sanctiﬁcationem
2967 4054 3036 4093 se
3072 4038 3301 4096 habere
3324 4041 3702 4106 memoraret,
3725 4034 3793 4089 ait

2133 4123 2373 4195 quidam
2394 4128 2668 4181 sanctus:
2708 4145 2731 4175 ι
2757 4125 2968 4183 Manus
2997 4131 3113 4183 tuas
3145 4127 3432 4185 fecerunt
3461 4143 3575 4199 me,
3608 4130 3663 4182 et
3687 4124 3792 4197 pla-

2135 4217 2479 4269 amaverunt
2500 4230 2591 4270 me
2624 4214 2776 4287 (Job.
2797 4232 2857 4285 κ,
2888 4216 2964 4287 8).

2776 4356 3030 4414 CAPUT
3062 4360 3159 4415 VI.

2135 4497 2429 4573 Spiritum
2461 4497 2718 4573 perinde
2760 4515 2828 4555 ac
2868 4499 3114 4557 Patrem
3156 4508 3217 4557 et
3252 4502 3493 4558 Filium
3536 4512 3792 4573 arguere,

2205 4569 2782 4654 imoﬁver’ojudicare
2808 4588 2921 4654 non
2932 4588 3124 4654 posse
3138 4573 3400 4654 adicies
3416 4569 3642 4647 absque
3657 4584 3796 4654 ipso:

2210 4648 2269 4694 ut
2311 4641 2645 4719 salom’ouis
2701 4641 3411 4719 Danielisquejudiciis,
3452 4641 3580 4719 quae
3623 4641 3801 4719 obiter

2200 4714 2410 4790 paucis
2440 4713 2833 4790 explicantur,
2858 4712 3229 4790 ostenditur;
3267 4712 3664 4790 neque'alium
3697 4712 3799 4766 Ua-

2208 4784 2356 4838 nieli
2386 4785 2707 4855 aspirasse,
2733 4802 2899 4858 quam
2932 4786 3224 4857 Spiritum
3248 4784 3557 4844 salictum.

2207 4923 2297 4978 85.
2330 4921 2536 4996 [Alias
2555 4940 2683 4996 cap.
2720 4924 2869 4999 VIl.]
2929 4925 3049 4982 Cur
3093 4927 3251 4983 enim
3286 4929 3621 4985 verborum
3653 4922 3800 4982 simi-

2137 5011 2444 5067 litudinem
2478 5029 2847 5084 recusamus,
2883 5015 2981 5070 ubi
3042 5017 3333 5072 unitatem
3367 5017 3681 5089 potestatis
3708 5028 3799 5067 as-

2138 5102 2433 5158 serimus:
2465 5118 2599 5157 cum
2627 5119 2892 5176 eousque
2923 5106 3118 5160 unitas
3147 5107 3477 5177 potestatis
3523 5107 3620 5173 sit,
3669 5105 3728 5158 ut
3752 5102 3801 5155 et

2137 5193 2347 5262 arguat
2363 5190 2638 5261 Spiritus,
2665 5193 2821 5247 sicut
2843 5195 3038 5266 arguit
3061 5194 3251 5264 Pater,
3275 5200 3339 5250 et
3360 5198 3566 5269 arguit
3588 5193 3761 5249 Filius
3779 5188 3806 5243 Ῥ

2136 5278 2234 5334 Sic
2257 5281 2411 5334 enim
2435 5282 2720 5352 scriptum
2739 5285 2862 5337 est:
2908 5304 2929 5334 ι
2969 5284 3233 5354 Domine,
3261 5301 3344 5339 ne
3366 5286 3430 5339 in
3454 5286 3542 5339 ira
3583 5287 3677 5337 tua
3711 5294 3799 5333 ar-

2135 5384 2287 5441 guas
2318 5385 2430 5438 me,
2474 5385 2665 5442 neque
2700 5371 2756 5425 in
2790 5371 2992 5428 furore
3033 5375 3134 5429 tuo
3173 5374 3482 5445 corripias
3511 5389 3604 5428 me
3633 5365 3801 5431 (Psal.

355 5441 720 5533 Eccetjimusf
755 5443 815 5493 ul
847 5442 1124 5533 languit!!!
1181 5440 1406 5533 digitus
1444 5458 1488 5533 Aa
1525 5459 1819 5533 corpore,
1854 5452 1931 5506 ita
1987 5470 2022 5509 a
2130 5440 2211 5528 vi,
2236 5458 2311 5525 2).
2340 5481 2362 5507 η
2389 5440 2611 5515 Deinde
2651 5460 2711 5514 in
2735 5460 3229 5533 quadragessimo
3262 5440 3434 5519 nono
3456 5461 3694 5518 Psalmo
3720 5456 3801 5509 sic

357 5529 481 5586 Deo
498 5530 673 5585 Patre
696 5528 1116 5599 inseparabilis
1142 5528 1416 5586 videatur
1436 5530 1696 5603 Spiritus
1732 5543 1975 5598 sanctus
1996 5543 2026 5601 ?
2133 5545 2274 5602 dicit
2305 5547 2629 5606 Dominus:
2671 5572 2693 5597 α
2727 5528 2996 5623 Argum;
3048 5553 3127 5624 te,
3161 5553 3216 5608 et
3272 5554 3543 5609 statuam
3571 5550 3702 5607 ante
3728 5544 3804 5602 fa-

428 5672 508 5754 (8)
540 5672 687 5732 Mss.
721 5672 1012 5748 nonnulli,
1049 5690 1073 5728 ιι
1110 5676 1389 5751 operatur
1416 5677 1474 5735 et
1501 5675 1782 5754 Spiritus.
1819 5704 1843 5735 ιι
2202 5688 2280 5765 (9)
2308 5689 2458 5749 Tres
2488 5706 2663 5768 mss.,
2700 5714 2723 5743 α
2754 5692 2891 5771 quia
2924 5708 3104 5752 unum
3133 5692 3424 5773 legimus,
3447 5697 3565 5757 etc.
