3964 6168
231 389 328 454 817

1259 381 1370 443 DE
1414 379 1756 443 SPIRITU
1800 377 2132 444 SANCTO
2181 380 2337 442 LIB.
2386 381 2497 444 III.

3494 383 3614 446 818

226 587 341 642 ciem
361 587 500 640 tuam
523 584 758 654 peccata
776 585 871 636 tua
893 582 1080 652 (Psal.
1108 599 1266 652 xmx,
1294 581 1386 650 21)
1413 601 1430 646 ;
1487 606 1508 629 ιι
1544 583 1621 635 ita
1659 581 1831 635 etiam
1854 562 1914 628 ι
1947 581 2246 653 Spiritum,
2274 600 2572 655 nunquam
2595 586 2889 657 potuisset
2909 587 3352 658 deprehendere
3381 586 3608 642 adulta-

218 675 274 730 de
289 673 474 744 Spiritu
497 675 695 726 sancto
721 671 906 727 Filius
930 672 1111 727 dixit:
1159 694 1180 722 α
1199 673 1344 726 Cum
1375 675 1568 726 autem
1600 671 1828 739 abiero,

213 764 394 818 mittam
414 761 768 816 Paracletum
798 761 871 816 ad
901 778 1010 816 vos
1037 779 1048 817 :
1099 765 1156 816 et
1187 763 1284 816 ille
1335 763 1585 816 veniens
1617 763 1830 834 arguet

213 851 449 906 mundum
479 852 546 905 do
601 854 863 922 peccato,
897 855 954 906 et
1012 852 1082 905 de
1113 851 1362 922 justitia,
1417 855 1472 905 et
1502 850 1573 904 de
1600 848 1826 922 judicio

209 942 370 1012 (Joan.
403 957 511 1007 xvi,
543 940 594 1010 7,
627 940 701 1010 8),
741 960 762 990 ι

261 1064 335 1120 36.
364 1064 467 1120 Sed
517 1080 630 1135 quo
661 1080 772 1119 nos
828 1065 1188 1135 perfidorum
1241 1065 1543 1121 hominum
1588 1064 1826 1120 deducit

202 1154 431 1223 amentia,
461 1157 518 1208 ut
545 1155 718 1224 quasi
769 1153 880 1224 (10)
911 1154 983 1208 de
1034 1155 1314 1227 ambiguo
1347 1155 1506 1226 quod
1561 1155 1820 1224 Spiritus

202 1246 404 1298 sanctus
431 1246 651 1314 arguat,
693 1235 838 1298 672
870 1244 1176 1299 videamur
1205 1249 1470 1300 astruere
1496 1261 1511 1313 ;
1549 1261 1683 1298 cum
1714 1244 1819 1315 ju-

198 1332 334 1387 dices
359 1331 460 1402 ipsi
487 1348 601 1386 non
636 1337 852 1404 queant
884 1334 998 1387 nisi
1033 1350 1140 1403 per
1174 1334 1453 1404 Spiritum
1496 1333 1769 1404 judicare
1792 1336 1820 1389 ?

199 1420 418 1492 Denique
447 1421 658 1475 mobile
710 1423 853 1476 illud
914 1422 1248 1478 Salomonis
1294 1423 1607 1494 judicium,
1657 1423 1815 1493 quod

174 1576 178 1580 δ
199 1509 327 1564 inter
342 1509 492 1564 dubia
516 1512 898 1581 certantium;
923 1528 1056 1566 cum
1072 1529 1208 1581 una,
1233 1529 1526 1583 oppresso
1545 1513 1814 1582 parvulo,

202 1614 346 1669 quem
372 1600 485 1668 ipsa
515 1604 887 1671 susceperat,
941 1601 1242 1656 vindicare
1295 1602 1413 1656 sibi
1444 1603 1622 1657 vellet
1676 1601 1818 1656 alie-

191 1703 323 1755 num,
352 1686 523 1742 altera
557 1691 866 1760 proprium
918 1691 1103 1744 tilium
1133 1691 1502 1745 defensaret:
1567 1693 1623 1744 et
1654 1689 1814 1744 frau-

188 1774 295 1829 dem
322 1776 372 1830 in
400 1777 542 1847 ipsis
589 1779 1060 1849 cogitationibus
1112 1781 1382 1848 occultis,
1443 1782 1499 1834 et
1542 1779 1816 1850 pietatem

184 1862 230 1919 in
284 1866 544 1921 maternis
597 1867 936 1922 visceribus
995 1869 1416 1939 deprehendit,
1472 1869 1671 1940 utique
1711 1884 1818 1938 per

1945 674 2096 726 rium
2129 674 2413 743 libidinis,
2448 676 2816 730 mendacium
2848 677 3094 731 fraudis.
3133 677 3281 731 Nam
3328 693 3462 732 cum
3493 677 3607 731 Su-

1945 778 2132 816 sanna
2199 764 2682 834 presbyterorum
2751 767 3266 837 conjurationibus
3334 766 3603 837 appetia,

1943 851 2219 907 inflexam
2262 855 2464 923 populi
2522 858 2774 910 mentem
2830 857 3056 910 videret
3115 856 3604 926 contemplatione

1941 941 2244 996 seniorum
2267 959 2280 1011 ;
2306 943 2652 998 etomnibus
2671 945 2948 999 destituta
2971 946 3282 1013 subsidiis,
3309 945 3435 999 sola
3455 945 3605 1000 inter

1940 1030 2213 1085 homines
2237 1032 2346 1102 (13)
2371 1033 2668 1102 pudicitiae
2687 1050 2814 1089 suae
2839 1035 3077 1088 conscia
3103 1036 3283 1089 Deum
3314 1035 3600 1089 arbitrum

1935 1124 2311 1189 precaretur:
2373 1145 2394 1168 «
2447 1122 2780 1192 Exaudivit,
2815 1124 3022 1194 inquit,
3079 1125 3361 1177 Dominus
3394 1139 3601 1177 vocem

1935 1208 2090 1278 ejus,
2117 1227 2248 1264 cum
2273 1211 2607 1280 duceretur,
2632 1216 2695 1266 ut
2716 1214 2967 1282 periret:
3012 1216 3068 1267 et
3096 1214 3373 1267 excitavit
3395 1214 3598 1267 Domi-

1933 1314 2046 1352 nus
2078 1299 2357 1369 Spiritum
2389 1305 2656 1357 sanctum
2690 1303 2854 1373 pueri
2900 1302 3319 1371 adolescentis,
3359 1303 3452 1356 cui
3486 1318 3596 1356 no-

1933 1403 2065 1442 men
2090 1390 2290 1444 Daniel
2311 1391 2484 1461 (Dan.
2519 1409 2640 1453 xm,
2685 1394 2771 1460 4-1,
2814 1393 2924 1463 45).
2978 1417 2999 1440 ιι
3037 1393 3233 1463 Itaque
3268 1393 3595 1447 secundum

1930 1479 2155 1547 accepti
2187 1479 2440 1551 Spiritus
2473 1483 2661 1535 sancti
2693 1482 2943 1553 gratiam
2974 1482 3307 1536 vacillantia
3331 1483 3594 1552 perfido-

1928 1582 2058 1620 rum
2090 1567 2423 1624 testimonia
2453 1569 2874 1640 deprehendit;
2910 1587 3101 1643 neque
3132 1572 3287 1625 enim
3336 1571 3447 1624 alia
3479 1571 3596 1626 nisi

1928 1654 2144 1710 divinae
2177 1656 2284 1710 fuit
2314 1659 2573 1727 Operatio
2604 1660 2934 1729 potestatis,
2970 1664 3026 1714 at
3056 1677 3160 1715 eos
3184 1677 3300 1715 vox
3323 1677 3430 1714 sua
3454 1675 3594 1732 pro-

1927 1743 2110 1814 deret,
2146 1760 2398 1816 quorum
2428 1747 2642 1802 latebat
2665 1747 2932 1804 affectus.

1993 1869 2083 1924 41.
2142 1872 2434 1942 Percipite
2493 1873 2675 1945 igitur
2705 1874 2964 1944 Spiritus
3016 1875 3204 1928 sancti
3268 1890 3506 1930 sacrum
3538 1879 3595 1930 et

185 1951 404 2022 Spiritus
432 1956 624 2010 sancti
681 1973 896 2011 munus
941 1957 1181 2012 emicuit
1237 1958 1347 2027 (11)
1388 1957 1506 2028 (ΙΙῙ
1533 1958 1679 2029 Reg.
1728 1974 1811 2027 ιιι,
1843 1943 1901 2011 Β
1925 1959 2167 2014 caeleste
2189 1943 2557 2017 miraculum.
2583 1963 2684 2016 llla
2714 1943 2847 2034 quae
2866 1964 3067 2019 maluit
3094 1964 3210 2018 sibi
3240 1968 3400 2020 casta
3430 1979 3589 2035 esse,

182 2040 364 2109 16-27).
395 2043 603 2117 Neque
636 2045 791 2100 enim
832 2046 1108 2101 latentem
1167 2047 1593 2102 conscientiam
1641 2046 1815 2100 femi-

178 2144 350 2185 narum
378 2133 485 2186 alia
515 2134 716 2206 aliqua
748 2139 1121 2206 penetrasset
1151 2136 1267 2190 nisi
1328 2136 1584 2206 Spiritus
1621 2137 1814 2190 sancti

177 2219 449 2289 machaera,
485 2223 562 2278 de
592 2241 709 2295 qua
737 2224 816 2278 ait
850 2225 1170 2282 Dominus:
1212 2249 1233 2273 «
1269 2225 1403 2280 Non
1435 2225 1573 2280 veni
1604 2241 1811 2296 pacem

175 2308 386 2379 mittere,
411 2312 514 2367 sed
539 2314 898 2369 machaeram
923 2313 1162 2384 (ΜίιίιΙι.
1213 2332 1272 2382 x,
1298 2315 1388 2384 34)
1417 2330 1431 2377 ;
1468 2338 1489 2361 ιι
1525 2314 1662 2385 quia
1693 2330 1812 2369 non

173 2394 322 2468 ferro,
343 2400 445 2454 sed
463 2400 690 2472 Spiritu
709 2419 878 2457 mens
911 2403 1141 2457 interna
1176 2402 1565 2474 penetrabilis
1595 2417 1608 2458 :
1648 2424 1669 2451 οι
1706 2401 1812 2456 Est

172 2485 302 2541 enim
323 2487 578 2558 Spiritus
611 2491 1019 2564 intelligentiae
1051 2497 1320 2560 sanctus,
1370 2493 1581 2548 unicus
1613 2491 1811 2546 multi-

172 2573 301 2644 plex,
335 2579 596 2649 subtilis,
628 2581 867 2635 mobilis
928 2581 1085 2652 (Sap.
1119 2599 1218 2652 vn,
1253 2583 1385 2652 22);
1452 2605 1474 2629 ιι
1509 2583 1565 2635 et
1615 2579 1766 2635 infra
1794 2596 1807 2636 :

171 2681 190 2712 ι
217 2663 400 2722 Omnia
431 2669 814 2740 prospiciens
843 2669 1015 2740 (Ibid.
1052 2671 1162 2740 23)‘
1201 2693 1222 2719 ιι

217 2789 294 2844 3Ἷ.
326 2792 465 2850 Vide
494 2795 788 2865 propheta
810 2797 956 2868 .quid
991 2796 1164 2865 dicat,
1201 2796 1340 2868 quia
1401 2795 1597 2850 omnia
1626 2802 1811 2865 pro‘s-

161 2877 293 2947 picit.
320 2880 386 2935 Et
408 2883 543 2938 ideo
567 2885 742 2939 etiam
775 2884 1058 2941 Salomon
1089 2886 1423 2955 prospexit,
1459 2888 1520 2939 ut
1550 2885 1810 2940 machin-

162 2983 262 3022 ram
315 2970 469 3026 illam
520 2972 770 3045 juberet
799 2973 994 3029 atferri
1057 2975 1151 3044 (III
1177 2975 1322 3046 Reg.
1360 2991 1439 3043 ιιι,
1500 2973 1628 3042 24);
1674 2972 1810 3044 quia

158 3056 400 3116 simulato
433 3062 602 3133 quod
631 3063 896 3118 dividere
928 3063 1106 3118 vellet
1134 3063 1437 3126 infantem.
1459 3063 1799 3118 considera-

158 3147 224 3199 vit
271 3151 420 3218 quod
471 3167 621 3206 vera
678 3155 866 3207 mater
912 3153 1047 3223 plus
1097 3153 1436 3208 consuleret
1478 3153 1599 3208 ﬁlio
1631 3168 1808 3223 quam

155 3235 357 3306 solatio,
391 3243 448 3295 et
475 3241 735 3313 gratiam
756 3241 899 3313 juri,
933 3259 1053 3297 non
1086 3243 1294 3313 gratiae
1321 3241 1457 3313 jura
1475 3241 1805 3312 praeferret.

1923 2063 2098 2120 quam
2129 2051 2385 2120 populo:
2434 2052 2530 2106 illa
2564 2068 2697 2123 quae
2739 2053 2941 2107 maluit
2989 2053 3341 2109 innocentiae
3389 2055 3590 2109 subire

1921 2139 2270 2208 periculum,
2305 2155 2480 2212 quam
2513 2141 2797 2212 pudoris:
2833 2158 2966 2212 quae
2999 2159 3133 2196 cum
3181 2147 3585 2209 accusaretur,

1920 2227 2181 2282 tacebat:
2217 2244 2350 2282 cum
2380 2229 2774 2298 damnaretur,
2801 2231 3032 2300 silebat,
3055 2232 3438 2286 conscientiae
3457 2249 3585 2287 sua)

1922 2318 2195 2372 contenta
2222 2317 2488 2388 judicio:
2525 2335 2657 2390 quae
2704 2322 3098 2377 reverentiam
3131 2320 3378 2390 pudoris
3411 2321 3586 2376 etiam

1919 2404 1979 2458 in
2011 2405 2292 2476 periculis
2325 2407 2706 2477 reservabat;
2738 2424 2810 2462 ne
2836 2408 3167 2463 extorsisse
3208 2409 3586 2479 petulantiam

1920 2493 2280 2563 viderentur,
2317 2495 2416 2566 qui
2450 2500 2805 2568 extorquere
2836 2514 2954 2552 non
3003 2500 3313 2567 potuerant
3344 2500 3586 2554 castita-

1921 2585 2076 2638 tem:
2113 2585 2212 2638 ubi
2243 2577 2389 2639 673
2423 2587 2735 2642 Dominum
2786 2588 3101 2652 invocavit,
3147 2588 3426 2658 Spiritum
3457 2605 3586 2643 me-

1921 2673 2037 2726 ruit
2066 2675 2166 2744 qui
2197 2675 2472 2730 latentem
2501 2675 2987 2748 presbyterorum
3036 2679 3462 2733 conscientiam
3493 2694 3586 2732 re-

1920 2762 2158 2818 velavit.

1989 2889 2076 2944 42.
2103 2889 2348 2945 Discant
2366 2891 2598 2961 pudica:
2630 2891 2982 2947 calumniam
3012 2909 3130 2949 non
3163 2894 3388 2950 timere.
3437 2895 3585 2949 Nam

1919 2993 2052 3050 qua:
2085 2980 2492 3035 castimoniam
2523 2981 2658 3036 vitae
2687 2983 2963 3052 praetulit,
3014 2999 3124 3038 nec
3172 2985 3309 3038 vitae
3340 2985 3587 3055 dispen-

1918 3069 2080 3123 dium
2110 3070 2366 3140 pertulit,
2403 3073 2460 3126 et
2503 3071 2754 3143 gloriam
2800 3073 2999 3127 retulit
3045 3075 3352 3128 castitatis.
3401 3075 3497 3129 Sic
3529 3078 3587 3130 et

1918 3158 2215 3214 Abraham
2273 3161 2567 3231 quondam
2611 3160 2826 3232 jussus
2885 3163 3047 3216 adire
3105 3163 3418 3232 peregrina
3447 3164 3580 3234 (14),

1918 3265 2026 3304 nec
2049 3251 2274 3306 uxoriae
2292 3251 2556 3321 periculo
2578 3252 2895 3322 pudicitiae,
2913 3268 3022 3306 nec
3037 3254 3241 3307 mortis
3262 3254 3582 3322 proposita)

343 3300 354 3306 -
477 3300 512 3313 ν
757 3300 778 3313 .,
889 3300 897 3308 ,
1087 3300 1119 3313 υ
1321 3300 1344 3313 ν
1477 3300 1495 3312 ,
2005 3300 2020 3303 -
2055 3300 2270 3306 ηπ----
2293 3300 2553 3321 rh---"
2580 3300 3151 3322 r__-__---,.,-_-------
3171 3300 3237 3307 --η
3263 3300 3316 3321 ι--
3339 3300 3579 3322 Ἵππη

158 3325 215 3377 At
239 3342 372 3382 vero
402 3330 501 3384 illa
535 3345 676 3401 quae
735 3331 942 3385 matris
976 3331 1282 3386 simularet
1342 3330 1639 3400 affectum,
1672 3300 2142 3394 vin-terrore
2173 3344 2507 3410 revocatus,
2542 3346 2598 3396 et
2657 3343 2832 3395 vitam
2865 3358 3054 3411 suam,
3089 3345 3144 3396 et
3175 3343 3581 3396 castimoniam

156 3415 299 3469 cendi
321 3419 516 3474 studio
539 3435 721 3483 caeca,
758 3420 925 3489 parvi
959 3420 1204 3474 duceret
1233 3419 1370 3490 ejus
1399 3419 1644 3475 exitium
1669 3419 1803 3490 (12),

152 3501 199 3555 in
224 3519 330 3575 quo
359 3509 631 3563 nesciret
659 3508 894 3578 pietatis
927 3508 1324 3578 dispendium.
1357 3510 1557 3581 Itaque
1587 3508 1680 3562 vir
1707 3508 1805 3564 ille

152 3593 424 3666 spiritalis,
457 3597 608 3669 quia
639 3597 992 3667 dijudicaret
1023 3599 1217 3652 omnia
1264 3597 1605 3670 (Spiritalis
1647 3597 1805 3654 enim

149 3679 187 3744 (Ι
210 3681 330 3739 Cor.
355 3702 415 3756 ιι,
450 3686 554 3756 15)
583 3686 872 3757 diiudicat
907 3688 1121 3756 omnia)
1159 3690 1426 3741 naturam
1458 3687 1519 3741 in
1575 3686 1804 3743 affecti-

150 3765 243 3824 bus
269 3773 574 3844 quaesivit,
608 3791 742 3846 qum
773 3775 990 3831 latebat
1021 3777 1080 3830 in
1111 3777 1364 3831 vocibus
1391 3792 1402 3831 :
1437 3779 1492 3831 et
1522 3778 1798 3847 pietatem

145 3857 526 3936 interrogavit,
597 3867 659 3920 ut
706 3865 983 3936 proderet
1025 3866 1354 3921 veritatem.
1401 3866 1555 3920 Vicit
1603 3867 1803 3938 itaque

148 3952 306 4006 mater
333 3953 650 4010 charitatis
707 3953 942 4025 affectu,
995 3971 1129 4027 quae
1183 3955 1415 4010 fructus
1467 3957 1561 4011 est
1611 3954 1804 4025 Spiri-

145 4038 242 4096 tas.

203 4163 280 4220 38.
313 4167 619 4239 Dijudicat
677 4170 739 4223 in
795 4169 1100 4240 propheta,
1158 4171 1295 4240 quia
1350 4183 1458 4240 per
1515 4169 1801 4241 Spiritum

145 4249 289 4309 datur
332 4273 542 4315 sermo
606 4260 946 4329 sapientiae:
1001 4258 1303 4329 quomodo
1355 4273 1501 4331 ergo
1552 4264 1804 4332 negatur

146 4343 276 4410 quod
305 4362 571 4419 arguere
600 4348 796 4419 possit
824 4347 1083 4418 Spiritus
1136 4351 1382 4403 sanctus
1416 4349 1696 4404 mundum
1728 4351 1801 4406 de

139 4428 357 4505 judicio,
378 4437 483 4510 qui
511 4436 729 4509 judicii
760 4437 907 4492 tollit
934 4436 1298 4509 ambiguum,
1333 4437 1582 4510 largitur
1610 4455 1799 4495 even-

144 4520 245 4576 tum
258 4526 284 4577 ‘2

1915 3430 2417 3487 servavituxoris.
2439 3431 2678 3486 Nullum
2704 3433 2897 3502 itaque
2919 3432 3038 3486 Deo
3089 3433 3417 3488 credidisse
3449 3450 3580 3502 pce-

1914 3519 2088 3573 nituit
2115 3520 2266 3590 (15):
2331 3524 2387 3576 et
2443 3522 2686 3576 castitas
2743 3521 3118 3576 devotionem
3151 3523 3469 3577 cumulavit
3522 3523 3579 3577 in

1915 3607 2080 3678 Sara,
2112 3613 2169 3664 et
2199 3609 2432 3667 devotio
2468 3611 2812 3666 castitatem.

1981 3717 2070 3772 43.
2106 3719 2190 3772 Ac
2209 3734 2280 3773 ne
2302 3719 2436 3791 quis
2457 3719 2605 3774 forte
2627 3719 2942 3787 existimet,
2965 3721 3100 3791 quia
3123 3721 3352 3776 dicente
3377 3721 3580 3792 Scrip-

1911 3809 2078 3862 tura:
2143 3830 2165 3856 ιι
2204 3807 2496 3862 Excitavit
2542 3809 2701 3863 Deus
2751 3808 3033 3879 Spiritum
3092 3814 3363 3864 sanctum
3413 3811 3579 3881 pueri

1909 3896 2307 3952 adolescentis
2340 3898 2512 3967 (Dan.
2555 3915 2680 3966 xm,
2718 3899 2812 3968 45)
2847 3923 2868 3946 ιι
2903 3899 3175 3968 spiritum
3210 3900 3268 3953 in
3319 3915 3388 3954 eo
3421 3903 3584 3969 putet

1912 3987 2103 4040 fuisse
2133 3986 2411 4055 hominis,
2474 4001 2593 4043 non
2648 3987 2928 4058 Spiritum
2961 3991 3264 4042 sanctum:
3329 3989 3489 4060 legat
3519 3989 3577 4042 in

1909 4075 2343 4146 posterioribus
2375 4076 2508 4146 (16),
2541 4080 2598 4131 et
2629 4077 2888 4131 inveniet
2946 4078 3078 4148 quia
3112 4078 3391 4148 Spiritum
3424 4095 3568 4131 san-

1912 4168 2067 4219 ctum
2097 4165 2325 4236 accepit
2354 4165 2578 4233 Daniel,
2613 4169 2671 4221 et
2701 4167 2832 4220 ideo
2881 4167 3251 4236 prophetavit
3279 4168 3451 4234 (Dan.
3489 4185 3567 4233 iv,

1909 4255 2019 4324 21).
2081 4255 2346 4327 Denique
2379 4259 2436 4310 et
2492 4271 2600 4310 rex
2630 4270 2762 4310 eum
2819 4257 3093 4326 praetulit,
3128 4257 3263 4326 quia
3320 4256 3573 4309 habebat

1908 4345 2158 4417 gratiam
2188 4345 2531 4416 spiritalem.
2567 4345 2666 4399 Sic
2724 4345 2878 4400 enim
2910 4345 3087 4399 dicit:
3153 4368 3174 4390 α
3210 4346 3295 4399 Tu
3355 4348 3568 4410 autem,

1909 4434 2133 4502 Daniel,
2159 4437 2365 4505 potes:
2401 4435 2536 4506 quia
2568 4434 2821 4504 Spiritus
2869 4437 3111 4487 sanctus
3164 4435 3265 4486 Dei
3301 4434 3357 4486 in
3393 4437 3445 4486 te
3477 4437 3570 4486 est

1907 4525 2084 4591 (Ibid.
2120 4525 2229 4591 15).
2269 4545 2290 4572 ιι
2326 4523 2397 4578 Et
2452 4523 2604 4578 infra
2633 4524 2934 4594 Scriptura
2966 4523 3137 4577 dicit:
3209 4521 3277 4576 Et
3309 4521 3417 4574 fuit
3451 4522 3566 4574 Da-

194 4610 341 4669 39et
399 4615 496 4672 40.
563 4615 768 4670 Daniel
824 4632 1060 4689 quoque
1125 4617 1244 4672 nisi
1301 4618 1637 4689 accepisset
1690 4617 1794 4673 Dei
1831 4615 2023 4689 “niel
2081 4613 2438 4685 praepositus
2469 4612 2624 4682 illis;
2682 4611 2958 4682 quoniam
2991 4609 3242 4682 Spiriius
3301 4613 3426 4663 erat
3462 4625 3568 4664 su-

138 4757 146 4762 ’
203 4755 284 4824 (10
312 4758 544 4816 Omnes
577 4760 697 4815 edit
727 4775 794 4814 ac
825 4777 972 4815 mss.
1006 4761 1292 4828 nonnulli,
1331 4783 1352 4808 α

137 4829 316 4904 quasi:
357 4856 378 4878 ιι
413 4832 520 4885 alii
554 4847 701 4886 mss.
736 4832 835 4902 qui
867 4837 923 4887 et
954 4833 1154 4903 plures
1212 4829 1592 4903 potioresque
1638 4849 1782 4887 con-

140 4899 369 4974 cinnius,
408 4926 431 4949 «ι
474 4906 540 4956 ut
572 4899 772 4974 quasi,
804 4927 825 4951 ιι
859 4899 970 4958 θεοῖ

200 4969 303 5039 (11)
336 4973 420 5027 lta
454 4969 837 5046 omn—esedit.
873 4991 941 5028 ac
970 4975 1172 5046 plures
1205 4991 1350 5030 mss.
1381 4991 1395 5044 ;
1429 4975 1692 5030 nonnulli
1718 4978 1794 5029 ta-

136 5052 268 5115 men,
308 5068 329 5088 ε
365 5061 479 5114 per
537 5044 818 5115 Spiritum
849 5044 1119 5100 sanctum
1178 5047 1332 5100 istud
1363 5063 1580 5101 munus
1639 5047 1782 5101 emi-

139 5114 270 5188 cuit;
309 5138 334 5188 τ
367 5117 511 5171 Alb.
539 5114 714 5184 unus,
753 5141 774 5164 «ι
810 5118 1064 5188 Spiritus
1097 5118 1287 5172 sancti
1317 5134 1558 5172 numere
1579 5119 1790 5173 doctus

138 5183 229 5235 est.
260 5208 280 5230 ιι
315 5185 546 5259 lterum
567 5183 836 5259 sequenti
855 5183 1146 5243 sententia
1175 5189 1277 5243 ubi
1307 5205 1514 5243 omnes
1551 5190 1688 5243 edit.
1724 5205 1792 5244 ac

136 5265 284 5330 mss.,
327 5279 348 5305 ι
386 5258 595 5328 aliqua
641 5259 823 5314 nisi...
885 5263 1274 5330 penetrasset.
1314 5285 1334 5308 ιι
1400 5262 1568 5316 Rom.
1630 5261 1790 5330 edit.,

138 5324 366 5403 [aliqua
389 5324 616 5403 potuit,
653 5330 836 5385 nisi...
873 5324 1170 5403 detegere.
1212 5355 1233 5378 ιι
1299 5332 1604 5387 Postremo
1638 5324 1785 5402 pau-'

131 5397 568 5473 cisinterjectis
598 5397 702 5470 pro
736 5423 757 5450 ι
794 5418 961 5456 mens
1007 5397 1233 5457 interna
1283 5397 1786 5473 penetraturfl’e-

133 5469 427 5523 netrabilis
493 5469 632 5544 est,"
676 5496 696 5519 ιι
734 5475 889 5544 quod
950 5474 1167 5544 legitur
1195 5476 1254 5528 in
1287 5469 1534 5529 'cunctis
1566 5475 1702 5529 edit.
1736 5478 1792 5529 et

132 5548 261 5617 mss.
297 5557 418 5594 uno
452 5547 554 5595 aut
585 5543 766 5598 altero
817 5543 1063 5616 excepto
1091 5562 1104 5612 ;
1150 5546 1208 5600 in
1244 5546 1486 5617 reliquis
1510 5546 1794 5600 omittitur

125 5610 357 5688 Verbum
397 5636 420 5659 ει
458 5618 802 5688 penetratur
836 5639 856 5665 ιι
892 5619 947 5671 et
969 5610 1004 5663 ἰι
1039 5610 1422 5688 penetrabilis
1462 5639 1482 5665 ιι
1535 5617 1791 5672 refertur

130 5678 403 5760 advoces
443 5678 481 5730 ιῗ
505 5687 952 5760 αιθιιείῇιιῑθιτιιιι.
984 5712 1005 5735 ιι
1042 5678 1255 5760 Metius
1287 5688 1342 5742 id
1374 5687 1644 5760 quidem;
1666 5703 1790 5760 nec

128 5757 269 5829 enim
302 5778 325 5801 ι
364 5757 758 5826 penetrabilis
796 5781 816 5805 ιι
856 5759 1106 5813 habetur
1134 5759 1343 5814 inloco
1372 5757 1781 5829 «Sapientiae»

129 5821 310 5898 citato,
343 5821 550 5905 neque
579 5829 753 5890 etiam
784 5829 858 5885 ad
888 5830 1256 5910 probandum
1316 5821 1614 5893 Ambrbsii
1646 5846 1786 5908 pro-

1822 4664 1887 4742 ι)

1403 4764 1462 4814 ut
1493 4777 1625 4831 quae
1658 4764 1797 4816 sunt
1818 4733 1860 4748 δ’
1904 4760 2162 4832 positum
2181 4758 2536 4832 requiritur:
2573 4756 2874 4832 cum‘satis
2899 4771 2973 4808 ex
2994 4770 3063 4808 eo
3086 4755 3388 4832 probetur,
3412 4755 3569 4827 quod

1909 4827 1932 4881 ξι
1969 4831 2204 4886 subtilis
2240 4827 2593 4898 mobilisque
2629 4851 2649 4874 ιι
2687 4827 2940 4896 Spiritus
2976 4827 3324 4880 nominatur.

1977 4905 2088 4966 (12)
2115 4903 2258 4955 Mss.
2279 4897 2521 4972 aliquot,
2551 4921 2573 4945 α
2605 4899 2776 4972 parvi
2807 4899 3051 4972 duceret
3083 4897 3216 4966 ejus
3259 4898 3522 4972 exitum._
3543 4923 3563 4945 ιι

1973 4975 2086 5046 (13)
2106 4973 2350 5027 Eras.et
2379 4969 2515 5040 seq.
2553 4969 2714 5034 edit.,
2751 4992 2772 5015 α
2811 4969 2963 5046 inter
2993 4971 3228 5046 hostes:
3273 4994 3292 5014 ιι
3329 4969 3566 5026 Amerb.

1904 5049 1960 5101 et
1984 5041 2136 5100 mes.
2174 5058 2388 5109 magno
2421 5055 2741 5109 consensu,
2783 5063 2804 5087 α
2841 5041 2995 5095 inter
3025 5042 3321 5096 homines.
3360 5064 3379 5089 ιι

1973 5117 2084 5184 (11)
2106 5113 2366 5182 Amerb.,
2394 5136 2415 5159 ιι
2451 5113 2611 5167 adire
2643 5113 3017 5184 peregrinam
3046 5129 3058 5182 ;
3098 5137 3118 5159 ιι
3155 5113 3324 5167 Erus.
3351 5116 3405 5167 et
3435 5130 3564 5184 seq.

1903 5188 2064 5256 edit.,
2103 5212 2124 5234 «ι
2161 5186 2323 5244 adire
2355 5184 2727 5258 peregrinam
2760 5187 3014 5254 terram;
3051 5209 3071 5233 ιι
3097 5201 3304 5239 omnes
3332 5200 3477 5239 mss.
3508 5189 3565 5238 ut

1902 5260 1961 5314 in
1994 5261 2176 5314 textu.

1971 5331 2084 5400 (15)
2131 5330 2301 5384 Tres.
2355 5343 2526 5398 mss.,
2590 5349 2613 5377 ι
2676 5327 2926 5383 Domino
2984 5328 3312 5383 credidisse
3375 5326 3565 5396 poeni-

1901 5403 2025 5457 tuit.
2063 5426 2084 5450 ι)

1971 5473 2082 5544 (16)
2116 5473 2285 5547 Rom.
2319 5471 2465 5547 edit.
2505 5470 2652 5547 so_la,
2691 5491 2712 5522 α
2750 5471 2808 5526 in
2853 5470 3284 5541 superioribus.
3324 5490 3344 5514 »
3399 5467 3556 5547 Infra

1899 5543 2068 5599 vero
2101 5545 2304 5600 eadem
2353 5543 2491 5596 edit.
2556 5543 2727 5597 Rom.
2781 5559 2913 5597 cum
2976 5557 3120 5596 mss.
3156 5555 3272 5592 non
3331 5543 3560 5605 paucis,

1905 5639 1926 5663 ιι
1961 5614 2535 5688 Ρςιβροείιιιεᾷἱιιίυξ.
2577 5637 2598 5662 ιι
2635 5684 2672 5688 _
2781 5685 2791 5688 _
3015 5681 3053 5688 μ
3167 5679 3176 5688 η

1971 5676 2261 5756 (17)’Μεε.
2295 5686 2536 5758 aliquot,
2577 5706 2598 5731 ιι
2635 5684 2748 5740 Per
2778 5685 2974 5756 ipsum
3015 5679 3324 5734 Dominum
3357 5676 3561 5741 Jcsum

1899 5757 2179 5830 Spiritum
2208 5774 2326 5814 non
2359 5757 2573 5826 solum,
2611 5776 2634 5805 ιι
2671 5758 2779 5810 etc.
