4090 6174
409 397 531 464 819

344 484 360 513 1

1848 398 1914 462 S.
1961 397 2406 462 AMBROSII.
3700 401 3804 467 820

413 616 633 674 parans
665 600 725 656 in
758 615 827 658 eo
862 601 1035 672 (Dan.
1065 619 1146 673 vx,
1178 601 1255 673 3).
1294 625 1316 650 ››
1343 600 1459 659 Sed
1489 602 1662 657 etiam
1692 601 1921 673 Moysis
1955 581 2158 671 Spi-A
2189 599 2329 665 (Isa.
2354 617 2515 671 Lxxxi,
2537 599 2663 671 10);
2703 623 2724 648 ι»
2750 600 2937 655 David
2961 600 3034 657 de
3074 601 3198 658 Deo
3239 602 3411 659 dicit:
3450 624 3472 650 α
3503 601 3571 658 Et
3598 618 3812 660 exacer-

414 690 951 762 ritusjudicaturis
984 691 1218 747 divisus
1249 694 1341 747 est
1374 692 1570 756 (Num.
1603 708 1685 761 xx,
1717 691 1830 761 25).

1041 816 1293 873 CAPUT
1334 817 1455 873 VII.

421 941 637 997 Filium
670 942 857 1014 ipsum
880 957 993 1014 non
1013 942 1294 1014 judicare
1324 948 1422 1014 aut
1457 942 1767 1014 vindicare
1797 942 1930 995 sine
1955 940 2084 1014 Spi-

491 957 637 996 xnum
670 958 857 1014 ipsum
880 957 993 997 non
1013 957 1294 1013 Juaicare
1324 957 1422 996 aut
1457 957 1767 997 vmcucare
1797 957 1930 995 sme
1955 957 2083 1064 Of]-

491 1014 617 1068 ritu
634 1033 652 1079 ,-
676 1014 838 1085 (unde
866 1013 1023 1068 idem
1055 1013 1323 1085 Spiritus
1359 1012 1538 1068 Verbi
1557 1013 1792 1085 gladius
1823 1010 1995 1085 appet
2017 1027 2083 1064 a-

497 1091 613 1139 tur.
650 1084 774 1140 Sed
804 1101 930 1139 cum
968 1085 1231 1140 vicissim
1276 1084 1528 1139 Verbum
1561 1084 1800 1139 dicatur
1818 1084 2086 1154 Spiritus

493 1156 749 1237 gladius,
782 1172 1061 1237 summam
1092 1156 1152 1210 in
1188 1161 1431 1230 utroque
1454 1157 1741 1228 potentiae
1802 1155 2084 1209 unitatem

495 1227 637 1282 inde
668 1228 961 1299 cognosci.

487 1352 576 1407 44.
610 1351 726 1407 Sed
757 1352 899 1424 quid
920 1352 991 1407 de
1014 1352 1253 1408 caeteris
1282 1353 1596 1424 loquamur
1617 1353 1645 1409 ‘?
1673 1352 1872 1423 ipsum
1889 1350 2086 1407 Domi-

416 1456 558 1496 num
615 1441 823 1497 Jesum
855 1441 915 1496 in
971 1441 1195 1512 Spiritu
1228 1459 1346 1497 non
1406 1442 1602 1498 solum
1648 1442 1760 1512 (1'7)
1813 1440 2087 1512 judicare

416 1530 776 1601 accepimus,
798 1531 907 1586 sed
925 1531 1098 1586 etiam
1118 1531 1445 1587 vindicare.
1468 1532 1678 1604 Neque
1699 1531 1857 1597 enim
1890 1521 2103 1584 vindi-'

419 1623 578 1674 caret
624 1622 686 1675 in
734 1619 1188 1690 Antichristum,
1220 1620 1337 1676 nisi
1385 1624 1519 1677 ante
1551 1621 1623 1676 de
1667 1620 1802 1691 ejus
1859 1618 2087 1674 meritis

413 1707 728 1780 judicaret,
763 1713 939 1781 quem
970 1708 1149 1775 (sicut
1177 1709 1460 1781 legimus)
1495 1730 1517 1760 ι
1572 1710 1860 1763 Dominus
1905 1708 2086 1762 Jesus

417 1797 731 1852 interficiet
751 1797 972 1867 Spiritu
1015 1796 1137 1851 oris
1160 1796 1255 1851 sui
1290 1797 1376 1864 (II
1407 1797 1612 1852 Thess.
1637 1815 1698 1866 xx,
1728 1797 1801 1867 8).
1828 1820 1850 1845 ι)
1894 1796 2089 1867 (Alias

420 1902 548 1957 cap.
582 1886 756 1955 VIII).
791 1884 909 1940 Sed
940 1886 1038 1940 hic
1068 1902 1188 1941 non
1234 1886 1526 1957 acquisita
1579 1887 1769 1959 gratia
1818 1889 1929 1957 est,
1981 1885 2090 1941 sed

2188 689 2479 744 baverunt
2518 690 2890 745 Altissimum
2936 690 2996 745 in
3029 690 3315 762 siccitate,
3368 695 3423 747 et
3468 695 3809 751 tentaverunt

2191 778 2378 833 Deum
2407 779 2466 832 in
2499 779 2781 833 cordibus
2813 780 2942 834 suis
2971 780 3158 849 (Psal.
3194 798 3414 853 1.xxvxx,
3446 781 3532 852 16,
3562 782 3664 853 18).
3697 802 3717 832 ι

2264 884 2349 939 49.
2374 886 2590 955 Accipe
2612 886 2785 939 etiam
2826 886 2925 957 qui
2963 884 3094 941 cum
3129 887 3268 942 alibi
3308 888 3519 944 dixerit
3546 888 3814 962 Scriptum

2186 975 2471 1029 tentatum
2500 974 2803 1045 Spiritum,
2857 978 3139 1030 tentatum
3172 978 3347 1030 etiam
3396 977 3597 1047 Deum,
3641 978 3817 1034 eadem

2188 1063 2344 1117 dicat
2375 1066 2432 1117 et
2472 1062 2770 1117 Christum
2806 1077 2944 1119 esse
2990 1066 3311 1134 tentatum;
3364 1065 3547 1120 habes
3588 1066 3729 1121 enim
3755 1068 3817 1122 ad

2187 1151 2528 1207 Corinthios
2583 1152 2976 1223 Apostolum;
3012 1175 3034 1199 α
3097 1154 3307 1225 Neque
3339 1157 3625 1209 tentemus
3670 1154 3817 1209 Chri-

2187 1245 2365 1312 stum,
2399 1241 2555 1296 sicut
2596 1241 2833 1312 quidam
2882 1256 3089 1297 eorum
3134 1245 3526 1312 tentaverunt,
3572 1247 3679 1299 eta
3706 1259 3819 1300 ser-

2186 1330 2465 1402 pentibus
2487 1331 2790 1401 perierunt
2809 1330 2867 1401 (Ι
2895 1330 3031 1387 Cor.
3056 1350 3115 1400 x,
3138 1332 3215 1402 9).
3244 1354 3266 1380 η
3302 1331 3474 1387 Justa
3488 1332 3747 1403 vindicta,
3768 1337 3821 1388 ut

2187 1420 2515 1475 adversarii
2546 1434 2773 1474 venena
2802 1421 3109 1490 sentirent,
3143 1420 3247 1492 qui
3269 1435 3388 1475 non
3419 1421 3820 1477 venerabantur

2189 1511 2508 1563 auctorem.

2260 1616 2349 1670 50.
2382 1615 2452 1669 Et
2477 1615 2629 1671 bene
2660 1616 2968 1686 Dominus,
3021 1631 3177 1671 aereo
3228 1618 3508 1687 serpente
3539 1632 3824 1689 suspenso,

2184 1703 2373 1776 jussit
2421 1704 2617 1759 curari
2664 1704 2911 1760 vulnera
2961 1706 3301 1760 sauciorum
3357 1705 3555 1776 (Num.
3586 1723 3700 1776 xxx,
3744 1705 3823 1775 9):

2191 1793 2388 1865 imago
2419 1793 2574 1848 enim
2607 1794 2802 1848 crucis
2835 1810 3031 1849 aereus
3065 1810 3318 1864 serpens
3352 1799 3486 1864 est;
3518 1810 3648 1850 nam
3665 1794 3762 1849 etsi
3781 1796 3830 1849 in

2195 1896 2371 1937 carne
2401 1897 2510 1936 sua
2543 1897 2880 1954 suspensus
2912 1886 3003 1938 est
3035 1882 3336 1952 Christus,
3387 1886 3579 1938 tamen
3608 1884 3666 1938 in
3692 1898 3755 1938 eo
3782 1886 3828 1938 et

419 1974 721 2029 individua
751 1976 947 2029 manet
974 1978 1171 2029 unitas
1198 1990 1213 2044 ;
1257 1975 1395 2046 quia
1425 1990 1620 2046 neque
1651 1974 1928 2030 Christus
1959 1974 2090 2029 sine
2112 1967 2167 2032 Β
2195 1971 2324 2043 ipse
2382 1970 2705 2027 crucifixus
2737 1976 2830 2028 est
2887 1973 3126 2042 mundo,
3162 1975 3219 2028 et
3248 1973 3368 2043 ipsi
3413 1972 3723 2028 cruciﬁxus
3751 1974 3837 2027 est

419 2063 663 2135 Spiritu,
696 2079 893 2136 neque
923 2063 1179 2135 Spiritus
1229 2067 1437 2135 posset
1466 2080 1604 2119 esse
1651 2064 1782 2119 sine
1830 2063 2089 2119 Christo.

418 2152 554 2207 Non
611 2152 768 2208 enim
822 2155 1018 2224 potest
1075 2153 1291 2209 divinae
1349 2155 1575 2208 naturae
1641 2153 1838 2209 unitas
1897 2168 2078 2224 sepa-

420 2258 542 2297 I‘BI‘I
551 2284 563 2297 .

490 2348 581 2405 45.
605 2347 678 2405 Et
707 2349 845 2422 quia
873 2350 935 2405 in
986 2350 1245 2407 medium
1272 2351 1333 2406 id
1378 2349 1541 2407 venit
1569 2349 1903 2421 exemplum
1935 2350 2094 2423 quod

423 2438 712 2495 Dominus
743 2439 926 2495 Jesus
948 2440 1265 2496 interficiet
1299 2440 1519 2511 Spiritu
1552 2440 1675 2496 oris
1707 2439 1822 2511 sui,
1857 2439 2096 2512 gladius

423 2528 660 2600 quidam
692 2529 873 2585 Verbi
910 2528 1166 2600 Spiritus
1195 2529 1548 2602 intelligitur
1578 2529 1825 2600 (Ephes.
1859 2545 1941 2598 vx,
1977 2528 2089 2598 Π).

423 2617 690 2690 Denique
713 2621 770 2673 et
788 2618 849 2673 in
871 2617 1199 2692 Evangelio
1218 2618 1360 2673 dicit
1381 2618 1510 2690 ipse
1543 2618 1829 2674 Dominus
1873 2618 2054 2672 Jesus
2079 2634 2092 2674 :

428 2727 452 2757 ι
489 2706 623 2761 Non
652 2708 790 2761 veni
821 2722 1028 2778 pacem
1056 2708 1305 2776 mittere,
1339 2708 1447 2762 sed
1477 2707 1739 2780 gladium
1771 2707 2009 2776 (Matth.
2034 2723 2095 2776 x,

423 2793 539 2867 34).
581 2817 603 2844 ι
638 2795 813 2850 Venit
843 2796 999 2851 enim
1033 2799 1097 2851 ut
1134 2797 1416 2867 Spiritum
1457 2797 1640 2867 daret,
1674 2795 1925 2869 ideoque
1955 2798 2011 2850 et
2038 2795 2099 2850 in

427 2899 532 2940 ore
548 2882 684 2955 ejus
707 2884 946 2956 gladius
976 2885 1074 2941 bis
1106 2888 1338 2957 acutus,
1362 2886 1564 2958 utique
1594 2885 1783 2958 gratia
1812 2885 2098 2955 Spiritalis

426 2972 633 3045 (Apoc.
666 2991 792 3046 xxx,
826 2973 934 3045 15),
970 2974 1229 3046 Spiritus
1259 2991 1406 3048 ergo
1434 2975 1606 3031 verbi
1635 2974 1872 3048 gladius
1905 2977 2021 3029 est.

500 3062 589 3118 46.
614 3062 686 3118 Et
715 3066 778 3119 ut
807 3065 968 3119 scias
999 3065 1459 3137 inmqualitatem
1488 3080 1607 3120 non
1638 3079 1797 3134 esse,
1832 3064 1940 3120 sed
1970 3063 2100 3119 uni-

428 3154 606 3208 tatem
623 3156 872 3224 naturae,
894 3153 1156 3210 Verbum
1188 3171 1424 3227 quoque
1457 3154 1693 3227 gladius
1725 3156 1819 3209 est
1846 3152 2102 3225 Spiritus

431 3242 663 3314 sancti;
697 3243 985 3314 scriptum
1013 3248 1107 3303 est
1137 3246 1333 3300 enim:
1371 3265 1398 3296 α
1443 3244 1820 3313 Accipientes
1869 3245 2102 3298 scutum

2194 2059 2489 2116 mundus:
2529 2082 2551 2108 ιι
2587 2060 2729 2116 Mihi
2762 2061 2938 2133 enim,
2970 2060 3180 2133 inquit,
3233 2062 3498 2117 mundus
3546 2061 3835 2117 crucifixus

2196 2151 2311 2220 est,
2335 2152 2393 2204 et
2419 2165 2533 2221 ego
2563 2150 2782 2205 mundo
2813 2150 3033 2220 (Galat.
3069 2167 3149 2217 v1,
3182 2149 3293 2221 14).
3335 2172 3357 2200 ιο
3410 2150 3730 2206 Crucifixus
3757 2151 3840 2205 est

2195 2253 2341 2310 ergo
2363 2238 2422 2292 in
2452 2239 2582 2294 suis
2606 2240 2862 2295 mundus
2893 2239 3196 2294 illecebris
3222 2255 3237 2309 ;
3270 2243 3330 2294 et
3362 2240 3496 2295 ideo
3517 2256 3632 2296 non
3658 2254 3832 2308 verus,

2195 2327 2304 2382 sed
2336 2343 2531 2383 aereus
2562 2343 2899 2399 suspensus
2931 2331 3023 2383 est
3055 2344 3349 2399 serpens;
3383 2328 3520 2400 quia
3540 2329 3599 2383 in
3625 2328 3839 2384 veritate

2196 2417 2435 2488 quidem
2464 2418 2756 2488 corporis,
2790 2417 2898 2472 sed
2929 2417 3060 2472 sine
3077 2417 3326 2472 veritate
3360 2418 3589 2488 peccati
3607 2416 3841 2488 suscepit

2196 2505 2484 2560 Dominus
2503 2506 2767 2576 speciem
2785 2505 3119 2577 peccatoris
3145 2522 3159 2575 ;
3193 2508 3255 2561 ut
3274 2522 3389 2576 per
3411 2507 3696 2562 lubricum
3713 2505 3844 2560 inﬁr-

2197 2594 2417 2649 mitatis
2464 2594 2737 2650 humanm
2782 2595 3118 2650 simulando
3167 2599 3533 2664 serpentem.
3582 2594 3838 2666 depositis

2199 2684 2398 2737 carnis
2430 2684 2686 2754 exuviis,
2721 2685 2846 2738 veri
2878 2684 3211 2738 destrueret
3240 2684 3545 2756 serpentis
3576 2684 3840 2739 astutiam.

2200 2771 2316 2826 Per
2364 2788 2602 2829 crucem
2653 2774 2847 2845 itaque
2906 2773 3163 2843 Domini,
3225 2790 3365 2845 quae
3423 2775 3485 2830 in
3539 2771 3843 2830 tentationis

2201 2859 2423 2916 ultione
2485 2861 2782 2925 subvenit,
2846 2859 3135 2916 otTensam
3184 2863 3244 2915 in
3276 2862 3527 2932 perfidis
3576 2859 3844 2916 Trinitatis

2203 2965 2490 3022 agnosco,
2524 2950 2625 3021 qui
2655 2950 3011 3006 medicinam
3042 2950 3350 3006 Trinitatis
3383 2952 3633 3023 accipio.

2277 3057 2367 3113 51.
2391 3057 2550 3130 Ergo
2573 3073 2705 3112 cum
2723 3057 2947 3112 habeas
2974 3058 3034 3111 in
3056 3058 3208 3112 libro
3252 3057 3473 3128 Moysi,
3509 3058 3643 3130 quia
3670 3055 3846 3111 Domi-

2206 3162 2322 3203 nus
2341 3149 2599 3202 tentatus
2617 3148 2915 3218 serpentis
2938 3146 3253 3201 immiserit
3272 3147 3518 3217 .populo
3541 3147 3851 3202 Judmorum

2208 3236 2405 3303 (Num.
2426 3254 2548 3305 xxx,
2570 3236 2644 3306 6),
2670 3251 2924 3292 necesse
2945 3240 3036 3291 est
3056 3239 3155 3290 aut
3175 3236 3461 3291 unitatem
3482 3236 3543 3290 in
3572 3234 3848 3305 majestate

432 3330 591 3402 ﬁdei,
648 3333 710 3388 in
739 3349 856 3406 quo
914 3333 1163 3405 possitis
1222 3334 1418 3389 omnia
1474 3332 1590 3387 tela
1627 3332 1873 3403 maligni
1917 3331 2101 3404 ignita
2132 3325 2406 3399 adivina
2455 3325 2696 3381 fatearis
2745 3325 2939 3380 Patris
2985 3329 3042 3379 et
3090 3324 3214 3379 Filii
3244 3328 3301 3378 et
3334 3324 3593 3397 Spiritus
3648 3320 3850 3378 sancti:

435 3421 841 3495 exstinguere,
891 3425 949 3478 et
979 3423 1210 3495 galeam
1253 3422 1463 3477 salutis
1522 3421 1828 3486 assumite,
1862 3422 1921 3474 et
1977 3420 2104 3492 gla-

434 3509 599 3565 dium
627 3510 902 3583 Spiritus,
951 3512 1111 3585 quod
1153 3514 1247 3568 est
1279 3510 1540 3567 Verbum
1586 3509 1695 3565 Dei
1722 3509 1970 3582 (Ephes.
2019 3526 2102 3580 vx,

436 3598 669 3673 16,17).
707 3624 729 3651 .

508 3707 599 3762 4'7.
633 3708 780 3764 Cum
828 3709 1012 3782 igitur
1041 3708 1223 3766 Verbi
1279 3706 1518 3781 gladius
1547 3705 1805 3779 Spiritus
1863 3706 2108 3761 sanctus

438 3795 539 3866 sit,
570 3798 628 3851 et
654 3796 878 3867 Spiritu
909 3799 1100 3854 sancti
1130 3797 1369 3871 gladius
1397 3797 1660 3854 Verbum
1688 3795 1797 3852 Dei
1843 3794 1923 3850 sit
1948 3809 1964 3866 ;
1993 3793 2119 3850 uti-

440 3899 557 3957 que
587 3886 783 3943 unitas
817 3890 910 3943 est
937 3889 1237 3960 potentiae.

963 4031 1112 4096 674
1149 4031 1401 4086 CAPUT
1433 4030 1584 4085 VIII.

444 4163 810 4221 Praedictam
831 4166 1112 4221 unitatem
1143 4180 1211 4221 eo
1234 4164 1504 4236 probari,
1540 4162 1691 4236 quod
1710 4159 2106 4236 sicu_t_Pa_ter,

516 4237 602 4292 ita
631 4237 809 4293 etiam
854 4237 1057 4293 Filius
1102 4230 1454 4292 contristari
1490 4230 1568 4290 ’δᾶ
1615 4233 1840 4288 tentari
1866 4230 2107 4303 legitur.

527 4307 835 4364 Tentatum
859 4310 1036 4365 etiam
1053 4308 1276 4363 Filium
1287 4308 1351 4361 in
1365 4307 1626 4375 deserto,
1662 4304 1762 4359 udi
1776 4310 1976 4358 erecta
1999 4302 2110 4357 fuit

520 4381 581 4435 in
597 4397 763 4453 aeneo
774 4386 1065 4453 serpente
1081 4380 1272 4453 figura
1296 4378 1495 4453 erucis
1509 4397 1526 4432 :
1545 4376 1654 4432 sed
1661 4375 1964 4453 Spiritum
1985 4391 2115 4447 quo-

520 4468 631 4578 que
652 4445 1178 4534 ibidem-tentatum
1197 4451 1319 4533 dici
1334 4448 1409 4504 ab
1422 4445 1727 4529 Apostoloi
1749 4445 1902 4499 Hinc
1917 4445 2112 4528 Israe-

544 4530 664 4578 itas
684 4524 758 4578 ab
772 4524 976 4578 eodem
1000 4524 1235 4578 Spiritu
1255 4523 1519 4577 directos
1539 4536 1601 4573 in
1626 4523 1849 4573 terram
1870 4531 2112 4578 promis-

544 4518 664 4579 itas
684 4524 758 4579 ab
772 4524 976 4580 eodem
1000 4523 1235 4595 Spiritu
1255 4518 1601 4595 directosjn
1626 4518 2115 4595 ter-raiqpijomis-

520 4612 665 4663 sam,
698 4596 931 4667 ipsique
963 4586 1132 4650 unam
1154 4610 1299 4667 esse
1330 4588 1696 4667 cumiPatre
1726 4594 1785 4644 et
1815 4586 1971 4667 [ilio
2010 4604 2118 4642 vo-

521 4660 805 4723 luntatem
829 4660 904 4722 ac
925 4666 1252 4740 potentiam
1285 4664 1511 4735 coIIigit
1540 4660 1916 4717 Ambrosius.

521 4791 610 4847 48.
629 4792 825 4861 (Alias
854 4809 980 4864 cap.
1014 4793 1138 4862 IX.)
1186 4789 1372 4857 Quam
1422 4788 1699 4844 unitatem
1751 4785 1890 4840 licet
1941 4783 2116 4839 etiam

451 4878 585 4933 aliis
631 4881 1067 4952 Scripturarum
1124 4880 1276 4936 locis
1320 4878 1726 4936 considerare.
1774 4874 1927 4929 Nam
1984 4889 2117 4928 cum

453 4966 610 5023 dicat
639 4969 913 5025 Ezechiel
955 4971 1026 5024 ad
1056 4970 1336 5041 pepulum
1381 4968 1763 5024 Judaaorum:
1821 4984 1844 5012 α
1883 4965 1940 5018 et
1970 4977 2117 5017 con-

394 5070 399 5075 '
452 5056 737 5112 tristastis
769 5075 862 5115 me
881 5059 941 5113 in
963 5059 1240 5113 omnibus
1258 5059 1375 5127 his,
1399 5057 1542 5112 dicit
1560 5053 1846 5110 Dominus
1867 5051 2115 5124 (Ezech.

451 5163 577 5219 xxv,
608 5148 739 5219 43);
802 5171 826 5197 υ
885 5148 1098 5202 Paulus
1131 5163 1286 5202 novo
1342 5146 1561 5218 p0pulo
1606 5144 1666 5199 in
1709 5141 1962 5215 epistola
2011 5156 2120 5195 sua

454 5237 633 5293 dicit:
671 5258 693 5288 ι
729 5237 923 5293 Nolite
954 5237 1306 5293 contristare
1355 5235 1636 5306 Spiritum
1687 5233 1958 5288 sanctum
1989 5229 2115 5299 Dei,

453 5326 516 5382 in
536 5343 653 5399 quo
676 5327 896 5400 signati
918 5326 1067 5383 estis
1116 5326 1362 5399 (Ephes.
1388 5342 1467 5397 xv,
1500 5325 1612 5395 30).
1640 5345 1664 5371 η
1716 5324 1955 5377 Rursus
1985 5333 2120 5373 cum

454 5415 641 5472 Isaias
672 5417 829 5472 dicat
854 5417 926 5473 de
957 5416 1108 5488 ipsis
1137 5416 1363 5471 Judaeis
1389 5430 1402 5470 :
1441 5436 1463 5462 α
1492 5412 1613 5484 Ipsi
1635 5413 1827 5465 autem
1858 5423 1976 5463 non
2001 5420 2123 5461 cre-

455 5505 750 5578 diderunt,
807 5507 915 5562 sed
962 5505 1470 5562 exacerbaverunt
1526 5499 1808 5571 Spiritum
1849 5497 2120 5552 sanctum

528 5652 641 5719 (18)
675 5654 845 5709 Rom.
881 5651 1018 5707 edit.
1055 5652 1112 5704 et
1141 5647 1273 5721 cod.
1305 5645 1487 5712 Flor.,
1517 5663 1540 5689 ‹‹
1574 5656 1708 5721 cum
1729 5638 2060 5721 Dominum.
2090 5660 2112 5685 η

459 5709 636 5775 Haud
677 5724 835 5778 bono
885 5737 1091 5777 sensu.
1140 5720 1407 5790 Namque
1449 5709 1772 5782 apostolica
1818 5709 2122 5790 Scriptura

462 5804 596 5861 quin
622 5792 684 5845 in
709 5794 959 5861 dicatur,
994 5806 1114 5861 non
1144 5789 1256 5861 alia
1288 5781 1380 5840 e'st
1407 5781 1582 5861 quam
1613 5781 2116 5861 quae‘subjicitur,

461 5852 566 5915 tibi
595 5861 823 5926 scilicet
854 5884 879 5916 ι
913 5852 1055 5921 dicit
1080 5859 1336 5936 Spiritus
1375 5852 1689 5913 sanctus...
1747 5852 2123 5907 tentaverunt

2209 3417 2308 3469 aut
2337 3417 2495 3470 certe
2527 3430 2662 3469 cum
2689 3414 2970 3485 Spiritum
3001 3413 3117 3482 (18)
3149 3413 3305 3467 dicat
3334 3412 3661 3484 apostolica
3687 3408 3853 3479 Scrip-

2210 3506 2339 3559 tura
2368 3506 2670 3574 tentatum,
2705 3503 2935 3559 Domini
2965 3503 3202 3557 nomine
3233 3502 3524 3572 Spiritum
3553 3502 3744 3573 utique
3770 3498 3855 3552 de-

2213 3594 2493 3666 signavit.
2551 3594 2859 3648 Tentatum
2911 3595 3104 3646 autem
3153 3591 3445 3661 Spiritum
3494 3593 3752 3647 sanctum
3794 3583 3855 3639 ad

2216 3682 2507 3738 Hebraeos
2526 3682 2800 3737 scribens
2823 3681 3129 3752 apostolus
3149 3679 3292 3734 dicit
3319 3695 3334 3750 ;
3370 3681 3464 3735 sic
3484 3680 3640 3735 enim
3660 3676 3851 3733 habes:

2220 3791 2245 3821 α
2268 3770 2412 3836 Quia
2433 3772 2564 3827 haec
2584 3772 2725 3826 dicit
2763 3770 3017 3841 Spiritus
3058 3772 3341 3824 sanctus:
3377 3768 3567 3825 Hodie
3596 3768 3645 3822 si
3673 3776 3855 3821 vocem

2217 3861 2353 3933 ejus
2387 3861 2714 3931 audieritis,
2748 3860 2928 3915 nolite
2960 3859 3253 3914 obdurare
3285 3858 3471 3913 corda
3501 3860 3697 3913 vestra
3723 3853 3857 3909 sicut

2215 3951 2275 4006 in
2300 3950 2624 4005 irritatione
2646 3949 2972 4005 secundum
2995 3948 3149 4003 diem
3171 3947 3595 4002 tentationisin
3624 3943 3853 4005 deserto,

2216 4040 2319 4094 ubi
2348 4042 2719 4094 tentaverunt
2761 4053 2854 4092 me
2884 4040 3082 4107 patres
3131 4036 3338 4106 vestri,
3392 4034 3783 4107 probaverunt
3812 4031 3860 4083 et

2217 4130 2493 4185 viderunt
2532 4143 2711 4198 opera
2752 4142 2901 4182 mea.
2935 4124 3335 4197 Quadraginta
3367 4126 3546 4182 annis
3577 4122 3855 4196 proximus

2217 4218 2303 4274 fui
2335 4217 2703 4291 generationi
2750 4216 2908 4284 huic,
2964 4218 3020 4270 et
3049 4215 3234 4271 dixit:
3282 4214 3538 4286 Semper
3566 4214 3661 4269 isti
3688 4209 3858 4267 errant

2219 4309 2396 4366 corde
2423 4324 2438 4379 ;
2471 4307 2585 4378 ipsi
2617 4322 2760 4362 vero
2791 4321 2909 4360 non
2941 4307 3349 4376 cognoverunt
3373 4305 3508 4360 vias
3531 4318 3709 4371 meas,
3727 4299 3858 4355 sicut

2210 4398 2412 4471 juravi
2460 4398 2521 4452 in
2550 4396 2638 4452 ira
2667 4411 2815 4466 mea,
2869 4395 2919 4449 si
2951 4393 3277 4448 introibant
3308 4393 3369 4448 in
3399 4393 3666 4467 requiem
3694 4400 3857 4445 meam

2218 4487 2430 4559 (Hebr.
2462 4503 2545 4557 Ill,
2577 4485 2762 4549 7-11).
2800 4508 2822 4533 ιι

2299 4586 2447 4652 675
2477 4592 2565 4649 59.
2592 4592 2751 4666 Ergo
2775 4591 3102 4647 secundum
3126 4590 3478 4661 Apostolum
3508 4588 3751 4645 tentatus
3783 4582 3860 4637 est

2138 4696 2199 4765 ι)
2221 4686 2496 4757 Spiritus.
2532 4682 2593 4738 Si
2625 4686 2681 4738 et
2711 4683 2840 4753 ipse
2870 4684 3127 4736 tentatus
3178 4683 3288 4748 est,
3336 4683 3391 4734 et
3443 4680 3575 4750 ipse
3602 4677 3787 4765 utique
3812 4670 3859 4724 in

2217 4779 2434 4832 terram
2458 4771 2945 4843 repromissionis
2971 4769 3310 4824 Judmox-um
3342 4768 3625 4840 populum
3663 4762 3860 4833 dirige-

2218 4866 2337 4933 bat,
2372 4864 2528 4919 sicut
2568 4862 2853 4931 scriptum
2885 4862 3014 4914 est:
3080 4881 3101 4905 ιι
3151 4858 3298 4923 Quia
3349 4856 3593 4913 adduxit
3647 4868 3743 4907 eos
3773 4860 3862 4919 per

2224 4955 2531 5026 abyssum,
2565 4951 2720 5005 sicut
2747 4966 2962 5020 equum
2992 4965 3100 5018 per
3131 4948 3456 5015 desertum,
3489 4949 3546 5000 et
3573 4959 3684 4998 non
3711 4938 3858 5026 labe-7

2225 5023 2525 5111 raverunt,
2559 5043 2617 5094 et
2636 5040 2792 5093 sicut
2845 5053 3059 5109 pecora
3092 5052 3198 5107 per
3246 5051 3538 5106 campum.
3570 5023 3857 5086 Descendit

2227 5133 2481 5204 Spiritus
2499 5146 2530 5183 a
2550 5128 2818 5197 Domino,
2844 5130 2899 5182 et
2920 5127 3134 5181 direxit
3154 5142 3259 5180 eos
3282 5125 3419 5195 (Isa.
3447 5139 3586 5189 Lxxx,
3618 5114 3852 5204 13,11).-

2228 5203 2298 5276 Et
2319 5222 2447 5291 ipse
2468 5220 2668 5290 utique
2690 5233 2960 5272 serenam
2993 5216 3257 5271 ccelestis
3297 5211 3591 5267 alimoniae
3631 5203 3857 5278 pluviam

2226 5309 2597 5365 ministrabat
2627 5307 2842 5377 (Exod.
2891 5323 3011 5375 xvx,
3068 5302 3282 5373 12-15),
3315 5303 3443 5373 ipse
3493 5293 3854 5371 quotidianam

2226 5413 2508 5468 messem,
2543 5412 2720 5468 quam
2748 5398 2902 5449 terra
2934 5410 3051 5448 non
3081 5391 3453 5463 parturierat,
3484 5382 3737 5461 agricola
3757 5390 3856 5434 non

2230 5489 2515 5557 servarat,
2550 5485 2737 5539 imbre
2769 5483 2947 5539 fertili
2978 5481 3352 5537 fecundabat.

2230 5645 2323 5685 me
2351 5631 2549 5700 patres
2583 5626 2789 5700 vestri.
2817 5649 2850 5700 33
2896 5625 3063 5700 _Il_inc
3113 5623 3265 5700 enim
3325 5621 3521 5700 aperte
3582 5609 3854 5700 contici‘lzlll‘

2598 5675 2789 5753 rubii—3'
2809 5675 3085 5766 Spiritum
3120 5675 3255 5765 dici,
3277 5675 3376 5767 qui
3404 5707 3437 5744 τι
3469 5688 3666 5759 Moyse
3691 5675 3847 5737 inlib.

2229 5774 2472 5828 Numer.
2508 5770 2793 5831 Dominus
2825 5767 3172 5843 appellatur.
3590 5768 3602 5778 ⁴
