3964 6168
303 326 390 392 321
1365 325 1477 389 DE
1516 328 1859 395 SPIRITU
1899 331 2233 398 SANCTO
2276 337 2439 402 LIB.
2498 340 2609 407 III.

3556 356 3676 423 822

346 524 587 628 58..Nune
615 527 969 628 spectemus
1020 528 1622 628 singula.hR-eqliiem
1668 532 1896 628 Judaeis
1919 515 1972 583 Ᾱ
2007 540 2296 628 sanetum,
2321 544 2379 597 et
2406 547 2611 614 postea
2633 546 2779 603 dixit
2800 547 3083 621 Spiritum
3104 553 3372 628 Domini;
3404 557 3492 613 sie
3515 560 3672 616 enim

286 616 587 690 promiserat
615 613 791 682 Deus,
827 631 956 670 eam
984 619 1250 689 requiem
1282 619 1541 690 Spiritus
1573 638 1740 676 suam
1755 622 1899 678 dicit

285 703 580 777 (Exod.xvx,
615 702 721 773 ιε).
756 704 1063 760 Tentatum
1098 724 1165 762 se
1196 725 1226 761 a
1258 710 1501 779 perfidis
1533 710 1692 765 Deus
1725 712 1899 767 Pater

282 795 538 860 memorat,
571 794 844 865 tentatum
877 795 949 849 ab
981 796 1191 851 iisdem
1224 814 1291 852 se
1321 798 1461 852 dicit
1506 802 1561 853 et
1602 800 1896 872 Spiritus;

281 886 391 957 quia
422 901 521 939 una
547 885 781 939 tentatio
813 887 923 953 est,
970 902 1086 957 qua
1123 890 1338 941 tentata
1370 891 1461 942 est
1491 904 1522 941 a
1559 889 1896 963 sacrilegis,

277 996 372 1036 una
406 976 661 1033 divinitas
718 973 1039 1029 Trinitatis.
1092 974 1456 1030 Condemnat
1514 978 1672 1032 Deus
1714 995 1873 1049 popu

277 1069 376 1125 lum
402 1065 719 1122 Iudaeorum
747 1078 761 1133 ;
795 1066 857 1117 ut
903 1064 960 1118 in
1009 1067 1224 1119 terram
1256 1065 1533 1119 ﬂuentem
1583 1066 1673 1120 lae
1707 1070 1762 1121 et
1786 1068 1901 1122 mel

276 1156 440 1227 (Num.
469 1169 577 1221 xiv,
602 1152 679 1221 8),
721 1150 835 1206 hoc
866 1155 979 1222 est,
1024 1154 1097 1207 ad
1129 1155 1588 1209 resurrectionis
1632 1156 1900 1227 requiem

272 1243 537 1318 pervenire
591 1256 711 1295 non
751 1242 990 1311 possit:
1026 1242 1231 1297 eadem
1291 1243 1581 1298 sententia
1622 1244 1901 1299 condem-

275 1335 430 1389 natet
459 1331 705 1401 Spiritus
735 1330 942 1384 dicens
971 1345 982 1385 :
1014 1353 1036 1379 ι(
1080 1331 1138 1386 Si
1193 1331 1516 1386 introibunt
1544 1331 1603 1387 in
1635 1333 1902 1404 requiem

274 1436 432 1477 meam
456 1419 634 1491 (Psal.
669 1435 826 1488 XCIV,
863 1419 973 1488 ll).
1010 1442 1031 1467 »ι
1066 1420 1256 1475 Unius
1288 1436 1432 1492 ergo
1466 1422 1758 1476 sententia
1789 1437 1899 1477 vo-

274 1510 493 1578 luntatis,
521 1508 700 1563 unius
731 1508 1080 1563 excellentia
1114 1510 1423 1580 potestatis
1463 1513 1575 1565 est.

885 1615 1138 1670 CAPUT
1181 1618 1277 1671 1X.

265 1703 517 1777 Spiritum
538 1709 815 1777 sanctum
857 1705 1217 1759 exacerbari
1248 1706 1634 1760 confirmatur
1668 1721 1747 1761 ex
1776 1706 1899 1761 Pe-

323 1777 395 1830 tri
425 1775 662 1848 verbis;
696 1775 799 1848 (ibi
829 1792 999 1848 unum
1024 1782 1080 1830 et
1098 1777 1254 1831 idem
1278 1793 1414 1831 esse
1445 1778 1737 1848 Spiritum
1762 1778 1896 1841 Dei,

322 1864 381 1902 ac
406 1847 688 1917 Spiritum
710 1846 965 1915 Domini,
993 1864 1118 1900 cum
1143 1864 1220 1901 ex
1235 1848 1375 1901 aliis
1396 1846 1561 1912 locis,
1585 1855 1704 1902 tum
1726 1864 1759 1903 e
1780 1865 1900 1903 me-

319 1924 521 1972 morata
551 1917 815 1988 qiusdem
861 1918 1109 1987 apostoli
1148 1920 1447 1973 sententia
1498 1920 1560 1973 in
1604 1921 1900 1974 Ananiam

320 2005 378 2043 ac
399 1988 715 2061 Sapliiram
755 1989 1097 2061 ostenditur
1144 2010 1160 2043 .-
1202 1990 1355 2044 unde
1385 1990 1660 2061 Spiritus
1707 1992 1903 2046 sancti

323 2059 771 2133 vetcum‘Patre
811 2076 877 2113 ac
910 2059 1071 2133 Filio
1110 2059 1596 2133 coniunctio—nem,
1637 2061 1735 2115 vel
1740 2078 1893 2133 pro-

312 2132 489 2202 priam
509 2129 893 2185 divinitatem
918 2132 1119 2185 evinci
1140 2129 1542 2186 contenditur.

316 2219 396 2273 55.
424 2218 702 2274 Fortasse
724 2221 919 2273 tamen
949 2219 1166 2291 aliquis
1188 2219 1413 2275 diceret
1434 2220 1547 2275 hoc
1565 2220 1902 2291 exemplum

254 2322 353 2362 non
380 2323 552 2379 posse
583 2307 658 2361 ad
682 2308 1097 2378 proprietatem
1129 2308 1319 2363 sancti
1342 2308 1598 2379 Spiritus
1622 2309 1900 2379 derivari,

252 2396 350 2451 nisi
380 2397 487 2452 alio
516 2397 653 2452 loco
683 2396 859 2451 etiam
879 2397 1093 2452 Petrus
1116 2397 1425 2467 apostolus
1449 2414 1561 2453 nos
1595 2398 1905 2453 docuisset

250 2486 484 2556 peccatis
514 2485 744 2540 nostris
774 2486 949 2540 etiam
978 2484 1264 2555 Spiritum
1310 2502 1494 2556 posse
1544 2488 1779 2557 tentari,
1812 2487 1902 2542 sic

250 2574 384 2629 enim
410 2574 596 2629 habes
650 2574 722 2628 ad
753 2574 999 2629 Ananiae
1032 2574 1353 2647 conjugem
1384 2576 1605 2629 dictum
1640 2593 1652 2631 :
1696 2597 1718 2625 α
1751 2575 1904 2641 Quid

249 2662 427 2734 utique
474 2662 753 2717 convenit
811 2663 986 2717 vobis
1036 2666 1260 2718 tentare
1321 2663 1602 2734 Spiritum
1669 2664 1903 2719 Domini

247 2751 385 2819 (Act.
415 2768 471 2819 v,
504 2752 563 2822 9)
591 2753 622 2807 ?
660 2774 683 2800 ιν
719 2750 947 2806 Etenim
983 2751 1214 2806 Domini
1242 2752 1500 2822 Spiritus
1522 2752 1650 2822 ipse
1683 2756 1772 2807 est
1798 2752 1904 2808 Dei

246 2839 520 2911 Spiritus;
555 2841 699 2913 quia
728 2857 886 2895 unus
920 2844 1166 2896 sanctus
1200 2845 1294 2895 est
1325 2840 1602 2911 Spiritus,
1636 2843 1699 2896 ut
1730 2841 1903 2897 etiam

242 2928 441 2984 Paulus
472 2929 785 3001 apostolus
835 2930 1035 2984 docuit
1087 2930 1295 2985 dicens
1332 2946 1345 2984 :
1386 2952 1409 2977 α
1445 2930 1567 2984 Vos
1597 2933 1791 2985 autem
1838 2931 1900 2986 in

241 3033 399 3073 carne
429 3034 545 3075 non
568 3018 743 3088 estis,
777 3018 884 3073 sed
916 3020 976 3073 in
996 3018 1251 3090 Spiritus
1278 3035 1293 3089 ;
1325 3019 1377 3073 si
1407 3021 1601 3074 tamen
1642 3018 1900 3090 Spiritus

242 3106 335 3161 Dei
361 3107 581 3162 habitat
611 3108 673 3162 in
702 3108 897 3162 vobis.
930 3107 1143 3178 Siquis
1166 3110 1361 3162 autem
1387 3108 1669 3177 Spiritum
1700 3107 1904 3163 Chris-

240 3195 275 3249 ti
303 3211 413 3251 non
441 3196 643 3266 habet,
676 3196 775 3252 hic
807 3212 927 3251 non
968 3199 1060 3251 est
1107 3195 1242 3267 ejus
1285 3196 1475 3265 (Rom.
1536 3213 1639 3250 vm
1664 3238 1678 3265 ,
1730 3197 1807 3266 9).
1873 3218 1896 3245 ι

238 3285 517 3341 Prtemisit
540 3260 831 3357 Spiritum
873 3286 999 3355 Dei,
1035 3288 1093 3340 et
1123 3260 1318 3340 statim
1344 3284 1611 3339 subdidit
1629 3260 1901 3340 eumdem
1932 3260 1986 3325 θ

239 3387 361 3428 esse
393 3374 680 3445 Spiritum
708 3373 950 3429 Christi.
989 3373 1059 3429 Et
1090 3390 1222 3428 eum
1263 3373 1519 3428 dixisset
1551 3372 1624 3428 de
1657 3372 1899 3445 Spiritu,

232 3465 287 3516 ut
329 3463 802 3537 intelligercmus
858 3464 997 3535 quia
1058 3462 1161 3517 ubi
1208 3462 1464 3533 Spiritus
1515 3465 1781 3533 sanctus,
1816 3463 1899 3518 ibi

234 3549 490 3607 Christus
523 3556 641 3623 est,
673 3551 897 3607 addidit
930 3567 944 3608 :
986 3574 1008 3599 ιι
1048 3552 1106 3607 Si
1141 3555 1335 3607 autem
1393 3550 1672 3605 Christus
1719 3554 1811 3607 est
1842 3552 1902 3607 in

234 3641 393 3696 vobis
421 3642 606 3713 (Ibid.
644 3640 757 3712 lO).
805 3665 827 3690 ι»

291 3731 374 3786 55.
416 3732 647 3787 Deinde
684 3731 980 3804 quomodo
1013 3732 1110 3786 hic
1168 3729 1559 3802 intelligimus
1614 3729 1750 3801 quia
1799 3731 1936 3808 ubi.

231 3817 491 3890 Spiritus,
526 3821 615 3876 ibi
645 3821 920 3877 Christus
948 3838 962 3892 ;
999 3821 1073 3875 ita
1106 3821 1280 3877 etiam
1312 3819 1451 3874 alibi
1480 3819 1736 3875 ostendit
1765 3820 1902 3891 quia

233 3907 322 3962 ubi
358 3908 660 3980 Christus,
692 3910 775 3964 ibi
804 3910 980 3964 etiam
1020 3910 1274 3981 Spiritus
1309 3911 1556 3963 sanctus
1604 3908 1703 3962 sit.
1752 3909 1903 3963 Nam

232 4010 352 4051 cum
380 3998 643 4055 dixisset
673 4016 685 4054 :
734 4022 756 4047 α
791 4000 1070 4071 Nunquid
1095 3999 1568 4070 experimentum
1588 3995 1724 4068 ejus
1748 4013 1906 4069 quae-

233 4085 368 4153 ritis,
400 4088 505 4160 qui
533 4089 598 4143 in
631 4103 724 4143 me
752 4088 1012 4160 loquitur
1043 4087 1319 4143 Christus
1353 4086 1440 4156 (II
1485 4085 1622 4140 Cor.
1657 4102 1781 4154 xm,
1804 4087 1859 4157 3)
1886 4104 1900 4157 ;

236 4174 364 4229 alibi
393 4177 473 4231 ait
504 4192 517 4232 :
559 4200 583 4226 κ
621 4177 767 4233 Puto
798 4178 955 4232 enim
986 4181 1043 4233 et
1072 4193 1186 4249 ego
1227 4176 1512 4247 Spiritum
1572 4173 1678 4229 Dei
1710 4174 1899 4232 habeo

231 4260 283 4332 (I
306 4264 439 4321 Cor.
472 4283 579 4337 vn,
611 4265 726 4335 40).
755 4291 778 4316 ιι
814 4266 1239 4337 Inseparabilis
1270 4283 1416 4339 ergo
1466 4262 1611 4327 676
1644 4272 1739 4320 est
1768 4270 1900 4323 uni-

230 4353 334 4422 tas,
367 4355 506 4426 quia
540 4354 644 4410 ubi
675 4358 774 4409 aut
806 4356 1003 4424 Pater,
1039 4358 1138 4408 aut
1166 4355 1461 4425 Christus,
1495 4362 1594 4412 aut
1623 4354 1900 4426 Spiritus,

232 4439 526 4513 Scriptura
560 4443 937 4515 testificante,
971 4443 1244 4516 signatur
1272 4445 1353 4500 ibi
1384 4446 1577 4502 omnis
1599 4442 1900 4517 plenitudo

228 4533 310 4584 est
341 4531 677 4588 Trinitatis.

2006 626 2194 684 habes
2236 645 2249 685 :
2288 654 2309 678 α
2346 634 2590 705 Anania,
2622 653 2729 692 cur
2783 639 3045 711 implevit
3088 643 3336 701 Satanas
3362 626 3481 703 cor
3509 652 3673 705 tuum

2006 717 2079 770 ad
2113 720 2508 778 mentiendum
2537 725 2776 796 Spiritui
2801 734 3026 802 sancto,
3061 736 3123 789 ut
3154 734 3418 792 fraudem
3440 738 3672 795 faceres

2008 805 2080 860 de
2112 809 2298 899 pretio
2329 814 2507 884 agri?
2540 815 2621 869 Ita
2652 833 2845 873 nonne
2878 837 3124 877 manens
3154 824 3262 879 tibi
3292 827 3582 899 manebat,
3615 830 3675 884 et

2008 896 2285 953 venditus
2307 899 2367 955 in
2397 905 2491 956 tua
2523 908 2647 959 erat
2673 911 2959 977 potestate
2982 912 3010 965 ἱ)
3063 911 3253 977 Quare
3302 896 3574 986 posuisti
3610 917 3673 971 in

2012 986 2189 1041 corde
2209 990 2309 1043 tuo
2340 991 2452 1046 hoc
2484 994 2683 1050 scelus
2703 998 2732 1051 ‘2
2762 998 2895 1053 Non
2909 1015 2974 1054 es
3005 1000 3345 1059 hominibus
3368 1007 3669 1075 mentitus,

2015 1075 2120 1165 sed
2154 1077 2273 1131 Deo
2305 1080 2462 1149 (Act.
2494 1098 2551 1151 v,
2578 1082 2611 1138 3
2640 1085 2717 1155 4).
2755 1110 2776 1134 ι»
2814 1087 2883 1142 Et
2922 1089 3130 1145 subter
3157 1092 3228 1146 ad
3260 1093 3393 1165 ejus
3428 1110 3676 1150 uxorem

2013 1164 2093 1255 ait
2123 1182 2135 1219 :
2166 1188 2188 1212 α
2215 1166 2363 1230 Quid
2394 1172 2595 1242 utique
2630 1178 2906 1232 convenit
2935 1180 3109 1235 vobis
3140 1164 3365 1237 tentare
3399 1183 3678 1255 Spiritum

2015 1253 2244 1309 Domini
2276 1257 2452 1327 (Ibid.
2476 1260 2531 1331 9)
2560 1263 2589 1316 ?
2631 1284 2653 1313 »

2013 1612 2313 1682 mentitus,
2347 1618 2452 1672 sed
2484 1618 2605 1675 Deo
2632 1637 2645 1689 ;
2684 1646 2706 1669 η
2741 1639 2994 1681 necesse
3026 1630 3119 1681 est
3147 1628 3206 1682 in
3235 1628 3455 1699 Spiritu
3472 1630 3679 1683 saneto

2014 1704 2112 1789 aut
2141 1703 2421 1759 unitatem
2470 1707 2793 1766 divinitatis
2845 1705 3192 1788 intelligas;
3241 1719 3521 1789 quoniam
3549 1732 3683 1772 eum
3738 1760 3741 1763 .

2015 1788 2270 1859 Spiritus
2292 1796 2566 1865 tentatur,
2602 1798 2761 1853 Deus
2793 1800 3053 1859 fallitur:
3087 1808 3186 1859 aut
3204 1805 3253 1859 si
3281 1808 3559 1860 unitatem
3591 1804 3683 1859 di-

1930 1897 1979 1959 B
2012 1878 2274 1935 vinitatis
2308 1885 2543 1940 conaris
2576 1888 2914 1960 excludere,
2976 1895 3304 1950 secundum
3363 1894 3685 1965 Scriptura:

2013 1968 2196 2023 verba
2230 1969 2357 2040 ipse
2397 1974 2596 2045 utique
2629 1976 2910 2047 Spiritum
2935 1981 3115 2038 Deum
3142 1984 3338 2039 credis
3372 1983 3504 2053 (l9).

2086 2057 2175 2111 58.
2199 2057 2260 2113 Si
2292 2059 2447 2114 enim
2471 2065 2527 2116 et
2548 2063 2620 2118 de
2643 2066 2864 2136 Spiritu
2884 2084 3276 2139 expresssum
3299 2073 3684 2146 intelligimus

2016 2148 2073 2199 et
2110 2146 2182 2201 de
2216 2147 2409 2218 Patre,
2436 2150 2496 2204 in
2520 2151 2640 2207 Deo
2670 2155 2871 2226 utique
2902 2157 3071 2212 Patre
3101 2162 3158 2213 et
3196 2161 3418 2230 Spiritu
3477 2164 3684 2216 saneto

2014 2235 2280 2290 veritatis
2313 2240 2368 2291 et
2399 2240 2667 2296 scientiis
2697 2244 3061 2301 advertimus
3084 2249 3398 2319 unitatem;
3429 2250 3566 2320 quia
3597 2249 3685 2303 si-

2014 2324 2232 2379 militer
2257 2341 2291 2380 a
2319 2332 2525 2383 sancto
2558 2330 2778 2401 Spiritu
2809 2334 2963 2389 sicut
2993 2352 3025 2389 a
3055 2336 3177 2391 Deo
3231 2338 3402 2393 Patre
3437 2339 3682 2393 menda-

2016 2412 2175 2468 cium
2205 2415 2685 2484 deprehenditur.
2727 2420 2891 2485 Quod
2926 2423 2977 2477 si
3018 2428 3328 2498 utrumque
3361 2426 3433 2482 de
3463 2426 3685 2497 Spiritu

2014 2503 2356 2574 recipimus,
2383 2522 2488 2561 cur
2516 2509 2672 2579 quod
2702 2510 2877 2583 legis,
2899 2514 3141 2583 perfide,
3167 2531 3387 2588 negare
3409 2517 3687 2571 conaris?

2014 2592 2131 2646 Aut
2190 2593 2371 2665 igitur
2425 2598 2705 2653 unitatem
2745 2601 3066 2658 divinitatis
3120 2603 3310 2659 Patris
3369 2608 3424 2661 et
3467 2605 3599 2659 Filii
3631 2608 3689 2660 et

2015 2680 2272 2751 Spiritus
2308 2686 2499 2739 sancti
2529 2684 2662 2758 (20),
2696 2693 2792 2744 aut
2824 2689 3185 2747 divinitatem
3205 2693 3395 2749 sancti
3425 2693 3683 2765 Spiritus

2017 2770 2318 2827 confitere.
2355 2773 2561 2830 Utrum
2593 2777 2839 2849 dixeris,
2872 2779 2931 2835 in
2954 2782 3075 2837 Deo
3100 2786 3413 2855 utrumque
3444 2782 3684 2847 dixisti;

2016 2860 2154 3003 qqia
2183 2864 2239 2915 et
2269 2862 2464 2919 unitas
2496 2864 2857 2923 divinitatem
2887 2871 3116 2943 astruit,
3152 2875 3209 2929 et
3241 2872 3517 2931 divinitas
3551 2873 3685 2928 uni-

2040 2964 2072 3002 a
2099 2964 2212 3003 em.

2040 2964 2212 3004 atem.

2690 3064 2940 3122 CAPUT
2970 3069 3041 3124 Χ.

2016 3181 2286 3254 Spiritus
2317 3192 2515 3243 sancti
2542 3191 2922 3247 divinitatem
2939 3196 3134 3248 astrui
3167 3210 3245 3249 ex
3260 3196 3505 3250 Joannis
3536 3194 3681 3250 Ioco.

2086 3254 2255 3338 Hunc
2286 3260 2518 3331 quidem
2569 3262 2860 3338 delectum
2903 3267 3093 3338 tuisse
3142 3266 3215 3320 ab
3266 3268 3685 3338 luereticis,7at

2088 3335 2263 3407 inani
2291 3338 2501 3407 conatu
2536 3351 2682 3407 eum
2742 3335 2882 3390 inde
2933 3336 3170 3392 facilius
3202 3354 3400 3392 eorum
3426 3337 3684 3407 perﬁdia

2088 3412 2194 3473 con
2206 3402 2364 3473 vinei
2376 3406 2587 3473 possit.
2616 3406 2689 3460 Ut
2713 3407 3061 3462 ostendatur
3078 3410 3173 3463 hic
3190 3410 3345 3463 idem
3368 3402 3528 3462 locus
3550 3424 3685 3463 esse

2088 3470 2163 3553 (te
2188 3470 2442 3553 Spiritu,
2476 3484 2790 3553 contextus
2810 3480 3009 3553 series
3027 3480 3412 3553 expenditur.
3440 3479 3589 3553 Eum
3610 3479 3684 3533 de

2089 3541 2324 3621 Spiritu
2373 3554 2579 3621 sancto
2617 3552 2800 3614 nasci,
2850 3552 2949 3621 qui
2984 3541 3327 3606 renascitur
3374 3551 3448 3605 de
3480 3552 3683 3605 eodem

2088 3614 2341 3697 Spiritu,
2388 3617 2463 3697 de
2493 3636 2602 3690 quo
2647 3614 2929 3697 Christus
2959 3623 3087 3697 ipse
3117 3630 3290 3677 natus
3341 3638 3408 3677 ac
3438 3628 3685 3697 renatus

2088 3686 2379 3741 creditur.
2427 3686 2648 3745 Iterum
2682 3709 2759 3746 ex
2788 3686 3013 3748 duobus
3046 3695 3291 3749 Joannis
3323 3693 3685 3748 testimoniis

2089 3756 2394 3838 inﬂigitur
2416 3760 2686 3831 Spiritus
2702 3765 3013 3838 divinitas,
3048 3782 3115 3818 ac
3146 3766 3375 3838 demum
3407 3764 3686 3835 quomodo

2088 3826 2375 3911 Spiritus,
2412 3826 2556 3904 aqua
2589 3840 2646 3889 et
2685 3836 2932 3906 sanguis
2954 3826 3143 3891 testes
3173 3826 3468 3906 dicantur,
3503 3851 3684 3907 expo-

2090 3907 2274 3956 nitur.

2087 4008 2175 4063 59.
2206 4007 2401 4080 [Alias
2430 4026 2537 4081 cap
2558 4012 2675 4074 XL]
2711 4014 2835 4068 Nec
2868 4015 3062 4069 solum
3111 4015 3223 4069 hoc
3273 4016 3405 4069 loco
3434 4015 3681 4069 eviden-

2020 4082 2107 4165 ter
2135 4082 2324 4135 sancti
2357 4083 2612 4153 Spiritus
2640 4091 2873 4165 θεάτητα,
2900 4087 3011 4141 hoc
3044 4092 3154 4156 est,
3203 4088 3456 4141 deitaten
3486 4087 3683 4155 Serip-

2017 4155 2145 4223 tura
2187 4172 2470 4242 testatur;
2520 4173 2629 4227 sed
2673 4155 2872 4229 etiam,
2906 4176 3035 4247 ipse
3093 4155 3377 4230 Dominus
3427 4174 3572 4227 dixit
3621 4174 3683 4227 in

2019 4255 2341 4330 Evangelia
2368 4276 2380 4315 :
2420 4283 2442 4308 α
2476 4260 2761 4326 Quoniam
2794 4264 2953 4320 Deus
2974 4266 3227 4335 Spiritus
3267 4268 3358 4319 est
3389 4263 3678 4333 (Joan.1v,

2017 4346 2127 4413 24).
2164 4371 2188 4397 ››
2222 4346 2406 4413 Quem
2438 4350 2633 4406 locum
2673 4353 2749 4406 ita
2781 4368 3088 4423 expresse,
3132 4353 3356 4419 Ariani,
3396 4351 3681 4406 testiﬁca-

2020 4438 2160 4491 mini
2199 4454 2338 4494 esse
2367 4440 2440 4495 de
2470 4440 2687 4511 Spiritu
2714 4458 2727 4510 ;
2761 4446 2821 4496 ut
2852 4457 2985 4496 eum
3018 4443 3088 4495 de
3121 4443 3339 4495 vestris
3372 4439 3682 4493 codicibus

2017 4527 2299 4583 auferalis
2333 4545 2347 4585 ε
2380 4532 2552 4601 atque
2585 4532 2802 4584 utinam
2849 4531 2919 4584 de
2952 4530 3190 4595 vestris,
3228 4533 3283 4583 et
3333 4545 3448 4583 non
3507 4528 3681 4583 etiam

290 4620 375 4675 56.
399 4619 602 4696 [Alias
631 4638 760 4693 cap.
807 4620 905 4694 X.]
938 4621 1054 4677 Sed
1098 4625 1155 4677 et
1206 4623 1334 4694 ipse
1399 4624 1619 4681 Petrus
1673 4623 1734 4679 in
1793 4637 1899 4693 eo,
1930 4624 1985 4690 ι)
2017 4615 2089 4672 de
2124 4617 2410 4673 Ecclesiae
2433 4618 2741 4674 codicibus
2767 4619 3048 4673 tolleretis
3080 4617 3092 4673 !
3130 4618 3212 4673 Eo
3246 4619 3681 4688 enimtempore

234 4709 380 4778 quod
439 4711 895 4783 proposuimus,
957 4711 1230 4783 exemplo
1279 4714 1571 4783 praemisit
1622 4712 1905 4784 Spiritum

294 4852 404 4927 (l9)
425 4853 651 4927 omnes
681 4854 818 4909 edit.
850 4871 919 4908 ac
948 4871 1096 4910 mss.
1124 4855 1382 4927 aliquot,
1420 4878 1442 4904 ι
1469 4854 1903 4927 SpiritumDo-

230 4922 361 4996 mini
392 4926 598 4981 credis
641 4942 655 4981 :
709 4949 732 4974 ιι
796 4927 1009 4979 melius
1050 4922 1260 4996 reliqui
1324 4922 1562 4995 πίεεηῖ
1623 4926 1903 4996 Spiritum

233 4991 649 5068 Deumgcredis
682 5012 695 5052 :
741 5021 763 5045 η
800 4997 946 5051 Nam
982 4998 1109 5051 haec
1141 4991 1341 5051 clausa
1393 4991 1716 5068 respondet
1748 4996 1902 5050 infe-

234 5066 368 5119 riori
398 5067 509 5135 illi,
541 5088 563 5117 ι
597 5072 697 5122 aut
726 5069 1084 5122 divinitatem
1119 5070 1308 5123 sancti
1358 5066 1616 5139 Spiritus
1651 5069 1901 5123 confite-

227 5149 285 5212 νβ
309 5152 380 5212 ς)
418 5154 557 5212 cum
588 5139 897 5212 utrobique
949 5140 1263 5212 colligatur
1310 5144 1528 5212 contra,
1557 5140 1893 5212 haereticos,

228 5206 278 5260 si
301 5207 644 5294 .divini‘tatis
675 5206 953 5294 unitatem
984 5213 1044 5264 in
1073 5206 1263 5294 tribus
1295 5210 1901 5294 per-soﬁnisneontiteri

226 5277 539 5353 noluerint,
572 5297 676 5336 eos
706 5282 915 5335 saltem
947 5286 1213 5336 coactum
1244 5277 1336 5352 iri,
1357 5287 1419 5336 ut
1449 5282 1708 5353 Spiritus
1728 5298 1899 5336 sanc-

224 5348 260 5400 ti
291 5365 407 5405 non
440 5351 780 5407 inlicientur
812 5353 1198 5407 divinitatem.

286 5421 398 5489 (ΞΟ)
434 5422 587 5477 Edit.
620 5425 785 5479 Rom.
827 5418 1037 5490 δοιοῖς
1088 5425 1284 5478 Patris
1317 5428 1373 5479 et
1405 5424 1542 5478 Filii
1591 5424 1649 5479 in
1679 5423 1900 5494 Spiritu

229 5498 450 5566 saneto.
482 5518 505 5540 ι
544 5494 992 5566 Consequentur
1032 5500 1228 5551 autem
1277 5496 1484 5550 eadem
1539 5496 1706 5550 Rom.
1770 5511 1903 5548 cum

221 5566 332 5633 aut.
357 5563 500 5618 edit.
540 5570 593 5619 et
624 5563 776 5620 mss:
803 5567 1123 5633 nonnullis,
1166 5590 1185 5614 ιο
1220 5571 1319 5622 aut
1341 5567 1703 5621 divinitatem
1726 5580 1900 5619 sauc-

226 5632 262 5683 ti
289 5632 551 5703 Spiritus
581 5638 639 5690 in
670 5638 840 5693 Patre
876 5638 1021 5693 Filio
1054 5632 1359 5707 cantitere,
1399 5660 1420 5687 ιο
1457 5641 1534 5692 At
1582 5653 1734 5692 mss.
1769 5637 1903 5707 plu-

227 5717 320 5830 {eos
358 5707 742 5781 potioresque
783 5726 899 5764 non
937 5713 1294 5783 agnoscunt,
1340 5706 1361 5759 ἀ
1407 5710 1472 5765 in
1502 5710 1675 5765 Patre
1714 5706 1783 5765 et
1812 5706 1904 5762 Fi-

252 5792 266 5826 ι
312 5816 324 5830 .
372 5800 394 5824 n

252 5792 324 5831 ιο.
372 5800 394 5824 n

2016 4721 2132 4777 quo
2156 4706 2350 4777 impia;
2371 4707 2732 4762 infidelitatis
2762 4708 3092 4763 Auxentius
3114 4708 3228 4778 (:21)
3272 4708 3676 4764 Mediolanen-

2086 4850 2199 4920 (2t)
2232 4851 2378 4919 Mss,
2410 4850 2653 4921 aliquot,
2691 4871 2712 4900 σι
2750 4850 2923 4921 impia
2977 4850 3289 4906 infidelitas
3322 4852 3614 4908 Auxentii.
3654 4873 3677 4902 ιι

2014 4922 2304 4995 Caeterum
2337 4923 2495 4995 hanc,
2513 4921 2788 4995 ejusdem
2813 4923 3512 4989 Auxentiiintrusionem,
3547 4941 3681 4995 quae

2015 4993 2262 5065 contigit
2288 5009 2442 5067 anno
2473 4991 2578 5048 355
2610 4992 2820 5047 factam
2865 5009 3004 5048 esse
3053 5011 3084 5047 a
3116 4996 3459 5052 Constantio
3491 4991 3680 5067 impe-

2013 5070 2207 5120 ratore
2239 5065 2446 5139 eodem
2493 5081 2792 5139 armorum
2814 5068 3067 5139 _terrore
3114 5082 3205 5139 ac,
3236 5067 3532 5137 violentia,
3567 5065 3682 5139 qua

2015 5141 2283 5191 sanctum
2305 5136 2649 5206 Dionysium
2674 5153 2704 5191 e
2727 5137 2869 5191 sede
2892 5152 3001 5191 sua
3024 5138 3395 5193 deturbatum
3426 5141 3485 5194 in
3517 5136 3682 5194 ex'si-

2013 5208 2153 5262 lium
2175 5207 2419 5277 expulit,
2451 5206 2740 5262 discimus
2780 5223 2855 5263 ex
2886 5210 3058 5279 epist.
3086 5210 3393 5265 Athanasii
3421 5211 3493 5265 ad
3524 5210 3681 5264 Soli-

2012 5280 2218 5347 tarios,
2244 5283 2297 5334 et
2322 5279 2473 5333 libro
2494 5279 2703 5333 Hilarii
2722 5283 2925 5334 contra
2949 5281 3219 5336 eumdem
3249 5282 3679 5336 Constantium.

2012 5350 2176 5415 Quod
2201 5366 2343 5404 vero
2365 5350 2437 5404 ad
2461 5350 2831 5406 vexationem
2856 5352 3203 5406 Sirmiensia
3230 5352 3536 5416 Ecclesia,
3563 5366 3682 5404 non

2013 5421 2256 5477 dubium
2306 5425 2398 5476 est
2444 5421 2793 5476 Sirmiensia
2826 5423 3073 5477 indicari
3100 5423 3369 5477 concilia.
3404 5422 3684 5486 Quando-

2011 5493 2249 5564 quidem
2289 5493 2348 5548 in
2376 5493 2565 5563 primo
2610 5495 2767 5564 quod
2813 5495 3171 5548 celebratum
3221 5493 3326 5564 fuit
3369 5507 3522 5564 anno
3554 5490 3678 5546 551.

2012 5562 2326 5619 Photinum
2366 5562 2569 5618 eadem
2592 5562 2733 5619 sede
2769 5566 3135 5629 abdicarunt,
3170 5562 3422 5631 fideique
3454 5562 3680 5617 formu-

2012 5637 2126 5691 lam
2144 5636 2478 5717 edider-unt,
2503 5652 2637 5717 quae
2660 5636 2920 5717 speciem
2951 5633 3261 5717 orlhpdoici
3287 5632 3683 5717 dogmatisita

2011 5707 2480 5791 prapi'erebat,nut
2519 5703 2893 5791 ipsam‘tueri
2932 5708 3182 5791 conatus
3205 5703 3381 5791 ipeLrit
3422 5703 3686 5789 Hilarius

2010 5772 2071 5837 in
2104 5779 2255 5838 libro
2279 5779 2354 5837 de
2374 5772 2693 5852 Sync—dis;
2723 5777 2860 5833 licet
2901 5772 3170 5833 eamdem
3222 5772 3584 5833 Athanasius
3628 5778 3688 5834 in
