4090 6174
358 231 480 296 823

1844 239 1910 306 S.
1952 240 2398 308 AMBROSII.

3668 245 3776 312 824

362 461 490 501 sem
520 446 666 511 677
699 448 1026 507 Ecclesiam
1057 454 1239 509 armis
1279 454 1662 528 exercituque
1694 469 2026 526 occupave-
2054 436 2112 502 Ᾱ
2208 450 2297 508 63.
2359 437 2720 509 Nicodamus
2776 453 2989 525 quaerit
3045 453 3117 510 de
3163 458 3620 529 regeneratione,
3658 475 3776 516 res-

360 537 469 605 rat,
500 536 596 591 vel
627 553 661 592 a
690 537 932 595 Valente
963 544 1135 614 atque
1168 543 1426 616 Ursatio,
1459 544 1801 600 nutantibus
1831 560 2028 600 sacer-

362 623 600 680 dotibus
644 628 795 699 suis,
856 630 1274 688 incursabatur
1330 634 1599 690 Ecclesia
1656 634 2022 701 Sirmiensis,

359 711 577 769 falsum
608 715 742 788 hoc,
778 719 835 772 et
864 720 1243 794 sacrilegium
1273 727 1539 779 vestrum
1592 725 1703 795 (22)
1726 725 1787 780 in
1819 724 2027 779 Eccle-

364 803 627 859 siasticis
659 808 967 864 codicibus
1023 811 1463 882 deprehensum
1508 816 1618 869 est.
1669 814 1740 870 Et
1770 813 2026 870 fortasse

361 890 476 947 hoc
508 893 682 949 etiam
715 897 776 950 in
814 897 1049 955 Oriente
1080 901 1330 957 fecistis.

431 982 521 1037 60.
546 982 617 1038 Et
645 984 868 1041 litteras
890 989 1126 1059 quidem
1146 992 1424 1061 potuistis
1444 992 1704 1064 abolere,
1729 993 1837 1049 sed
1853 992 2028 1048 ﬁdem

363 1089 482 1128 non
512 1074 791 1144 potuistis
822 1076 1075 1134 auferre.
1111 1080 1252 1136 Plus
1311 1098 1422 1138 vos
1451 1083 1551 1137 illa
1605 1083 1778 1139 litura
1808 1083 2027 1154 prode-

361 1164 498 1231 bat,
531 1165 667 1235 plus
697 1181 809 1221 vos
852 1166 950 1221 illa
997 1167 1169 1224 litura
1228 1172 1578 1243 damnabat,
1621 1189 1813 1244 neque
1872 1172 2029 1227 enim

362 1268 473 1306 vos
503 1256 787 1325 poteratis
818 1256 1067 1313 oblinire
1099 1260 1425 1333 veritatem,
1460 1263 1569 1318 sed
1624 1262 1721 1317 illa
1751 1263 1923 1316 litura
1955 1262 2028 1317 de

361 1336 515 1398 libro
546 1343 683 1399 vitae
712 1346 947 1402 nomina
991 1351 1191 1404 vestra
1237 1350 1497 1407 radebat.
1550 1351 1668 1407 Cur
1722 1351 2029 1408 aufereba-

373 1434 468 1487 tur
498 1449 510 1487 :
551 1454 571 1481 α
605 1432 891 1498 Quoniam
922 1437 1083 1492 Deus
1113 1437 1369 1510 Spiritus
1400 1443 1531 1511 est;
1568 1461 1590 1492 ι
1626 1442 1679 1497 si
1708 1458 1826 1497 non
1843 1442 2028 1513 perti-

354 1521 531 1576 nebat
559 1522 632 1576 ad
662 1523 990 1595 Spiritum?
1020 1526 1080 1581 Si
1113 1524 1269 1583 enim
1317 1529 1389 1584 de
1448 1530 1570 1585 Deo
1618 1532 1790 1586 Patre
1847 1532 2026 1587 vultis

353 1625 732 1683 expressum,
776 1628 921 1686 ergo
979 1617 1036 1670 et
1082 1616 1267 1672 Deum
1327 1619 1559 1674 Patrem
1609 1621 1878 1693 negatis,
1927 1621 2029 1692 qui

351 1700 573 1769 putatis
603 1717 742 1757 esse
774 1703 1090 1760 delendum
1122 1707 1256 1779 (23).
1291 1709 1501 1765 Utrum
1531 1711 1735 1776 vultis,
1777 1709 1977 1782 eligite
2009 1725 2022 1765 :

354 1789 415 1843 in
455 1792 705 1862 utroque
743 1808 854 1848 vos
893 1793 1142 1866 laqueus
1174 1800 1392 1854 vestrae
1441 1799 1758 1869 impietatis
1808 1800 2027 1855 astrin-

352 1881 474 1949 get,
524 1880 579 1934 si
629 1882 887 1953 gentiles
942 1899 1054 1941 vos
1104 1902 1244 1943 esse
1294 1887 1593 1944 fateamini
1650 1890 1745 1947 vel
1797 1891 2028 1945 Patrem

353 1968 540 2023 Deum
571 1971 865 2043 negando,
898 1972 992 2029 vel
1043 1974 1344 2045 Spiritum.
1387 1978 1646 2034 Tenetur
1675 1979 1857 2052 igitur
1884 1996 2027 2035 ves-

353 2059 442 2111 tra
473 2059 798 2132 confessio,
832 2077 947 2133 qua
978 2063 1226 2121 delestis
1253 2066 1537 2139 oraclum,
1572 2068 1711 2123 dum
1741 2069 2027 2126 formida-

351 2144 430 2202 tis
460 2149 814 2221 exemplum.

384 2237 514 2294 '61.
584 2238 841 2297 Delestis
890 2242 1130 2314 quidem
1188 2245 1247 2300 in
1292 2246 1638 2318 pectoribus
1697 2248 2030 2323 animisque

352 2332 575 2386 vestris
609 2347 623 2388 :
657 2335 938 2388 caeterum
969 2333 1232 2391 divinum
1261 2352 1380 2394 non
1424 2338 1654 2394 deletur
1682 2341 1987 2396 oraculum
2012 2384 2027 2413 ,

353 2436 474 2476 non
503 2420 733 2478 deletur
762 2422 1018 2494 Spiritus
1059 2428 1326 2497 sanctus,
1388 2428 1497 2483 sed
1554 2432 1870 2485 aversatur
1916 2431 2029 2486 im-

353 2510 485 2581 pias
516 2513 792 2568 mentes:
836 2527 955 2568 non
1002 2513 1232 2570 deletur
1279 2516 1487 2587 gratia,
1530 2518 1638 2573 sed
1694 2518 1976 2591 iniquitas
2012 2536 2024 2577 :

354 2600 493 2671 quia
522 2600 808 2671 scriptum
840 2604 933 2657 est
964 2617 978 2658 :
1015 2624 1038 2653 ι
1093 2603 1223 2676 Ego
1252 2620 1406 2676 sum,
1440 2621 1554 2678 ego
1598 2624 1754 2679 sum,
1788 2609 1888 2681 qui
1920 2609 2026 2664 de-

354 2688 449 2744 leo
480 2689 819 2762 iniquitates
865 2693 998 2747 tuas
1063 2692 1203 2762 (Isa.
1265 2711 1442 2764 XLm,
1501 2695 1613 2769 23).
1676 2717 1698 2747 ιι
1763 2697 2029 2771 Denique

358 2777 603 2850 Moyses
622 2794 730 2851 pro
759 2781 978 2852 populo
1017 2784 1228 2853 potens
1264 2800 1275 2839 :
1315 2807 1337 2832 α
1372 2784 1533 2857 Dele,
1572 2808 1595 2832 υ
1627 2786 1836 2859 inquit,
1875 2808 1897 2838 ι
1933 2803 2026 2843 me

357 2866 430 2923 de
459 2866 613 2924 libro
643 2871 764 2940 tuo,
807 2869 859 2924 si
916 2887 1035 2927 non
1091 2872 1287 2944 parcis
1336 2873 1475 2929 huic
1532 2876 1749 2946 populo
1804 2876 2023 2948 (Exod.

356 2974 545 3027 χχχιι,
576 2958 689 3028 32).
726 2977 750 3008 ι
786 2959 912 3015 Nec
927 2963 1122 3017 tamen
1153 2962 1381 3018 deletus
1415 2966 1526 3033 est,
1547 2965 1684 3038 quia
1706 2981 1824 3021 non
1841 2965 2027 3022 habe-

356 3045 457 3102 bat
486 3047 872 3119 iniquitatem,
906 3050 1015 3106 sed
1045 3051 1295 3123 gratiam
1326 3054 1676 3123 profluebat.

427 3135 517 3192 62.
552 3137 766 3193 Vestra
793 3138 977 3212 igitur
1003 3141 1151 3195 estis
1172 3142 1553 3198 confessione
1571 3143 1847 3215 convicti,
1869 3145 2026 3217 quod

358 3226 660 3298 sapienter
688 3227 907 3284 factum
936 3245 1055 3286 non
1110 3231 1362 3302 potestis
1411 3232 1630 3304 dicere,
1675 3235 1783 3289 sed
1812 3238 2025 3291 astute.

357 3318 569 3374 Astute
598 3317 756 3374 enirn
787 3321 1160 3394 cognovistis
1192 3322 1304 3393 (24)
1337 3321 1456 3378 loci
1492 3323 1668 3379 istius
1707 3340 1819 3379 vos
1851 3327 2031 3381 attes-

359 3406 577 3463 tatione
607 3409 901 3480 convinci,
943 3425 1055 3466 nec
1085 3414 1433 3483 argumenta
1463 3415 1664 3468 vestra
1710 3413 2024 3486 adversus,

2140 540 2360 613 pendet
2419 541 2706 597 Dominus
2740 557 2755 598 :
2791 564 2813 589 ιι
2856 542 3066 612 Amen,
3118 560 3289 600 amen
3319 545 3450 601 dico
3497 547 3619 618 tibi,
3675 549 3780 604 nisi

2143 631 2278 703 quis
2308 633 2548 686 renatus
2580 630 2757 686 fuerit
2800 647 2908 703 per
2948 649 3161 704 aquam
3221 637 3279 689 et
3331 634 3605 706 Spiritum
3654 635 3774 709 (25),

2142 734 2261 774 non
2290 722 2483 790 potest
2514 720 2757 776 introire
2789 722 2848 776 in
2879 737 3130 794 regnum
3157 721 3261 778 Dei
3311 724 3497 793 (Joan.
3527 742 3608 795 ιιι,
3638 726 3707 795 5).
3756 746 3775 778 ι

2146 807 2217 862 Et
2272 809 2335 863 ut
2389 810 2731 864 ostenderet
2773 810 2947 864 aliam
2992 813 3434 884 generationem
3476 813 3780 870 secundum

2145 912 2382 952 carnem
2413 913 2570 963 esse,
2607 898 2779 953 aliam
2827 900 3156 955 secundum
3201 901 3501 973 Spiritum,
3542 902 3778 959 addidit:

2150 1008 2171 1032 «
2206 984 2371 1051 Quod
2403 990 2601 1042 natum
2623 991 2715 1042 est
2742 1004 2819 1044 ex
2849 1004 3026 1044 carne
3060 1005 3195 1046 caro
3226 993 3337 1059 est,
3370 991 3508 1063 quia
3535 991 3604 1047 de
3623 1007 3781 1049 carne

2144 1077 2486 1145 natumest;
2519 1079 2575 1131 et
2604 1077 2762 1148 quod
2792 1079 2996 1133 natum
3029 1082 3121 1134 est
3161 1080 3233 1134 de
3264 1080 3511 1152 Spiritu,
3550 1080 3782 1152 Spiritus

2145 1167 2269 1235 est,
2305 1165 2442 1237 quia
2473 1165 2632 1220 Deus
2664 1165 2919 1238 Spiritus
2963 1171 3054 1222 est
3084 1167 3253 1237 (Ibid.
3309 1168 3364 1239 6,
3414 1175 3473 1225 et
3519 1185 3597 1241 xv,
3625 1167 3728 1239 24).
3759 1189 3778 1219 ι

2146 1253 2518 1325 Prosequere
2547 1270 2694 1327 ergo
2725 1258 2902 1310 totam
2933 1256 3150 1312 seriem
3179 1257 3475 1325 lectionis,
3533 1260 3589 1312 et
3631 1257 3782 1312 inve-

2143 1344 2274 1398 nies
2307 1343 2466 1415 quod
2509 1343 2797 1399 Dominus
2848 1345 3200 1416 impietatem
3249 1349 3511 1401 vestram
3552 1346 3785 1418 plenitu-

2143 1432 2278 1487 dine
2309 1433 2663 1489 assertionis
2694 1433 3018 1489 excluserit
3058 1449 3070 1489 :
3109 1456 3132 1481 ‹‹
3176 1434 3332 1505 Noli,
3366 1435 3574 1506 inquit,
3605 1433 3784 1489 mirari

2141 1523 2279 1592 quia
2310 1522 2432 1576 dixi
2466 1538 2478 1577 :
2511 1522 2753 1593 OpOrtet
2782 1539 2893 1578 vos
2925 1523 3093 1577 nasci
3131 1523 3345 1579 denuo.
3398 1523 3646 1595 Spiritus
3699 1522 3788 1579 ubi

2138 1611 2265 1666 vult
2292 1610 2496 1682 spirat,
2538 1615 2594 1665 et
2623 1627 2831 1666 vocem
2861 1610 2994 1683 ejus
3024 1611 3194 1666 audis
3225 1627 3237 1666 :
3274 1612 3384 1666 sed
3422 1612 3620 1667 nescis
3648 1612 3785 1667 unde

2095 1716 2101 1722 ο
2139 1699 2355 1770 veniat,
2387 1704 2484 1755 aut
2515 1716 2631 1772 quo
2664 1700 2836 1755 vadat
2868 1716 2881 1756 :
2916 1701 3006 1755 sic
3037 1704 3130 1756 est
3153 1701 3348 1756 omnis
3380 1702 3486 1775 qui
3513 1704 3679 1757 natus
3706 1702 3788 1757 est

2059 1818 2116 1886 Β
2139 1788 2212 1844 de
2242 1788 2461 1860 Spiritu
2490 1789 2679 1859 (Joan.
2710 1807 2793 1859 III,
2833 1791 2888 1860 '7,
2920 1790 2994 1859 8).
3031 1811 3057 1841 ι)

2211 1876 2299 1933 64.
2333 1877 2477 1944 Quis
2508 1882 2601 1934 est
2629 1880 2731 1950 qui
2763 1880 3028 1934 nascitur
3058 1880 3131 1935 de
3179 1878 3426 1951 Spiritu,
3460 1882 3519 1936 et
3546 1879 3643 1952 qui
3670 1878 3788 1935 efﬁ-

2140 1967 2291 2022 citur
2335 1967 2611 2039 Spiritus,
2666 1968 2784 2023 nisi
2822 1969 2924 2041 qui
2978 1973 3299 2025 renovatur
3340 1969 3565 2042 Spiritu
3595 1970 3789 2025 mentis

2139 2058 2316 2112 suae?
2353 2056 2463 2111 Hic
2501 2060 2594 2112 est
2624 2057 2823 2129 utique
2881 2058 2983 2130 qui
3035 2074 3142 2130 per
3181 2075 3398 2131 aquam
3430 2062 3792 2132 regeneratur

2142 2146 2290 2211 678
2321 2148 2378 2201 et
2408 2145 2690 2216 Spiritum
2720 2150 3025 2218 sanctum;
3067 2149 3345 2219 quoniam
3373 2164 3487 2220 per
3515 2148 3792 2204 lavacrum

2141 2236 2612 2308 regenerationis
2636 2237 2692 2290 et
2721 2237 3122 2291 renovationis
3145 2237 3408 2308 Spiritus
3437 2238 3622 2303 sancti
3644 2252 3793 2308 spem

2139 2327 2277 2381 vitae
2307 2326 2573 2396 capimus
2623 2328 2882 2381 aeternae.
2946 2325 3017 2380 Et
3064 2325 3209 2381 alibi
3252 2327 3474 2382 Petrus
3504 2325 3791 2398 apostolus

2138 2415 2217 2469 ait
2258 2430 2271 2470 :
2311 2437 2333 2465 α
2399 2414 2522 2468 Vos
2578 2416 2773 2468 autem
2831 2413 3052 2484 Spiritu
3109 2418 3316 2470 sancto
3364 2415 3790 2488 haptizabimini

2139 2504 2297 2573 (Act.
2331 2520 2413 2574 χι,
2447 2503 2557 2573 16).
2597 2526 2618 2551 ιο
2656 2502 2801 2568 Quis
2834 2506 2926 2558 est
2955 2506 3150 2559 autem
3189 2505 3288 2576 qui
3319 2505 3650 2577 baptizatur
3667 2504 3790 2576 Spi-

2136 2593 2253 2648 ritu
2280 2594 2508 2662 sancto,
2541 2592 2659 2646 nisi
2689 2592 2791 2663 qui
2830 2592 3164 2647 renascitur
3209 2609 3316 2664 per
3343 2610 3563 2667 aquam
3590 2597 3645 2649 et
3672 2592 3792 2664 Spi-

2139 2683 2314 2738 ritum
2354 2682 2674 2738 sanctum‘?
2706 2680 2864 2753 Ergo
2904 2681 2976 2735 de
3014 2685 3220 2736 sancto
3253 2681 3485 2754 Spiritu
3529 2682 3791 2739 Dominus

2137 2772 2286 2826 dixit
2319 2786 2332 2827 :
2372 2793 2394 2818 ‹‹
2431 2775 2638 2840 Amen,
2672 2785 2843 2827 amen
2874 2770 3006 2825 dico
3064 2771 3191 2842 tibi,
3232 2771 3348 2826 nisi
3409 2772 3546 2844 quis
3574 2774 3792 2827 renatus

2138 2859 2315 2916 fuerit
2342 2875 2449 2932 per
2476 2874 2689 2931 aquam
2718 2861 2775 2913 et
2804 2858 3105 2929 Spiritum,
3138 2876 3256 2915 non
3310 2864 3515 2931 potest
3571 2860 3793 2917 introire

2138 2950 2203 3005 in
2234 2964 2487 3022 regnum
2520 2948 2647 3003 Dei.
2685 2969 2705 2996 ι
2744 2947 2815 3002 Et
2834 2948 2966 3004 ideo
2999 2948 3071 3004 de
3105 2949 3237 3021 ipso
3260 2951 3567 3008 nascinos
3595 2951 3652 3006 in
3677 2964 3801 3022 pos-

2138 3038 2463 3094 terioribus
2494 3037 2779 3105 definivit,
2826 3053 2932 3108 per
2981 3054 3156 3110 quem
3196 3040 3440 3094 renasci
3469 3055 3579 3096 nos
3609 3039 3667 3094 in
3695 3054 3790 3094 su-

2137 3128 2477 3199 perioribus
2507 3130 2600 3182 est
2641 3126 2898 3182 locutus.
2950 3127 3093 3183 Haec
3153 3128 3466 3184 Dominica
3521 3127 3791 3197 sententia

2141 3221 2232 3274 est
2262 3233 2274 3273 :
2308 3217 2531 3288 scripto
2560 3217 2734 3286 nitor,
2768 3231 2884 3271 non
2918 3220 3265 3288 argumento
3287 3217 3429 3288 (26).

2209 3306 2299 3361 65.
2322 3304 2536 3371 Quaero
2566 3308 2760 3360 tamen
2792 3321 2898 3360 cur
2941 3307 2995 3360 si
3026 3322 3142 3361 non
3191 3306 3498 3363 dubitatur
3552 3323 3654 3380 per
3679 3305 3796 3378 Spi-

2140 3396 2316 3451 ritum
2352 3399 2622 3451 sanctum
2662 3411 2774 3451 nos
2803 3395 3038 3451 renasci
3074 3394 3210 3467 (2’7),
3246 3396 3552 3453 dubitetur
3578 3398 3646 3453 de
3673 3396 3795 3467 Spi-

358 3495 420 3551 id
450 3512 633 3568 posse
662 3498 1063 3554 testimonium
1094 3501 1434 3557 convenire.
1476 3502 1603 3568 Quo
1652 3502 1807 3559 enim
1836 3484 2025 3576 possit

2147 3486 2255 3541 ritu
2284 3488 2490 3540 sancto
2529 3501 2641 3541 nos
2671 3484 2835 3540 nasci
2859 3500 2873 3554 ;
2915 3500 3047 3539 cum
3069 3484 3198 3554 ipse
3222 3485 3515 3542 Dominus
3538 3487 3709 3542 Jesus
3728 3484 3792 3539 de

359 3586 475 3642 alio
505 3586 842 3644 intellectus
870 3587 983 3645 loci
1012 3589 1189 3646 istius
1220 3590 1497 3665 derivari,
1525 3607 1658 3649 cum
1681 3594 1873 3650 series
1902 3594 2029 3650 lec-

358 3674 540 3732 tionis
570 3679 689 3734 tota
721 3676 794 3734 de
816 3677 1037 3750 Spiritu
1067 3680 1193 3736 sit?

358 3800 515 3876 libro
545 3802 905 3876 deSynodis
927 3804 1101 3859 Arim
1123 3810 1184 3862 et
1205 3805 1439 3864 Selene.
1460 3808 1768 3865 damnarit.
1796 3811 1869 3866 At
1884 3826 2027 3868 vero

361 3871 540 3948 iidem
569 3871 805 3948 illifqui
855 3875 1126 3945 deposito
1171 3877 1591 3948 haeresiarcha,
1626 3881 1697 3935 de
1755 3882 2027 3938 Ecclesia

361 3942 893 4001 videbantur—bene
924 3942 1135 4013 meriti,
1178 3952 1241 4003 ut.
1268 3949 1329 4004 in
1361 3965 1546 4005 vacua
1579 3942 1736 4007 'sede
1794 3953 2027 4009 Germi-

358 4029 475 4069 nus
505 4016 635 4088 sive
666 4015 1003 4072 Garminius
1034 4018 1384 4075 Arianarum
1421 4021 1650 4088 parium
1707 4024 2026 4080 haereticus

361 4087 848 4165 constitueretur,
874 4105 907 4143 a
927 4088 1280 4165 Degustantio
1318 4087 1728 4165 impetravere,
1762 4098 1936 4165 atque
1969 4097 2028 4151 in

359 4156 622 4213 secunda
654 4158 891 4229 Synodo
923 4160 1141 4216 ibidem
1170 4177 1324 4217 anno
1354 4156 1458 4218 557
1489 4163 1686 4220 habita
1716 4156 2029 4223 formulam

359 4230 518 4286 illam
549 4234 1007 4305 proposuerunt,
1076 4248 1251 4305 quam
1301 4249 1435 4289 eum
1489 4250 1743 4305 magnus
1804 4238 2027 4295 Hosius

357 4305 607 4372 terrore,
641 4303 816 4358 taedio
846 4306 905 4357 et
934 4303 1265 4360 fatiscentis
1297 4306 1489 4360 aetatis
1531 4303 1867 4365 inﬁrmitate
1896 4312 2026 4365 vic-

357 4376 454 4448 tus
487 4373 978 4448 subscripsisset,
1011 4376 1314 4448 ingentem
1345 4377 1460 4433 hoc
1500 4394 1613 4433 suo
1645 4396 1787 4435 casu
1821 4382 2028 4437 catho-

355 4445 492 4518 licis
523 4446 800 4501 omnibus
859 4445 1341 4518 peperit—doloris
1373 4451 1695 4506 materiem.
1756 4454 1820 4506 ln
1857 4454 2027 4507 tertia

357 4517 633 4605 denique,
669 4534 824 4573 anno
853 4517 991 4605 36.9,.
1013 4523 1220 4605 coacta
1248 4520 1753 4605 formulam‘aliam
1775 4524 2028 4605 promul-

355 4593 600 4660 garunt,
653 4605 830 4662 quam
879 4590 1118 4645 dictavit
1166 4591 1401 4647 Marcus
1440 4590 1836 4660 Arethusius,
1890 4595 2025 4649 fidei

358 4661 665 4745 cattlelicaa
695 4661 849 4745 haud
879 4662 1077 4745 minus
1098 4662 1845 4745 infestam_exitiosamque.
1873 4665 2028 4721 Hinc

356 4729 654 4804 intelligas
692 4754 715 4804 σι
741 4733 1082 4788 nutantibus
1103 4734 1516 4790 sacerdotibus
1542 4755 1564 4783 ι
1592 4734 1687 4789 hic
1708 4729 1863 4791 idem
1885 4752 2025 4793 esse

355 4817 426 4876 ac
457 4803 756 4876 episcOpis
788 4805 847 4859 in
876 4806 1182 4876 proposito
1211 4822 1371 4861 verae
1403 4805 1541 4861 ﬁdei
1567 4821 1775 4875 parum
1813 4807 2022 4864 firmis.

354 4872 522 4938 Quod
555 4874 607 4930 si
636 4872 774 4946 quis
804 4872 1008 4931 contra
1043 4876 1364 4945 Patavium,
1411 4872 1711 4933 Valesium
1762 4881 1819 4933 et
1872 4879 2022 4935 alios

356 4948 725 5002 recentiores
754 4960 872 5001 non
902 4947 1013 5002 tria
1044 4948 1313 5014 concilia,
1356 4949 1465 5004 sed
1512 4949 1754 5004 unicum
1799 4952 2023 5006 tantum

353 5016 547 5092 fuisse
583 5017 745 5092 velit,
776 5031 869 5092 ex
884 5034 1001 5090 quo
1032 5020 1211 5075 variae
1242 5021 1359 5076 illa;
1407 5025 1530 5077 tres
1578 5020 1848 5076 formulae
1879 5038 2024 5092 pro-

355 5087 528 5144 fectae
554 5088 694 5159 sint,
730 5087 920 5144 nihilo
946 5094 1140 5146 tamen
1168 5093 1371 5147 secius
1403 5093 1475 5147 ad
1523 5092 1667 5147 illud
1713 5087 1923 5148 referri
1954 5110 2023 5149 ea

353 5163 649 5233 poterunt,
691 5175 825 5233 quae
854 5160 952 5233 hic
981 5162 1257 5218 dicuntur
1283 5163 1358 5218 ab
1378 5164 1715 5219 Ambrosio.

426 5233 540 5307 (22)
561 5232 779 5289 Omnes
810 5232 972 5301 edit.,
1009 5256 1032 5283 α
1067 5234 1285 5289 falsum
1317 5235 1428 5290 hoc
1459 5238 1515 5290 et
1544 5235 1905 5307 sacrilegum
1936 5235 2023 5291 si-

352 5305 719 5378 mulacrum:
756 5329 779 5355 »
816 5310 1020 5361 contra
1076 5322 1220 5362 vero
1280 5322 1428 5361 mss.
1482 5322 1664 5378 prope
1701 5305 2020 5377 adunum,

354 5396 383 5428 α
414 5376 633 5435 falsum
680 5378 794 5435 hoc
832 5382 889 5451 et
943 5378 1327 5451 sacrilegium
1374 5376 1657 5451 vestrum.
1695 5402 1717 5451 ag
1782 5376 2020 5434 Minime

351 5450 503 5506 male
527 5466 542 5519 ;
570 5452 728 5507 idem
758 5450 914 5522 enim
946 5453 1039 5505 est
1065 5465 1134 5522 ac
1164 5449 1217 5522 si
1258 5450 1549 5522 legamus,
1585 5449 1814 5522 falsitas
1835 5491 1849 5517 ,
1900 5465 2021 5522 seu

353 5522 652 5592 corruptio
683 5526 741 5577 et
768 5521 1135 5589 adulteratio,
1162 5520 1291 5577 haec
1320 5520 1497 5592 simul
1531 5525 1586 5574 et
1634 5520 2014 5590 sacrilegium

350 5591 1251 5664 vestrum'jdeprebensumest.‘
1287 5615 1310 5639 ιι
1373 5591 1744 5662 Sacrilegum

355 5681 379 5710 ε
415 5661 797 5735 simulacrum
832 5684 856 5735 ι
889 5663 1035 5735 quid
1063 5662 1360 5735 significat
1388 5664 1417 5717 ‘2

424 5731 536 5806 ('28)
565 5733 727 5795 Item.
758 5731 927 5809 edit,
950 5753 975 5786 α
1001 5731 1243 5793 Patrem
1259 5731 1551 5807 negastis,
1574 5731 2012 5807 quemputastis

1805 5613 1827 5636 »
1870 5606 2015 5646 vero

2057 4541 2117 4610 Β
2140 4538 2313 4648 Euam
2345 4522 2484 4604 illae.
2517 4521 2589 4576 de
2646 4520 2864 4592 quibus
2911 4521 3009 4604 hic
3056 4522 3424 4622 disputatur,
3462 4540 3485 4571 ι

2194 4609 2301 4648 eus
2333 4593 2588 4648 Spiritus
2619 4596 2728 4646 est.
2777 4615 2799 4640 ι»
2836 4593 3011 4648 Atqui
3046 4596 3107 4646 ut
3136 4592 3401 4646 dubitate
3433 4608 3485 4645 n1

2139 3576 2360 3648 Spiritu
2393 3577 2598 3630 sancto
2630 3577 2687 3629 et
2715 3578 2888 3629 natus
2920 3574 2998 3628 sit
3028 3576 3085 3628 et
3116 3579 3358 3629 renatus
3380 3574 3793 3645 (Mattb.120)?

2138 3664 2321 3732 Quem
2340 3665 2392 3720 si
2416 3668 2615 3720 natum
2645 3664 2716 3719 de
2747 3663 2967 3736 Spiritu
2998 3666 3206 3718 sancto
3253 3663 3636 3735 conﬁtemini,
3668 3662 3791 3736 quia

2139 3824 2280 3864 esse
2307 3808 2641 3864 delendum.
2680 3828 2701 3856 ι»
2738 3805 2809 3861 Et
2839 3806 3116 3862 continuo
3139 3809 3274 3877 post
3291 3822 3443 3863 mss.
3468 3823 3585 3863 non
3613 3802 3789 3877 pauci,

2140 3906 2165 3929 α
2209 3880 2414 3957 gtrum
2454 3879 2650 3957 velitis
2682 3878 2926 3957 eligere,
2962 3899 2987 3957 ξ
3022 3882 3161 3957 θῑςε.Δ
3309 3952 3317 3957 _
3491 3952 3525 3957 __
3724 3946 3734 3957 .

2210 3951 2324 4021 (24)
2357 3951 2503 4005 Mss.
2535 3950 2777 4023 aliquot,
2815 3950 2978 4023 «(sed
3011 3951 3202 4023 astute
3231 3952 3448 4023 actum.
3482 3950 3792 4023 Cognovis-

2137 4022 2236 4101 ti_s,
2274 4044 2296 4072 ι
2322 4026 2433 4078 etc.
2465 4021 2620 4075 Infra
2649 4023 2821 4101 etiam
2846 4021 3213 4101 iidem.cod._,
3240 4044 3275 4101 ἐς
3306 4021 3436 4101 Quo
3466 4021 3628 4101 enim.
3657 4034 3788 4101 pes-

2140 4089 2444 4149 sit’vestra
2492 4094 2922 4165 argumentatio
2970 4092 3084 4148 alio
3119 4092 3480 4148 intellectum
3520 4093 3632 4148 loci
3658 4089 3789 4144 'illic

2138 4166 2409 4220 derivare
2425 4166 2454 4219 ‘?
2487 4186 2508 4214 ι

2209 4237 2322 4307 (25)
2351 4237 2484 4291 Non
2517 4235 2686 4306 pauci
2719 4251 2901 4304 mss.,
2941 4256 2961 4284 α
2998 4251 3075 4291 ex
3104 4251 3256 4307 aqua
3286 4239 3346 4291 et
3372 4235 3597 4306 Spiritu
3624 4247 3789 4289 sanc-

2137 4306 2227 4364 to.
2255 4330 2277 4357 n
2316 4307 2386 4362 Et
2416 4307 2589 4375 infra,
2628 4329 2657 4387 α.
2685 4306 2759 4387 de
2779 4322 2954 4361 carne
2979 4323 3128 4387 caro‘
3144 4306 3256 4361 est.
3285 4330 3309 4355 η
3336 4308 3524 4387 Porro
3547 4318 3789 4387 sequen-

2137 4384 2229 4435 tes
2258 4395 2463 4456 voces,
2503 4401 2525 4425 «
2561 4378 2707 4456 quia
2728 4378 2800 4433 de
2831 4382 3370 4456 carnenatumest,
3402 4398 3424 4456 ι»
3461 4378 3784 4456 non_r_ni_nus

2138 4446 2473 4528 absunt__ab
2532 4446 2809 4528 omnibus
2867 4450 3126 4528 omnium
3185 4446 3525 4528 idiomatum
3578 4446 3786 4528 bibliis,

3569 4530 3786 4575 uoniam

2194 4538 2313 4577 iam
2345 4537 2461 4576 tuae
2517 4537 2589 4576 ae
2646 4537 2864 4592 quibus
2911 4537 3005 4574 mc
3056 4537 3424 4590 dlSplllatur,
3462 4540 3485 4571 ι
3528 4537 3784 4592 quoniam

2194 4609 2301 4648 eus
2333 4593 2588 4662 Spiritus
2619 4596 2728 4646 est.
2777 4615 2799 4640 ι»
2836 4593 3011 4662 Atqui
3046 4596 3107 4646 ut
3136 4592 3401 4646 dubitare
3433 4602 3784 4662 nequaquam

2139 4665 2293 4733 licet,
2328 4658 2471 4735 quin
2503 4664 2595 4719 lue
2624 4663 2843 4718 ultimae
2875 4658 2948 4717 ab
2980 4664 3278 4718 haereticis
3320 4658 3782 4735 fuerint—exale

2140 4729 2445 4791 sacrarum
2502 4735 2849 4808 paginarum
2909 4751 3119 4808 erasae,
3151 4735 3227 4808 ita
3285 4735 3432 4808 satis
3467 4735 3676 4808 mirum
3704 4729 3784 4808 est

2138 4808 2389 4878 easdem,
2411 4805 2704 4878 nusquam
2735 4807 2794 4860 in
2825 4806 3125 4878 proprium
3159 4806 3355 4861 locum
3399 4806 3585 4878 fuisse
3621 4805 3782 4856 resti-

2138 4882 2315 4933 tutas.
2350 4877 2523 4933 Forte
2548 4875 2780 4949 quierat
2808 4875 3022 4949 aliquis
3056 4893 3162 4931 cur
3184 4892 3215 4931 e
3247 4893 3374 4947 cap.
3404 4893 3491 4945 ιιι,
3524 4875 3648 4930 ιιωο
3669 4885 3783 4949 ver-

2141 4951 2218 5023 ba
2245 4953 2537 5020 expuncta
2569 4939 2707 5017 sint,
2741 4964 2873 5023 cum
2894 4939 3176 5023 eademin
3209 4939 3395 5018 capite
3417 4939 3501 5023 ιγ,
3528 4939 3779 5023 ver-8:24,

2140 5013 2371 5104 integra
2400 5013 2785 5104 perseverent
2863 5019 3001 5104 ‘S‘ed
3040 5013 3337 5104 rationein
3378 5013 3539 5104 ‘satis
3582 5013 3780 5104 indicat

2139 5080 2495 5148 Ambrosius
2527 5097 2749 5160 noster,
2784 5090 3057 5145 videlicet
3086 5091 3241 5162 quod
3274 5091 3449 5162 verba
3469 5104 3608 5162 cap.
3640 5099 3694 5138 xv
3713 5080 3779 5135 ad

2135 5166 2370 5219 Patrem
2401 5165 2736 5234 detorqueri
2770 5178 2951 5232 posse
2982 5160 3251 5232 putarent
3279 5160 3556 5216 haeretici.

2205 5235 2320 5306 (26)
2354 5257 2375 5284 κ
2429 5229 2662 5307 Scripto
2695 5229 3018 5307 nit'or,inon
3049 5237 3396 5307 argumento
3430 5255 3451 5307 ξι
3487 5229 3777 5307 propterea

2136 5302 2276 5362 dicit
2302 5302 2308 5305 ⁷
2332 5302 2711 5373 Ambrosius,
2745 5306 2902 5376 quod
2937 5326 2959 5354 α
2995 5302 3167 5377 etiam
3210 5303 3478 5377 humanis
3527 5302 3773 5377 testicle:

2136 5378 2252 5433 niis
2283 5380 2626 5450 argumenta
2660 5365 2870 5450 cedere
2930 5376 3176 5450 soleant,
3246 5399 3270 5450 »_
3304 5375 3533 5450 u_t__ipse
3587 5365 3774 5423 scribit

2134 5450 2235 5504 lib.
2272 5467 2290 5504 ι
2321 5446 2396 5505 άέι
2427 5449 2578 5504 Fide
2609 5464 2738 5518 cap.
2774 5447 2861 5515 11,
2896 5463 3054 5500 num.
3086 5447 3188 5515 70;
3223 5446 3489 5500 similiter
3515 5455 3641 5514 qum
3673 5450 3775 5491 no-

2132 5521 2387 5575 tavimus
2418 5519 2491 5574 ad
2522 5520 2623 5574 lib.
2660 5537 2741 5584 ιιι,
2767 5535 2893 5588 cap.
2925 5519 2978 5573 3.
3015 5535 3173 5573 num.
3208 5519 3293 5572 :24.
3575 5582 3591 5588 _
3659 5578 3691 5588 _
3734 5576 3744 5586 ,

2200 5591 2315 5662 ('27)
2347 5592 2527 5646 Pauci
2558 5578 2738 5658 mss.,
2767 5611 2788 5639 α
2828 5578 2939 5662 nos
2989 5590 3176 5659 nasci,
3213 5588 3509 5645 dubitatur
3560 5582 3628 5638 de
3656 5578 3771 5649 Spi-

2130 5660 2246 5721 ritu
2278 5666 2485 5720 sancto
2517 5678 2629 5719 nos
2659 5660 2915 5717 renasci.
2962 5683 2984 5708 »
