4090 6174
158 345 307 417 ’825

188 569 306 609 non
347 552 598 623 potestis
649 566 902 625 negare:
946 553 1212 607 renatum
1259 554 1453 608 autem
1500 552 1736 621 (Matth.
1770 568 1852 623 in,

189 642 275 712 10)
307 641 580 714 negatis;
624 657 840 713 magna
889 640 1247 711 insipientia,
1281 643 1344 696 ut
1373 641 1527 713 quod
1560 641 1863 714 singulare

190 731 294 786 Dei
318 733 432 799 est,
456 730 855 785 confiteamini
876 746 887 784 :
911 730 1069 801 quod
1092 746 1401 785 commune
1424 733 1516 785 est
1536 731 1862 800 hominum,

187 820 518 892 denegetis.
554 818 624 873 Et
654 819 788 873 ideo
819 818 970 872 bene
999 818 1175 872 vobis
1207 819 1422 873 dicitur
1452 820 1610 892 quod
1641 819 1866 874 Judaeis

189 908 410 964 dictum
441 910 571 964 est:
613 930 635 954 α
669 908 734 962 Si
772 912 1006 963 terrena
1050 909 1222 964 vobis
1255 908 1397 979 dixi,
1433 913 1489 965 et
1517 926 1636 964 non
1669 910 1863 964 credi-

186 998 306 1068 tis;
349 997 669 1070 quomodo,
704 997 755 1051 si
806 996 1012 1052 dixero
1059 997 1235 1053 vobis
1286 998 1574 1069 coelestia,
1610 999 1866 1053 credetis

186 1086 382 1157 (Joan.
409 1104 496 1156 In,
529 1085 619 1156 12)
639 1088 668 1140 ‘?
702 1109 725 1133 ν

251 1193 347 1250 66.
379 1192 499 1249 Sed
529 1194 724 1248 tamen
755 1194 1068 1264 utrumque
1104 1193 1414 1259 locumita
1456 1195 1742 1265 scriptum
1772 1194 1864 1249 in-

183 1283 463 1337 venimus
512 1282 575 1336 in
623 1282 856 1351 Graeco,
889 1284 952 1336 ut
991 1298 1114 1337 non
1160 1299 1268 1354 per
1302 1283 1584 1353 Spiritum
1626 1283 1860 1352 dixerit,

183 1371 293 1426 sed
347 1370 421 1425 de
479 1369 720 1439 Spiritu.
773 1369 1038 1441 Denique
1079 1372 1169 1424 sic
1228 1371 1440 1427 habet:
1490 1370 1649 1444 Αμήν,
1705 1369 1858 1443 ἀμήν,

182 1456 308 1529 λέγω
355 1476 467 1521 σοι,
514 1455 597 1510 ἐὰν
636 1458 705 1529 μή
742 1476 821 1519 τις
862 1458 1063 1529 γεννήοη
1107 1456 1159 1521 ἐξ
1199 1454 1381 1519 ὕδατος
1424 1462 1510 1512 καὶ
1555 1459 1858 1532 Πνεὺματος,

184 1548 302 1603 hoc
340 1550 457 1616 est,
495 1567 517 1595 ι
577 1546 645 1601 de
676 1562 828 1617 aqua
883 1550 940 1602 et
983 1546 1225 1617 Spiritu.
1263 1570 1283 1596 υ
1325 1548 1481 1620 Ergo
1515 1564 1648 1602 cum
1688 1548 1862 1602 dubi—

184 1636 299 1690 tari
332 1651 455 1690 non
487 1635 691 1702 debeat
724 1636 796 1690 de
857 1638 1064 1690 sancto
1122 1637 1409 1706 scriptum
1440 1653 1578 1691 esse
1613 1636 1856 1707 Spiritu,

190 1746 212 1773 ι
248 1724 413 1797 quod
445 1727 645 1778 natum
692 1728 786 1778 est
814 1725 886 1779 de
932 1724 1191 1795 Spiritu;
1234 1746 1255 1774 ι
1319 1741 1437 1780 non
1490 1728 1582 1779 est
1620 1725 1863 1780 dubium

186 1815 335 1885 quin
366 1814 529 1868 Deus
560 1813 638 1867 sit
665 1816 721 1868 et
760 1816 1005 1868 sanctus
1037 1813 1313 1884 Spiritus,
1346 1815 1674 1869 secundum
1705 1814 1863 1885 quod

188 1901 481 1973 scriptum
512 1904 624 1973 est,
657 1902 794 1975 quia
846 1923 869 1953 ι
922 1902 1082 1958 Deus
1130 1902 1386 1974 Spiritus
1434 1906 1526 1958 est
1555 1902 1741 1973 (Joau.
1775 1919 1853 1973 ιν,

179 1990 363 2061 εθ..

252 2079 348 2135 6'7.
380 2078 544 2135 Alibi
571 2094 807 2153 quoque
837 2083 900 2134 ut
920 2080 1033 2135 hoc
1069 2079 1141 2135 de
1182 2083 1388 2136 sancto
1423 2079 1642 2151 Spiritu
1666 2081 1861 2151 scrip-

179 2171 347 2224 sisse
382 2184 452 2225 se
468 2169 625 2225 idem
646 2169 1012 2241 evangelista
1032 2173 1360 2225 reseraret:
1389 2190 1412 2219 ι
1438 2170 1553 2225 Per
1573 2186 1805 2241 aquam,
1834 2193 1857 2219 υ

180 2258 398 2330 inquit,
438 2280 462 2306 ιι
499 2261 557 2313 et
593 2257 875 2329 Spiritum
924 2259 1084 2313 venit
1138 2258 1413 2314 Christus
1472 2259 1687 2328 Jesus;
1747 2273 1866 2313 non

183 2346 385 2402 solum
414 2347 476 2402 in
515 2356 709 2418 aqua,
739 2347 845 2402 sed
879 2362 986 2418 per
1034 2363 1247 2419 aquam
1293 2350 1349 2402 et
1385 2348 1762 2419 sanguinem.
1797 2347 1869 2402 Et

184 2436 441 2507 spiritus
485 2436 887 2490 testimonium
935 2435 1098 2506 dicit,
1152 2436 1430 2508 quoniam
1474 2436 1730 2506 Spiritus
1776 2438 1868 2490 est

178 2526 450 2597 veritas;
510 2526 647 2597 quia
701 2528 825 2579 tres
886 2528 1025 2579 sunt
1079 2527 1288 2596 testes,
1349 2525 1626 2596 Spiritus,
1689 2540 1865 2597 aqua,

177 2614 479 2687 sanguis:
512 2616 570 2668 et
599 2614 658 2668 hi
688 2616 812 2670 tres
861 2630 1045 2669 unum
1094 2616 1233 2670 sunt
1276 2614 1392 2686 (28)
1438 2614 1495 2685 (l
1519 2614 1686 2670 Joan.
1718 2630 1778 2683 v,
1813 2613 1865 2683 6,

249 2792 343 2848 68.
379 2792 538 2847 Audi
574 2792 873 2864 quomodo
903 2794 1128 2848 testes:
1174 2791 1430 2863 Spiritus
1469 2792 1723 2846 mentem
1770 2805 1869 2846 re-

175 2884 385 2953 novat,
420 2897 577 2953 aqua
608 2881 841 2952 proficit
874 2882 944 2936 ad
992 2881 1316 2951 lavacrum,
1358 2881 1607 2952 sanguis
1643 2881 1872 2949 spectat

173 2972 248 3026 ad
286 2971 551 3042 pretium
580 2971 716 3042 (29).
750 2970 1006 3040 Spiritus
1032 2971 1190 3025 enim
1223 2985 1334 3024 nos
1363 2986 1471 3042 per
1491 2970 1866 3040 adaptionem

175 3060 343 3116 ﬁlios
368 3060 478 3115 Dei
502 3060 661 3129 fecit,
689 3060 849 3115 sacri
870 3059 1052 3115 fontis
1075 3059 1229 3115 unda
1247 3076 1359 3114 nos
1388 3059 1590 3127 abluit,
1616 3057 1868 3129 sanguis

1301 346 1412 411 DE
1451 345 1792 412 SPIRITU
1835 345 2161 412 SANCTO
2206 348 2368 412 LIB.
2415 350 2529 413 III.

3526 351 3650 419 826

1985 552 2170 609 Deum
2212 554 2492 626 Spiritum
2541 555 2706 628 dixit,
2759 557 2866 614 sed
2922 556 2995 614 de
3052 558 3222 613 Patre
3269 557 3392 614 Deo
3433 555 3643 613 sensit.

1984 642 2080 697 Sic
2111 643 2265 698 enim
2296 644 2483 699 babes
2516 646 2573 700 in
2608 644 2961 717 Evangelio:
3015 668 3036 696 α
3074 647 3245 702 Nunc
3290 649 3382 701 est
3411 644 3646 717 quando

1981 733 2106 785 veri
2155 734 2498 788 adoratores
2548 733 2875 789 adorabunt
2926 735 3155 789 Patrem
3214 735 3274 788 in
3322 734 3546 804 Spiritu
3591 735 3651 788 et

1978 822 2244 875 veritate.
2279 822 2424 875 Nam
2458 827 2514 877 et
2572 822 2743 877 Pater
2801 823 2948 878 tales
3006 824 3238 894 quaerit,
3271 822 3372 894 qui
3403 822 3649 877 adorent

1980 924 2133 964 eum.
2168 910 2420 981 Spiritus
2452 914 2544 965 est
2574 912 2752 981 Deus,
2804 915 2860 966 et
2890 928 2997 967 eos
3047 913 3149 983 qui
3192 911 3439 967 adorant
3487 918 3644 978 eum,

1979 997 2038 1051 in
2060 997 2280 1068 Spiritu
2302 1003 2359 1054 et
2388 1001 2631 1056 veritate
2673 1004 2903 1072 oportet
2936 1002 3182 1056 adorare
3218 1001 3407 1070 (Joan.
3442 1016 3522 1067 iv,
3554 997 3644 1066 23,

1979 1086 2089 1157 24).
2126 1107 2149 1138 ι
2185 1088 2317 1143 Non
2347 1088 2538 1144 solum
2574 1090 2729 1144 enim
2786 1089 2900 1145 hoc
2958 1089 3230 1161 exemplo
3281 1088 3648 1143 divinitatem

1980 1177 2167 1230 sancti
2200 1177 2455 1247 Spiritus
2488 1178 2665 1233 vultis
2696 1194 2916 1252 negare
2947 1194 2962 1249 ;
2993 1180 3101 1234 sed
3132 1179 3306 1234 etiam
3335 1178 3397 1234 in
3428 1178 3648 1249 Spiritu

1980 1265 2212 1319 adorari
2244 1266 2427 1321 Deum
2458 1269 2735 1339 tanquam
2788 1269 2861 1323 ad
2909 1268 3345 1341 subjectionem
3391 1266 3646 1339 Spiritus

1980 1352 2282 1409 derivatis.

2050 1442 2137 1497 70.
2169 1442 2276 1498 Cui
2307 1444 2439 1500 loco
2469 1445 2846 1516 respondebo
2894 1446 3175 1515 breviter,
3209 1444 3349 1518 quia
3394 1445 3645 1515 spiritus

1977 1530 2323 1603 plerumque
2365 1535 2602 1604 ponitur
2657 1551 2764 1605 pro
2819 1536 3007 1606 gratia
3064 1534 3334 1606 spiritali,
3381 1535 3537 1589 sicut
3585 1536 3643 1589 et

1975 1621 2298 1689 Apostolus
2342 1622 2524 1678 dixit:
2562 1646 2584 1670 α
2618 1621 2763 1687 Quia
2801 1624 2929 1693 ipse
2954 1622 3200 1693 spiritus
3241 1622 3500 1693 postulat
3527 1638 3634 1693 pro

1978 1709 2152 1764 nobis
2193 1710 2512 1782 gemitibus
2555 1711 3265 1781 inenarrabilibus(Rom.
3298 1728 3420 1781 vm,
3449 1711 3560 1780 26),
3616 1730 3638 1759 ι

1977 1796 2091 1852 hoc
2121 1802 2233 1866 est,
2267 1800 2455 1871 gratia
2502 1800 2829 1871 spiritalis;
2879 1800 2996 1854 nisi
3034 1798 3184 1855 forte
3229 1800 3487 1872 gemitus
3539 1813 3648 1853 vos

1895 1860 1946 1923 Β
1984 1888 2173 1940 sancti
2204 1860 2459 1958 Spiritus
2489 1860 2691 1943 audire
2723 1860 3021 1959 potuistis.
3055 1887 3214 1961 Ergo
3230 1860 3294 1942 at
3326 1888 3421 1942 hic
3451 1887 3653 1943 adora-

1986 1978 2082 2030 tur
2110 1976 2290 2047 Deus,
2322 1993 2440 2033 non
2469 1978 2529 2032 in
2563 1977 2781 2031 malitia
2809 1977 3029 2045 cordis,
3064 1977 3170 2031 sed
3187 1976 3247 2031 in
3270 1976 3456 2048 gratia
3477 1976 3651 2047 spiri-

1978 2065 2095 2120 tali.
2132 2087 2155 2113 u
2190 2066 2255 2121 In
2298 2068 2550 2121 animam
2600 2067 2755 2122 enim
2803 2065 3153 2121 malevolam
3183 2080 3302 2119 non
3349 2064 3524 2119 intrat
3553 2080 3650 2119 sa-

1975 2154 2192 2224 pientia
2241 2154 2406 2226 (Cap.
2438 2172 2478 2221 ι,
2511 2156 2601 2223 4);
2639 2174 2661 2204 ι
2722 2155 2859 2226 quia
2905 2174 2932 2204 «
2981 2168 3153 2209 nemo
3202 2156 3398 2224 potest
3446 2152 3645 2209 dicere

1975 2241 2286 2298 Dominum
2316 2245 2542 2314 Jesum,
2578 2243 2695 2297 nisi
2719 2243 2779 2297 in
2810 2242 3032 2313 Spiritu
3055 2244 3261 2295 sancto
3285 2240 3341 2310 (Ι
3369 2239 3505 2294 Cor.
3539 2257 3644 2310 xu,

1973 2331 2049 2401 3).
2090 2354 2110 2381 υ
2148 2331 2470 2404 Statimque
2500 2331 2806 2387 subdidit:
2844 2352 2865 2380 τι
2903 2330 3245 2385 Divisiones
3264 2344 3408 2385 vero
3434 2328 3652 2403 gratia-

1973 2437 2103 2475 rum
2137 2424 2274 2476 sunt
2306 2421 2486 2491 (Ibid.
2515 2422 2590 2492 4).
2631 2444 2651 2470 ι

2045 2528 2132 2583 Ἡ.
2166 2528 2299 2582 Non
2331 2528 2513 2601 igitur
2542 2527 2656 2583 hoc
2692 2528 2763 2582 ad
2794 2526 3241 2598 plenitudinem,
3276 2540 3388 2580 nec
3415 2525 3488 2579 ad
3510 2539 3652 2596 por-

1975 2617 2194 2673 tionem
2242 2617 2498 2687 Spiritus
2544 2620 2740 2688 potest
2786 2617 3109 2687 pertinere,
3143 2614 3282 2685 quia
3312 2629 3503 2685 neque
3533 2614 3649 2669 hu-

1976 2723 2146 2762 mana
2168 2722 2337 2762 mens
2359 2706 2493 2778 ejus
2516 2706 2940 2777 plenitudinem
2977 2704 3152 2776 capit,
3195 2718 3387 2775 neque
3415 2703 3476 2756 in
3495 2701 3648 2757 ullas

1977 2796 2071 2850 sui
2090 2796 2368 2850 dividitur
2384 2796 2684 2850 sectiones
2713 2810 2725 2850 :
2765 2794 2873 2849 sed
2896 2793 3115 2848 donum
3135 2792 3342 2865 gratiae
3364 2790 3648 2862 spiritalis

1976 2884 2252 2954 infundit,
2313 2886 2373 2939 in
2434 2902 2550 2957 quo
2609 2884 2888 2939 adoratur
2944 2884 3126 2951 Deus,
3177 2882 3334 2935 sicut
3373 2881 3651 2935 adoratur

1977 2976 2150 3029 etiam
2181 2976 2240 3029 in
2269 2974 2552 3044 veritate;
2586 2989 2702 3027 non
2733 2973 2890 3028 enim
2926 2971 3149 3039 adorat,
3186 2970 3303 3024 nisi
3352 2969 3453 3041 qui
3484 2969 3645 3024 veri-

1976 3066 2152 3118 tatem
2174 3064 2495 3120 divinitatis
2518 3062 2652 3133 ejus
2673 3062 2769 3132 pio
2787 3061 2981 3116 haurit
3014 3058 3246 3114 atfectu.
3284 3058 3409 3113 Nec
3447 3059 3649 3130 utique

174 3148 416 3205 Domini
443 3165 555 3204 nos
580 3149 847 3204 redemit.
883 3150 1146 3204 Alterum
1171 3149 1353 3220 igitur
1374 3147 1695 3217 invisibile,
1715 3146 1857 3201 alte-
1900 3168 1953 3231 α
1980 3153 2139 3207 velut
2170 3152 2560 3223 personaliter
2589 3150 2911 3219 Christum,
2945 3151 3046 3204 aut
3075 3150 3345 3203 sanctum
3373 3161 3652 3218 persona-

174 3255 311 3293 rum
344 3238 587 3293 visibile
619 3238 1020 3293 testimonium
1044 3240 1415 3292 sacramento
1440 3236 1867 3307 consequimur

175 3326 438 3399 spiritali
466 3343 482 3396 ;
504 3327 642 3399 quia
665 3348 688 3374 α
716 3326 971 3398 Spiritus
992 3326 1393 3381 testimonium
1412 3326 1601 3380 reddit
1626 3321 1860 3396 spiritui

175 3419 394 3473 nostro
418 3415 608 3486 (Rom.
633 3416 887 3486 vm,16).
915 3439 937 3463 ι»
962 3415 1084 3469 Etsi
1108 3416 1169 3469 in
1191 3418 1440 3486 utroque
1462 3413 1764 3485 plenitudo
1789 3410 1869 3464 sit

179 3505 570 3574 sacramenti,
595 3505 897 3560 distinctio
922 3507 1117 3559 tamen
1138 3504 1402 3558 muneris
1437 3506 1560 3559 est:
1597 3519 1741 3575 ergo
1765 3497 1869 3558 ubi

184 3594 499 3649 distinctio
522 3596 615 3650 est
637 3593 921 3665 muneris,
948 3609 1066 3649 non
1092 3596 1185 3649 est
1207 3593 1409 3666 utique
1430 3592 1864 3650 testiﬁcationis

175 3683 517 3756 aequalitas.

713 3798 861 3864 679
920 3805 1172 3863 CAPUT
1237 3807 1339 3861 x1.

180 3913 882 3989 ObjiciebaturﬂJoannjs
919 3914 1122 3984 verba,
1158 3915 1458 3989 nimirum,
1484 3912 1741 3985 Spiritus
1775 3918 1868 3989 est

254 3985 442 4056 Deus,
479 3987 556 4042 ad
582 3986 766 4042 Deum
796 3986 1042 4041 Patrem
1065 3985 1388 4058 referenda
1425 4001 1560 4041 esse
1578 4006 1596 4050 ,ο
1640 3987 1868 4058 quando

246 4064 460 4130 postea
493 4058 678 4130 Deum
716 4058 1078 4130 adorandum
1120 4057 1179 4130 in
1238 4057 1458 4130 Spiritu
1511 4060 1568 4111 et
1618 4057 1865 4130 veritate

244 4128 533 4201 praedicit
567 4129 865 4185 Christus.
898 4129 1317 4201 Respondetur
1341 4129 1537 4201 primo
1574 4144 1710 4201 voce
1726 4128 1862 4198 Spi-

254 4145 533 4201 prwatcn
567 4145 865 4185 unristus.
898 4145 1537 4253 [respondetur/mmo
1574 4145 1710 4182 voce
1726 4145 1860 4198 Spi-

254 4202 405 4255 ritus
438 4201 739 4255 interdum
768 4201 1025 4271 gratiam
1066 4200 1321 4270 spiritua
1350 4215 1439 4253 em
1473 4199 1812 4271 signiﬁcari
1843 4220 1860 4253 .-

253 4273 477 4326 deinde
506 4273 564 4325 si
589 4288 903 4341 personam
938 4271 1206 4342 Spiritus
1229 4271 1424 4325 sancti
1447 4286 1560 4342 per
1596 4286 1768 4325 voces
1801 4271 1861 4325 in

256 4344 475 4413 spiritu
507 4342 960 4414 intelligendam
1000 4342 1201 4409 velint,
1254 4347 1690 4414 prOptereaque
1743 4342 1863 4413 ipsi

256 4414 478 4505 deberi
507 4413 725 4484 negent
745 4414 1168 4505 adora-tioqwei'n,
1190 4413 1528 4505 ostenditur
1550 4429 1862 4482 argumen—
1888 4441 1945 4505 Β

260 4492 379 4539 tum
416 4501 586 4556 wque
613 4501 880 4556 pugnare
914 4485 975 4538 in
1018 4484 1272 4556 Filium:
1309 4501 1475 4555 quem
1511 4490 1702 4556 tamen
1734 4501 1860 4539 cum

254 4555 621 4611 adorandum
652 4555 962 4610 innumera
988 4555 1246 4627 probent
1293 4555 1582 4627 exempla,
1616 4555 1756 4627 binc
1787 4556 1862 4610 de

257 4626 519 4699 Spiritu,
554 4643 774 4699 quoque
819 4625 1004 4681 idem?
1036 4625 1410 4699 statuendum
1473 4625 1859 4699 intelligitur.

260 4697 415 4762 Quid
446 4697 691 4753 adorari
707 4698 1059 4769 praecipitur
1088 4697 1411 4769 scabellum
1448 4698 1711 4767 pedum?
1740 4698 1863 4751 Hoc

263 4770 581 4840 designari
617 4768 852 4824 Domini
900 4784 1113 4839 corpus
1158 4768 1322 4840 cuius
1353 4785 1480 4821 cum
1527 4774 1732 4822 auctor
1781 4769 1864 4822 sit

263 4839 555 4911 Spiritus,
583 4841 770 4911 ipsum
803 4841 1073 4912 sequitur
1091 4839 1451 4912 adorandum
1476 4854 1630 4912 esse,
1652 4854 1761 4893 nec
1781 4845 1865 4893 ta-

256 4910 395 4966 men
446 4910 702 4983 proinde
759 4910 1015 4966 Mariam
1087 4910 1468 4983 adorandum.
1506 4910 1660 4983 _N0n
1721 4927 1866 4983 ergo

252 4981 547 5054 abrogari
566 4982 834 5053 Spiritus
862 4982 1287 5049 adorationem,
1322 4982 1432 5054 sed
1455 4981 1585 5051 ejus
1607 4981 1862 5054 c_nm_Pa-

255 5061 356 5109 tre
387 5051 855 5123 coniunctionem
888 5054 1165 5124 exprimi,
1210 5068 1336 5124 cum
1368 5052 1610 5124 latrem
1637 5051 1697 5105 in
1728 5052 1865 5122 Spi-

251 5125 372 5196 ritu
402 5122 629 5196 dicitur
658 5122 996 5179 adorandus
1018 5145 1035 5179 .·
1070 5123 1220 5196 quod
1239 5122 1540 5179 similibus
1562 5123 1867 5179 locutioni-

256 5195 375 5250 bus
404 5195 809 5251 conﬁrmatur.

249 5300 350 5357 69.
382 5301 579 5376 [Alias
607 5318 736 5373 cap.
782 5301 931 5375 ΧΙΙ.]
961 5301 1077 5356 Sed
1120 5300 1377 5357 fortasse
1408 5300 1701 5356 referatur
1729 5302 1867 5373 quia

168 5392 238 5448 in
274 5391 718 5462 posterioribus
750 5392 926 5446 istius
951 5391 1142 5462 ipsius
1177 5390 1313 5445 libri
1344 5391 1864 5455 iterum‘Dominus

247 5534 374 5601 (28)
404 5534 534 5589 νει.
579 5534 716 5589 edit.
752 5537 808 5589 et
845 5534 1083 5605 quidam
1125 5549 1298 5602 mss.,
1340 5556 1361 5580 α
1399 5535 1456 5588 et
1486 5533 1860 5603 sanguinem,

166 5610 232 5662 et
301 5604 560 5675 Spiritus
616 5604 1053 5676 testimonium:
1117 5606 1395 5676 quoniam
1452 5604 1707 5676 Spiritus
1770 5608 1864 5658 est

166 5674 525 5732 veritatis...
560 5693 740 5732 unum
773 5681 910 5731 sunt
944 5676 1004 5730 in
1027 5674 1264 5731 Christo
1285 5676 1451 5730 Jesu.
1479 5695 1502 5725 ι
1549 5675 1695 5728 Mss.
1720 5690 1863 5729 vero

166 5749 391 5806 caeteri
449 5748 764 5805 nobiscum
833 5748 1092 5821 faciunt,
1164 5750 1413 5820 excepto
1491 5745 1647 5820 quod
1706 5760 1854 5818 pro,

1980 3243 2114 3297 liter
2144 3242 2425 3313 Spiritum
2458 3239 2924 3311 comprehendit.

2051 3332 2138 3386 72.
2172 3332 2288 3386 Aut
2317 3332 2370 3385 si
2400 3334 2571 3401 putas
2602 3329 2759 3402 quod
2799 3329 2959 3384 velut
2996 3325 3391 3398 personaliter
3430 3324 3650 3379 dictum

1979 3420 2052 3475 de
2082 3420 2301 3491 Spiritu
2330 3420 2599 3475 videatur
2628 3422 2685 3474 et
2714 3419 2786 3473 de
2816 3416 3052 3473 Christo
3076 3431 3091 3485 ;
3122 3431 3267 3486 ergo
3294 3414 3454 3469 Deus
3477 3413 3648 3468 simi-

1978 3509 2111 3564 liter
2132 3510 2409 3564 adoratur
2425 3509 2485 3563 in
2506 3509 2770 3576 veritate,
2812 3507 2969 3562 sicut
3003 3505 3281 3560 adoratur
3301 3503 3362 3561 in
3394 3503 3642 3573 Spiritu.

1978 3600 2093 3653 Aut
2124 3599 2338 3653 similis
2366 3600 2547 3671 igitur
2579 3596 2897 3669 subjectio,
2932 3594 3091 3666 quod
3110 3593 3267 3648 absit
3297 3595 3360 3647 ut
3395 3592 3606 3647 credas
3632 3606 3647 3661 ;

1976 3690 2033 3742 et
2049 3704 2157 3743 nec
2179 3687 2364 3743 Filius
2385 3689 2693 3741 adoratur:
2719 3688 2835 3755 aut,
2870 3684 3027 3755 quod
3058 3698 3262 3737 verum
3294 3683 3407 3751 est,
3432 3679 3650 3735 similis

1976 3779 2215 3833 unitatis
2239 3778 2550 3849 estgratia,
2575 3780 2631 3831 et
2650 3775 2905 3846 Spiritus
2923 3774 3219 3827 adoratur.

2061 3861 2207 3924 680
2239 3869 2330 3925 ’73.
2377 3867 2741 3940 Colligamus
2785 3865 2895 3919 hic»
2932 3879 3077 3936 ergo
3125 3865 3183 3917 et
3225 3859 3651 3916 concludamus

1978 3959 2333 4014 Arianorum
2364 3958 2572 4027 impias
2602 3955 2988 4026 quaestiones.
3013 3952 3077 4006 Si
3093 3951 3252 4006 enim
3273 3949 3406 4005 ideo
3429 3950 3654 4021 negant

1976 4047 2336 4103 adorandum
2370 4046 2671 4116 Spiritum,
2715 4043 2852 4114 quia
2893 4043 3051 4097 Deus
3099 4040 3377 4094 adoratur
3422 4039 3483 4092 in
3514 4037 3643 4108 Spi-

1973 4138 2087 4192 ritu
2112 4153 2126 4206 ;
2160 4140 2378 4208 negent
2408 4151 2553 4207 ergo
2575 4132 2930 4189 adorandum
2955 4129 3281 4196 veritatem,
3314 4127 3453 4200 quia
3482 4127 3645 4182 Deus

1975 4228 2255 4282 adoratur
2286 4226 2345 4279 in
2377 4225 2642 4278 veritate.
2678 4223 2828 4276 Nam
2879 4221 3016 4275 licet
3061 4218 3332 4290 plurimm
3361 4216 3642 4270 veritates

1975 4317 2113 4384 sint,
2146 4315 2283 4387 quia
2314 4312 2600 4384 scriptum
2628 4315 2757 4367 est:
2795 4331 2818 4362 κ
2855 4309 3167 4364 Diminutae
3198 4308 3337 4361 sunt
3368 4305 3650 4360 veritates

1974 4421 2009 4460 a
2040 4405 2177 4459 ﬁliis
2208 4404 2511 4458 hominum
2541 4399 2729 4471 (Psal.
2762 4417 2844 4469 xx,
2879 4399 2971 4467 2);
3006 4417 3028 4446 ι
3051 4396 3281 4451 donatae
3300 4397 3493 4467 tamen
3513 4394 3654 4447 sunt

1979 4511 2013 4550 a
2040 4494 2284 4549 veritate
2316 4492 2534 4561 divina,
2570 4506 2704 4562 quae
2735 4493 2829 4543 est
2858 4486 3134 4542 Christus
3157 4483 3259 4555 qui
3287 4482 3367 4536 ait
3392 4497 3405 4537 :
3460 4499 3488 4531 «
3522 4479 3652 4551 Ego

1982 4600 2115 4640 sum
2144 4584 2259 4651 via,
2310 4581 2530 4636 veritas
2579 4582 2636 4634 et
2682 4577 2800 4631 vita
2852 4576 3041 4645 (Joan.
3075 4589 3198 4640 xiv,
3228 4571 3307 4640 6).
3348 4590 3369 4619 ι
3404 4568 3565 4640 Ergo
3597 4568 3651 4624 si

1977 4674 2090 4728 hoc
2120 4673 2252 4726 loco
2286 4671 2586 4725 veritatem
2636 4682 2711 4721 ex
2750 4681 2865 4720 usu
2909 4662 3264 4732 intelligunt,
3317 4657 3653 4727 intelligant

1977 4763 2150 4818 etiam
2184 4760 2430 4832 gratiam
2462 4755 2807 4828 Spiritalem,
2860 4754 2917 4807 et
2957 4750 3103 4805 nihil
3133 4752 3224 4804 est
3255 4746 3645 4803 offensionis:

1977 4855 2074 4907 aut
2132 4851 2185 4904 si
2228 4849 2534 4902 veritatem
2575 4843 2877 4899 Christum
2920 4839 3236 4910 accipiunt,
3285 4835 3651 4892 adorandum

1977 4942 2217 5011 negent

2016 5029 2137 5084 .74.
2171 5026 2288 5082 Sed
2319 5023 2671 5080 refelluntur
2693 5020 2864 5076 factis
2896 5019 3151 5091 piorum,
3186 5017 3345 5072 serie
3375 5014 3645 5086 Scriptu-

1978 5134 2195 5173 rarum.
2257 5114 2538 5170 Adoravit
2597 5112 2753 5166 enim
2810 5109 3113 5164 Christum
3156 5106 3374 5181 ‘Maria,
3427 5106 3483 5159 et
3514 5104 3646 5158 ideo

1979 5206 2308 5279 prtenuntia
2337 5200 2795 5259 resurrectionis
2844 5199 2917 5253 ad
2959 5196 3268 5268 apostolos
3299 5194 3647 5261 destinatur,

1980 5297 2223 5353 solvens
2273 5290 2712 5348 haereditarium
2747 5304 2985 5356 nexum,
3019 5290 3076 5341 et
3125 5284 3361 5340 feminei
3406 5280 3649 5354 generis

1979 5386 2232 5440 immane
2263 5383 2560 5438 delictum.
2596 5381 2722 5435 Hoc
2754 5379 2910 5434 enim
2941 5378 3218 5448 operatus
3242 5374 3413 5429 estin
3439 5372 3650 5441 myste-

1985 5552 2007 5578 α
2042 5529 2296 5599 Spiritus
2329 5523 2691 5599 estAveritas,
2731 5543 2752 5571 υ
2788 5520 3054 5599 nonnulli
3076 5517 3292 5573 habent
3313 5529 3446 5568 cum
3470 5511 3644 5580 Vulg.

1978 5592 2139 5655 vers.
2174 5598 2322 5667 sola,
2361 5619 2381 5645 α
2415 5595 2690 5650 Christus
2721 5597 2812 5648 est
2844 5592 3083 5667 veritas.
3122 5611 3147 5667 ξ»
3180 5660 3191 5667 _
3269 5656 3287 5667 .
3422 5652 3456 5667 μ

2051 5670 2165 5741 (29)
2197 5655 2341 5727 Mss.
2363 5667 2648 5737 nonnulli,
2680 5689 2701 5713 «
2730 5663 2980 5736 sanguis
3002 5659 3197 5730 expiat
3218 5656 3291 5710 ad
3310 5655 3582 5739 pretium.
3620 5673 3643 5718 ιε
