  <div class='ocr_page' id='page_1' title='image "/cluster/home/n/w/nwhite01/storage/ocr_20150623/16/hvd.32044096580444/419.png"; bbox 0 0 4090 6174; ppageno 0'>
   <div class='ocr_carea' id='block_1_1' title="bbox 553 342 673 412">
    <p class='ocr_par' dir='ltr' id='par_1_1' title="bbox 553 342 673 412">
     <span class='ocr_line' id='line_1_1' title="bbox 553 342 673 412; baseline -0.017 0"><span class='ocrx_word' id='word_1_1' title='bbox 553 342 673 412; x_wconf 75' lang='lat'><strong>827</strong></span> 
     </span>
    </p>
   </div>
   <div class='ocr_carea' id='block_1_2' title="bbox 1999 351 2221 444">
    <p class='ocr_par' dir='ltr' id='par_1_2' title="bbox 1999 352 2221 416">
     <span class='ocr_line' id='line_1_2' title="bbox 1999 352 2221 416; baseline 0 0"><span class='ocrx_word' id='word_1_2' title='bbox 1999 352 2064 416; x_wconf 89' lang='lat' dir='ltr'><strong>S.</strong></span> <span class='ocrx_word' id='word_1_3' title='bbox 2112 353 2221 416; x_wconf 77' lang='lat' dir='ltr'><strong>AN</strong></span> 
     </span>
    </p>
   </div>
   <div class='ocr_carea' id='block_1_3' title="bbox 2339 351 3882 444">
    <p class='ocr_par' dir='ltr' id='par_1_3' title="bbox 2339 351 3882 444">
     <span class='ocr_line' id='line_1_3' title="bbox 2339 351 3882 444; baseline 0.003 -26"><span class='ocrx_word' id='word_1_4' title='bbox 2339 351 2558 419; x_wconf 82' lang='lat' dir='ltr'><strong>tOSII.</strong></span> <span class='ocrx_word' id='word_1_5' title='bbox 3395 439 3401 444; x_wconf 93' lang='lat'><em>_</em></span> <span class='ocrx_word' id='word_1_6' title='bbox 3795 357 3882 423; x_wconf 74' lang='grc' dir='ltr'><strong>διε</strong></span> 
     </span>
    </p>
   </div>
   <div class='ocr_carea' id='block_1_4' title="bbox 549 533 3885 626">
    <p class='ocr_par' dir='ltr' id='par_1_4' title="bbox 549 533 3885 626">
     <span class='ocr_line' id='line_1_4' title="bbox 549 533 3885 626; baseline 0.002 -22"><span class='ocrx_word' id='word_1_7' title='bbox 549 547 639 604; x_wconf 88' lang='lat' dir='ltr'><strong>rio</strong></span> <span class='ocrx_word' id='word_1_8' title='bbox 662 547 980 619; x_wconf 85' lang='lat' dir='ltr'><strong>Dominus;</strong></span> <span class='ocrx_word' id='word_1_9' title='bbox 1019 549 1136 606; x_wconf 83' lang='lat' dir='ltr'><strong>«Ut</strong></span> <span class='ocrx_word' id='word_1_10' title='bbox 1154 550 1256 606; x_wconf 86' lang='lat' dir='ltr'><strong>ubi</strong></span> <span class='ocrx_word' id='word_1_11' title='bbox 1277 552 1862 622; x_wconf 88' lang='lat' dir='ltr'><strong>superabundaverat</strong></span> <span class='ocrx_word' id='word_1_12' title='bbox 1881 556 2209 626; x_wconf 86' lang='lat' dir='ltr'><strong>peccatum,</strong></span> <span class='ocrx_word' id='word_1_13' title='bbox 2240 533 2302 597; x_wconf 83' lang='grc' dir='ltr'><strong>Α</strong></span> <span class='ocrx_word' id='word_1_14' title='bbox 2331 553 2614 626; x_wconf 76' lang='lat' dir='ltr'><strong>(Philipp.</strong></span> <span class='ocrx_word' id='word_1_15' title='bbox 2650 571 2732 624; x_wconf 82' lang='grc' dir='ltr'><strong>ιιι,</strong></span> <span class='ocrx_word' id='word_1_16' title='bbox 2764 553 2838 626; x_wconf 85' lang='lat'><strong>3).</strong></span> <span class='ocrx_word' id='word_1_17' title='bbox 2876 573 2898 604; x_wconf 69' lang='grc' dir='ltr'><strong>υ</strong></span> <span class='ocrx_word' id='word_1_18' title='bbox 2931 551 3041 619; x_wconf 87' lang='lat' dir='ltr'><strong>Qui</strong></span> <span class='ocrx_word' id='word_1_19' title='bbox 3073 551 3229 609; x_wconf 88' lang='lat' dir='ltr'><strong>enim</strong></span> <span class='ocrx_word' id='word_1_20' title='bbox 3257 552 3449 624; x_wconf 89' lang='lat' dir='ltr'><strong>servit,</strong></span> <span class='ocrx_word' id='word_1_21' title='bbox 3481 556 3534 608; x_wconf 90' lang='lat' dir='ltr'><strong>et</strong></span> <span class='ocrx_word' id='word_1_22' title='bbox 3557 553 3748 625; x_wconf 86' lang='lat' dir='ltr'><strong>adorat,</strong></span> <span class='ocrx_word' id='word_1_23' title='bbox 3774 557 3885 612; x_wconf 88' lang='lat' dir='ltr'><strong>sicut</strong></span> 
     </span>
    </p>
   </div>
   <div class='ocr_carea' id='block_1_5' title="bbox 551 637 2212 714">
    <p class='ocr_par' dir='ltr' id='par_1_5' title="bbox 551 637 2212 714">
     <span class='ocr_line' id='line_1_5' title="bbox 551 637 2212 714; baseline 0.004 -23"><span class='ocrx_word' id='word_1_24' title='bbox 551 637 1062 708; x_wconf 86' lang='lat' dir='ltr'><strong>superabundaret</strong></span> <span class='ocrx_word' id='word_1_25' title='bbox 1083 643 1138 695; x_wconf 90' lang='lat' dir='ltr'><strong>et</strong></span> <span class='ocrx_word' id='word_1_26' title='bbox 1159 641 1347 712; x_wconf 87' lang='lat' dir='ltr'><strong>gratia</strong></span> <span class='ocrx_word' id='word_1_27' title='bbox 1370 641 1558 712; x_wconf 83' lang='lat' dir='ltr'><strong>(Rom.</strong></span> <span class='ocrx_word' id='word_1_28' title='bbox 1598 659 1654 708; x_wconf 86' lang='lat' dir='ltr'><strong>v,</strong></span> <span class='ocrx_word' id='word_1_29' title='bbox 1679 643 1791 714; x_wconf 70' lang='grc' dir='ltr'><strong>⁴ΞΟ).</strong></span> <span class='ocrx_word' id='word_1_30' title='bbox 1818 665 1840 692; x_wconf 79' lang='grc'>››</span> <span class='ocrx_word' id='word_1_31' title='bbox 1883 643 2212 714; x_wconf 89' lang='lat' dir='ltr'><strong>Meritoque</strong></span> 
     </span>
    </p>
   </div>
   <div class='ocr_carea' id='block_1_6' title="bbox 549 725 2214 803">
    <p class='ocr_par' dir='ltr' id='par_1_6' title="bbox 549 725 2214 803">
     <span class='ocr_line' id='line_1_6' title="bbox 549 725 2214 803; baseline 0.004 -23"><span class='ocrx_word' id='word_1_32' title='bbox 549 726 623 780; x_wconf 89' lang='lat' dir='ltr'><strong>ad</strong></span> <span class='ocrx_word' id='word_1_33' title='bbox 655 725 818 780; x_wconf 90' lang='lat' dir='ltr'><strong>viros</strong></span> <span class='ocrx_word' id='word_1_34' title='bbox 857 728 1072 783; x_wconf 82' lang='lat' dir='ltr'><strong>femina</strong></span> <span class='ocrx_word' id='word_1_35' title='bbox 1119 729 1466 800; x_wconf 72' lang='lat' dir='ltr'><strong>destinatur,</strong></span> <span class='ocrx_word' id='word_1_36' title='bbox 1519 735 1579 786; x_wconf 88' lang='lat' dir='ltr'><strong>ut</strong></span> <span class='ocrx_word' id='word_1_37' title='bbox 1625 747 1758 803; x_wconf 64' lang='lat' dir='ltr'><strong>quae</strong></span> <span class='ocrx_word' id='word_1_38' title='bbox 1812 732 2041 802; x_wconf 86' lang='lat' dir='ltr'><strong>culpam</strong></span> <span class='ocrx_word' id='word_1_39' title='bbox 2083 733 2214 786; x_wconf 92' lang='lat' dir='ltr'><strong>viro</strong></span> 
     </span>
    </p>
   </div>
   <div class='ocr_carea' id='block_1_7' title="bbox 549 815 2215 892">
    <p class='ocr_par' dir='ltr' id='par_1_7' title="bbox 549 815 2215 892">
     <span class='ocr_line' id='line_1_7' title="bbox 549 815 2215 892; baseline 0.004 -24"><span class='ocrx_word' id='word_1_40' title='bbox 549 815 738 885; x_wconf 89' lang='lat' dir='ltr'><strong>prima</strong></span> <span class='ocrx_word' id='word_1_41' title='bbox 769 817 1156 889; x_wconf 81' lang='lat' dir='ltr'><strong>nuntiaverat,</strong></span> <span class='ocrx_word' id='word_1_42' title='bbox 1190 819 1377 888; x_wconf 90' lang='lat' dir='ltr'><strong>prima</strong></span> <span class='ocrx_word' id='word_1_43' title='bbox 1426 819 1658 874; x_wconf 86' lang='lat' dir='ltr'><strong>Domini</strong></span> <span class='ocrx_word' id='word_1_44' title='bbox 1701 821 1949 892; x_wconf 79' lang='lat' dir='ltr'><strong>gratiam</strong></span> <span class='ocrx_word' id='word_1_45' title='bbox 1978 822 2215 875; x_wconf 89' lang='lat' dir='ltr'><strong>nuntia-</strong></span> 
     </span>
    </p>
   </div>
   <div class='ocr_carea' id='block_1_8' title="bbox 551 906 660 960">
    <p class='ocr_par' dir='ltr' id='par_1_8' title="bbox 551 906 660 960">
     <span class='ocr_line' id='line_1_8' title="bbox 551 906 660 960; baseline -0.009 -1"><span class='ocrx_word' id='word_1_46' title='bbox 551 906 660 960; x_wconf 91' lang='lat' dir='ltr'><strong>ret.</strong></span> 
     </span>
    </p>
   </div>
   <div class='ocr_carea' id='block_1_9' title="bbox 621 993 2212 1069">
    <p class='ocr_par' dir='ltr' id='par_1_9' title="bbox 621 993 2212 1069">
     <span class='ocr_line' id='line_1_9' title="bbox 621 993 2212 1069; baseline 0.003 -21"><span class='ocrx_word' id='word_1_47' title='bbox 621 993 712 1050; x_wconf 81' lang='lat'><strong>&#39;75.</strong></span> <span class='ocrx_word' id='word_1_48' title='bbox 743 994 1153 1050; x_wconf 83' lang='lat' dir='ltr'><strong>Adoraverunt</strong></span> <span class='ocrx_word' id='word_1_49' title='bbox 1183 999 1238 1051; x_wconf 91' lang='lat' dir='ltr'><strong>et</strong></span> <span class='ocrx_word' id='word_1_50' title='bbox 1269 998 1518 1068; x_wconf 80' lang='lat' dir='ltr'><strong>apostoli</strong></span> <span class='ocrx_word' id='word_1_51' title='bbox 1551 997 1791 1062; x_wconf 80' lang='lat' dir='ltr'><strong>(Matth.</strong></span> <span class='ocrx_word' id='word_1_52' title='bbox 1837 1016 2044 1068; x_wconf 84' lang='lat' dir='ltr'><strong>xxvm,</strong></span> <span class='ocrx_word' id='word_1_53' title='bbox 2080 995 2170 1069; x_wconf 83' lang='lat'><strong>1&#39;7)</strong></span> <span class='ocrx_word' id='word_1_54' title='bbox 2197 1013 2212 1068; x_wconf 91' lang='lat'><strong>;</strong></span> 
     </span>
    </p>
   </div>
   <div class='ocr_carea' id='block_1_10' title="bbox 553 1081 2211 1157">
    <p class='ocr_par' dir='ltr' id='par_1_10' title="bbox 553 1081 2211 1157">
     <span class='ocr_line' id='line_1_10' title="bbox 553 1081 2211 1157; baseline 0.002 -20"><span class='ocrx_word' id='word_1_55' title='bbox 553 1083 612 1137; x_wconf 87' lang='lat' dir='ltr'><strong>et</strong></span> <span class='ocrx_word' id='word_1_56' title='bbox 639 1081 770 1138; x_wconf 90' lang='lat' dir='ltr'><strong>ideo</strong></span> <span class='ocrx_word' id='word_1_57' title='bbox 801 1084 936 1152; x_wconf 85' lang='lat' dir='ltr'><strong>quia</strong></span> <span class='ocrx_word' id='word_1_58' title='bbox 967 1084 1301 1140; x_wconf 89' lang='lat' dir='ltr'><strong>detulerunt</strong></span> <span class='ocrx_word' id='word_1_59' title='bbox 1330 1086 1465 1140; x_wconf 85' lang='lat' dir='ltr'><strong>fidei</strong></span> <span class='ocrx_word' id='word_1_60' title='bbox 1504 1087 1926 1157; x_wconf 89' lang='lat' dir='ltr'><strong>testimonium,</strong></span> <span class='ocrx_word' id='word_1_61' title='bbox 1959 1103 2211 1156; x_wconf 82' lang='lat' dir='ltr'><strong>accepe-</strong></span> 
     </span>
    </p>
   </div>
   <div class='ocr_carea' id='block_1_11' title="bbox 555 1171 2218 1248">
    <p class='ocr_par' dir='ltr' id='par_1_11' title="bbox 555 1171 2218 1248">
     <span class='ocr_line' id='line_1_11' title="bbox 555 1171 2218 1248; baseline 0.002 -22"><span class='ocrx_word' id='word_1_62' title='bbox 555 1173 692 1226; x_wconf 90' lang='lat' dir='ltr'><strong>runt</strong></span> <span class='ocrx_word' id='word_1_63' title='bbox 721 1171 857 1226; x_wconf 81' lang='lat' dir='ltr'><strong>fidei</strong></span> <span class='ocrx_word' id='word_1_64' title='bbox 887 1173 1314 1245; x_wconf 81' lang='lat' dir='ltr'><strong>magisterium.</strong></span> <span class='ocrx_word' id='word_1_65' title='bbox 1350 1175 1762 1230; x_wconf 85' lang='lat' dir='ltr'><strong>Adoraverunt</strong></span> <span class='ocrx_word' id='word_1_66' title='bbox 1792 1178 1848 1230; x_wconf 91' lang='lat' dir='ltr'><strong>et</strong></span> <span class='ocrx_word' id='word_1_67' title='bbox 1891 1175 2111 1248; x_wconf 82' lang='lat' dir='ltr'><strong>angeli,</strong></span> <span class='ocrx_word' id='word_1_68' title='bbox 2145 1175 2218 1230; x_wconf 90' lang='lat' dir='ltr'><strong>de</strong></span> 
     </span>
    </p>
   </div>
   <div class='ocr_carea' id='block_1_12' title="bbox 557 1258 2218 1331">
    <p class='ocr_par' dir='ltr' id='par_1_12' title="bbox 557 1258 2218 1331">
     <span class='ocr_line' id='line_1_12' title="bbox 557 1258 2218 1331; baseline 0.005 -19"><span class='ocrx_word' id='word_1_69' title='bbox 557 1258 774 1330; x_wconf 85' lang='lat' dir='ltr'>quibus</span> <span class='ocrx_word' id='word_1_70' title='bbox 805 1261 1088 1331; x_wconf 90' lang='lat' dir='ltr'><strong>scriptum</strong></span> <span class='ocrx_word' id='word_1_71' title='bbox 1118 1266 1244 1319; x_wconf 86' lang='lat' dir='ltr'><strong>est:</strong></span> <span class='ocrx_word' id='word_1_72' title='bbox 1284 1286 1305 1311; x_wconf 80' lang='grc' dir='ltr'><strong>«ι</strong></span> <span class='ocrx_word' id='word_1_73' title='bbox 1341 1263 1412 1318; x_wconf 89' lang='lat' dir='ltr'><strong>Et</strong></span> <span class='ocrx_word' id='word_1_74' title='bbox 1438 1263 1683 1318; x_wconf 78' lang='lat' dir='ltr'><strong>adorent</strong></span> <span class='ocrx_word' id='word_1_75' title='bbox 1715 1279 1848 1318; x_wconf 91' lang='lat' dir='ltr'><strong>cum</strong></span> <span class='ocrx_word' id='word_1_76' title='bbox 1881 1279 2086 1319; x_wconf 91' lang='lat' dir='ltr'><strong>omnes</strong></span> <span class='ocrx_word' id='word_1_77' title='bbox 2110 1279 2218 1320; x_wconf 89' lang='lat' dir='ltr'><strong>an-</strong></span> 
     </span>
    </p>
   </div>
   <div class='ocr_carea' id='block_1_13' title="bbox 558 1347 1260 1422">
    <p class='ocr_par' dir='ltr' id='par_1_13' title="bbox 558 1347 1260 1422">
     <span class='ocr_line' id='line_1_13' title="bbox 558 1347 1260 1422; baseline 0.009 -21"><span class='ocrx_word' id='word_1_78' title='bbox 558 1347 678 1422; x_wconf 82' lang='lat' dir='ltr'><strong>geli</strong></span> <span class='ocrx_word' id='word_1_79' title='bbox 707 1347 841 1421; x_wconf 83' lang='lat' dir='ltr'><strong>ejus</strong></span> <span class='ocrx_word' id='word_1_80' title='bbox 870 1350 1079 1418; x_wconf 83' lang='lat' dir='ltr'><strong>(Hebr.</strong></span> <span class='ocrx_word' id='word_1_81' title='bbox 1115 1369 1152 1420; x_wconf 88' lang='grc' dir='ltr'><strong>ι,</strong></span> <span class='ocrx_word' id='word_1_82' title='bbox 1187 1351 1260 1421; x_wconf 89' lang='lat'><strong>6).</strong></span> 
     </span>
    </p>
   </div>
   <div class='ocr_carea' id='block_1_14' title="bbox 629 1437 2218 1512">
    <p class='ocr_par' dir='ltr' id='par_1_14' title="bbox 629 1437 2218 1512">
     <span class='ocr_line' id='line_1_14' title="bbox 629 1437 2218 1512; baseline 0.002 -21"><span class='ocrx_word' id='word_1_83' title='bbox 629 1437 719 1492; x_wconf 76' lang='lat'><strong>&#39;76.</strong></span> <span class='ocrx_word' id='word_1_84' title='bbox 753 1437 1015 1493; x_wconf 78' lang='lat' dir='ltr'><strong>Adorant</strong></span> <span class='ocrx_word' id='word_1_85' title='bbox 1056 1443 1250 1494; x_wconf 89' lang='lat' dir='ltr'><strong>autem</strong></span> <span class='ocrx_word' id='word_1_86' title='bbox 1297 1456 1416 1495; x_wconf 91' lang='lat' dir='ltr'><strong>non</strong></span> <span class='ocrx_word' id='word_1_87' title='bbox 1464 1441 1658 1496; x_wconf 90' lang='lat' dir='ltr'><strong>solum</strong></span> <span class='ocrx_word' id='word_1_88' title='bbox 1709 1441 2072 1496; x_wconf 85' lang='lat' dir='ltr'><strong>divinitatem</strong></span> <span class='ocrx_word' id='word_1_89' title='bbox 2103 1440 2218 1512; x_wconf 78' lang='grc'>(30)</span> 
     </span>
    </p>
   </div>
   <div class='ocr_carea' id='block_1_15' title="bbox 560 1524 2222 1602">
    <p class='ocr_par' dir='ltr' id='par_1_15' title="bbox 560 1524 2222 1602">
     <span class='ocr_line' id='line_1_15' title="bbox 560 1524 2222 1602; baseline 0.002 -22"><span class='ocrx_word' id='word_1_90' title='bbox 560 1524 716 1596; x_wconf 83' lang='lat' dir='ltr'><strong>ejus,</strong></span> <span class='ocrx_word' id='word_1_91' title='bbox 741 1527 849 1582; x_wconf 91' lang='lat' dir='ltr'><strong>sed</strong></span> <span class='ocrx_word' id='word_1_92' title='bbox 874 1529 1048 1582; x_wconf 88' lang='lat' dir='ltr'><strong>etiam</strong></span> <span class='ocrx_word' id='word_1_93' title='bbox 1078 1529 1405 1584; x_wconf 87' lang='lat' dir='ltr'><strong>scabellum</strong></span> <span class='ocrx_word' id='word_1_94' title='bbox 1433 1530 1649 1600; x_wconf 89' lang='lat' dir='ltr'><strong>pedum</strong></span> <span class='ocrx_word' id='word_1_95' title='bbox 1680 1529 1835 1602; x_wconf 86' lang='lat' dir='ltr'><strong>ejus,</strong></span> <span class='ocrx_word' id='word_1_96' title='bbox 1879 1531 2035 1584; x_wconf 88' lang='lat' dir='ltr'><strong>sicut</strong></span> <span class='ocrx_word' id='word_1_97' title='bbox 2073 1529 2222 1585; x_wconf 85' lang='lat' dir='ltr'><strong>scri-</strong></span> 
     </span>
    </p>
   </div>
   <div class='ocr_carea' id='block_1_16' title="bbox 559 1616 2218 1689">
    <p class='ocr_par' dir='ltr' id='par_1_16' title="bbox 559 1616 2218 1689">
     <span class='ocr_line' id='line_1_16' title="bbox 559 1616 2218 1689; baseline 0.003 -21"><span class='ocrx_word' id='word_1_98' title='bbox 559 1616 722 1686; x_wconf 90' lang='lat' dir='ltr'><strong>ptum</strong></span> <span class='ocrx_word' id='word_1_99' title='bbox 753 1619 880 1671; x_wconf 91' lang='lat' dir='ltr'><strong>est:</strong></span> <span class='ocrx_word' id='word_1_100' title='bbox 945 1639 966 1664; x_wconf 75' lang='grc' dir='ltr'><strong>«ι</strong></span> <span class='ocrx_word' id='word_1_101' title='bbox 1021 1617 1091 1670; x_wconf 90' lang='lat' dir='ltr'><strong>Et</strong></span> <span class='ocrx_word' id='word_1_102' title='bbox 1145 1619 1385 1672; x_wconf 88' lang='lat' dir='ltr'><strong>adorate</strong></span> <span class='ocrx_word' id='word_1_103' title='bbox 1426 1619 1753 1673; x_wconf 89' lang='lat' dir='ltr'><strong>scabellum</strong></span> <span class='ocrx_word' id='word_1_104' title='bbox 1803 1619 2018 1689; x_wconf 89' lang='lat' dir='ltr'><strong>pedum</strong></span> <span class='ocrx_word' id='word_1_105' title='bbox 2061 1617 2218 1688; x_wconf 89' lang='lat' dir='ltr'><strong>ejus,</strong></span> 
     </span>
    </p>
   </div>
   <div class='ocr_carea' id='block_1_17' title="bbox 563 1703 2220 1776">
    <p class='ocr_par' dir='ltr' id='par_1_17' title="bbox 563 1703 2220 1776">
     <span class='ocr_line' id='line_1_17' title="bbox 563 1703 2220 1776; baseline 0.002 -19"><span class='ocrx_word' id='word_1_106' title='bbox 563 1703 838 1773; x_wconf 88' lang='lat' dir='ltr'><strong>quoniam</strong></span> <span class='ocrx_word' id='word_1_107' title='bbox 870 1707 1147 1760; x_wconf 83' lang='lat' dir='ltr'><strong>sanctum</strong></span> <span class='ocrx_word' id='word_1_108' title='bbox 1168 1709 1260 1761; x_wconf 89' lang='lat' dir='ltr'><strong>est</strong></span> <span class='ocrx_word' id='word_1_109' title='bbox 1314 1706 1504 1776; x_wconf 87' lang='lat' dir='ltr'><strong>(Psal.</strong></span> <span class='ocrx_word' id='word_1_110' title='bbox 1560 1723 1766 1773; x_wconf 84' lang='lat' dir='ltr'><strong>xcvm,</strong></span> <span class='ocrx_word' id='word_1_111' title='bbox 1825 1707 1899 1776; x_wconf 87' lang='lat'><strong>5).</strong></span> <span class='ocrx_word' id='word_1_112' title='bbox 1938 1730 1960 1756; x_wconf 72' lang='grc' dir='ltr'><strong>ιι</strong></span> <span class='ocrx_word' id='word_1_113' title='bbox 2025 1707 2140 1760; x_wconf 90' lang='lat' dir='ltr'><strong>Aut</strong></span> <span class='ocrx_word' id='word_1_114' title='bbox 2167 1707 2220 1760; x_wconf 92' lang='lat' dir='ltr'><strong>si</strong></span> 
     </span>
    </p>
   </div>
   <div class='ocr_carea' id='block_1_18' title="bbox 561 1791 2222 1864">
    <p class='ocr_par' dir='ltr' id='par_1_18' title="bbox 561 1791 2222 1864">
     <span class='ocr_line' id='line_1_18' title="bbox 561 1791 2222 1864; baseline 0.002 -18"><span class='ocrx_word' id='word_1_115' title='bbox 561 1795 781 1863; x_wconf 89' lang='lat' dir='ltr'><strong>negant</strong></span> <span class='ocrx_word' id='word_1_116' title='bbox 810 1793 946 1864; x_wconf 88' lang='lat' dir='ltr'>quia</span> <span class='ocrx_word' id='word_1_117' title='bbox 977 1793 1036 1848; x_wconf 88' lang='lat' dir='ltr'><strong>in</strong></span> <span class='ocrx_word' id='word_1_118' title='bbox 1080 1791 1316 1850; x_wconf 87' lang='lat' dir='ltr'><strong>Christo</strong></span> <span class='ocrx_word' id='word_1_119' title='bbox 1375 1795 1550 1849; x_wconf 91' lang='lat' dir='ltr'><strong>etiam</strong></span> <span class='ocrx_word' id='word_1_120' title='bbox 1609 1795 2034 1850; x_wconf 81' lang='lat' dir='ltr'><strong>incarnationis</strong></span> <span class='ocrx_word' id='word_1_121' title='bbox 2083 1795 2222 1850; x_wconf 84' lang='lat' dir='ltr'><strong>ado-</strong></span> 
     </span>
    </p>
   </div>
   <div class='ocr_carea' id='block_1_19' title="bbox 560 1881 2222 1956">
    <p class='ocr_par' dir='ltr' id='par_1_19' title="bbox 560 1881 2222 1956">
     <span class='ocr_line' id='line_1_19' title="bbox 560 1881 2222 1956; baseline 0.003 -22"><span class='ocrx_word' id='word_1_122' title='bbox 560 1881 746 1935; x_wconf 89' lang='lat' dir='ltr'><strong>randa</strong></span> <span class='ocrx_word' id='word_1_123' title='bbox 775 1883 1054 1953; x_wconf 67' lang='lat' dir='ltr'><strong>mysteria</strong></span> <span class='ocrx_word' id='word_1_124' title='bbox 1086 1884 1223 1954; x_wconf 90' lang='lat' dir='ltr'><strong>sint,</strong></span> <span class='ocrx_word' id='word_1_125' title='bbox 1257 1885 1317 1938; x_wconf 93' lang='lat' dir='ltr'><strong>in</strong></span> <span class='ocrx_word' id='word_1_126' title='bbox 1347 1884 1565 1956; x_wconf 89' lang='lat' dir='ltr'><strong>quibus</strong></span> <span class='ocrx_word' id='word_1_127' title='bbox 1597 1885 1756 1938; x_wconf 90' lang='lat' dir='ltr'><strong>velut</strong></span> <span class='ocrx_word' id='word_1_128' title='bbox 1785 1884 2038 1956; x_wconf 88' lang='lat' dir='ltr'><strong>vestigia</strong></span> <span class='ocrx_word' id='word_1_129' title='bbox 2067 1901 2222 1955; x_wconf 82' lang='lat' dir='ltr'><strong>quae-</strong></span> 
     </span>
    </p>
   </div>
   <div class='ocr_carea' id='block_1_20' title="bbox 559 1967 2217 2044">
    <p class='ocr_par' dir='ltr' id='par_1_20' title="bbox 559 1967 2217 2044">
     <span class='ocr_line' id='line_1_20' title="bbox 559 1967 2217 2044; baseline 0.002 -21"><span class='ocrx_word' id='word_1_130' title='bbox 559 1967 693 2023; x_wconf 90' lang='lat' dir='ltr'><strong>dam</strong></span> <span class='ocrx_word' id='word_1_131' title='bbox 725 1969 1046 2026; x_wconf 88' lang='lat' dir='ltr'><strong>divinitatis</strong></span> <span class='ocrx_word' id='word_1_132' title='bbox 1091 1987 1400 2044; x_wconf 89' lang='lat' dir='ltr'><strong>expressa,</strong></span> <span class='ocrx_word' id='word_1_133' title='bbox 1435 1976 1492 2027; x_wconf 89' lang='lat' dir='ltr'><strong>et</strong></span> <span class='ocrx_word' id='word_1_134' title='bbox 1540 1973 1668 2027; x_wconf 87' lang='lat' dir='ltr'><strong>vias</strong></span> <span class='ocrx_word' id='word_1_135' title='bbox 1719 1973 2006 2044; x_wconf 89' lang='lat' dir='ltr'><strong>quasdam</strong></span> <span class='ocrx_word' id='word_1_136' title='bbox 2035 1973 2217 2026; x_wconf 82' lang='lat' dir='ltr'><strong>Verbi</strong></span> 
     </span>
    </p>
   </div>
   <div class='ocr_carea' id='block_1_21' title="bbox 561 2057 2221 2133">
    <p class='ocr_par' dir='ltr' id='par_1_21' title="bbox 561 2057 2221 2133">
     <span class='ocr_line' id='line_1_21' title="bbox 561 2057 2221 2133; baseline 0.002 -21"><span class='ocrx_word' id='word_1_137' title='bbox 561 2057 824 2113; x_wconf 79' lang='lat' dir='ltr'><strong>ccelestis</strong></span> <span class='ocrx_word' id='word_1_138' title='bbox 845 2061 1238 2132; x_wconf 77' lang='lat' dir='ltr'><strong>advertimus;</strong></span> <span class='ocrx_word' id='word_1_139' title='bbox 1270 2061 1470 2133; x_wconf 86' lang='lat' dir='ltr'><strong>legant</strong></span> <span class='ocrx_word' id='word_1_140' title='bbox 1501 2061 1634 2131; x_wconf 87' lang='lat' dir='ltr'><strong>quia</strong></span> <span class='ocrx_word' id='word_1_141' title='bbox 1659 2064 1715 2115; x_wconf 89' lang='lat' dir='ltr'><strong>et</strong></span> <span class='ocrx_word' id='word_1_142' title='bbox 1735 2061 1986 2131; x_wconf 86' lang='lat' dir='ltr'><strong>apostoli</strong></span> <span class='ocrx_word' id='word_1_143' title='bbox 2009 2061 2221 2116; x_wconf 86' lang='lat' dir='ltr'><strong>adora—</strong></span> 
     </span>
    </p>
   </div>
   <div class='ocr_carea' id='block_1_22' title="bbox 555 2145 2214 2223">
    <p class='ocr_par' dir='ltr' id='par_1_22' title="bbox 555 2145 2214 2223">
     <span class='ocr_line' id='line_1_22' title="bbox 555 2145 2214 2223; baseline 0.002 -22"><span class='ocrx_word' id='word_1_144' title='bbox 555 2145 698 2202; x_wconf 87' lang='lat' dir='ltr'><strong>bant</strong></span> <span class='ocrx_word' id='word_1_145' title='bbox 727 2163 862 2202; x_wconf 89' lang='lat' dir='ltr'><strong>eum</strong></span> <span class='ocrx_word' id='word_1_146' title='bbox 891 2149 949 2204; x_wconf 90' lang='lat' dir='ltr'><strong>in</strong></span> <span class='ocrx_word' id='word_1_147' title='bbox 995 2149 1190 2204; x_wconf 90' lang='lat' dir='ltr'><strong>carnis</strong></span> <span class='ocrx_word' id='word_1_148' title='bbox 1249 2150 1440 2222; x_wconf 87' lang='lat' dir='ltr'><strong>gloria</strong></span> <span class='ocrx_word' id='word_1_149' title='bbox 1495 2153 1911 2223; x_wconf 80' lang='lat' dir='ltr'><strong>resurgentem</strong></span> <span class='ocrx_word' id='word_1_150' title='bbox 1972 2150 2214 2222; x_wconf 71' lang='lat' dir='ltr'><strong>(Matt/1.</strong></span> 
     </span>
    </p>
   </div>
   <div class='ocr_carea' id='block_1_23' title="bbox 561 2237 1333 2308">
    <p class='ocr_par' dir='ltr' id='par_1_23' title="bbox 561 2237 1333 2308">
     <span class='ocr_line' id='line_1_23' title="bbox 561 2237 1333 2308; baseline -0.008 -18"><span class='ocrx_word' id='word_1_151' title='bbox 561 2251 770 2308; x_wconf 82' lang='lat' dir='ltr'><strong>xxvm,</strong></span> <span class='ocrx_word' id='word_1_152' title='bbox 805 2237 916 2308; x_wconf 85' lang='lat'><strong>17).</strong></span> <span class='ocrx_word' id='word_1_153' title='bbox 1321 2275 1333 2284; x_wconf 93' lang='lat'><strong>.</strong></span> 
     </span>
    </p>
   </div>
   <div class='ocr_carea' id='block_1_24' title="bbox 629 2325 2223 2400">
    <p class='ocr_par' dir='ltr' id='par_1_24' title="bbox 629 2325 2223 2400">
     <span class='ocr_line' id='line_1_24' title="bbox 629 2325 2223 2400; baseline 0.001 -21"><span class='ocrx_word' id='word_1_154' title='bbox 629 2325 718 2380; x_wconf 83' lang='lat'><strong>7&#39;7.</strong></span> <span class='ocrx_word' id='word_1_155' title='bbox 753 2325 912 2399; x_wconf 87' lang='lat' dir='ltr'><strong>Ergo</strong></span> <span class='ocrx_word' id='word_1_156' title='bbox 943 2327 995 2382; x_wconf 89' lang='lat' dir='ltr'><strong>si</strong></span> <span class='ocrx_word' id='word_1_157' title='bbox 1053 2327 1197 2382; x_wconf 90' lang='lat' dir='ltr'><strong>nihil</strong></span> <span class='ocrx_word' id='word_1_158' title='bbox 1257 2327 1502 2400; x_wconf 83' lang='lat' dir='ltr'><strong>derogat</strong></span> <span class='ocrx_word' id='word_1_159' title='bbox 1559 2327 1814 2398; x_wconf 87' lang='lat' dir='ltr'><strong>Christo,</strong></span> <span class='ocrx_word' id='word_1_160' title='bbox 1874 2327 2031 2399; x_wconf 87' lang='lat' dir='ltr'><strong>quod</strong></span> <span class='ocrx_word' id='word_1_161' title='bbox 2063 2327 2223 2382; x_wconf 90' lang='lat' dir='ltr'><strong>Deus</strong></span> 
     </span>
    </p>
   </div>
   <div class='ocr_carea' id='block_1_25' title="bbox 560 2415 2218 2488">
    <p class='ocr_par' dir='ltr' id='par_1_25' title="bbox 560 2415 2218 2488">
     <span class='ocr_line' id='line_1_25' title="bbox 560 2415 2218 2488; baseline 0.001 -20"><span class='ocrx_word' id='word_1_162' title='bbox 560 2415 838 2470; x_wconf 87' lang='lat' dir='ltr'><strong>adoratur</strong></span> <span class='ocrx_word' id='word_1_163' title='bbox 875 2416 935 2470; x_wconf 90' lang='lat' dir='ltr'><strong>in</strong></span> <span class='ocrx_word' id='word_1_164' title='bbox 975 2415 1252 2486; x_wconf 90' lang='lat' dir='ltr'><strong>Christo;</strong></span> <span class='ocrx_word' id='word_1_165' title='bbox 1305 2417 1442 2488; x_wconf 90' lang='lat' dir='ltr'><strong>quia</strong></span> <span class='ocrx_word' id='word_1_166' title='bbox 1485 2417 1764 2471; x_wconf 89' lang='lat' dir='ltr'><strong>adoratur</strong></span> <span class='ocrx_word' id='word_1_167' title='bbox 1810 2419 1867 2472; x_wconf 91' lang='lat' dir='ltr'><strong>et</strong></span> <span class='ocrx_word' id='word_1_168' title='bbox 1909 2415 2218 2471; x_wconf 90' lang='lat' dir='ltr'><strong>Christus:</strong></span> 
     </span>
    </p>
   </div>
   <div class='ocr_carea' id='block_1_26' title="bbox 563 2502 2222 2576">
    <p class='ocr_par' dir='ltr' id='par_1_26' title="bbox 563 2502 2222 2576">
     <span class='ocr_line' id='line_1_26' title="bbox 563 2502 2222 2576; baseline 0.001 -20"><span class='ocrx_word' id='word_1_169' title='bbox 563 2502 709 2556; x_wconf 89' lang='lat' dir='ltr'><strong>nihil</strong></span> <span class='ocrx_word' id='word_1_170' title='bbox 749 2503 948 2575; x_wconf 89' lang='lat' dir='ltr'><strong>utique</strong></span> <span class='ocrx_word' id='word_1_171' title='bbox 1007 2505 1253 2576; x_wconf 86' lang='lat' dir='ltr'><strong>derogat</strong></span> <span class='ocrx_word' id='word_1_172' title='bbox 1309 2505 1482 2559; x_wconf 91' lang='lat' dir='ltr'><strong>etiam</strong></span> <span class='ocrx_word' id='word_1_173' title='bbox 1541 2504 1807 2576; x_wconf 87' lang='lat' dir='ltr'><strong>Spiritui,</strong></span> <span class='ocrx_word' id='word_1_174' title='bbox 1869 2505 2004 2576; x_wconf 88' lang='lat' dir='ltr'><strong>quia</strong></span> <span class='ocrx_word' id='word_1_175' title='bbox 2063 2505 2222 2559; x_wconf 90' lang='lat' dir='ltr'><strong>Deus</strong></span> 
     </span>
    </p>
   </div>
   <div class='ocr_carea' id='block_1_27' title="bbox 559 2591 2218 2665">
    <p class='ocr_par' dir='ltr' id='par_1_27' title="bbox 559 2591 2218 2665">
     <span class='ocr_line' id='line_1_27' title="bbox 559 2591 2218 2665; baseline 0.001 -21"><span class='ocrx_word' id='word_1_176' title='bbox 559 2591 928 2647; x_wconf 89' lang='lat' dir='ltr'><strong>adoraturln</strong></span> <span class='ocrx_word' id='word_1_177' title='bbox 975 2592 1235 2663; x_wconf 84' lang='lat' dir='ltr'><strong>Spiritu;</strong></span> <span class='ocrx_word' id='word_1_178' title='bbox 1295 2595 1432 2665; x_wconf 91' lang='lat' dir='ltr'><strong>quia</strong></span> <span class='ocrx_word' id='word_1_179' title='bbox 1495 2594 1775 2648; x_wconf 88' lang='lat' dir='ltr'><strong>adoratur</strong></span> <span class='ocrx_word' id='word_1_180' title='bbox 1833 2597 1890 2648; x_wconf 93' lang='lat' dir='ltr'><strong>et</strong></span> <span class='ocrx_word' id='word_1_181' title='bbox 1940 2593 2218 2664; x_wconf 85' lang='lat' dir='ltr'><strong>Spiritus,</strong></span> 
     </span>
    </p>
   </div>
   <div class='ocr_carea' id='block_1_28' title="bbox 561 2680 2222 2752">
    <p class='ocr_par' dir='ltr' id='par_1_28' title="bbox 561 2680 2222 2752">
     <span class='ocr_line' id='line_1_28' title="bbox 561 2680 2222 2752; baseline 0 -16"><span class='ocrx_word' id='word_1_182' title='bbox 561 2681 716 2736; x_wconf 83' lang='lat' dir='ltr'><strong>sicut</strong></span> <span class='ocrx_word' id='word_1_183' title='bbox 761 2681 1082 2752; x_wconf 87' lang='lat' dir='ltr'><strong>Apostolus</strong></span> <span class='ocrx_word' id='word_1_184' title='bbox 1122 2681 1304 2738; x_wconf 82' lang='lat' dir='ltr'><strong>dixit:</strong></span> <span class='ocrx_word' id='word_1_185' title='bbox 1371 2705 1393 2730; x_wconf 73' lang='grc' dir='ltr'><strong>ιι</strong></span> <span class='ocrx_word' id='word_1_186' title='bbox 1457 2680 1702 2752; x_wconf 88' lang='lat' dir='ltr'><strong>Spiritui</strong></span> <span class='ocrx_word' id='word_1_187' title='bbox 1759 2681 1867 2736; x_wconf 90' lang='lat' dir='ltr'><strong>Dei</strong></span> <span class='ocrx_word' id='word_1_188' title='bbox 1923 2683 2222 2736; x_wconf 91' lang='lat' dir='ltr'><strong>servimus</strong></span> 
     </span>
    </p>
   </div>
   <div class='ocr_carea' id='block_1_29' title="bbox 634 2822 2225 2895">
    <p class='ocr_par' dir='ltr' id='par_1_29' title="bbox 634 2822 2225 2895">
     <span class='ocr_line' id='line_1_29' title="bbox 634 2822 2225 2895; baseline -0.002 -15"><span class='ocrx_word' id='word_1_189' title='bbox 634 2825 747 2895; x_wconf 82' lang='lat'><strong>(30)</strong></span> <span class='ocrx_word' id='word_1_190' title='bbox 801 2822 1202 2895; x_wconf 66' lang='lat' dir='ltr'><strong>Quiestionem</strong></span> <span class='ocrx_word' id='word_1_191' title='bbox 1245 2823 1318 2880; x_wconf 91' lang='lat' dir='ltr'><strong>de</strong></span> <span class='ocrx_word' id='word_1_192' title='bbox 1373 2825 1715 2880; x_wconf 89' lang='lat' dir='ltr'><strong>adoratione</strong></span> <span class='ocrx_word' id='word_1_193' title='bbox 1775 2823 1996 2880; x_wconf 91' lang='lat' dir='ltr'><strong>Christi</strong></span> <span class='ocrx_word' id='word_1_194' title='bbox 2051 2824 2225 2880; x_wconf 89' lang='lat' dir='ltr'><strong>etiam</strong></span> 
     </span>
    </p>
   </div>
   <div class='ocr_carea' id='block_1_30' title="bbox 563 2890 2223 2966">
    <p class='ocr_par' dir='ltr' id='par_1_30' title="bbox 563 2890 2223 2966">
     <span class='ocr_line' id='line_1_30' title="bbox 563 2890 2223 2966; baseline -0.001 -15"><span class='ocrx_word' id='word_1_195' title='bbox 563 2890 890 2951; x_wconf 81' lang='lat' dir='ltr'><strong>secundum</strong></span> <span class='ocrx_word' id='word_1_196' title='bbox 922 2890 1338 2950; x_wconf 76' lang='lat' dir='ltr'><strong>humaﬁilatem</strong></span> <span class='ocrx_word' id='word_1_197' title='bbox 1371 2911 1488 2950; x_wconf 92' lang='lat' dir='ltr'><strong>non</strong></span> <span class='ocrx_word' id='word_1_198' title='bbox 1522 2897 1650 2950; x_wconf 89' lang='lat' dir='ltr'><strong>sine</strong></span> <span class='ocrx_word' id='word_1_199' title='bbox 1693 2911 1872 2950; x_wconf 91' lang='lat' dir='ltr'><strong>causa</strong></span> <span class='ocrx_word' id='word_1_200' title='bbox 1915 2895 2011 2950; x_wconf 91' lang='lat' dir='ltr'><strong>hic</strong></span> <span class='ocrx_word' id='word_1_201' title='bbox 2051 2895 2223 2966; x_wconf 90' lang='lat' dir='ltr'><strong>paulo</strong></span> 
     </span>
    </p>
   </div>
   <div class='ocr_carea' id='block_1_31' title="bbox 563 2966 2223 3048">
    <p class='ocr_par' dir='ltr' id='par_1_31' title="bbox 563 2966 2223 3048">
     <span class='ocr_line' id='line_1_31' title="bbox 563 2966 2223 3048; baseline -0.001 -27"><span class='ocrx_word' id='word_1_202' title='bbox 563 2968 906 3048; x_wconf 79' lang='lat' dir='ltr'><strong>diligentius</strong></span> <span class='ocrx_word' id='word_1_203' title='bbox 926 2970 1146 3048; x_wconf 65' lang='lat' dir='ltr'><strong>tractat</strong></span> <span class='ocrx_word' id='word_1_204' title='bbox 1175 2971 1419 3048; x_wconf 81' lang='lat' dir='ltr'><strong>sanctus</strong></span> <span class='ocrx_word' id='word_1_205' title='bbox 1468 2969 1694 3048; x_wconf 77' lang='lat' dir='ltr'><strong>doctor.</strong></span> <span class='ocrx_word' id='word_1_206' title='bbox 1731 2966 1960 3048; x_wconf 77' lang='lat' dir='ltr'><strong>Etenim</strong></span> <span class='ocrx_word' id='word_1_207' title='bbox 1991 2966 2223 3048; x_wconf 37' lang='lat' dir='ltr'><strong>Apolli-</strong></span> 
     </span>
    </p>
   </div>
   <div class='ocr_carea' id='block_1_32' title="bbox 563 3037 2224 3110">
    <p class='ocr_par' dir='ltr' id='par_1_32' title="bbox 563 3037 2224 3110">
     <span class='ocr_line' id='line_1_32' title="bbox 563 3037 2224 3110; baseline -0.001 -16"><span class='ocrx_word' id='word_1_208' title='bbox 563 3037 824 3106; x_wconf 81' lang='lat' dir='ltr'><strong>naristae,</strong></span> <span class='ocrx_word' id='word_1_209' title='bbox 844 3041 906 3092; x_wconf 90' lang='lat' dir='ltr'><strong>ut</strong></span> <span class='ocrx_word' id='word_1_210' title='bbox 924 3038 1164 3108; x_wconf 91' lang='lat' dir='ltr'><strong>impium</strong></span> <span class='ocrx_word' id='word_1_211' title='bbox 1185 3054 1362 3110; x_wconf 88' lang='lat' dir='ltr'><strong>suum</strong></span> <span class='ocrx_word' id='word_1_212' title='bbox 1375 3039 1590 3110; x_wconf 85' lang='lat' dir='ltr'><strong>dogma</strong></span> <span class='ocrx_word' id='word_1_213' title='bbox 1613 3039 1686 3092; x_wconf 92' lang='lat' dir='ltr'><strong>de</strong></span> <span class='ocrx_word' id='word_1_214' title='bbox 1708 3039 1878 3110; x_wconf 83' lang='lat' dir='ltr'><strong>unica</strong></span> <span class='ocrx_word' id='word_1_215' title='bbox 1903 3037 1964 3092; x_wconf 85' lang='lat' dir='ltr'><strong>in</strong></span> <span class='ocrx_word' id='word_1_216' title='bbox 1987 3037 2224 3110; x_wconf 89' lang='lat' dir='ltr'><strong>Christo</strong></span> 
     </span>
    </p>
   </div>
   <div class='ocr_carea' id='block_1_33' title="bbox 564 3108 2222 3176">
    <p class='ocr_par' dir='ltr' id='par_1_33' title="bbox 564 3108 2222 3176">
     <span class='ocr_line' id='line_1_33' title="bbox 564 3108 2222 3176; baseline -0.001 -12"><span class='ocrx_word' id='word_1_217' title='bbox 564 3111 770 3165; x_wconf 89' lang='lat' dir='ltr'><strong>natura</strong></span> <span class='ocrx_word' id='word_1_218' title='bbox 803 3111 1147 3176; x_wconf 85' lang='lat' dir='ltr'><strong>statuerent,</strong></span> <span class='ocrx_word' id='word_1_219' title='bbox 1183 3125 1258 3164; x_wconf 88' lang='lat' dir='ltr'><strong>ex</strong></span> <span class='ocrx_word' id='word_1_220' title='bbox 1287 3108 1614 3164; x_wconf 84' lang='lat' dir='ltr'><strong>adulterina</strong></span> <span class='ocrx_word' id='word_1_221' title='bbox 1664 3108 1806 3164; x_wconf 80' lang='lat' dir='ltr'><strong>Julii</strong></span> <span class='ocrx_word' id='word_1_222' title='bbox 1849 3109 2014 3162; x_wconf 88' lang='lat' dir='ltr'><strong>Pont.</strong></span> <span class='ocrx_word' id='word_1_223' title='bbox 2051 3109 2222 3163; x_wconf 79' lang='lat' dir='ltr'><strong>Hom.</strong></span> 
     </span>
    </p>
   </div>
   <div class='ocr_carea' id='block_1_34' title="bbox 563 3178 2224 3251">
    <p class='ocr_par' dir='ltr' id='par_1_34' title="bbox 563 3178 2224 3251">
     <span class='ocr_line' id='line_1_34' title="bbox 563 3178 2224 3251; baseline -0.002 -15"><span class='ocrx_word' id='word_1_224' title='bbox 563 3181 813 3250; x_wconf 89' lang='lat' dir='ltr'><strong>epistola</strong></span> <span class='ocrx_word' id='word_1_225' title='bbox 843 3181 1204 3248; x_wconf 82' lang='lat' dir='ltr'><strong>dictitabant,</strong></span> <span class='ocrx_word' id='word_1_226' title='bbox 1240 3180 1534 3251; x_wconf 89' lang='lat' dir='ltr'><strong>siquidem</strong></span> <span class='ocrx_word' id='word_1_227' title='bbox 1563 3195 1682 3234; x_wconf 90' lang='lat' dir='ltr'><strong>non</strong></span> <span class='ocrx_word' id='word_1_228' title='bbox 1730 3179 1926 3251; x_wconf 86' lang='lat' dir='ltr'><strong>unius,</strong></span> <span class='ocrx_word' id='word_1_229' title='bbox 1953 3178 2080 3251; x_wconf 87' lang='lat' dir='ltr'><strong>sed</strong></span> <span class='ocrx_word' id='word_1_230' title='bbox 2111 3179 2224 3233; x_wconf 94' lang='lat' dir='ltr'><strong>du-</strong></span> 
     </span>
    </p>
   </div>
   <div class='ocr_carea' id='block_1_35' title="bbox 561 3249 2222 3322">
    <p class='ocr_par' dir='ltr' id='par_1_35' title="bbox 561 3249 2222 3322">
     <span class='ocr_line' id='line_1_35' title="bbox 561 3249 2222 3322; baseline -0.001 -16"><span class='ocrx_word' id='word_1_231' title='bbox 561 3252 737 3322; x_wconf 88' lang='lat' dir='ltr'><strong>plicis</strong></span> <span class='ocrx_word' id='word_1_232' title='bbox 787 3256 1011 3307; x_wconf 73' lang='lat' dir='ltr'><strong>naturaa</strong></span> <span class='ocrx_word' id='word_1_233' title='bbox 1057 3249 1333 3306; x_wconf 85' lang='lat' dir='ltr'><strong>Christus</strong></span> <span class='ocrx_word' id='word_1_234' title='bbox 1381 3254 1564 3318; x_wconf 90' lang='lat' dir='ltr'><strong>esset,</strong></span> <span class='ocrx_word' id='word_1_235' title='bbox 1612 3268 1645 3304; x_wconf 89' lang='lat' dir='ltr'><strong>a</strong></span> <span class='ocrx_word' id='word_1_236' title='bbox 1691 3249 1999 3322; x_wconf 85' lang='lat' dir='ltr'><strong>catholicis</strong></span> <span class='ocrx_word' id='word_1_237' title='bbox 2047 3265 2222 3304; x_wconf 91' lang='lat' dir='ltr'><strong>unam</strong></span> 
     </span>
    </p>
   </div>
   <div class='ocr_carea' id='block_1_36' title="bbox 562 3321 2223 3392">
    <p class='ocr_par' dir='ltr' id='par_1_36' title="bbox 562 3321 2223 3392">
     <span class='ocr_line' id='line_1_36' title="bbox 562 3321 2223 3392; baseline 0 -16"><span class='ocrx_word' id='word_1_238' title='bbox 562 3321 816 3392; x_wconf 79' lang='lat' dir='ltr'><strong>adorari,</strong></span> <span class='ocrx_word' id='word_1_239' title='bbox 849 3324 1092 3378; x_wconf 88' lang='lat' dir='ltr'><strong>alteram</strong></span> <span class='ocrx_word' id='word_1_240' title='bbox 1151 3338 1269 3376; x_wconf 90' lang='lat' dir='ltr'><strong>non</strong></span> <span class='ocrx_word' id='word_1_241' title='bbox 1317 3322 1551 3376; x_wconf 89' lang='lat' dir='ltr'><strong>adorari</strong></span> <span class='ocrx_word' id='word_1_242' title='bbox 1601 3324 1892 3392; x_wconf 87' lang='lat' dir='ltr'><strong>oportere,</strong></span> <span class='ocrx_word' id='word_1_243' title='bbox 1938 3321 2223 3390; x_wconf 90' lang='lat' dir='ltr'><strong>ipsosque</strong></span> 
     </span>
    </p>
   </div>
   <div class='ocr_carea' id='block_1_37' title="bbox 561 3391 2222 3464">
    <p class='ocr_par' dir='ltr' id='par_1_37' title="bbox 561 3391 2222 3464">
     <span class='ocr_line' id='line_1_37' title="bbox 561 3391 2222 3464; baseline -0.001 -16"><span class='ocrx_word' id='word_1_244' title='bbox 561 3394 622 3448; x_wconf 91' lang='lat' dir='ltr'><strong>in</strong></span> <span class='ocrx_word' id='word_1_245' title='bbox 653 3394 910 3448; x_wconf 85' lang='lat' dir='ltr'><strong>divinam</strong></span> <span class='ocrx_word' id='word_1_246' title='bbox 929 3393 1232 3464; x_wconf 84' lang='lat' dir='ltr'><strong>baptizari,</strong></span> <span class='ocrx_word' id='word_1_247' title='bbox 1257 3407 1377 3447; x_wconf 92' lang='lat' dir='ltr'><strong>non</strong></span> <span class='ocrx_word' id='word_1_248' title='bbox 1407 3395 1600 3446; x_wconf 85' lang='lat' dir='ltr'><strong>autem</strong></span> <span class='ocrx_word' id='word_1_249' title='bbox 1623 3393 1682 3446; x_wconf 90' lang='lat' dir='ltr'><strong>in</strong></span> <span class='ocrx_word' id='word_1_250' title='bbox 1711 3391 2044 3446; x_wconf 89' lang='lat' dir='ltr'><strong>humanam.</strong></span> <span class='ocrx_word' id='word_1_251' title='bbox 2070 3392 2222 3446; x_wconf 90' lang='lat' dir='ltr'><strong>Hinc</strong></span> 
     </span>
    </p>
   </div>
   <div class='ocr_carea' id='block_1_38' title="bbox 561 3467 2224 3545">
    <p class='ocr_par' dir='ltr' id='par_1_38' title="bbox 561 3467 2224 3545">
     <span class='ocr_line' id='line_1_38' title="bbox 561 3467 2224 3545; baseline -0.005 -14"><span class='ocrx_word' id='word_1_252' title='bbox 561 3477 706 3545; x_wconf 89' lang='lat' dir='ltr'><strong>erat,</strong></span> <span class='ocrx_word' id='word_1_253' title='bbox 773 3473 930 3545; x_wconf 91' lang='lat' dir='ltr'><strong>quod</strong></span> <span class='ocrx_word' id='word_1_254' title='bbox 992 3471 1390 3545; x_wconf 12' lang='lat' dir='ltr'><strong>rorthodoxos‘</strong></span> <span class='ocrx_word' id='word_1_255' title='bbox 1435 3471 1729 3545; x_wconf 64' lang='lat' dir='ltr'><strong>invidiose</strong></span> <span class='ocrx_word' id='word_1_256' title='bbox 1805 3467 2224 3545; x_wconf 59' lang='grc' dir='ltr'><strong>ᾀνθρωπρλᾷτρας</strong></span> 
     </span>
    </p>
   </div>
   <div class='ocr_carea' id='block_1_39' title="bbox 562 3541 2224 3672">
    <p class='ocr_par' dir='ltr' id='par_1_39' title="bbox 562 3541 2224 3672">
     <span class='ocr_line' id='line_1_39' title="bbox 562 3541 2224 3617; baseline -0.002 -17"><span class='ocrx_word' id='word_1_257' title='bbox 562 3541 859 3617; x_wconf 74' lang='lat' dir='ltr'><strong>appellare</strong></span> <span class='ocrx_word' id='word_1_258' title='bbox 915 3543 1205 3612; x_wconf 85' lang='lat' dir='ltr'><strong>solebant,</strong></span> <span class='ocrx_word' id='word_1_259' title='bbox 1258 3546 1316 3598; x_wconf 90' lang='lat' dir='ltr'><strong>et</strong></span> <span class='ocrx_word' id='word_1_260' title='bbox 1368 3541 1570 3614; x_wconf 80' lang='lat' dir='ltr'><strong>januis</strong></span> <span class='ocrx_word' id='word_1_261' title='bbox 1629 3542 1758 3598; x_wconf 90' lang='lat' dir='ltr'><strong>suis</strong></span> <span class='ocrx_word' id='word_1_262' title='bbox 1817 3541 2224 3597; x_wconf 80' lang='lat' dir='ltr'><strong>inscribebant</strong></span> 
     </span>
     <span class='ocr_line' id='line_1_40' title="bbox 565 3613 2223 3672; baseline -0.002 -1"><span class='ocrx_word' id='word_1_263' title='bbox 565 3641 587 3664; x_wconf 77' lang='grc' dir='ltr'><strong>ιι</strong></span> <span class='ocrx_word' id='word_1_264' title='bbox 623 3615 986 3672; x_wconf 90' lang='lat' dir='ltr'><strong>adorandum</strong></span> <span class='ocrx_word' id='word_1_265' title='bbox 1016 3630 1154 3670; x_wconf 90' lang='lat' dir='ltr'><strong>esse</strong></span> <span class='ocrx_word' id='word_1_266' title='bbox 1201 3629 1320 3668; x_wconf 92' lang='lat' dir='ltr'><strong>non</strong></span> <span class='ocrx_word' id='word_1_267' title='bbox 1377 3613 1672 3669; x_wconf 88' lang='lat' dir='ltr'><strong>hominem</strong></span> <span class='ocrx_word' id='word_1_268' title='bbox 1729 3613 2050 3672; x_wconf 83' lang='lat' dir='ltr'><strong>Deiferum.</strong></span> <span class='ocrx_word' id='word_1_269' title='bbox 2113 3613 2223 3668; x_wconf 92' lang='lat' dir='ltr'><strong>sed</strong></span> 
     </span>
    </p>
   </div>
   <div class='ocr_carea' id='block_1_40' title="bbox 565 3641 2050 3682">
    <p class='ocr_par' dir='ltr' id='par_1_40' title="bbox 565 3641 2050 3682">
     <span class='ocr_line' id='line_1_41' title="bbox 565 3641 2050 3682; baseline -0.003 -10"><span class='ocrx_word' id='word_1_270' title='bbox 565 3641 587 3664; x_wconf 66' lang='grc' dir='ltr'><strong>εί</strong></span> <span class='ocrx_word' id='word_1_271' title='bbox 623 3641 986 3672; x_wconf 70' lang='grc' dir='ltr'><strong>υαοιάιιυυιιι</strong></span> <span class='ocrx_word' id='word_1_272' title='bbox 1016 3641 1154 3670; x_wconf 71' lang='grc' dir='ltr'><strong>υδδυ</strong></span> <span class='ocrx_word' id='word_1_273' title='bbox 1201 3641 1320 3668; x_wconf 74' lang='grc' dir='ltr'><strong>ιιυιι</strong></span> <span class='ocrx_word' id='word_1_274' title='bbox 1377 3641 1672 3669; x_wconf 78' lang='grc' dir='ltr'><strong>ιιυιιιιιιυιιι</strong></span> <span class='ocrx_word' id='word_1_275' title='bbox 1729 3641 2050 3682; x_wconf 69' lang='grc' dir='ltr'><strong>υυιιυιυιιι,</strong></span> 
     </span>
    </p>
   </div>
   <div class='ocr_carea' id='block_1_41' title="bbox 561 3685 2222 3742">
    <p class='ocr_par' dir='ltr' id='par_1_41' title="bbox 561 3685 2222 3742">
     <span class='ocr_line' id='line_1_42' title="bbox 561 3685 2222 3742; baseline -0.002 0"><span class='ocrx_word' id='word_1_276' title='bbox 561 3689 746 3742; x_wconf 91' lang='lat' dir='ltr'><strong>Deum</strong></span> <span class='ocrx_word' id='word_1_277' title='bbox 779 3686 1156 3742; x_wconf 84' lang='lat' dir='ltr'><strong>carniferum.</strong></span> <span class='ocrx_word' id='word_1_278' title='bbox 1195 3709 1217 3734; x_wconf 81' lang='lat'><strong><em>»</em></strong></span> <span class='ocrx_word' id='word_1_279' title='bbox 1257 3685 1479 3740; x_wconf 83' lang='lat' dir='ltr'><strong>Horum</strong></span> <span class='ocrx_word' id='word_1_280' title='bbox 1509 3700 1746 3740; x_wconf 88' lang='lat' dir='ltr'><strong>errores</strong></span> <span class='ocrx_word' id='word_1_281' title='bbox 1768 3685 2055 3740; x_wconf 87' lang='lat' dir='ltr'><strong>acerrime</strong></span> <span class='ocrx_word' id='word_1_282' title='bbox 2083 3699 2222 3739; x_wconf 91' lang='lat' dir='ltr'><strong>con-</strong></span> 
     </span>
    </p>
   </div>
   <div class='ocr_carea' id='block_1_42' title="bbox 501 3755 2220 3826">
    <p class='ocr_par' dir='ltr' id='par_1_42' title="bbox 501 3755 2220 3826">
     <span class='ocr_line' id='line_1_43' title="bbox 501 3755 2220 3826; baseline -0.001 -13"><span class='ocrx_word' id='word_1_283' title='bbox 501 3776 505 3780; x_wconf 89' lang='grc'><strong>·</strong></span> <span class='ocrx_word' id='word_1_284' title='bbox 562 3758 824 3813; x_wconf 83' lang='lat' dir='ltr'><strong>futarunt</strong></span> <span class='ocrx_word' id='word_1_285' title='bbox 843 3756 1204 3812; x_wconf 86' lang='lat' dir='ltr'><strong>Athanasius</strong></span> <span class='ocrx_word' id='word_1_286' title='bbox 1218 3756 1320 3810; x_wconf 88' lang='lat' dir='ltr'><strong>lib.</strong></span> <span class='ocrx_word' id='word_1_287' title='bbox 1341 3756 1428 3811; x_wconf 88' lang='lat' dir='ltr'><strong>De</strong></span> <span class='ocrx_word' id='word_1_288' title='bbox 1442 3755 1676 3810; x_wconf 84' lang='lat' dir='ltr'><strong>Incarn.</strong></span> <span class='ocrx_word' id='word_1_289' title='bbox 1695 3755 1944 3821; x_wconf 80' lang='lat' dir='ltr'><strong>Christi,</strong></span> <span class='ocrx_word' id='word_1_290' title='bbox 1971 3759 2027 3810; x_wconf 91' lang='lat' dir='ltr'><strong>et</strong></span> <span class='ocrx_word' id='word_1_291' title='bbox 2047 3755 2220 3826; x_wconf 87' lang='lat' dir='ltr'><strong>epist.</strong></span> 
     </span>
    </p>
   </div>
   <div class='ocr_carea' id='block_1_43' title="bbox 559 3827 2218 3898">
    <p class='ocr_par' dir='ltr' id='par_1_43' title="bbox 559 3827 2218 3898">
     <span class='ocr_line' id='line_1_44' title="bbox 559 3827 2218 3898; baseline -0.001 -16"><span class='ocrx_word' id='word_1_292' title='bbox 559 3830 631 3882; x_wconf 89' lang='lat' dir='ltr'><strong>ad</strong></span> <span class='ocrx_word' id='word_1_293' title='bbox 647 3828 920 3898; x_wconf 87' lang='lat' dir='ltr'><strong>Adelph.,</strong></span> <span class='ocrx_word' id='word_1_294' title='bbox 939 3827 1302 3898; x_wconf 84' lang='lat' dir='ltr'><strong>Epiphanius</strong></span> <span class='ocrx_word' id='word_1_295' title='bbox 1319 3827 1542 3881; x_wconf 82' lang='lat' dir='ltr'><strong>Ancor.</strong></span> <span class='ocrx_word' id='word_1_296' title='bbox 1557 3827 1785 3898; x_wconf 51' lang='lat' dir='ltr'><strong>numjt</strong></span> <span class='ocrx_word' id='word_1_297' title='bbox 1799 3827 1940 3894; x_wconf 89' lang='lat' dir='ltr'><strong>,Leo</strong></span> <span class='ocrx_word' id='word_1_298' title='bbox 1959 3827 2218 3897; x_wconf 79' lang='lat' dir='ltr'><strong>Byzant.,</strong></span> 
     </span>
    </p>
   </div>
   <div class='ocr_carea' id='block_1_44' title="bbox 559 3897 2222 3968">
    <p class='ocr_par' dir='ltr' id='par_1_44' title="bbox 559 3897 2222 3968">
     <span class='ocr_line' id='line_1_45' title="bbox 559 3897 2222 3968; baseline -0.001 -14"><span class='ocrx_word' id='word_1_299' title='bbox 559 3897 916 3954; x_wconf 85' lang='lat' dir='ltr'><strong>Ambrosius</strong></span> <span class='ocrx_word' id='word_1_300' title='bbox 948 3899 1043 3953; x_wconf 90' lang='lat' dir='ltr'><strong>hic</strong></span> <span class='ocrx_word' id='word_1_301' title='bbox 1074 3902 1130 3954; x_wconf 90' lang='lat' dir='ltr'><strong>et</strong></span> <span class='ocrx_word' id='word_1_302' title='bbox 1177 3899 1278 3953; x_wconf 87' lang='lat' dir='ltr'><strong>lib.</strong></span> <span class='ocrx_word' id='word_1_303' title='bbox 1311 3899 1386 3954; x_wconf 83' lang='lat' dir='ltr'><strong>de</strong></span> <span class='ocrx_word' id='word_1_304' title='bbox 1429 3898 1665 3952; x_wconf 81' lang='lat' dir='ltr'><strong>Incarn.</strong></span> <span class='ocrx_word' id='word_1_305' title='bbox 1703 3897 1992 3962; x_wconf 80' lang='lat' dir='ltr'><strong>Sacram.,</strong></span> <span class='ocrx_word' id='word_1_306' title='bbox 2047 3901 2222 3968; x_wconf 90' lang='lat' dir='ltr'><strong>atque</strong></span> 
     </span>
    </p>
   </div>
   <div class='ocr_carea' id='block_1_45' title="bbox 561 3969 2221 4039">
    <p class='ocr_par' dir='ltr' id='par_1_45' title="bbox 561 3969 2221 4039">
     <span class='ocr_line' id='line_1_46' title="bbox 561 3969 2221 4039; baseline -0.001 -15"><span class='ocrx_word' id='word_1_307' title='bbox 561 3970 680 4025; x_wconf 88' lang='lat' dir='ltr'><strong>alii.</strong></span> <span class='ocrx_word' id='word_1_308' title='bbox 713 3969 1016 4024; x_wconf 87' lang='lat' dir='ltr'><strong>Christum</strong></span> <span class='ocrx_word' id='word_1_309' title='bbox 1045 3985 1222 4039; x_wconf 89' lang='lat' dir='ltr'><strong>porro</strong></span> <span class='ocrx_word' id='word_1_310' title='bbox 1255 3969 1583 4024; x_wconf 91' lang='lat' dir='ltr'><strong>secundum</strong></span> <span class='ocrx_word' id='word_1_311' title='bbox 1613 3973 1920 4038; x_wconf 90' lang='lat' dir='ltr'><strong>utramque</strong></span> <span class='ocrx_word' id='word_1_312' title='bbox 1955 3971 2221 4022; x_wconf 88' lang='lat' dir='ltr'><strong>naturam</strong></span> 
     </span>
    </p>
   </div>
   <div class='ocr_carea' id='block_1_46' title="bbox 559 4039 2222 4110">
    <p class='ocr_par' dir='ltr' id='par_1_46' title="bbox 559 4039 2222 4110">
     <span class='ocr_line' id='line_1_47' title="bbox 559 4039 2222 4110; baseline -0.002 -14"><span class='ocrx_word' id='word_1_313' title='bbox 559 4057 675 4096; x_wconf 90' lang='lat' dir='ltr'><strong>una</strong></span> <span class='ocrx_word' id='word_1_314' title='bbox 705 4043 763 4096; x_wconf 90' lang='lat' dir='ltr'><strong>et</strong></span> <span class='ocrx_word' id='word_1_315' title='bbox 792 4041 995 4095; x_wconf 91' lang='lat' dir='ltr'><strong>eadem</strong></span> <span class='ocrx_word' id='word_1_316' title='bbox 1025 4041 1364 4094; x_wconf 87' lang='lat' dir='ltr'><strong>adoratione</strong></span> <span class='ocrx_word' id='word_1_317' title='bbox 1395 4040 1708 4095; x_wconf 89' lang='lat' dir='ltr'><strong>colendum</strong></span> <span class='ocrx_word' id='word_1_318' title='bbox 1750 4043 1883 4108; x_wconf 89' lang='lat' dir='ltr'><strong>post</strong></span> <span class='ocrx_word' id='word_1_319' title='bbox 1927 4039 2222 4110; x_wconf 76' lang='lat' dir='ltr'><strong>synodum</strong></span> 
     </span>
    </p>
   </div>
   <div class='ocr_carea' id='block_1_47' title="bbox 559 4111 1791 4178">
    <p class='ocr_par' dir='ltr' id='par_1_47' title="bbox 559 4111 1791 4178">
     <span class='ocr_line' id='line_1_48' title="bbox 559 4111 1791 4178; baseline -0.003 -10"><span class='ocrx_word' id='word_1_320' title='bbox 559 4111 836 4168; x_wconf 90' lang='lat' dir='ltr'><strong>Chalced.</strong></span> <span class='ocrx_word' id='word_1_321' title='bbox 872 4113 1074 4166; x_wconf 87' lang='lat' dir='ltr'><strong>statuit</strong></span> <span class='ocrx_word' id='word_1_322' title='bbox 1093 4111 1458 4166; x_wconf 85' lang='lat' dir='ltr'><strong>Constantin.</strong></span> <span class='ocrx_word' id='word_1_323' title='bbox 1484 4128 1542 4178; x_wconf 90' lang='lat' dir='ltr'><strong>v,</strong></span> <span class='ocrx_word' id='word_1_324' title='bbox 1577 4127 1705 4165; x_wconf 85' lang='lat' dir='ltr'><strong>can.</strong></span> <span class='ocrx_word' id='word_1_325' title='bbox 1738 4114 1791 4164; x_wconf 82' lang='lat'><strong>8.</strong></span> 
     </span>
    </p>
   </div>
   <div class='ocr_carea' id='block_1_48' title="bbox 627 4181 2222 4254">
    <p class='ocr_par' dir='ltr' id='par_1_48' title="bbox 627 4181 2222 4254">
     <span class='ocr_line' id='line_1_49' title="bbox 627 4181 2222 4254; baseline -0.002 -17"><span class='ocrx_word' id='word_1_326' title='bbox 627 4183 735 4254; x_wconf 84' lang='lat'><strong>(31)</strong></span> <span class='ocrx_word' id='word_1_327' title='bbox 770 4183 979 4236; x_wconf 84' lang='lat' dir='ltr'><strong>Mirum</strong></span> <span class='ocrx_word' id='word_1_328' title='bbox 1009 4186 1102 4236; x_wconf 89' lang='lat' dir='ltr'><strong>est</strong></span> <span class='ocrx_word' id='word_1_329' title='bbox 1122 4187 1400 4254; x_wconf 62' lang='lat' dir='ltr'><strong>quantum</strong></span> <span class='ocrx_word' id='word_1_330' title='bbox 1432 4181 1673 4236; x_wconf 89' lang='lat' dir='ltr'><strong>torserit</strong></span> <span class='ocrx_word' id='word_1_331' title='bbox 1701 4181 1797 4236; x_wconf 91' lang='lat' dir='ltr'><strong>hic</strong></span> <span class='ocrx_word' id='word_1_332' title='bbox 1822 4181 1992 4236; x_wconf 92' lang='lat' dir='ltr'><strong>locus</strong></span> <span class='ocrx_word' id='word_1_333' title='bbox 2011 4183 2222 4254; x_wconf 82' lang='lat' dir='ltr'><strong>neote-</strong></span> 
     </span>
    </p>
   </div>
   <div class='ocr_carea' id='block_1_49' title="bbox 557 4251 2222 4323">
    <p class='ocr_par' dir='ltr' id='par_1_49' title="bbox 557 4251 2222 4323">
     <span class='ocr_line' id='line_1_50' title="bbox 557 4251 2222 4323; baseline -0.002 -13"><span class='ocrx_word' id='word_1_334' title='bbox 557 4251 721 4310; x_wconf 88' lang='lat' dir='ltr'><strong>ricos</strong></span> <span class='ocrx_word' id='word_1_335' title='bbox 751 4251 1240 4308; x_wconf 28' lang='lat' dir='ltr'><strong>heretorodox’os.</strong></span> <span class='ocrx_word' id='word_1_336' title='bbox 1267 4253 1413 4307; x_wconf 88' lang='lat' dir='ltr'><strong>Eum</strong></span> <span class='ocrx_word' id='word_1_337' title='bbox 1431 4255 1870 4323; x_wconf 85' lang='lat' dir='ltr'><strong>proposuerunt</strong></span> <span class='ocrx_word' id='word_1_338' title='bbox 1889 4251 2222 4306; x_wconf 89' lang='lat' dir='ltr'><strong>cardinales</strong></span> 
     </span>
    </p>
   </div>
   <div class='ocr_carea' id='block_1_50' title="bbox 559 4323 2222 4394">
    <p class='ocr_par' dir='ltr' id='par_1_50' title="bbox 559 4323 2222 4394">
     <span class='ocr_line' id='line_1_51' title="bbox 559 4323 2222 4394; baseline -0.003 -13"><span class='ocrx_word' id='word_1_339' title='bbox 559 4325 953 4381; x_wconf 90' lang='lat' dir='ltr'><strong>Bellarminus</strong></span> <span class='ocrx_word' id='word_1_340' title='bbox 987 4324 1086 4378; x_wconf 88' lang='lat' dir='ltr'><strong>lib.</strong></span> <span class='ocrx_word' id='word_1_341' title='bbox 1120 4341 1204 4394; x_wconf 84' lang='grc' dir='ltr'><strong>ιιι,</strong></span> <span class='ocrx_word' id='word_1_342' title='bbox 1237 4340 1364 4394; x_wconf 87' lang='lat' dir='ltr'><strong>cap.</strong></span> <span class='ocrx_word' id='word_1_343' title='bbox 1396 4325 1450 4393; x_wconf 73' lang='lat'><strong>2,</strong></span> <span class='ocrx_word' id='word_1_344' title='bbox 1483 4327 1540 4378; x_wconf 91' lang='lat' dir='ltr'><strong>et</strong></span> <span class='ocrx_word' id='word_1_345' title='bbox 1567 4323 2012 4394; x_wconf 86' lang='lat' dir='ltr'><strong>Perroniuslib.</strong></span> <span class='ocrx_word' id='word_1_346' title='bbox 2047 4323 2222 4394; x_wconf 89' lang='lat' dir='ltr'><strong>etiam</strong></span> 
     </span>
    </p>
   </div>
   <div class='ocr_carea' id='block_1_51' title="bbox 558 4393 2222 4466">
    <p class='ocr_par' dir='ltr' id='par_1_51' title="bbox 558 4393 2222 4466">
     <span class='ocr_line' id='line_1_52' title="bbox 558 4393 2222 4466; baseline -0.003 -14"><span class='ocrx_word' id='word_1_347' title='bbox 558 4414 620 4453; x_wconf 91' lang='grc' dir='ltr'><strong>ιιι</strong></span> <span class='ocrx_word' id='word_1_348' title='bbox 671 4397 745 4452; x_wconf 89' lang='lat' dir='ltr'><strong>de</strong></span> <span class='ocrx_word' id='word_1_349' title='bbox 784 4396 1044 4450; x_wconf 83' lang='lat' dir='ltr'><strong>Euchar.</strong></span> <span class='ocrx_word' id='word_1_350' title='bbox 1100 4393 1226 4466; x_wconf 84' lang='lat' dir='ltr'><strong>cap.</strong></span> <span class='ocrx_word' id='word_1_351' title='bbox 1279 4393 1366 4462; x_wconf 73' lang='lat'><strong>14,</strong></span> <span class='ocrx_word' id='word_1_352' title='bbox 1417 4399 1693 4466; x_wconf 89' lang='lat' dir='ltr'><strong>tanquam</strong></span> <span class='ocrx_word' id='word_1_353' title='bbox 1743 4393 1815 4448; x_wconf 89' lang='lat' dir='ltr'><strong>ad</strong></span> <span class='ocrx_word' id='word_1_354' title='bbox 1855 4393 2222 4466; x_wconf 79' lang='lat' dir='ltr'><strong>probandum</strong></span> 
     </span>
    </p>
   </div>
   <div class='ocr_carea' id='block_1_52' title="bbox 2250 1839 2305 1902">
    <p class='ocr_par' dir='ltr' id='par_1_52' title="bbox 2250 1839 2305 1902">
     <span class='ocr_line' id='line_1_53' title="bbox 2250 1839 2305 1902; baseline 0 0"><span class='ocrx_word' id='word_1_355' title='bbox 2250 1839 2305 1902; x_wconf 92' lang='grc' dir='ltr'>Β</span> 
     </span>
    </p>
   </div>
   <div class='ocr_carea' id='block_1_53' title="bbox 2333 642 3888 714">
    <p class='ocr_par' dir='ltr' id='par_1_53' title="bbox 2333 642 3888 714">
     <span class='ocr_line' id='line_1_54' title="bbox 2333 642 3888 714; baseline 0.003 -18"><span class='ocrx_word' id='word_1_356' title='bbox 2333 656 2514 714; x_wconf 88' lang='lat' dir='ltr'><strong>supra</strong></span> <span class='ocrx_word' id='word_1_357' title='bbox 2545 643 2764 697; x_wconf 90' lang='lat' dir='ltr'><strong>dictum</strong></span> <span class='ocrx_word' id='word_1_358' title='bbox 2795 645 2918 698; x_wconf 90' lang='lat' dir='ltr'><strong>est:</strong></span> <span class='ocrx_word' id='word_1_359' title='bbox 2955 664 2977 691; x_wconf 75' lang='grc' dir='ltr'><strong><em>α</em></strong></span> <span class='ocrx_word' id='word_1_360' title='bbox 3013 642 3320 697; x_wconf 90' lang='lat' dir='ltr'><strong>Dominum</strong></span> <span class='ocrx_word' id='word_1_361' title='bbox 3352 643 3524 698; x_wconf 90' lang='lat' dir='ltr'><strong>Deum</strong></span> <span class='ocrx_word' id='word_1_362' title='bbox 3556 645 3701 698; x_wconf 88' lang='lat' dir='ltr'><strong>tuum</strong></span> <span class='ocrx_word' id='word_1_363' title='bbox 3730 645 3888 700; x_wconf 83' lang='lat' dir='ltr'><strong>adora-</strong></span> 
     </span>
    </p>
   </div>
   <div class='ocr_carea' id='block_1_54' title="bbox 2333 731 3576 801">
    <p class='ocr_par' dir='ltr' id='par_1_54' title="bbox 2333 731 3576 801">
     <span class='ocr_line' id='line_1_55' title="bbox 2333 731 3576 801; baseline -0.005 -15"><span class='ocrx_word' id='word_1_364' title='bbox 2333 731 2450 800; x_wconf 90' lang='lat' dir='ltr'><strong>bis,</strong></span> <span class='ocrx_word' id='word_1_365' title='bbox 2483 735 2540 786; x_wconf 88' lang='lat' dir='ltr'><strong>et</strong></span> <span class='ocrx_word' id='word_1_366' title='bbox 2567 731 2650 785; x_wconf 92' lang='lat' dir='ltr'><strong>illi</strong></span> <span class='ocrx_word' id='word_1_367' title='bbox 2683 731 2795 786; x_wconf 91' lang='lat' dir='ltr'><strong>soli</strong></span> <span class='ocrx_word' id='word_1_368' title='bbox 2827 732 3058 786; x_wconf 88' lang='lat' dir='ltr'><strong>servies</strong></span> <span class='ocrx_word' id='word_1_369' title='bbox 3092 731 3277 794; x_wconf 82' lang='lat' dir='ltr'><strong>(Deut.</strong></span> <span class='ocrx_word' id='word_1_370' title='bbox 3312 747 3386 799; x_wconf 72' lang='lat' dir='ltr'><strong>vx,</strong></span> <span class='ocrx_word' id='word_1_371' title='bbox 3421 731 3520 801; x_wconf 85' lang='lat'><strong>13).</strong></span> <span class='ocrx_word' id='word_1_372' title='bbox 3556 755 3576 780; x_wconf 67' lang='grc' dir='ltr'><strong><em>υ</em></strong></span> 
     </span>
    </p>
   </div>
   <div class='ocr_carea' id='block_1_55' title="bbox 2403 819 3890 892">
    <p class='ocr_par' dir='ltr' id='par_1_55' title="bbox 2403 819 3890 892">
     <span class='ocr_line' id='line_1_56' title="bbox 2403 819 3890 892; baseline 0.002 -19"><span class='ocrx_word' id='word_1_373' title='bbox 2403 819 2492 873; x_wconf 81' lang='lat'><strong>&#39;78.</strong></span> <span class='ocrx_word' id='word_1_374' title='bbox 2527 819 2642 874; x_wconf 90' lang='lat' dir='ltr'><strong>Sed</strong></span> <span class='ocrx_word' id='word_1_375' title='bbox 2675 835 2748 874; x_wconf 90' lang='lat' dir='ltr'><strong>ne</strong></span> <span class='ocrx_word' id='word_1_376' title='bbox 2771 819 2920 874; x_wconf 85' lang='lat' dir='ltr'><strong>forte</strong></span> <span class='ocrx_word' id='word_1_377' title='bbox 2943 821 3310 890; x_wconf 89' lang='lat' dir='ltr'><strong>propositum</strong></span> <span class='ocrx_word' id='word_1_378' title='bbox 3327 819 3528 891; x_wconf 89' lang='lat' dir='ltr'><strong>aliquis</strong></span> <span class='ocrx_word' id='word_1_379' title='bbox 3549 821 3890 892; x_wconf 65' lang='lat' dir='ltr'><strong>praeterfugere</strong></span> 
     </span>
    </p>
   </div>
   <div class='ocr_carea' id='block_1_56' title="bbox 2334 907 3891 979">
    <p class='ocr_par' dir='ltr' id='par_1_56' title="bbox 2334 907 3891 979">
     <span class='ocr_line' id='line_1_57' title="bbox 2334 907 3891 979; baseline -0.001 -17"><span class='ocrx_word' id='word_1_380' title='bbox 2334 908 2604 962; x_wconf 85' lang='lat' dir='ltr'><strong>videatur</strong></span> <span class='ocrx_word' id='word_1_381' title='bbox 2647 908 3000 979; x_wconf 85' lang='lat' dir='ltr'><strong>exemplum,</strong></span> <span class='ocrx_word' id='word_1_382' title='bbox 3034 923 3148 979; x_wconf 90' lang='lat' dir='ltr'><strong>qua</strong></span> <span class='ocrx_word' id='word_1_383' title='bbox 3185 908 3404 963; x_wconf 88' lang='lat' dir='ltr'><strong>ratione</strong></span> <span class='ocrx_word' id='word_1_384' title='bbox 3445 907 3514 962; x_wconf 88' lang='lat' dir='ltr'><strong>ad</strong></span> <span class='ocrx_word' id='word_1_385' title='bbox 3553 909 3891 962; x_wconf 88' lang='lat' dir='ltr'><strong>incarnationis</strong></span> 
     </span>
    </p>
   </div>
   <div class='ocr_carea' id='block_1_57' title="bbox 2335 996 3892 1067">
    <p class='ocr_par' dir='ltr' id='par_1_57' title="bbox 2335 996 3892 1067">
     <span class='ocr_line' id='line_1_58' title="bbox 2335 996 3892 1067; baseline -0.001 -16"><span class='ocrx_word' id='word_1_386' title='bbox 2335 997 2658 1052; x_wconf 86' lang='lat' dir='ltr'><strong>Dominicae</strong></span> <span class='ocrx_word' id='word_1_387' title='bbox 2708 999 3143 1051; x_wconf 87' lang='lat' dir='ltr'><strong>sacramentum</strong></span> <span class='ocrx_word' id='word_1_388' title='bbox 3191 1000 3456 1067; x_wconf 89' lang='lat' dir='ltr'><strong>spectare</strong></span> <span class='ocrx_word' id='word_1_389' title='bbox 3503 996 3754 1065; x_wconf 88' lang='lat' dir='ltr'><strong>videatur,</strong></span> <span class='ocrx_word' id='word_1_390' title='bbox 3781 996 3892 1067; x_wconf 85' lang='lat' dir='ltr'><strong>quod</strong></span> 
     </span>
    </p>
   </div>
   <div class='ocr_carea' id='block_1_58' title="bbox 2333 1083 3896 1156">
    <p class='ocr_par' dir='ltr' id='par_1_58' title="bbox 2333 1083 3896 1156">
     <span class='ocr_line' id='line_1_59' title="bbox 2333 1083 3896 1156; baseline -0.001 -18"><span class='ocrx_word' id='word_1_391' title='bbox 2333 1085 2412 1138; x_wconf 90' lang='lat' dir='ltr'><strong>ait</strong></span> <span class='ocrx_word' id='word_1_392' title='bbox 2441 1085 2770 1156; x_wconf 82' lang='lat' dir='ltr'><strong>PrOpheta:</strong></span> <span class='ocrx_word' id='word_1_393' title='bbox 2837 1108 2858 1132; x_wconf 89' lang='lat'><strong>«</strong></span> <span class='ocrx_word' id='word_1_394' title='bbox 2899 1085 3154 1139; x_wconf 83' lang='lat' dir='ltr'><strong>Adorate</strong></span> <span class='ocrx_word' id='word_1_395' title='bbox 3201 1083 3518 1140; x_wconf 90' lang='lat' dir='ltr'><strong>scabellum</strong></span> <span class='ocrx_word' id='word_1_396' title='bbox 3571 1085 3755 1155; x_wconf 87' lang='lat' dir='ltr'><strong>pedum</strong></span> <span class='ocrx_word' id='word_1_397' title='bbox 3799 1084 3896 1154; x_wconf 84' lang='lat' dir='ltr'><strong>ejus</strong></span> 
     </span>
    </p>
   </div>
   <div class='ocr_carea' id='block_1_59' title="bbox 2334 1172 3899 1245">
    <p class='ocr_par' dir='ltr' id='par_1_59' title="bbox 2334 1172 3899 1245">
     <span class='ocr_line' id='line_1_60' title="bbox 2334 1172 3899 1245; baseline -0.002 -17"><span class='ocrx_word' id='word_1_398' title='bbox 2334 1173 2520 1242; x_wconf 87' lang='lat' dir='ltr'><strong>(Psal.</strong></span> <span class='ocrx_word' id='word_1_399' title='bbox 2557 1189 2754 1244; x_wconf 88' lang='lat' dir='ltr'><strong>xcvm,</strong></span> <span class='ocrx_word' id='word_1_400' title='bbox 2789 1172 2863 1245; x_wconf 84' lang='lat'><strong>5),</strong></span> <span class='ocrx_word' id='word_1_401' title='bbox 2893 1193 2914 1224; x_wconf 72' lang='grc' dir='ltr'><strong>ι</strong></span> <span class='ocrx_word' id='word_1_402' title='bbox 2940 1173 3388 1229; x_wconf 90' lang='lat' dir='ltr'><strong>consideremus</strong></span> <span class='ocrx_word' id='word_1_403' title='bbox 3413 1189 3426 1241; x_wconf 92' lang='lat'><strong>;</strong></span> <span class='ocrx_word' id='word_1_404' title='bbox 3451 1188 3560 1227; x_wconf 89' lang='lat' dir='ltr'><strong>non</strong></span> <span class='ocrx_word' id='word_1_405' title='bbox 3582 1173 3716 1226; x_wconf 89' lang='lat' dir='ltr'><strong>enim</strong></span> <span class='ocrx_word' id='word_1_406' title='bbox 3735 1187 3795 1226; x_wconf 83' lang='lat' dir='ltr'><strong>ex</strong></span> <span class='ocrx_word' id='word_1_407' title='bbox 3817 1187 3899 1226; x_wconf 88' lang='lat' dir='ltr'><strong>usu</strong></span> 
     </span>
    </p>
   </div>
   <div class='ocr_carea' id='block_1_60' title="bbox 2335 1260 3900 1317">
    <p class='ocr_par' dir='ltr' id='par_1_60' title="bbox 2335 1260 3900 1317">
     <span class='ocr_line' id='line_1_61' title="bbox 2335 1260 3900 1317; baseline -0.003 0"><span class='ocrx_word' id='word_1_408' title='bbox 2335 1262 2638 1317; x_wconf 89' lang='lat' dir='ltr'><strong>hominum</strong></span> <span class='ocrx_word' id='word_1_409' title='bbox 2667 1263 2962 1317; x_wconf 70' lang='lat' dir='ltr'><strong>aestimare</strong></span> <span class='ocrx_word' id='word_1_410' title='bbox 2994 1263 3281 1317; x_wconf 87' lang='lat' dir='ltr'><strong>debemus</strong></span> <span class='ocrx_word' id='word_1_411' title='bbox 3322 1261 3648 1316; x_wconf 86' lang='lat' dir='ltr'><strong>scabellum.</strong></span> <span class='ocrx_word' id='word_1_412' title='bbox 3687 1260 3804 1314; x_wconf 84' lang='lat' dir='ltr'><strong>Nam</strong></span> <span class='ocrx_word' id='word_1_413' title='bbox 3829 1275 3900 1314; x_wconf 88' lang='lat' dir='ltr'><strong>ne-</strong></span> 
     </span>
    </p>
   </div>
   <div class='ocr_carea' id='block_1_61' title="bbox 2335 1350 3898 1422">
    <p class='ocr_par' dir='ltr' id='par_1_61' title="bbox 2335 1350 3898 1422">
     <span class='ocr_line' id='line_1_62' title="bbox 2335 1350 3898 1422; baseline -0.003 -17"><span class='ocrx_word' id='word_1_414' title='bbox 2335 1366 2450 1422; x_wconf 89' lang='lat' dir='ltr'><strong>que</strong></span> <span class='ocrx_word' id='word_1_415' title='bbox 2483 1351 2811 1422; x_wconf 88' lang='lat' dir='ltr'><strong>corporalis</strong></span> <span class='ocrx_word' id='word_1_416' title='bbox 2841 1351 3024 1420; x_wconf 89' lang='lat' dir='ltr'><strong>Deus,</strong></span> <span class='ocrx_word' id='word_1_417' title='bbox 3059 1354 3158 1406; x_wconf 91' lang='lat' dir='ltr'><strong>aut</strong></span> <span class='ocrx_word' id='word_1_418' title='bbox 3188 1367 3306 1406; x_wconf 89' lang='lat' dir='ltr'><strong>non</strong></span> <span class='ocrx_word' id='word_1_419' title='bbox 3338 1351 3680 1416; x_wconf 85' lang='lat' dir='ltr'><strong>immensus;</strong></span> <span class='ocrx_word' id='word_1_420' title='bbox 3720 1350 3771 1403; x_wconf 92' lang='lat' dir='ltr'><strong>ut</strong></span> <span class='ocrx_word' id='word_1_421' title='bbox 3805 1351 3898 1402; x_wconf 87' lang='lat' dir='ltr'><strong>tan-</strong></span> 
     </span>
    </p>
   </div>
   <div class='ocr_carea' id='block_1_62' title="bbox 2336 1436 3904 1512">
    <p class='ocr_par' dir='ltr' id='par_1_62' title="bbox 2336 1436 3904 1512">
     <span class='ocr_line' id='line_1_63' title="bbox 2336 1436 3904 1512; baseline -0.003 -18"><span class='ocrx_word' id='word_1_422' title='bbox 2336 1456 2512 1512; x_wconf 87' lang='lat' dir='ltr'><strong>quam</strong></span> <span class='ocrx_word' id='word_1_423' title='bbox 2543 1439 2797 1494; x_wconf 87' lang='lat' dir='ltr'><strong>fulcrum</strong></span> <span class='ocrx_word' id='word_1_424' title='bbox 2825 1439 3082 1510; x_wconf 91' lang='lat' dir='ltr'><strong>pedibus</strong></span> <span class='ocrx_word' id='word_1_425' title='bbox 3114 1439 3248 1512; x_wconf 89' lang='lat' dir='ltr'><strong>ejus</strong></span> <span class='ocrx_word' id='word_1_426' title='bbox 3303 1439 3616 1494; x_wconf 88' lang='lat' dir='ltr'><strong>scabellum</strong></span> <span class='ocrx_word' id='word_1_427' title='bbox 3643 1436 3904 1508; x_wconf 86' lang='lat' dir='ltr'><strong>subjectum</strong></span> 
     </span>
    </p>
   </div>
   <div class='ocr_carea' id='block_1_63' title="bbox 2335 1525 3904 1600">
    <p class='ocr_par' dir='ltr' id='par_1_63' title="bbox 2335 1525 3904 1600">
     <span class='ocr_line' id='line_1_64' title="bbox 2335 1525 3904 1600; baseline -0.004 -16"><span class='ocrx_word' id='word_1_428' title='bbox 2335 1533 2630 1599; x_wconf 85' lang='lat' dir='ltr'><strong>putemus.</strong></span> <span class='ocrx_word' id='word_1_429' title='bbox 2645 1528 2854 1600; x_wconf 90' lang='lat' dir='ltr'><strong>Neque</strong></span> <span class='ocrx_word' id='word_1_430' title='bbox 2867 1529 3227 1583; x_wconf 89' lang='lat' dir='ltr'><strong>adorandum</strong></span> <span class='ocrx_word' id='word_1_431' title='bbox 3247 1529 3556 1600; x_wconf 87' lang='lat' dir='ltr'><strong>quidquam</strong></span> <span class='ocrx_word' id='word_1_432' title='bbox 3569 1529 3758 1598; x_wconf 83' lang='lat' dir='ltr'><strong>praeter</strong></span> <span class='ocrx_word' id='word_1_433' title='bbox 3773 1525 3904 1578; x_wconf 87' lang='lat' dir='ltr'><strong>Deum</strong></span> 
     </span>
    </p>
   </div>
   <div class='ocr_carea' id='block_1_64' title="bbox 2336 1613 3908 1689">
    <p class='ocr_par' dir='ltr' id='par_1_64' title="bbox 2336 1613 3908 1689">
     <span class='ocr_line' id='line_1_65' title="bbox 2336 1613 3908 1689; baseline -0.005 -17"><span class='ocrx_word' id='word_1_434' title='bbox 2336 1617 2629 1689; x_wconf 84' lang='lat' dir='ltr'><strong>legimus;</strong></span> <span class='ocrx_word' id='word_1_435' title='bbox 2689 1618 2825 1688; x_wconf 88' lang='lat' dir='ltr'><strong>quia</strong></span> <span class='ocrx_word' id='word_1_436' title='bbox 2855 1618 3140 1688; x_wconf 90' lang='lat' dir='ltr'><strong>scriptum</strong></span> <span class='ocrx_word' id='word_1_437' title='bbox 3197 1620 3290 1671; x_wconf 91' lang='lat' dir='ltr'><strong>est</strong></span> <span class='ocrx_word' id='word_1_438' title='bbox 3324 1631 3338 1672; x_wconf 93' lang='lat'><strong>:</strong></span> <span class='ocrx_word' id='word_1_439' title='bbox 3402 1639 3425 1664; x_wconf 82' lang='lat'><strong><em>«</em></strong></span> <span class='ocrx_word' id='word_1_440' title='bbox 3468 1615 3749 1671; x_wconf 86' lang='lat' dir='ltr'><strong>Dominum</strong></span> <span class='ocrx_word' id='word_1_441' title='bbox 3774 1613 3908 1666; x_wconf 86' lang='lat' dir='ltr'><strong>Deum</strong></span> 
     </span>
    </p>
   </div>
   <div class='ocr_carea' id='block_1_65' title="bbox 2337 1700 3906 1776">
    <p class='ocr_par' dir='ltr' id='par_1_65' title="bbox 2337 1700 3906 1776">
     <span class='ocr_line' id='line_1_66' title="bbox 2337 1700 3906 1776; baseline -0.005 -16"><span class='ocrx_word' id='word_1_442' title='bbox 2337 1709 2500 1760; x_wconf 90' lang='lat' dir='ltr'><strong>tuum</strong></span> <span class='ocrx_word' id='word_1_443' title='bbox 2531 1705 2828 1773; x_wconf 85' lang='lat' dir='ltr'><strong>adorabis,</strong></span> <span class='ocrx_word' id='word_1_444' title='bbox 2855 1708 2911 1760; x_wconf 89' lang='lat' dir='ltr'><strong>et</strong></span> <span class='ocrx_word' id='word_1_445' title='bbox 2941 1706 3056 1776; x_wconf 91' lang='lat' dir='ltr'><strong>ipsi</strong></span> <span class='ocrx_word' id='word_1_446' title='bbox 3086 1705 3198 1760; x_wconf 88' lang='lat' dir='ltr'><strong>soli</strong></span> <span class='ocrx_word' id='word_1_447' title='bbox 3230 1707 3464 1760; x_wconf 88' lang='lat' dir='ltr'><strong>servies</strong></span> <span class='ocrx_word' id='word_1_448' title='bbox 3496 1705 3676 1774; x_wconf 87' lang='lat' dir='ltr'><strong>(Deut.</strong></span> <span class='ocrx_word' id='word_1_449' title='bbox 3697 1719 3763 1772; x_wconf 77' lang='lat' dir='ltr'><strong>vi,</strong></span> <span class='ocrx_word' id='word_1_450' title='bbox 3789 1700 3870 1768; x_wconf 83' lang='lat'><strong>13).</strong></span> <span class='ocrx_word' id='word_1_451' title='bbox 3892 1721 3906 1744; x_wconf 70' lang='grc' dir='ltr'><strong>ι</strong></span> 
     </span>
    </p>
   </div>
   <div class='ocr_carea' id='block_1_66' title="bbox 2336 1789 3908 1867">
    <p class='ocr_par' dir='ltr' id='par_1_66' title="bbox 2336 1789 3908 1867">
     <span class='ocr_line' id='line_1_67' title="bbox 2336 1789 3908 1867; baseline -0.006 -18"><span class='ocrx_word' id='word_1_452' title='bbox 2336 1794 2640 1860; x_wconf 87' lang='lat' dir='ltr'><strong>Quomodo</strong></span> <span class='ocrx_word' id='word_1_453' title='bbox 2655 1810 2800 1867; x_wconf 86' lang='lat' dir='ltr'><strong>ergo</strong></span> <span class='ocrx_word' id='word_1_454' title='bbox 2815 1794 3106 1848; x_wconf 88' lang='lat' dir='ltr'><strong>adversus</strong></span> <span class='ocrx_word' id='word_1_455' title='bbox 3119 1793 3312 1866; x_wconf 89' lang='lat' dir='ltr'><strong>legem</strong></span> <span class='ocrx_word' id='word_1_456' title='bbox 3329 1793 3603 1864; x_wconf 86' lang='lat' dir='ltr'><strong>propheta</strong></span> <span class='ocrx_word' id='word_1_457' title='bbox 3617 1789 3908 1862; x_wconf 74' lang='lat' dir='ltr'><strong>praeciperet,</strong></span> 
     </span>
    </p>
   </div>
   <div class='ocr_carea' id='block_1_67' title="bbox 2339 1875 3911 1956">
    <p class='ocr_par' dir='ltr' id='par_1_67' title="bbox 2339 1875 3911 1956">
     <span class='ocr_line' id='line_1_68' title="bbox 2339 1875 3911 1956; baseline -0.008 -18"><span class='ocrx_word' id='word_1_458' title='bbox 2339 1883 2452 1938; x_wconf 88' lang='lat' dir='ltr'><strong>sub</strong></span> <span class='ocrx_word' id='word_1_459' title='bbox 2474 1884 2606 1956; x_wconf 84' lang='lat' dir='ltr'><strong>lege</strong></span> <span class='ocrx_word' id='word_1_460' title='bbox 2628 1885 2904 1952; x_wconf 91' lang='lat' dir='ltr'><strong>nutritus,</strong></span> <span class='ocrx_word' id='word_1_461' title='bbox 2927 1885 2983 1937; x_wconf 87' lang='lat' dir='ltr'><strong>et</strong></span> <span class='ocrx_word' id='word_1_462' title='bbox 3005 1883 3272 1937; x_wconf 89' lang='lat' dir='ltr'><strong>eruditus</strong></span> <span class='ocrx_word' id='word_1_463' title='bbox 3289 1883 3349 1936; x_wconf 92' lang='lat' dir='ltr'><strong>in</strong></span> <span class='ocrx_word' id='word_1_464' title='bbox 3367 1881 3516 1954; x_wconf 87' lang='lat' dir='ltr'><strong>lege.</strong></span> <span class='ocrx_word' id='word_1_465' title='bbox 3534 1881 3655 1934; x_wconf 90' lang='lat' dir='ltr'><strong>Non</strong></span> <span class='ocrx_word' id='word_1_466' title='bbox 3669 1875 3911 1932; x_wconf 85' lang='lat' dir='ltr'><strong>mediocris</strong></span> 
     </span>
    </p>
   </div>
   <div class='ocr_carea' id='block_1_68' title="bbox 2339 1960 3912 2044">
    <p class='ocr_par' dir='ltr' id='par_1_68' title="bbox 2339 1960 3912 2044">
     <span class='ocr_line' id='line_1_69' title="bbox 2339 1960 3912 2044; baseline -0.006 -20"><span class='ocrx_word' id='word_1_467' title='bbox 2339 1971 2518 2044; x_wconf 89' lang='lat' dir='ltr'><strong>igitur</strong></span> <span class='ocrx_word' id='word_1_468' title='bbox 2539 1960 2812 2043; x_wconf 71' lang='lat' dir='ltr'><strong>quaestio,</strong></span> <span class='ocrx_word' id='word_1_469' title='bbox 2869 1974 2925 2026; x_wconf 93' lang='lat' dir='ltr'><strong>et</strong></span> <span class='ocrx_word' id='word_1_470' title='bbox 2972 1971 3104 2026; x_wconf 90' lang='lat' dir='ltr'><strong>ideo</strong></span> <span class='ocrx_word' id='word_1_471' title='bbox 3155 1971 3500 2042; x_wconf 85' lang='lat' dir='ltr'><strong>diligentius</strong></span> <span class='ocrx_word' id='word_1_472' title='bbox 3545 1966 3912 2023; x_wconf 83' lang='lat' dir='ltr'><strong>consideremus</strong></span> 
     </span>
    </p>
   </div>
   <div class='ocr_carea' id='block_1_69' title="bbox 2339 2052 3913 2132">
    <p class='ocr_par' dir='ltr' id='par_1_69' title="bbox 2339 2052 3913 2132">
     <span class='ocr_line' id='line_1_70' title="bbox 2339 2052 3913 2132; baseline -0.008 -17"><span class='ocrx_word' id='word_1_473' title='bbox 2339 2061 2479 2132; x_wconf 88' lang='lat' dir='ltr'><strong>quid</strong></span> <span class='ocrx_word' id='word_1_474' title='bbox 2511 2061 2588 2115; x_wconf 90' lang='lat' dir='ltr'><strong>sit</strong></span> <span class='ocrx_word' id='word_1_475' title='bbox 2618 2059 2968 2115; x_wconf 88' lang='lat' dir='ltr'><strong>scabellum.</strong></span> <span class='ocrx_word' id='word_1_476' title='bbox 3002 2060 3287 2132; x_wconf 87' lang='lat' dir='ltr'><strong>Legimus</strong></span> <span class='ocrx_word' id='word_1_477' title='bbox 3321 2059 3475 2114; x_wconf 90' lang='lat' dir='ltr'><strong>enim</strong></span> <span class='ocrx_word' id='word_1_478' title='bbox 3505 2057 3669 2112; x_wconf 88' lang='lat' dir='ltr'><strong>alibi:</strong></span> <span class='ocrx_word' id='word_1_479' title='bbox 3702 2077 3722 2105; x_wconf 73' lang='grc' dir='ltr'><strong>ι</strong></span> <span class='ocrx_word' id='word_1_480' title='bbox 3751 2052 3913 2108; x_wconf 76' lang='grc' dir='ltr'><strong>Οωιιιω</strong></span> 
     </span>
    </p>
   </div>
   <div class='ocr_carea' id='block_1_70' title="bbox 2339 2145 3914 2219">
    <p class='ocr_par' dir='ltr' id='par_1_70' title="bbox 2339 2145 3914 2219">
     <span class='ocr_line' id='line_1_71' title="bbox 2339 2145 3914 2219; baseline -0.008 -15"><span class='ocrx_word' id='word_1_481' title='bbox 2339 2150 2481 2204; x_wconf 89' lang='lat' dir='ltr'><strong>mihi</strong></span> <span class='ocrx_word' id='word_1_482' title='bbox 2513 2149 2781 2219; x_wconf 85' lang='lat' dir='ltr'><strong>thronus,</strong></span> <span class='ocrx_word' id='word_1_483' title='bbox 2818 2156 2978 2204; x_wconf 86' lang='lat' dir='ltr'><strong>terra</strong></span> <span class='ocrx_word' id='word_1_484' title='bbox 3007 2154 3199 2204; x_wconf 89' lang='lat' dir='ltr'><strong>autem</strong></span> <span class='ocrx_word' id='word_1_485' title='bbox 3233 2148 3558 2204; x_wconf 86' lang='lat' dir='ltr'><strong>scabellum</strong></span> <span class='ocrx_word' id='word_1_486' title='bbox 3585 2145 3777 2216; x_wconf 87' lang='lat' dir='ltr'><strong>pedum</strong></span> <span class='ocrx_word' id='word_1_487' title='bbox 3799 2154 3914 2194; x_wconf 87' lang='lat' dir='ltr'><strong>meo-</strong></span> 
     </span>
    </p>
   </div>
   <div class='ocr_carea' id='block_1_71' title="bbox 2341 2221 3909 2308">
    <p class='ocr_par' dir='ltr' id='par_1_71' title="bbox 2341 2221 3909 2308">
     <span class='ocr_line' id='line_1_72' title="bbox 2341 2221 3909 2308; baseline -0.007 -15"><span class='ocrx_word' id='word_1_488' title='bbox 2341 2255 2472 2293; x_wconf 89' lang='lat' dir='ltr'><strong>rum</strong></span> <span class='ocrx_word' id='word_1_489' title='bbox 2502 2239 2634 2302; x_wconf 86' lang='lat' dir='ltr'><strong>(Isa.</strong></span> <span class='ocrx_word' id='word_1_490' title='bbox 2670 2255 2828 2306; x_wconf 77' lang='lat' dir='ltr'><strong>1.xv1,</strong></span> <span class='ocrx_word' id='word_1_491' title='bbox 2860 2237 2934 2308; x_wconf 88' lang='lat'><strong>1).</strong></span> <span class='ocrx_word' id='word_1_492' title='bbox 2967 2257 2988 2287; x_wconf 68' lang='grc' dir='ltr'>υ</span> <span class='ocrx_word' id='word_1_493' title='bbox 3023 2236 3140 2292; x_wconf 89' lang='lat' dir='ltr'><strong>Sed</strong></span> <span class='ocrx_word' id='word_1_494' title='bbox 3169 2253 3280 2293; x_wconf 89' lang='lat' dir='ltr'><strong>nec</strong></span> <span class='ocrx_word' id='word_1_495' title='bbox 3312 2241 3468 2292; x_wconf 88' lang='lat' dir='ltr'><strong>terra</strong></span> <span class='ocrx_word' id='word_1_496' title='bbox 3507 2233 3775 2290; x_wconf 88' lang='lat' dir='ltr'><strong>adoranda</strong></span> <span class='ocrx_word' id='word_1_497' title='bbox 3815 2221 3909 2284; x_wconf 86' lang='grc'><strong>681</strong></span> 
     </span>
    </p>
   </div>
   <div class='ocr_carea' id='block_1_72' title="bbox 2341 2327 3416 2398">
    <p class='ocr_par' dir='ltr' id='par_1_72' title="bbox 2341 2327 3416 2398">
     <span class='ocr_line' id='line_1_73' title="bbox 2341 2327 3416 2398; baseline -0.002 -16"><span class='ocrx_word' id='word_1_498' title='bbox 2341 2331 2433 2382; x_wconf 90' lang='lat' dir='ltr'><strong>est</strong></span> <span class='ocrx_word' id='word_1_499' title='bbox 2463 2327 2657 2396; x_wconf 88' lang='lat' dir='ltr'><strong>nobis,</strong></span> <span class='ocrx_word' id='word_1_500' title='bbox 2693 2327 2829 2398; x_wconf 89' lang='lat' dir='ltr'><strong>quia</strong></span> <span class='ocrx_word' id='word_1_501' title='bbox 2862 2329 3132 2381; x_wconf 88' lang='lat' dir='ltr'><strong>creatura</strong></span> <span class='ocrx_word' id='word_1_502' title='bbox 3163 2329 3255 2381; x_wconf 91' lang='lat' dir='ltr'><strong>est</strong></span> <span class='ocrx_word' id='word_1_503' title='bbox 3286 2327 3416 2381; x_wconf 91' lang='lat' dir='ltr'><strong>Dei.</strong></span> 
     </span>
    </p>
   </div>
   <div class='ocr_carea' id='block_1_73' title="bbox 2413 2405 3918 2471">
    <p class='ocr_par' dir='ltr' id='par_1_73' title="bbox 2413 2405 3918 2471">
     <span class='ocr_line' id='line_1_74' title="bbox 2413 2405 3918 2471; baseline -0.008 -1"><span class='ocrx_word' id='word_1_504' title='bbox 2413 2417 2501 2471; x_wconf 78' lang='lat'><strong>79.</strong></span> <span class='ocrx_word' id='word_1_505' title='bbox 2545 2415 2864 2470; x_wconf 81' lang='lat' dir='ltr'><strong>Videamus</strong></span> <span class='ocrx_word' id='word_1_506' title='bbox 2893 2418 3089 2470; x_wconf 89' lang='lat' dir='ltr'><strong>tamen</strong></span> <span class='ocrx_word' id='word_1_507' title='bbox 3133 2430 3206 2470; x_wconf 92' lang='lat' dir='ltr'><strong>ne</strong></span> <span class='ocrx_word' id='word_1_508' title='bbox 3238 2418 3457 2470; x_wconf 87' lang='lat' dir='ltr'><strong>terram</strong></span> <span class='ocrx_word' id='word_1_509' title='bbox 3486 2413 3638 2468; x_wconf 90' lang='lat' dir='ltr'><strong>illam</strong></span> <span class='ocrx_word' id='word_1_510' title='bbox 3665 2409 3797 2465; x_wconf 85' lang='lat' dir='ltr'><strong>dicat</strong></span> <span class='ocrx_word' id='word_1_511' title='bbox 3819 2405 3918 2460; x_wconf 83' lang='lat' dir='ltr'><strong>ado-</strong></span> 
     </span>
    </p>
   </div>
   <div class='ocr_carea' id='block_1_74' title="bbox 2338 2493 3921 2576">
    <p class='ocr_par' dir='ltr' id='par_1_74' title="bbox 2338 2493 3921 2576">
     <span class='ocr_line' id='line_1_75' title="bbox 2338 2493 3921 2576; baseline -0.009 -16"><span class='ocrx_word' id='word_1_512' title='bbox 2338 2505 2580 2560; x_wconf 80' lang='lat' dir='ltr'><strong>randum</strong></span> <span class='ocrx_word' id='word_1_513' title='bbox 2609 2505 2914 2575; x_wconf 88' lang='lat' dir='ltr'><strong>propheta,</strong></span> <span class='ocrx_word' id='word_1_514' title='bbox 2949 2519 3124 2576; x_wconf 90' lang='lat' dir='ltr'><strong>quam</strong></span> <span class='ocrx_word' id='word_1_515' title='bbox 3166 2503 3456 2559; x_wconf 91' lang='lat' dir='ltr'><strong>Dominus</strong></span> <span class='ocrx_word' id='word_1_516' title='bbox 3494 2503 3667 2558; x_wconf 83' lang='lat' dir='ltr'><strong>Jesus</strong></span> <span class='ocrx_word' id='word_1_517' title='bbox 3697 2499 3748 2552; x_wconf 92' lang='lat' dir='ltr'><strong>in</strong></span> <span class='ocrx_word' id='word_1_518' title='bbox 3775 2493 3921 2551; x_wconf 85' lang='lat' dir='ltr'><strong>carnis</strong></span> 
     </span>
    </p>
   </div>
   <div class='ocr_carea' id='block_1_75' title="bbox 2339 2587 3918 2664">
    <p class='ocr_par' dir='ltr' id='par_1_75' title="bbox 2339 2587 3918 2664">
     <span class='ocr_line' id='line_1_76' title="bbox 2339 2587 3918 2664; baseline -0.008 -16"><span class='ocrx_word' id='word_1_519' title='bbox 2339 2593 2743 2664; x_wconf 89' lang='lat' dir='ltr'><strong>assumptione</strong></span> <span class='ocrx_word' id='word_1_520' title='bbox 2782 2593 3068 2664; x_wconf 88' lang='lat' dir='ltr'><strong>suscepit.</strong></span> <span class='ocrx_word' id='word_1_521' title='bbox 3116 2592 3318 2664; x_wconf 89' lang='lat' dir='ltr'><strong>Itaque</strong></span> <span class='ocrx_word' id='word_1_522' title='bbox 3352 2608 3460 2664; x_wconf 89' lang='lat' dir='ltr'><strong>per</strong></span> <span class='ocrx_word' id='word_1_523' title='bbox 3487 2588 3785 2647; x_wconf 88' lang='lat' dir='ltr'><strong>scabellum</strong></span> <span class='ocrx_word' id='word_1_524' title='bbox 3812 2587 3918 2638; x_wconf 81' lang='lat' dir='ltr'><strong>terra</strong></span> 
     </span>
    </p>
   </div>
   <div class='ocr_carea' id='block_1_76' title="bbox 2339 2668 3924 2756">
    <p class='ocr_par' dir='ltr' id='par_1_76' title="bbox 2339 2668 3924 2756">
     <span class='ocr_line' id='line_1_77' title="bbox 2339 2668 3924 2756; baseline -0.007 -19"><span class='ocrx_word' id='word_1_525' title='bbox 2339 2683 2724 2756; x_wconf 86' lang='lat' dir='ltr'><strong>intelligitur:</strong></span> <span class='ocrx_word' id='word_1_526' title='bbox 2775 2696 2884 2754; x_wconf 89' lang='lat' dir='ltr'><strong>per</strong></span> <span class='ocrx_word' id='word_1_527' title='bbox 2915 2685 3131 2736; x_wconf 88' lang='lat' dir='ltr'><strong>terram</strong></span> <span class='ocrx_word' id='word_1_528' title='bbox 3174 2685 3374 2736; x_wconf 88' lang='lat' dir='ltr'><strong>autem</strong></span> <span class='ocrx_word' id='word_1_529' title='bbox 3423 2695 3563 2736; x_wconf 89' lang='lat' dir='ltr'><strong>caro</strong></span> <span class='ocrx_word' id='word_1_530' title='bbox 3609 2674 3802 2733; x_wconf 85' lang='lat' dir='ltr'><strong>Christi</strong></span> <span class='ocrx_word' id='word_1_531' title='bbox 3832 2668 3924 2740; x_wconf 69' lang='lat'><strong>(3|),</strong></span> 
     </span>
    </p>
   </div>
   <div class='ocr_carea' id='block_1_77' title="bbox 2339 2823 3989 2897">
    <p class='ocr_par' dir='ltr' id='par_1_77' title="bbox 2339 2823 3989 2897">
     <span class='ocr_line' id='line_1_78' title="bbox 2339 2823 3989 2897; baseline -0.006 -15"><span class='ocrx_word' id='word_1_532' title='bbox 2339 2827 2680 2882; x_wconf 90' lang='lat' dir='ltr'><strong>adoratione</strong></span> <span class='ocrx_word' id='word_1_533' title='bbox 2693 2825 3084 2897; x_wconf 84' lang='lat' dir='ltr'><strong>veneremur?</strong></span> <span class='ocrx_word' id='word_1_534' title='bbox 3100 2823 3377 2880; x_wconf 86' lang='lat' dir='ltr'><strong>Secunda</strong></span> <span class='ocrx_word' id='word_1_535' title='bbox 3396 2823 3661 2897; x_wconf 79' lang='lat' dir='ltr'><strong>ejusdem</strong></span> <span class='ocrx_word' id='word_1_536' title='bbox 3673 2827 3926 2897; x_wconf 26' lang='lat' dir='ltr'><strong>‘responsw</strong></span> <span class='ocrx_word' id='word_1_537' title='bbox 3987 2825 3989 2862; x_wconf 85' lang='lat' dir='ltr'><strong>I</strong></span> 
     </span>
    </p>
   </div>
   <div class='ocr_carea' id='block_1_78' title="bbox 2341 2887 3929 2971">
    <p class='ocr_par' dir='ltr' id='par_1_78' title="bbox 2341 2887 3929 2971">
     <span class='ocr_line' id='line_1_79' title="bbox 2341 2887 3929 2971; baseline -0.008 -18"><span class='ocrx_word' id='word_1_538' title='bbox 2341 2902 2432 2971; x_wconf 85' lang='lat' dir='ltr'><strong>est</strong></span> <span class='ocrx_word' id='word_1_539' title='bbox 2448 2898 2749 2971; x_wconf 82' lang='lat' dir='ltr'><strong>Christum</strong></span> <span class='ocrx_word' id='word_1_540' title='bbox 2771 2897 3007 2971; x_wconf 82' lang='lat' dir='ltr'><strong>quidem</strong></span> <span class='ocrx_word' id='word_1_541' title='bbox 3037 2896 3098 2950; x_wconf 88' lang='lat' dir='ltr'><strong>in</strong></span> <span class='ocrx_word' id='word_1_542' title='bbox 3121 2887 3450 2966; x_wconf 53' lang='lat' dir='ltr'><strong>mysteriis&#39;</strong></span> <span class='ocrx_word' id='word_1_543' title='bbox 3463 2893 3707 2971; x_wconf 76' lang='lat' dir='ltr'><strong>adorari,</strong></span> <span class='ocrx_word' id='word_1_544' title='bbox 3738 2887 3832 2971; x_wconf 65' lang='lat' dir='ltr'><strong>sed</strong></span> <span class='ocrx_word' id='word_1_545' title='bbox 3849 2897 3929 2971; x_wconf 69' lang='lat' dir='ltr'><strong>non</strong></span> 
     </span>
    </p>
   </div>
   <div class='ocr_carea' id='block_1_79' title="bbox 2340 2962 3932 3039">
    <p class='ocr_par' dir='ltr' id='par_1_79' title="bbox 2340 2962 3932 3039">
     <span class='ocr_line' id='line_1_80' title="bbox 2340 2962 3932 3039; baseline -0.009 -15"><span class='ocrx_word' id='word_1_546' title='bbox 2340 2969 2572 3024; x_wconf 89' lang='lat' dir='ltr'><strong>adorari</strong></span> <span class='ocrx_word' id='word_1_547' title='bbox 2596 2962 2874 3039; x_wconf 75' lang='lat' dir='ltr'><strong>mysteria</strong></span> <span class='ocrx_word' id='word_1_548' title='bbox 2897 2967 2956 3021; x_wconf 92' lang='lat' dir='ltr'><strong>in</strong></span> <span class='ocrx_word' id='word_1_549' title='bbox 2978 2962 3375 3039; x_wconf 85' lang='lat' dir='ltr'><strong>sacramento,</strong></span> <span class='ocrx_word' id='word_1_550' title='bbox 3403 2983 3522 3022; x_wconf 90' lang='lat' dir='ltr'><strong>non</strong></span> <span class='ocrx_word' id='word_1_551' title='bbox 3535 2962 3752 3039; x_wconf 78' lang='lat' dir='ltr'><strong>adorari</strong></span> <span class='ocrx_word' id='word_1_552' title='bbox 3767 2962 3932 3029; x_wconf 84' lang='lat' dir='ltr'><strong>ipsum-</strong></span> 
     </span>
    </p>
   </div>
   <div class='ocr_carea' id='block_1_80' title="bbox 2341 3033 3989 3108">
    <p class='ocr_par' dir='ltr' id='par_1_80' title="bbox 2341 3033 3989 3108">
     <span class='ocr_line' id='line_1_81' title="bbox 2341 3033 3989 3108; baseline -0.004 -13"><span class='ocrx_word' id='word_1_553' title='bbox 2341 3044 2458 3095; x_wconf 90' lang='lat' dir='ltr'><strong>met</strong></span> <span class='ocrx_word' id='word_1_554' title='bbox 2488 3033 2944 3094; x_wconf 77' lang='lat' dir='ltr'><strong>sacramentum.</strong></span> <span class='ocrx_word' id='word_1_555' title='bbox 2975 3037 3142 3102; x_wconf 88' lang='lat' dir='ltr'><strong>Quod</strong></span> <span class='ocrx_word' id='word_1_556' title='bbox 3192 3033 3437 3108; x_wconf 85' lang='lat' dir='ltr'><strong>quidem</strong></span> <span class='ocrx_word' id='word_1_557' title='bbox 3485 3052 3555 3092; x_wconf 90' lang='lat' dir='ltr'><strong>eo</strong></span> <span class='ocrx_word' id='word_1_558' title='bbox 3585 3033 3808 3108; x_wconf 71' lang='lat' dir='ltr'><strong>maxime</strong></span> <span class='ocrx_word' id='word_1_559' title='bbox 3832 3041 3930 3108; x_wconf 57' lang='lat' dir='ltr'><strong>pro;</strong></span> <span class='ocrx_word' id='word_1_560' title='bbox 3987 3033 3989 3088; x_wconf 72' lang='grc'><strong>1</strong></span> 
     </span>
    </p>
   </div>
   <div class='ocr_carea' id='block_1_81' title="bbox 2341 3097 3935 3183">
    <p class='ocr_par' dir='ltr' id='par_1_81' title="bbox 2341 3097 3935 3183">
     <span class='ocr_line' id='line_1_82' title="bbox 2341 3097 3935 3183; baseline -0.007 -17"><span class='ocrx_word' id='word_1_561' title='bbox 2341 3111 2482 3166; x_wconf 89' lang='lat' dir='ltr'><strong>bare</strong></span> <span class='ocrx_word' id='word_1_562' title='bbox 2514 3111 2734 3183; x_wconf 86' lang='lat' dir='ltr'><strong>nititur,</strong></span> <span class='ocrx_word' id='word_1_563' title='bbox 2769 3109 2906 3182; x_wconf 88' lang='lat' dir='ltr'><strong>quia</strong></span> <span class='ocrx_word' id='word_1_564' title='bbox 2947 3097 3301 3180; x_wconf 56' lang='lat' dir='ltr'><strong>quibusdam</strong></span> <span class='ocrx_word' id='word_1_565' title='bbox 3350 3109 3504 3164; x_wconf 89' lang='lat' dir='ltr'><strong>locis</strong></span> <span class='ocrx_word' id='word_1_566' title='bbox 3551 3125 3602 3183; x_wconf 87' lang='lat' dir='ltr'><strong>a_</strong></span> <span class='ocrx_word' id='word_1_567' title='bbox 3627 3097 3865 3183; x_wconf 67' lang='lat' dir='ltr'><strong>Patribus</strong></span> <span class='ocrx_word' id='word_1_568' title='bbox 3899 3097 3935 3183; x_wconf 61' lang='lat' dir='ltr'><strong>ei</strong></span> 
     </span>
    </p>
   </div>
   <div class='ocr_carea' id='block_1_82' title="bbox 2342 3174 3989 3251">
    <p class='ocr_par' dir='ltr' id='par_1_82' title="bbox 2342 3174 3989 3251">
     <span class='ocr_line' id='line_1_83' title="bbox 2342 3174 3989 3251; baseline -0.012 -13"><span class='ocrx_word' id='word_1_569' title='bbox 2342 3183 2416 3238; x_wconf 89' lang='lat' dir='ltr'><strong>ab</strong></span> <span class='ocrx_word' id='word_1_570' title='bbox 2451 3174 2766 3236; x_wconf 86' lang='lat' dir='ltr'><strong>Ambrosio</strong></span> <span class='ocrx_word' id='word_1_571' title='bbox 2787 3174 2930 3251; x_wconf 60' lang='lat' dir='ltr'><strong>&#39;ipso</strong></span> <span class='ocrx_word' id='word_1_572' title='bbox 2959 3174 3402 3235; x_wconf 81' lang='lat' dir='ltr'><strong>sacramentum</strong></span> <span class='ocrx_word' id='word_1_573' title='bbox 3451 3181 3708 3251; x_wconf 83' lang='lat' dir='ltr'><strong>creatura</strong></span> <span class='ocrx_word' id='word_1_574' title='bbox 3744 3174 3932 3251; x_wconf 74' lang='lat' dir='ltr'><strong>dicitur:</strong></span> <span class='ocrx_word' id='word_1_575' title='bbox 3988 3225 3989 3234; x_wconf 14' lang='grc' dir='ltr'>χ</span> 
     </span>
    </p>
   </div>
   <div class='ocr_carea' id='block_1_83' title="bbox 2342 3241 3989 3318">
    <p class='ocr_par' dir='ltr' id='par_1_83' title="bbox 2342 3241 3989 3318">
     <span class='ocr_line' id='line_1_84' title="bbox 2342 3241 3989 3318; baseline -0.006 -10"><span class='ocrx_word' id='word_1_576' title='bbox 2342 3253 2450 3308; x_wconf 91' lang='lat' dir='ltr'><strong>sed</strong></span> <span class='ocrx_word' id='word_1_577' title='bbox 2473 3269 2606 3308; x_wconf 89' lang='lat' dir='ltr'><strong>cum</strong></span> <span class='ocrx_word' id='word_1_578' title='bbox 2635 3252 2754 3306; x_wconf 92' lang='lat' dir='ltr'><strong>illic</strong></span> <span class='ocrx_word' id='word_1_579' title='bbox 2785 3241 3218 3306; x_wconf 74' lang='lat' dir='ltr'><strong>sacramentum</strong></span> <span class='ocrx_word' id='word_1_580' title='bbox 3251 3254 3526 3306; x_wconf 90' lang='lat' dir='ltr'><strong>sumatur</strong></span> <span class='ocrx_word' id='word_1_581' title='bbox 3571 3249 3659 3304; x_wconf 83' lang='lat' dir='ltr'><strong>vel</strong></span> <span class='ocrx_word' id='word_1_582' title='bbox 3688 3261 3782 3316; x_wconf 86' lang='lat' dir='ltr'><strong>pro</strong></span> <span class='ocrx_word' id='word_1_583' title='bbox 3807 3241 3935 3318; x_wconf 65' lang='lat' dir='ltr'><strong>mit}-</strong></span> <span class='ocrx_word' id='word_1_584' title='bbox 3988 3275 3989 3290; x_wconf 63' lang='grc' dir='ltr'><strong>ι</strong></span> 
     </span>
    </p>
   </div>
   <div class='ocr_carea' id='block_1_84' title="bbox 2339 3317 3989 3399">
    <p class='ocr_par' dir='ltr' id='par_1_84' title="bbox 2339 3317 3989 3399">
     <span class='ocr_line' id='line_1_85' title="bbox 2339 3317 3989 3399; baseline -0.009 -20"><span class='ocrx_word' id='word_1_585' title='bbox 2339 3326 2425 3380; x_wconf 89' lang='lat' dir='ltr'><strong>ria</strong></span> <span class='ocrx_word' id='word_1_586' title='bbox 2457 3325 2811 3399; x_wconf 75' lang='lat' dir='ltr'><strong>sacramenti</strong></span> <span class='ocrx_word' id='word_1_587' title='bbox 2857 3322 3118 3377; x_wconf 86' lang='lat' dir='ltr'><strong>nondum</strong></span> <span class='ocrx_word' id='word_1_588' title='bbox 3150 3326 3538 3399; x_wconf 72' lang='lat' dir='ltr'><strong>consecrata,</strong></span> <span class='ocrx_word' id='word_1_589' title='bbox 3583 3317 3935 3399; x_wconf 35' lang='lat' dir='ltr'><strong>vel‘protj‘p‘if</strong></span> <span class='ocrx_word' id='word_1_590' title='bbox 3987 3341 3989 3358; x_wconf 74' lang='grc' dir='ltr'><strong>ι</strong></span> 
     </span>
    </p>
   </div>
   <div class='ocr_carea' id='block_1_85' title="bbox 2340 3383 3934 3466">
    <p class='ocr_par' dir='ltr' id='par_1_85' title="bbox 2340 3383 3934 3466">
     <span class='ocr_line' id='line_1_86' title="bbox 2340 3383 3934 3466; baseline -0.008 -16"><span class='ocrx_word' id='word_1_591' title='bbox 2340 3411 2449 3450; x_wconf 85' lang='lat' dir='ltr'><strong>seu</strong></span> <span class='ocrx_word' id='word_1_592' title='bbox 2481 3394 2798 3466; x_wconf 89' lang='lat' dir='ltr'><strong>speciebus</strong></span> <span class='ocrx_word' id='word_1_593' title='bbox 2831 3393 3388 3466; x_wconf 79' lang='lat' dir='ltr'><strong>sacramentalibus,</strong></span> <span class='ocrx_word' id='word_1_594' title='bbox 3415 3410 3491 3466; x_wconf 85' lang='lat' dir='ltr'><strong>ex</strong></span> <span class='ocrx_word' id='word_1_595' title='bbox 3510 3383 3618 3446; x_wconf 86' lang='lat' dir='ltr'><strong>hac</strong></span> <span class='ocrx_word' id='word_1_596' title='bbox 3648 3383 3801 3444; x_wconf 84' lang='lat' dir='ltr'><strong>etiam</strong></span> <span class='ocrx_word' id='word_1_597' title='bbox 3819 3383 3934 3466; x_wconf 57' lang='lat' dir='ltr'><strong>pali?</strong></span> 
     </span>
    </p>
   </div>
   <div class='ocr_carea' id='block_1_86' title="bbox 2339 3453 3938 3536">
    <p class='ocr_par' dir='ltr' id='par_1_86' title="bbox 2339 3453 3938 3536">
     <span class='ocr_line' id='line_1_87' title="bbox 2339 3453 3938 3536; baseline -0.007 -14"><span class='ocrx_word' id='word_1_598' title='bbox 2339 3467 2486 3522; x_wconf 89' lang='lat' dir='ltr'><strong>nihil</strong></span> <span class='ocrx_word' id='word_1_599' title='bbox 2513 3453 2836 3536; x_wconf 78' lang='lat' dir='ltr'><strong>promovet.</strong></span> <span class='ocrx_word' id='word_1_600' title='bbox 2862 3465 3072 3536; x_wconf 89' lang='lat' dir='ltr'><strong>Neque</strong></span> <span class='ocrx_word' id='word_1_601' title='bbox 3099 3479 3242 3519; x_wconf 89' lang='lat' dir='ltr'><strong>vero</strong></span> <span class='ocrx_word' id='word_1_602' title='bbox 3276 3453 3516 3520; x_wconf 79' lang='lat' dir='ltr'><strong>felicior</strong></span> <span class='ocrx_word' id='word_1_603' title='bbox 3543 3465 3653 3532; x_wconf 90' lang='lat' dir='ltr'><strong>est,</strong></span> <span class='ocrx_word' id='word_1_604' title='bbox 3686 3473 3802 3536; x_wconf 87' lang='lat' dir='ltr'><strong>cum</strong></span> <span class='ocrx_word' id='word_1_605' title='bbox 3825 3453 3938 3536; x_wconf 62' lang='lat' dir='ltr'><strong>Chfif</strong></span> 
     </span>
    </p>
   </div>
   <div class='ocr_carea' id='block_1_87' title="bbox 2340 3521 3934 3609">
    <p class='ocr_par' dir='ltr' id='par_1_87' title="bbox 2340 3521 3934 3609">
     <span class='ocr_line' id='line_1_88' title="bbox 2340 3521 3934 3609; baseline -0.009 -15"><span class='ocrx_word' id='word_1_606' title='bbox 2340 3521 2759 3609; x_wconf 46' lang='lat' dir='ltr'><strong>Stum‘adOI‘ai&#39;i</strong></span> <span class='ocrx_word' id='word_1_607' title='bbox 2797 3536 2858 3590; x_wconf 91' lang='lat' dir='ltr'><strong>in</strong></span> <span class='ocrx_word' id='word_1_608' title='bbox 2891 3521 3194 3609; x_wconf 55' lang='lat' dir='ltr'><strong>mysteriis</strong></span> <span class='ocrx_word' id='word_1_609' title='bbox 3245 3535 3325 3609; x_wconf 70' lang='lat' dir='ltr'><strong>ita</strong></span> <span class='ocrx_word' id='word_1_610' title='bbox 3377 3521 3650 3609; x_wconf 71' lang='lat' dir='ltr'><strong>explicat,</strong></span> <span class='ocrx_word' id='word_1_611' title='bbox 3682 3535 3740 3586; x_wconf 90' lang='lat' dir='ltr'><strong>ut</strong></span> <span class='ocrx_word' id='word_1_612' title='bbox 3762 3521 3934 3609; x_wconf 47' lang='lat' dir='ltr'><strong>non.th</strong></span> 
     </span>
    </p>
   </div>
   <div class='ocr_carea' id='block_1_88' title="bbox 2339 3593 3936 3679">
    <p class='ocr_par' dir='ltr' id='par_1_88' title="bbox 2339 3593 3936 3679">
     <span class='ocr_line' id='line_1_89' title="bbox 2339 3593 3936 3679; baseline -0.009 -14"><span class='ocrx_word' id='word_1_613' title='bbox 2339 3593 2680 3664; x_wconf 84' lang='lat' dir='ltr'><strong>adoratione</strong></span> <span class='ocrx_word' id='word_1_614' title='bbox 2711 3593 3023 3679; x_wconf 61' lang='lat' dir='ltr'><strong>singulai&#39;i,</strong></span> <span class='ocrx_word' id='word_1_615' title='bbox 3078 3623 3226 3679; x_wconf 74' lang='lat' dir='ltr'><strong>quae</strong></span> <span class='ocrx_word' id='word_1_616' title='bbox 3254 3593 3500 3662; x_wconf 54' lang='lat' dir='ltr'><strong>Christ&#39;o</strong></span> <span class='ocrx_word' id='word_1_617' title='bbox 3533 3593 3793 3679; x_wconf 58' lang='lat' dir='ltr'><strong>praisenti</strong></span> <span class='ocrx_word' id='word_1_618' title='bbox 3811 3593 3936 3679; x_wconf 51' lang='lat' dir='ltr'><strong>exhi-</strong></span> 
     </span>
    </p>
   </div>
   <div class='ocr_carea' id='block_1_89' title="bbox 2337 3661 3940 3749">
    <p class='ocr_par' dir='ltr' id='par_1_89' title="bbox 2337 3661 3940 3749">
     <span class='ocr_line' id='line_1_90' title="bbox 2337 3661 3940 3749; baseline -0.011 -13"><span class='ocrx_word' id='word_1_619' title='bbox 2337 3661 2708 3748; x_wconf 13' lang='lat' dir='ltr'><strong>bsstur,’sed</strong></span> <span class='ocrx_word' id='word_1_620' title='bbox 2740 3661 3138 3749; x_wconf 58' lang='lat' dir='ltr'><strong>deucommurii</strong></span> <span class='ocrx_word' id='word_1_621' title='bbox 3171 3677 3268 3749; x_wconf 91' lang='lat' dir='ltr'><strong>illa</strong></span> <span class='ocrx_word' id='word_1_622' title='bbox 3317 3661 3439 3749; x_wconf 90' lang='lat' dir='ltr'><strong>qua</strong></span> <span class='ocrx_word' id='word_1_623' title='bbox 3478 3661 3554 3731; x_wconf 44' lang='lat' dir='ltr'><strong>in‘</strong></span> <span class='ocrx_word' id='word_1_624' title='bbox 3587 3661 3940 3749; x_wconf 52' lang='lat' dir='ltr'><strong>quolibettelif</strong></span> 
     </span>
    </p>
   </div>
   <div class='ocr_carea' id='block_1_90' title="bbox 2338 3734 3938 3824">
    <p class='ocr_par' dir='ltr' id='par_1_90' title="bbox 2338 3734 3938 3824">
     <span class='ocr_line' id='line_1_91' title="bbox 2338 3734 3938 3824; baseline -0.009 -18"><span class='ocrx_word' id='word_1_625' title='bbox 2338 3734 2722 3824; x_wconf 59' lang='lat' dir='ltr'><strong>giouis&#39;actu,</strong></span> <span class='ocrx_word' id='word_1_626' title='bbox 2755 3753 2890 3820; x_wconf 84' lang='lat' dir='ltr'><strong>puta</strong></span> <span class='ocrx_word' id='word_1_627' title='bbox 2922 3749 2979 3824; x_wconf 89' lang='lat' dir='ltr'><strong>i_n</strong></span> <span class='ocrx_word' id='word_1_628' title='bbox 3034 3734 3414 3824; x_wconf 54' lang='lat' dir='ltr'><strong>baptismatis</strong></span> <span class='ocrx_word' id='word_1_629' title='bbox 3442 3822 3447 3824; x_wconf 86' lang='lat'>_</span> <span class='ocrx_word' id='word_1_630' title='bbox 3475 3751 3575 3802; x_wconf 89' lang='lat' dir='ltr'><strong>aut</strong></span> <span class='ocrx_word' id='word_1_631' title='bbox 3605 3734 3740 3799; x_wconf 47' lang='lat' dir='ltr'><strong>.alio</strong></span> <span class='ocrx_word' id='word_1_632' title='bbox 3791 3734 3938 3824; x_wconf 56' lang='lat' dir='ltr'><strong>simili.</strong></span> 
     </span>
    </p>
   </div>
   <div class='ocr_carea' id='block_1_91' title="bbox 2340 3819 3939 3891">
    <p class='ocr_par' dir='ltr' id='par_1_91' title="bbox 2340 3819 3939 3891">
     <span class='ocr_line' id='line_1_92' title="bbox 2340 3819 3939 3891; baseline -0.009 -13"><span class='ocrx_word' id='word_1_633' title='bbox 2340 3819 2644 3878; x_wconf 72' lang='lat' dir='ltr'><strong>sedentem</strong></span> <span class='ocrx_word' id='word_1_634' title='bbox 2667 3819 2861 3891; x_wconf 85' lang='lat' dir='ltr'><strong>ipsum</strong></span> <span class='ocrx_word' id='word_1_635' title='bbox 2885 3820 2956 3873; x_wconf 90' lang='lat' dir='ltr'><strong>ad</strong></span> <span class='ocrx_word' id='word_1_636' title='bbox 2978 3823 3286 3891; x_wconf 10' lang='lat' dir='ltr'><strong>paternam,</strong></span> <span class='ocrx_word' id='word_1_637' title='bbox 3306 3821 3620 3875; x_wconf 84' lang='lat' dir='ltr'><strong>dexteram</strong></span> <span class='ocrx_word' id='word_1_638' title='bbox 3635 3819 3939 3891; x_wconf 49' lang='lat' dir='ltr'><strong>veneramur-</strong></span> 
     </span>
    </p>
   </div>
   <div class='ocr_carea' id='block_1_92' title="bbox 2341 3877 3942 3962">
    <p class='ocr_par' dir='ltr' id='par_1_92' title="bbox 2341 3877 3942 3962">
     <span class='ocr_line' id='line_1_93' title="bbox 2341 3877 3942 3962; baseline -0.01 -13"><span class='ocrx_word' id='word_1_639' title='bbox 2341 3877 2560 3948; x_wconf 73' lang='lat' dir='ltr'><strong>Verum</strong></span> <span class='ocrx_word' id='word_1_640' title='bbox 2592 3877 2812 3946; x_wconf 81' lang='lat' dir='ltr'><strong>frustra</strong></span> <span class='ocrx_word' id='word_1_641' title='bbox 2844 3877 3152 3962; x_wconf 72' lang='lat' dir='ltr'><strong>captantur</strong></span> <span class='ocrx_word' id='word_1_642' title='bbox 3182 3889 3544 3961; x_wconf 85' lang='lat' dir='ltr'><strong>hujusmodi</strong></span> <span class='ocrx_word' id='word_1_643' title='bbox 3588 3886 3787 3958; x_wconf 71' lang='lat' dir='ltr'><strong>etl‘ugia</strong></span> <span class='ocrx_word' id='word_1_644' title='bbox 3814 3883 3866 3962; x_wconf 72' lang='lat' dir='ltr'><strong>et</strong></span> <span class='ocrx_word' id='word_1_645' title='bbox 3880 3877 3942 3929; x_wconf 86' lang='lat' dir='ltr'><strong>di-</strong></span> 
     </span>
    </p>
   </div>
   <div class='ocr_carea' id='block_1_93' title="bbox 2339 3951 3942 4035">
    <p class='ocr_par' dir='ltr' id='par_1_93' title="bbox 2339 3951 3942 4035">
     <span class='ocr_line' id='line_1_94' title="bbox 2339 3951 3942 4035; baseline -0.006 -17"><span class='ocrx_word' id='word_1_646' title='bbox 2339 3963 2644 4020; x_wconf 88' lang='lat' dir='ltr'><strong>verticula.</strong></span> <span class='ocrx_word' id='word_1_647' title='bbox 2676 3951 3158 4035; x_wconf 58' lang='lat' dir='ltr'><strong>Clarum&#39;quippe</strong></span> <span class='ocrx_word' id='word_1_648' title='bbox 3209 3951 3302 4015; x_wconf 74' lang='lat' dir='ltr'><strong>est</strong></span> <span class='ocrx_word' id='word_1_649' title='bbox 3337 3962 3457 4016; x_wconf 90' lang='lat' dir='ltr'><strong>hoc</strong></span> <span class='ocrx_word' id='word_1_650' title='bbox 3491 3951 3817 4035; x_wconf 70' lang='lat' dir='ltr'><strong>unum_éss_e</strong></span> <span class='ocrx_word' id='word_1_651' title='bbox 3843 3951 3942 4035; x_wconf 50' lang='lat' dir='ltr'><strong>Atil:</strong></span> 
     </span>
    </p>
   </div>
   <div class='ocr_carea' id='block_1_94' title="bbox 2337 4029 3945 4104">
    <p class='ocr_par' dir='ltr' id='par_1_94' title="bbox 2337 4029 3945 4104">
     <span class='ocr_line' id='line_1_95' title="bbox 2337 4029 3945 4104; baseline -0.012 -13"><span class='ocrx_word' id='word_1_652' title='bbox 2337 4035 2548 4090; x_wconf 90' lang='lat' dir='ltr'><strong>brosiii</strong></span> <span class='ocrx_word' id='word_1_653' title='bbox 2578 4033 2768 4088; x_wconf 89' lang='lat' dir='ltr'><strong>nostri</strong></span> <span class='ocrx_word' id='word_1_654' title='bbox 2825 4029 3158 4096; x_wconf 82' lang='lat' dir='ltr'><strong>consilium,</strong></span> <span class='ocrx_word' id='word_1_655' title='bbox 3222 4048 3442 4104; x_wconf 89' lang='lat' dir='ltr'><strong>nempe</strong></span> <span class='ocrx_word' id='word_1_656' title='bbox 3504 4037 3569 4088; x_wconf 89' lang='lat' dir='ltr'><strong>ut</strong></span> <span class='ocrx_word' id='word_1_657' title='bbox 3615 4029 3945 4104; x_wconf 51' lang='lat' dir='ltr'><strong>adoratione“:</strong></span> 
     </span>
    </p>
   </div>
   <div class='ocr_carea' id='block_1_95' title="bbox 2336 4085 3943 4177">
    <p class='ocr_par' dir='ltr' id='par_1_95' title="bbox 2336 4085 3943 4177">
     <span class='ocr_line' id='line_1_96' title="bbox 2336 4085 3943 4177; baseline 0.001 -15"><span class='ocrx_word' id='word_1_658' title='bbox 2336 4085 2820 4177; x_wconf 42' lang='lat' dir='ltr'><strong>suisaufaégari</strong></span> <span class='ocrx_word' id='word_1_659' title='bbox 2834 4085 2849 4088; x_wconf 58' lang='grc'>⁷</span> <span class='ocrx_word' id='word_1_660' title='bbox 2862 4085 3014 4177; x_wconf 55' lang='lat' dir='ltr'><strong>asa”</strong></span> <span class='ocrx_word' id='word_1_661' title='bbox 3036 4085 3256 4174; x_wconf 47' lang='lat' dir='ltr'><strong>posse&quot;</strong></span> <span class='ocrx_word' id='word_1_662' title='bbox 3272 4085 3539 4177; x_wconf 51' lang='lat' dir='ltr'><strong>eius;</strong></span> <span class='ocrx_word' id='word_1_663' title='bbox 3553 4085 3777 4177; x_wconf 62' lang='lat' dir='ltr'><strong>probet.</strong></span> <span class='ocrx_word' id='word_1_664' title='bbox 3829 4085 3943 4177; x_wconf 57' lang='grc' dir='ltr'><strong>(1μῖίέ</strong></span> 
     </span>
    </p>
   </div>
   <div class='ocr_carea' id='block_1_96' title="bbox 2336 4170 3945 4246">
    <p class='ocr_par' dir='ltr' id='par_1_96' title="bbox 2336 4170 3945 4246">
     <span class='ocr_line' id='line_1_97' title="bbox 2336 4170 3945 4246; baseline -0.014 -13"><span class='ocrx_word' id='word_1_665' title='bbox 2336 4170 2554 4233; x_wconf 84' lang='lat' dir='ltr'><strong>Christi</strong></span> <span class='ocrx_word' id='word_1_666' title='bbox 2590 4170 2748 4243; x_wconf 67' lang='lat' dir='ltr'><strong>cars,</strong></span> <span class='ocrx_word' id='word_1_667' title='bbox 2783 4175 2960 4246; x_wconf 87' lang='lat' dir='ltr'><strong>cujus</strong></span> <span class='ocrx_word' id='word_1_668' title='bbox 2991 4170 3320 4246; x_wconf 68' lang='lat' dir='ltr'><strong>auctorest</strong></span> <span class='ocrx_word' id='word_1_669' title='bbox 3375 4176 3532 4230; x_wconf 91' lang='lat' dir='ltr'><strong>idem</strong></span> <span class='ocrx_word' id='word_1_670' title='bbox 3565 4170 3820 4244; x_wconf 86' lang='lat' dir='ltr'><strong>Spiritus,</strong></span> <span class='ocrx_word' id='word_1_671' title='bbox 3846 4170 3945 4246; x_wconf 57' lang='lat' dir='ltr'><strong>vere</strong></span> 
     </span>
    </p>
   </div>
   <div class='ocr_carea' id='block_1_97' title="bbox 2337 4231 3947 4308">
    <p class='ocr_par' dir='ltr' id='par_1_97' title="bbox 2337 4231 3947 4308">
     <span class='ocr_line' id='line_1_98' title="bbox 2337 4231 3947 4308; baseline -0.014 -4"><span class='ocrx_word' id='word_1_672' title='bbox 2337 4231 2650 4304; x_wconf 81' lang='lat' dir='ltr'><strong>adoretur:</strong></span> <span class='ocrx_word' id='word_1_673' title='bbox 2703 4231 2760 4300; x_wconf 85' lang='lat' dir='ltr'><strong>id</strong></span> <span class='ocrx_word' id='word_1_674' title='bbox 2792 4231 2984 4300; x_wconf 53' lang='lat' dir='ltr'><strong>auvtem</strong></span> <span class='ocrx_word' id='word_1_675' title='bbox 3016 4247 3093 4300; x_wconf 89' lang='lat' dir='ltr'><strong>ita</strong></span> <span class='ocrx_word' id='word_1_676' title='bbox 3124 4245 3346 4301; x_wconf 88' lang='lat' dir='ltr'><strong>habere</strong></span> <span class='ocrx_word' id='word_1_677' title='bbox 3402 4247 3487 4301; x_wconf 90' lang='lat' dir='ltr'><strong>uti</strong></span> <span class='ocrx_word' id='word_1_678' title='bbox 3537 4231 3754 4308; x_wconf 65' lang='lat' dir='ltr'><strong>doceat,</strong></span> <span class='ocrx_word' id='word_1_679' title='bbox 3784 4231 3947 4308; x_wconf 71' lang='lat' dir='ltr'><strong>asserit</strong></span> 
     </span>
    </p>
   </div>
   <div class='ocr_carea' id='block_1_98' title="bbox 2337 4299 3944 4377">
    <p class='ocr_par' dir='ltr' id='par_1_98' title="bbox 2337 4299 3944 4377">
     <span class='ocr_line' id='line_1_99' title="bbox 2337 4299 3944 4377; baseline -0.012 -1"><span class='ocrx_word' id='word_1_680' title='bbox 2337 4299 2603 4376; x_wconf 58' lang='grc' dir='ltr'><strong>ἔξιᾘᾶὀῶ</strong></span> <span class='ocrx_word' id='word_1_681' title='bbox 2634 4299 2870 4374; x_wconf 72' lang='lat' dir='ltr'><strong>carnem</strong></span> <span class='ocrx_word' id='word_1_682' title='bbox 2893 4299 2957 4371; x_wconf 11' lang='lat' dir='ltr'><strong>in,</strong></span> <span class='ocrx_word' id='word_1_683' title='bbox 2972 4299 3438 4372; x_wconf 68' lang='lat' dir='ltr'><strong>resurrectione</strong></span> <span class='ocrx_word' id='word_1_684' title='bbox 3451 4299 3752 4372; x_wconf 76' lang='lat' dir='ltr'><strong>adoratam</strong></span> <span class='ocrx_word' id='word_1_685' title='bbox 3765 4319 3878 4363; x_wconf 85' lang='lat' dir='ltr'><strong>esse</strong></span> <span class='ocrx_word' id='word_1_686' title='bbox 3894 4299 3944 4377; x_wconf 82' lang='lat' dir='ltr'><strong>a_b</strong></span> 
     </span>
    </p>
   </div>
   <div class='ocr_carea' id='block_1_99' title="bbox 2339 4379 3946 4462">
    <p class='ocr_par' dir='ltr' id='par_1_99' title="bbox 2339 4379 3946 4462">
     <span class='ocr_line' id='line_1_100' title="bbox 2339 4379 3946 4462; baseline -0.01 -16"><span class='ocrx_word' id='word_1_687' title='bbox 2339 4391 2646 4462; x_wconf 88' lang='lat' dir='ltr'><strong>apostolis,</strong></span> <span class='ocrx_word' id='word_1_688' title='bbox 2671 4390 3057 4462; x_wconf 73' lang='lat' dir='ltr'><strong>etctiamnum</strong></span> <span class='ocrx_word' id='word_1_689' title='bbox 3075 4403 3107 4442; x_wconf 94' lang='lat' dir='ltr'><strong>a</strong></span> <span class='ocrx_word' id='word_1_690' title='bbox 3129 4387 3308 4462; x_wconf 84' lang='lat' dir='ltr'><strong>nobis</strong></span> <span class='ocrx_word' id='word_1_691' title='bbox 3332 4386 3719 4462; x_wconf 18' lang='lat' dir='ltr'><strong>inimysteriis</strong></span> <span class='ocrx_word' id='word_1_692' title='bbox 3748 4379 3946 4462; x_wconf 48' lang='lat' dir='ltr'><strong>adorat}.</strong></span> 
     </span>
    </p>
   </div>
   <div class='ocr_carea' id='block_1_100' title="bbox 559 4444 3946 4534">
    <p class='ocr_par' dir='ltr' id='par_1_100' title="bbox 559 4444 3946 4534">
     <span class='ocr_line' id='line_1_101' title="bbox 559 4444 3946 4534; baseline -0.006 -11"><span class='ocrx_word' id='word_1_693' title='bbox 559 4444 1056 4532; x_wconf 47' lang='lat' dir='ltr'><strong>Eadﬁa&#39;rﬁ&#39;éi,&quot;ui</strong></span> <span class='ocrx_word' id='word_1_694' title='bbox 1085 4444 2222 4534; x_wconf 26' lang='lat' dir='ltr'><strong>vdsant,latsiiejddoratisnlem“Christo</strong></span> <span class='ocrx_word' id='word_1_695' title='bbox 2251 4459 2306 4522; x_wconf 92' lang='lat' dir='ltr'><strong>D</strong></span> <span class='ocrx_word' id='word_1_696' title='bbox 2338 4444 2695 4534; x_wconf 55' lang='lat' dir='ltr'><strong>(luisigitur</strong></span> <span class='ocrx_word' id='word_1_697' title='bbox 2725 4476 2841 4514; x_wconf 91' lang='lat' dir='ltr'><strong>non</strong></span> <span class='ocrx_word' id='word_1_698' title='bbox 2872 4459 3162 4534; x_wconf 76' lang='lat' dir='ltr'><strong>intelligat</strong></span> <span class='ocrx_word' id='word_1_699' title='bbox 3185 4461 3316 4514; x_wconf 92' lang='lat' dir='ltr'><strong>ideo</strong></span> <span class='ocrx_word' id='word_1_700' title='bbox 3339 4444 3583 4514; x_wconf 60' lang='lat' dir='ltr'><strong>ador&#39;ari</strong></span> <span class='ocrx_word' id='word_1_701' title='bbox 3606 4459 3664 4512; x_wconf 90' lang='lat' dir='ltr'><strong>in</strong></span> <span class='ocrx_word' id='word_1_702' title='bbox 3685 4444 3946 4534; x_wconf 34' lang='lat' dir='ltr'><strong>mysterii?)</strong></span> 
     </span>
    </p>
   </div>
   <div class='ocr_carea' id='block_1_101' title="bbox 558 4534 2222 4608">
    <p class='ocr_par' dir='ltr' id='par_1_101' title="bbox 558 4534 2222 4608">
     <span class='ocr_line' id='line_1_102' title="bbox 558 4534 2222 4608; baseline -0.003 -13"><span class='ocrx_word' id='word_1_703' title='bbox 558 4541 620 4594; x_wconf 90' lang='lat' dir='ltr'><strong>in</strong></span> <span class='ocrx_word' id='word_1_704' title='bbox 650 4538 1044 4595; x_wconf 86' lang='lat' dir='ltr'><strong>eucharistica</strong></span> <span class='ocrx_word' id='word_1_705' title='bbox 1072 4537 1310 4608; x_wconf 88' lang='lat' dir='ltr'><strong>liturgia</strong></span> <span class='ocrx_word' id='word_1_706' title='bbox 1337 4537 1558 4601; x_wconf 87' lang='lat' dir='ltr'><strong>deberi,</strong></span> <span class='ocrx_word' id='word_1_707' title='bbox 1596 4540 1654 4590; x_wconf 91' lang='lat' dir='ltr'><strong>et</strong></span> <span class='ocrx_word' id='word_1_708' title='bbox 1682 4552 1744 4590; x_wconf 93' lang='lat' dir='ltr'><strong>re</strong></span> <span class='ocrx_word' id='word_1_709' title='bbox 1773 4551 1913 4590; x_wconf 90' lang='lat' dir='ltr'><strong>vera</strong></span> <span class='ocrx_word' id='word_1_710' title='bbox 1941 4534 2062 4608; x_wconf 86' lang='lat' dir='ltr'><strong>jam</strong></span> <span class='ocrx_word' id='word_1_711' title='bbox 2084 4535 2222 4608; x_wconf 84' lang='lat' dir='ltr'><strong>inde</strong></span> 
     </span>
    </p>
   </div>
   <div class='ocr_carea' id='block_1_102' title="bbox 559 4606 2222 4676">
    <p class='ocr_par' dir='ltr' id='par_1_102' title="bbox 559 4606 2222 4676">
     <span class='ocr_line' id='line_1_103' title="bbox 559 4606 2222 4676; baseline -0.003 -11"><span class='ocrx_word' id='word_1_712' title='bbox 559 4627 590 4665; x_wconf 89' lang='lat' dir='ltr'><strong>a</strong></span> <span class='ocrx_word' id='word_1_713' title='bbox 625 4609 900 4666; x_wconf 85' lang='lat' dir='ltr'><strong>felicibus</strong></span> <span class='ocrx_word' id='word_1_714' title='bbox 933 4609 1050 4663; x_wconf 89' lang='lat' dir='ltr'><strong>illis</strong></span> <span class='ocrx_word' id='word_1_715' title='bbox 1104 4606 1371 4664; x_wconf 71' lang='lat' dir='ltr'><strong>florentis</strong></span> <span class='ocrx_word' id='word_1_716' title='bbox 1402 4608 1688 4662; x_wconf 69' lang='lat' dir='ltr'><strong>Ecclesia:</strong></span> <span class='ocrx_word' id='word_1_717' title='bbox 1720 4606 2086 4676; x_wconf 85' lang='lat' dir='ltr'><strong>temporibus</strong></span> <span class='ocrx_word' id='word_1_718' title='bbox 2115 4607 2222 4660; x_wconf 88' lang='lat' dir='ltr'><strong>de-</strong></span> 
     </span>
    </p>
   </div>
   <div class='ocr_carea' id='block_1_103' title="bbox 517 4677 2225 4748">
    <p class='ocr_par' dir='ltr' id='par_1_103' title="bbox 517 4677 2225 4748">
     <span class='ocr_line' id='line_1_104' title="bbox 517 4677 2225 4748; baseline -0.005 -7"><span class='ocrx_word' id='word_1_719' title='bbox 517 4733 526 4741; x_wconf 91' lang='lat'><strong>.</strong></span> <span class='ocrx_word' id='word_1_720' title='bbox 558 4680 698 4736; x_wconf 86' lang='lat' dir='ltr'><strong>ferri</strong></span> <span class='ocrx_word' id='word_1_721' title='bbox 735 4680 1148 4748; x_wconf 89' lang='lat' dir='ltr'><strong>consuevisse,</strong></span> <span class='ocrx_word' id='word_1_722' title='bbox 1183 4679 1635 4734; x_wconf 87' lang='lat' dir='ltr'><strong>validissimum.</strong></span> <span class='ocrx_word' id='word_1_723' title='bbox 1668 4678 1882 4733; x_wconf 88' lang='lat' dir='ltr'><strong>Contra</strong></span> <span class='ocrx_word' id='word_1_724' title='bbox 1901 4693 2042 4732; x_wconf 91' lang='lat' dir='ltr'><strong>vero</strong></span> <span class='ocrx_word' id='word_1_725' title='bbox 2063 4677 2225 4732; x_wconf 88' lang='lat' dir='ltr'><strong>Ples-</strong></span> 
     </span>
    </p>
   </div>
   <div class='ocr_carea' id='block_1_104' title="bbox 561 4749 2222 4822">
    <p class='ocr_par' dir='ltr' id='par_1_104' title="bbox 561 4749 2222 4822">
     <span class='ocr_line' id='line_1_105' title="bbox 561 4749 2222 4822; baseline -0.002 -16"><span class='ocrx_word' id='word_1_726' title='bbox 561 4767 724 4807; x_wconf 68' lang='lat' dir='ltr'><strong>szeus</strong></span> <span class='ocrx_word' id='word_1_727' title='bbox 753 4755 810 4806; x_wconf 89' lang='lat' dir='ltr'><strong>et</strong></span> <span class='ocrx_word' id='word_1_728' title='bbox 838 4751 1181 4806; x_wconf 81' lang='lat' dir='ltr'><strong>Albertinus</strong></span> <span class='ocrx_word' id='word_1_729' title='bbox 1205 4750 1477 4822; x_wconf 87' lang='lat' dir='ltr'><strong>ejusdem</strong></span> <span class='ocrx_word' id='word_1_730' title='bbox 1498 4751 1615 4804; x_wconf 89' lang='lat' dir='ltr'><strong>vim</strong></span> <span class='ocrx_word' id='word_1_731' title='bbox 1639 4749 1950 4822; x_wconf 87' lang='lat' dir='ltr'><strong>responsis</strong></span> <span class='ocrx_word' id='word_1_732' title='bbox 1975 4749 2104 4822; x_wconf 66' lang='lat' dir='ltr'><strong>suis</strong></span> <span class='ocrx_word' id='word_1_733' title='bbox 2129 4749 2222 4822; x_wconf 89' lang='lat' dir='ltr'><strong>sin</strong></span> 
     </span>
    </p>
   </div>
   <div class='ocr_carea' id='block_1_105' title="bbox 559 4820 2227 4892">
    <p class='ocr_par' dir='ltr' id='par_1_105' title="bbox 559 4820 2227 4892">
     <span class='ocr_line' id='line_1_106' title="bbox 559 4820 2227 4892; baseline -0.001 -16"><span class='ocrx_word' id='word_1_734' title='bbox 559 4823 756 4876; x_wconf 89' lang='lat' dir='ltr'><strong>minus</strong></span> <span class='ocrx_word' id='word_1_735' title='bbox 781 4823 1076 4892; x_wconf 82' lang='lat' dir='ltr'><strong>frangere,</strong></span> <span class='ocrx_word' id='word_1_736' title='bbox 1098 4820 1306 4876; x_wconf 80' lang='lat' dir='ltr'><strong>saltem</strong></span> <span class='ocrx_word' id='word_1_737' title='bbox 1328 4821 1634 4876; x_wconf 88' lang='lat' dir='ltr'><strong>debilitare</strong></span> <span class='ocrx_word' id='word_1_738' title='bbox 1661 4821 1852 4874; x_wconf 89' lang='lat' dir='ltr'><strong>conati</strong></span> <span class='ocrx_word' id='word_1_739' title='bbox 1871 4823 2028 4892; x_wconf 89' lang='lat' dir='ltr'><strong>sunt.</strong></span> <span class='ocrx_word' id='word_1_740' title='bbox 2053 4820 2227 4892; x_wconf 70' lang='lat' dir='ltr'><strong>Prior</strong></span> 
     </span>
    </p>
   </div>
   <div class='ocr_carea' id='block_1_106' title="bbox 561 4890 2222 4963">
    <p class='ocr_par' dir='ltr' id='par_1_106' title="bbox 561 4890 2222 4963">
     <span class='ocr_line' id='line_1_107' title="bbox 561 4890 2222 4963; baseline -0.001 -17"><span class='ocrx_word' id='word_1_741' title='bbox 561 4893 853 4963; x_wconf 90' lang='lat' dir='ltr'><strong>siquidem</strong></span> <span class='ocrx_word' id='word_1_742' title='bbox 901 4890 1018 4947; x_wconf 82' lang='lat' dir='ltr'><strong>duo</strong></span> <span class='ocrx_word' id='word_1_743' title='bbox 1049 4893 1394 4962; x_wconf 85' lang='lat' dir='ltr'><strong>respondet:</strong></span> <span class='ocrx_word' id='word_1_744' title='bbox 1456 4892 1838 4946; x_wconf 84' lang='lat' dir='ltr'><strong>Ambrosium</strong></span> <span class='ocrx_word' id='word_1_745' title='bbox 1891 4891 1964 4963; x_wconf 85' lang='lat' dir='ltr'><strong>de</strong></span> <span class='ocrx_word' id='word_1_746' title='bbox 2012 4890 2222 4946; x_wconf 86' lang='lat' dir='ltr'><strong>adora-</strong></span> 
     </span>
    </p>
   </div>
   <div class='ocr_carea' id='block_1_107' title="bbox 561 4961 2224 5033">
    <p class='ocr_par' dir='ltr' id='par_1_107' title="bbox 561 4961 2224 5033">
     <span class='ocr_line' id='line_1_108' title="bbox 561 4961 2224 5033; baseline -0.001 -15"><span class='ocrx_word' id='word_1_747' title='bbox 561 4961 720 5018; x_wconf 78' lang='lat' dir='ltr'><strong>tione</strong></span> <span class='ocrx_word' id='word_1_748' title='bbox 761 4963 968 5018; x_wconf 88' lang='lat' dir='ltr'><strong>eodem</strong></span> <span class='ocrx_word' id='word_1_749' title='bbox 1005 4961 1190 5019; x_wconf 83' lang='lat' dir='ltr'><strong>sensu</strong></span> <span class='ocrx_word' id='word_1_750' title='bbox 1237 4964 1418 5033; x_wconf 89' lang='lat' dir='ltr'><strong>loqui,</strong></span> <span class='ocrx_word' id='word_1_751' title='bbox 1457 4980 1573 5033; x_wconf 89' lang='lat' dir='ltr'><strong>quo</strong></span> <span class='ocrx_word' id='word_1_752' title='bbox 1619 4963 1690 5018; x_wconf 92' lang='lat' dir='ltr'><strong>de</strong></span> <span class='ocrx_word' id='word_1_753' title='bbox 1736 4961 2224 5032; x_wconf 87' lang='lat' dir='ltr'><strong>manducatione;</strong></span> 
     </span>
    </p>
   </div>
   <div class='ocr_carea' id='block_1_108' title="bbox 562 4981 2227 5104">
    <p class='ocr_par' dir='ltr' id='par_1_108' title="bbox 562 4981 2227 5104">
     <span class='ocr_line' id='line_1_109' title="bbox 562 4981 2224 5033; baseline -0.001 -15"><span class='ocrx_word' id='word_1_754' title='bbox 562 4981 720 5018; x_wconf 84' lang='lat' dir='ltr'><strong>uone</strong></span> <span class='ocrx_word' id='word_1_755' title='bbox 761 4981 968 5018; x_wconf 88' lang='lat' dir='ltr'><strong>eouem</strong></span> <span class='ocrx_word' id='word_1_756' title='bbox 1005 4981 1190 5019; x_wconf 90' lang='lat' dir='ltr'><strong>sensu</strong></span> <span class='ocrx_word' id='word_1_757' title='bbox 1237 4981 1292 5018; x_wconf 90' lang='grc' dir='ltr'><strong>ιο</strong></span> <span class='ocrx_word' id='word_1_758' title='bbox 1341 4981 1418 5032; x_wconf 82' lang='grc' dir='ltr'><strong>ιιι,</strong></span> <span class='ocrx_word' id='word_1_759' title='bbox 1457 4981 1573 5033; x_wconf 90' lang='lat' dir='ltr'><strong>quo</strong></span> <span class='ocrx_word' id='word_1_760' title='bbox 1619 4981 1690 5018; x_wconf 87' lang='lat' dir='ltr'><strong>ue</strong></span> <span class='ocrx_word' id='word_1_761' title='bbox 1736 4981 2224 5032; x_wconf 83' lang='lat' dir='ltr'><strong>manuueauone;</strong></span> 
     </span>
     <span class='ocr_line' id='line_1_110' title="bbox 562 4981 2227 5104; baseline -0.001 -14"><span class='ocrx_word' id='word_1_762' title='bbox 562 5034 769 5090; x_wconf 87' lang='lat' dir='ltr'><strong>eodem</strong></span> <span class='ocrx_word' id='word_1_763' title='bbox 814 5037 1005 5088; x_wconf 85' lang='lat' dir='ltr'><strong>autem</strong></span> <span class='ocrx_word' id='word_1_764' title='bbox 1047 5035 1118 5089; x_wconf 88' lang='lat' dir='ltr'><strong>de</strong></span> <span class='ocrx_word' id='word_1_765' title='bbox 1161 4981 1628 5101; x_wconf 59' lang='lat' dir='ltr'><strong>mangiicatione,</strong></span> <span class='ocrx_word' id='word_1_766' title='bbox 1669 5050 1787 5104; x_wconf 90' lang='lat' dir='ltr'><strong>quo</strong></span> <span class='ocrx_word' id='word_1_767' title='bbox 1815 5034 1885 5088; x_wconf 93' lang='lat' dir='ltr'><strong>de</strong></span> <span class='ocrx_word' id='word_1_768' title='bbox 1930 5036 2086 5088; x_wconf 91' lang='lat' dir='ltr'><strong>tactu</strong></span> <span class='ocrx_word' id='word_1_769' title='bbox 2117 5049 2227 5088; x_wconf 90' lang='lat' dir='ltr'><strong>seu</strong></span> 
     </span>
    </p>
   </div>
   <div class='ocr_carea' id='block_1_109' title="bbox 603 5104 2224 5176">
    <p class='ocr_par' dir='ltr' id='par_1_109' title="bbox 603 5104 2224 5176">
     <span class='ocr_line' id='line_1_111' title="bbox 603 5104 2224 5176; baseline -0.001 -16"><span class='ocrx_word' id='word_1_770' title='bbox 603 5105 932 5175; x_wconf 88' lang='lat' dir='ltr'><strong>alpatione:</strong></span> <span class='ocrx_word' id='word_1_771' title='bbox 983 5105 1161 5176; x_wconf 86' lang='lat' dir='ltr'><strong>atqui,</strong></span> <span class='ocrx_word' id='word_1_772' title='bbox 1212 5107 1291 5160; x_wconf 90' lang='lat' dir='ltr'><strong>ait</strong></span> <span class='ocrx_word' id='word_1_773' title='bbox 1337 5106 1454 5174; x_wconf 87' lang='lat' dir='ltr'><strong>ille,</strong></span> <span class='ocrx_word' id='word_1_774' title='bbox 1509 5107 1862 5176; x_wconf 86' lang='lat' dir='ltr'><strong>Ambrosius</strong></span> <span class='ocrx_word' id='word_1_775' title='bbox 1909 5105 1968 5158; x_wconf 90' lang='lat' dir='ltr'><strong>in</strong></span> <span class='ocrx_word' id='word_1_776' title='bbox 2001 5104 2224 5174; x_wconf 83' lang='lat' dir='ltr'><strong>Expos.</strong></span> 
     </span>
    </p>
   </div>
   <div class='ocr_carea' id='block_1_110' title="bbox 585 5175 2230 5249">
    <p class='ocr_par' dir='ltr' id='par_1_110' title="bbox 585 5175 2230 5249">
     <span class='ocr_line' id='line_1_112' title="bbox 585 5175 2230 5249; baseline -0.001 -17"><span class='ocrx_word' id='word_1_777' title='bbox 585 5194 739 5232; x_wconf 64' lang='lat' dir='ltr'><strong>.ucae</strong></span> <span class='ocrx_word' id='word_1_778' title='bbox 768 5192 956 5249; x_wconf 84' lang='lat' dir='ltr'><strong>agens</strong></span> <span class='ocrx_word' id='word_1_779' title='bbox 983 5175 1460 5249; x_wconf 29' lang='lat' dir='ltr'><strong>de’Magdalena,</strong></span> <span class='ocrx_word' id='word_1_780' title='bbox 1493 5177 1792 5232; x_wconf 85' lang='lat' dir='ltr'><strong>Christum</strong></span> <span class='ocrx_word' id='word_1_781' title='bbox 1818 5175 1939 5247; x_wconf 88' lang='lat' dir='ltr'><strong>jam</strong></span> <span class='ocrx_word' id='word_1_782' title='bbox 1963 5191 2077 5249; x_wconf 81' lang='lat' dir='ltr'><strong>non</strong></span> <span class='ocrx_word' id='word_1_783' title='bbox 2105 5191 2230 5230; x_wconf 88' lang='lat' dir='ltr'><strong>cor-</strong></span> 
     </span>
    </p>
   </div>
   <div class='ocr_carea' id='block_1_111' title="bbox 557 5247 2227 5321">
    <p class='ocr_par' dir='ltr' id='par_1_111' title="bbox 557 5247 2227 5321">
     <span class='ocr_line' id='line_1_113' title="bbox 557 5247 2227 5321; baseline -0.001 -19"><span class='ocrx_word' id='word_1_784' title='bbox 557 5247 860 5321; x_wconf 79' lang='lat' dir='ltr'><strong>poraliter,</strong></span> <span class='ocrx_word' id='word_1_785' title='bbox 893 5248 1000 5302; x_wconf 88' lang='lat' dir='ltr'><strong>sed</strong></span> <span class='ocrx_word' id='word_1_786' title='bbox 1029 5265 1136 5318; x_wconf 88' lang='lat' dir='ltr'><strong>per</strong></span> <span class='ocrx_word' id='word_1_787' title='bbox 1165 5247 1337 5304; x_wconf 75' lang='lat' dir='ltr'><strong>fidem</strong></span> <span class='ocrx_word' id='word_1_788' title='bbox 1370 5249 1632 5321; x_wconf 81' lang='lat' dir='ltr'><strong>contingi</strong></span> <span class='ocrx_word' id='word_1_789' title='bbox 1653 5247 2227 5321; x_wconf 82' lang='lat' dir='ltr'><strong>asseverat._Verum</strong></span> 
     </span>
    </p>
   </div>
   <div class='ocr_carea' id='block_1_112' title="bbox 558 5319 2228 5401">
    <p class='ocr_par' dir='ltr' id='par_1_112' title="bbox 558 5319 2228 5401">
     <span class='ocr_line' id='line_1_114' title="bbox 558 5319 2228 5401; baseline -0.002 -25"><span class='ocrx_word' id='word_1_790' title='bbox 558 5319 802 5401; x_wconf 77' lang='lat' dir='ltr'><strong>nihilea</strong></span> <span class='ocrx_word' id='word_1_791' title='bbox 835 5321 1226 5401; x_wconf 74' lang='lat' dir='ltr'><strong>responsione</strong></span> <span class='ocrx_word' id='word_1_792' title='bbox 1271 5321 1548 5401; x_wconf 59' lang='lat' dir='ltr'><strong>ineptius.</strong></span> <span class='ocrx_word' id='word_1_793' title='bbox 1582 5319 1876 5401; x_wconf 48' lang='lat' dir='ltr'><strong>&#39;Namquo</strong></span> <span class='ocrx_word' id='word_1_794' title='bbox 1931 5319 2078 5372; x_wconf 88' lang='lat' dir='ltr'><strong>adeo</strong></span> <span class='ocrx_word' id='word_1_795' title='bbox 2109 5334 2228 5401; x_wconf 77' lang='lat' dir='ltr'><strong>non</strong></span> 
     </span>
    </p>
   </div>
   <div class='ocr_carea' id='block_1_113' title="bbox 561 5391 2226 5462">
    <p class='ocr_par' dir='ltr' id='par_1_113' title="bbox 561 5391 2226 5462">
     <span class='ocr_line' id='line_1_115' title="bbox 561 5391 2226 5462; baseline -0.002 -16"><span class='ocrx_word' id='word_1_796' title='bbox 561 5396 738 5461; x_wconf 82' lang='lat' dir='ltr'><strong>negat</strong></span> <span class='ocrx_word' id='word_1_797' title='bbox 769 5395 1012 5446; x_wconf 86' lang='lat' dir='ltr'><strong>sanctus</strong></span> <span class='ocrx_word' id='word_1_798' title='bbox 1066 5391 1273 5446; x_wconf 77' lang='lat' dir='ltr'><strong>doctor</strong></span> <span class='ocrx_word' id='word_1_799' title='bbox 1299 5391 1598 5462; x_wconf 84' lang='lat' dir='ltr'><strong>Christum</strong></span> <span class='ocrx_word' id='word_1_800' title='bbox 1631 5391 1792 5462; x_wconf 88' lang='lat' dir='ltr'><strong>tangi</strong></span> <span class='ocrx_word' id='word_1_801' title='bbox 1818 5461 1826 5462; x_wconf 14' lang='grc' dir='ltr'>ί</span> <span class='ocrx_word' id='word_1_802' title='bbox 1853 5405 2036 5462; x_wconf 85' lang='lat' dir='ltr'><strong>posse</strong></span> <span class='ocrx_word' id='word_1_803' title='bbox 2089 5393 2226 5462; x_wconf 89' lang='lat' dir='ltr'><strong>post</strong></span> 
     </span>
    </p>
   </div>
   <div class='ocr_carea' id='block_1_114' title="bbox 557 5461 2229 5530">
    <p class='ocr_par' dir='ltr' id='par_1_114' title="bbox 557 5461 2229 5530">
     <span class='ocr_line' id='line_1_116' title="bbox 557 5461 2229 5530; baseline -0.002 -12"><span class='ocrx_word' id='word_1_804' title='bbox 557 5463 1079 5529; x_wconf 89' lang='lat' dir='ltr'><strong>resurrectionem,</strong></span> <span class='ocrx_word' id='word_1_805' title='bbox 1127 5465 1190 5517; x_wconf 92' lang='lat' dir='ltr'><strong>ut</strong></span> <span class='ocrx_word' id='word_1_806' title='bbox 1239 5462 1480 5516; x_wconf 88' lang='lat' dir='ltr'><strong>Mariam</strong></span> <span class='ocrx_word' id='word_1_807' title='bbox 1523 5461 1763 5516; x_wconf 83' lang='lat' dir='ltr'><strong>alteram</strong></span> <span class='ocrx_word' id='word_1_808' title='bbox 1795 5461 2015 5514; x_wconf 85' lang='lat' dir='ltr'><strong>Christi</strong></span> <span class='ocrx_word' id='word_1_809' title='bbox 2045 5461 2229 5530; x_wconf 89' lang='lat' dir='ltr'><strong>pedes</strong></span> 
     </span>
    </p>
   </div>
   <div class='ocr_carea' id='block_1_115' title="bbox 557 5531 2232 5604">
    <p class='ocr_par' dir='ltr' id='par_1_115' title="bbox 557 5531 2232 5604">
     <span class='ocr_line' id='line_1_117' title="bbox 557 5531 2232 5604; baseline -0.002 -16"><span class='ocrx_word' id='word_1_810' title='bbox 557 5534 888 5604; x_wconf 87' lang='lat' dir='ltr'><strong>amplexam</strong></span> <span class='ocrx_word' id='word_1_811' title='bbox 921 5533 1190 5604; x_wconf 84' lang='lat' dir='ltr'><strong>tenuisse</strong></span> <span class='ocrx_word' id='word_1_812' title='bbox 1220 5533 1375 5604; x_wconf 85' lang='lat' dir='ltr'><strong>clare</strong></span> <span class='ocrx_word' id='word_1_813' title='bbox 1405 5532 1676 5586; x_wconf 80' lang='lat' dir='ltr'><strong>affirmet.</strong></span> <span class='ocrx_word' id='word_1_814' title='bbox 1714 5532 1937 5586; x_wconf 89' lang='lat' dir='ltr'><strong>Deinde</strong></span> <span class='ocrx_word' id='word_1_815' title='bbox 1960 5537 2022 5585; x_wconf 91' lang='lat' dir='ltr'><strong>ut</strong></span> <span class='ocrx_word' id='word_1_816' title='bbox 2053 5531 2232 5604; x_wconf 78' lang='lat' dir='ltr'><strong>maxi-</strong></span> 
     </span>
    </p>
   </div>
   <div class='ocr_carea' id='block_1_116' title="bbox 557 5602 2227 5672">
    <p class='ocr_par' dir='ltr' id='par_1_116' title="bbox 557 5602 2227 5672">
     <span class='ocr_line' id='line_1_118' title="bbox 557 5602 2227 5672; baseline -0.002 -12"><span class='ocrx_word' id='word_1_817' title='bbox 557 5602 982 5660; x_wconf 71' lang='lat' dir='ltr'><strong>meChristum</strong></span> <span class='ocrx_word' id='word_1_818' title='bbox 1011 5605 1069 5656; x_wconf 91' lang='lat' dir='ltr'><strong>in</strong></span> <span class='ocrx_word' id='word_1_819' title='bbox 1107 5602 1475 5656; x_wconf 84' lang='lat' dir='ltr'><strong>Eucharistia</strong></span> <span class='ocrx_word' id='word_1_820' title='bbox 1501 5617 1788 5670; x_wconf 86' lang='lat' dir='ltr'><strong>corporeo</strong></span> <span class='ocrx_word' id='word_1_821' title='bbox 1811 5606 1966 5656; x_wconf 88' lang='lat' dir='ltr'><strong>tactu</strong></span> <span class='ocrx_word' id='word_1_822' title='bbox 1989 5602 2227 5672; x_wconf 87' lang='lat' dir='ltr'><strong>palpare</strong></span> 
     </span>
    </p>
   </div>
   <div class='ocr_carea' id='block_1_117' title="bbox 559 5672 2221 5744">
    <p class='ocr_par' dir='ltr' id='par_1_117' title="bbox 559 5672 2221 5744">
     <span class='ocr_line' id='line_1_119' title="bbox 559 5672 2221 5744; baseline -0.001 -16"><span class='ocrx_word' id='word_1_823' title='bbox 559 5690 946 5744; x_wconf 85' lang='lat' dir='ltr'><strong>nequeamus,</strong></span> <span class='ocrx_word' id='word_1_824' title='bbox 982 5673 1089 5744; x_wconf 85' lang='lat' dir='ltr'><strong>sed</strong></span> <span class='ocrx_word' id='word_1_825' title='bbox 1119 5673 1539 5739; x_wconf 84' lang='lat' dir='ltr'><strong>tantummodo,</strong></span> <span class='ocrx_word' id='word_1_826' title='bbox 1575 5672 1793 5742; x_wconf 90' lang='lat' dir='ltr'><strong>quibus</strong></span> <span class='ocrx_word' id='word_1_827' title='bbox 1823 5673 2092 5740; x_wconf 89' lang='lat' dir='ltr'><strong>vestitur,</strong></span> <span class='ocrx_word' id='word_1_828' title='bbox 2117 5689 2221 5727; x_wconf 86' lang='lat' dir='ltr'><strong>ac-</strong></span> 
     </span>
    </p>
   </div>
   <div class='ocr_carea' id='block_1_118' title="bbox 563 5743 2212 5814">
    <p class='ocr_par' dir='ltr' id='par_1_118' title="bbox 563 5743 2212 5814">
     <span class='ocr_line' id='line_1_120' title="bbox 563 5743 2212 5814; baseline 0 -16"><span class='ocrx_word' id='word_1_829' title='bbox 563 5743 836 5810; x_wconf 85' lang='lat' dir='ltr'><strong>cidentia;</strong></span> <span class='ocrx_word' id='word_1_830' title='bbox 870 5743 1011 5814; x_wconf 92' lang='lat' dir='ltr'><strong>quid</strong></span> <span class='ocrx_word' id='word_1_831' title='bbox 1040 5745 1195 5814; x_wconf 76' lang='lat' dir='ltr'><strong>vetet</strong></span> <span class='ocrx_word' id='word_1_832' title='bbox 1214 5756 1286 5795; x_wconf 89' lang='lat' dir='ltr'><strong>ne</strong></span> <span class='ocrx_word' id='word_1_833' title='bbox 1307 5757 1482 5812; x_wconf 92' lang='lat' dir='ltr'><strong>quem</strong></span> <span class='ocrx_word' id='word_1_834' title='bbox 1515 5757 1653 5814; x_wconf 91' lang='lat' dir='ltr'><strong>vere</strong></span> <span class='ocrx_word' id='word_1_835' title='bbox 1675 5746 2030 5812; x_wconf 82' lang='lat' dir='ltr'><strong>praesentem</strong></span> <span class='ocrx_word' id='word_1_836' title='bbox 2053 5759 2212 5812; x_wconf 93' lang='lat' dir='ltr'><strong>esse,</strong></span> 
     </span>
    </p>
   </div>
   <div class='ocr_carea' id='block_1_119' title="bbox 561 5812 2228 5886">
    <p class='ocr_par' dir='ltr' id='par_1_119' title="bbox 561 5812 2228 5886">
     <span class='ocr_line' id='line_1_121' title="bbox 561 5812 2228 5886; baseline 0.002 -19"><span class='ocrx_word' id='word_1_837' title='bbox 561 5814 699 5870; x_wconf 87' lang='lat' dir='ltr'><strong>licet</strong></span> <span class='ocrx_word' id='word_1_838' title='bbox 721 5812 918 5886; x_wconf 79' lang='lat' dir='ltr'><strong>lateat,</strong></span> <span class='ocrx_word' id='word_1_839' title='bbox 949 5829 1057 5886; x_wconf 90' lang='lat' dir='ltr'><strong>per</strong></span> <span class='ocrx_word' id='word_1_840' title='bbox 1075 5812 1250 5868; x_wconf 84' lang='lat' dir='ltr'><strong>fidem</strong></span> <span class='ocrx_word' id='word_1_841' title='bbox 1272 5813 1720 5886; x_wconf 82' lang='lat' dir='ltr'><strong>cognoscimus,</strong></span> <span class='ocrx_word' id='word_1_842' title='bbox 1739 5829 1882 5870; x_wconf 86' lang='lat' dir='ltr'><strong>vera</strong></span> <span class='ocrx_word' id='word_1_843' title='bbox 1899 5816 1958 5868; x_wconf 87' lang='lat' dir='ltr'><strong>et</strong></span> <span class='ocrx_word' id='word_1_844' title='bbox 1979 5817 2228 5871; x_wconf 84' lang='lat' dir='ltr'><strong>externa</strong></span> 
     </span>
    </p>
   </div>
   <div class='ocr_carea' id='block_1_120' title="bbox 2340 4517 3948 4606">
    <p class='ocr_par' dir='ltr' id='par_1_120' title="bbox 2340 4517 3948 4606">
     <span class='ocr_line' id='line_1_122' title="bbox 2340 4517 3948 4606; baseline -0.011 -16"><span class='ocrx_word' id='word_1_845' title='bbox 2340 4517 2477 4606; x_wconf 65' lang='lat' dir='ltr'><strong>quia</strong></span> <span class='ocrx_word' id='word_1_846' title='bbox 2532 4517 2752 4588; x_wconf 73' lang='lat' dir='ltr'><strong>ibidem</strong></span> <span class='ocrx_word' id='word_1_847' title='bbox 2802 4531 2976 4606; x_wconf 86' lang='lat' dir='ltr'><strong>nobis</strong></span> <span class='ocrx_word' id='word_1_848' title='bbox 3024 4517 3294 4606; x_wconf 50' lang='lat' dir='ltr'><strong>pi‘aesens</strong></span> <span class='ocrx_word' id='word_1_849' title='bbox 3345 4535 3464 4598; x_wconf 89' lang='lat' dir='ltr'><strong>est,</strong></span> <span class='ocrx_word' id='word_1_850' title='bbox 3495 4517 3948 4606; x_wconf 53' lang='lat' dir='ltr'><strong>quemadmodufn</strong></span> 
     </span>
    </p>
   </div>
   <div class='ocr_carea' id='block_1_121' title="bbox 2339 4595 3951 4677">
    <p class='ocr_par' dir='ltr' id='par_1_121' title="bbox 2339 4595 3951 4677">
     <span class='ocr_line' id='line_1_123' title="bbox 2339 4595 3951 4677; baseline -0.006 -17"><span class='ocrx_word' id='word_1_851' title='bbox 2339 4595 2650 4677; x_wconf 74' lang='lat' dir='ltr'><strong>propterea</strong></span> <span class='ocrx_word' id='word_1_852' title='bbox 2681 4619 2816 4658; x_wconf 91' lang='lat' dir='ltr'><strong>eum</strong></span> <span class='ocrx_word' id='word_1_853' title='bbox 2845 4602 2904 4656; x_wconf 92' lang='lat' dir='ltr'><strong>in</strong></span> <span class='ocrx_word' id='word_1_854' title='bbox 2939 4595 3390 4677; x_wconf 81' lang='lat' dir='ltr'><strong>resurrectione</strong></span> <span class='ocrx_word' id='word_1_855' title='bbox 3440 4595 3822 4677; x_wconf 46' lang='lat' dir='ltr'><strong>ade—raveruuf</strong></span> <span class='ocrx_word' id='word_1_856' title='bbox 3845 4600 3951 4677; x_wconf 51' lang='lat'><strong>011?:</strong></span> 
     </span>
    </p>
   </div>
   <div class='ocr_carea' id='block_1_122' title="bbox 2340 4668 3950 4747">
    <p class='ocr_par' dir='ltr' id='par_1_122' title="bbox 2340 4668 3950 4747">
     <span class='ocr_line' id='line_1_124' title="bbox 2340 4668 3950 4747; baseline -0.011 -16"><span class='ocrx_word' id='word_1_857' title='bbox 2340 4668 2497 4745; x_wconf 74' lang='lat' dir='ltr'><strong>stoli,</strong></span> <span class='ocrx_word' id='word_1_858' title='bbox 2533 4676 2669 4747; x_wconf 89' lang='lat' dir='ltr'><strong>quia</strong></span> <span class='ocrx_word' id='word_1_859' title='bbox 2691 4673 3261 4747; x_wconf 13' lang='lat' dir='ltr'><strong>praesentem‘ipsum</strong></span> <span class='ocrx_word' id='word_1_860' title='bbox 3285 4671 3714 4728; x_wconf 86' lang='lat' dir='ltr'><strong>intuebantur?</strong></span> <span class='ocrx_word' id='word_1_861' title='bbox 3741 4668 3950 4747; x_wconf 43' lang='lat' dir='ltr'><strong>Attatae?</strong></span> 
     </span>
    </p>
   </div>
   <div class='ocr_carea' id='block_1_123' title="bbox 2339 4735 3951 4821">
    <p class='ocr_par' dir='ltr' id='par_1_123' title="bbox 2339 4735 3951 4821">
     <span class='ocr_line' id='line_1_125' title="bbox 2339 4735 3951 4821; baseline -0.012 -18"><span class='ocrx_word' id='word_1_862' title='bbox 2339 4735 2512 4821; x_wconf 79' lang='lat' dir='ltr'><strong>urget</strong></span> <span class='ocrx_word' id='word_1_863' title='bbox 2545 4735 2884 4821; x_wconf 59' lang='lat' dir='ltr'><strong>Alhertinus</strong></span> <span class='ocrx_word' id='word_1_864' title='bbox 2915 4745 3061 4798; x_wconf 93' lang='lat' dir='ltr'><strong>nihil</strong></span> <span class='ocrx_word' id='word_1_865' title='bbox 3091 4735 3192 4821; x_wconf 78' lang='lat' dir='ltr'><strong>hic</strong></span> <span class='ocrx_word' id='word_1_866' title='bbox 3238 4761 3404 4821; x_wconf 82' lang='lat' dir='ltr'><strong>esse,</strong></span> <span class='ocrx_word' id='word_1_867' title='bbox 3451 4761 3563 4821; x_wconf 87' lang='lat' dir='ltr'><strong>cur</strong></span> <span class='ocrx_word' id='word_1_868' title='bbox 3602 4757 3704 4814; x_wconf 91' lang='lat' dir='ltr'><strong>per</strong></span> <span class='ocrx_word' id='word_1_869' title='bbox 3730 4735 3951 4821; x_wconf 49' lang='lat' dir='ltr'><strong>mystfr&#39;f}</strong></span> 
     </span>
    </p>
   </div>
   <div class='ocr_carea' id='block_1_124' title="bbox 2340 4805 3952 4888">
    <p class='ocr_par' dir='ltr' id='par_1_124' title="bbox 2340 4805 3952 4888">
     <span class='ocr_line' id='line_1_126' title="bbox 2340 4805 3952 4888; baseline -0.01 -13"><span class='ocrx_word' id='word_1_870' title='bbox 2340 4805 2718 4875; x_wconf 64' lang='lat' dir='ltr'><strong>eusharistiae</strong></span> <span class='ocrx_word' id='word_1_871' title='bbox 2739 4817 2956 4888; x_wconf 89' lang='lat' dir='ltr'><strong>potius,</strong></span> <span class='ocrx_word' id='word_1_872' title='bbox 2981 4832 3156 4887; x_wconf 89' lang='lat' dir='ltr'><strong>quam</strong></span> <span class='ocrx_word' id='word_1_873' title='bbox 3177 4805 3561 4886; x_wconf 76' lang='lat' dir='ltr'><strong>baptismatis</strong></span> <span class='ocrx_word' id='word_1_874' title='bbox 3584 4805 3952 4888; x_wconf 44' lang='lat' dir='ltr'><strong>sacrameulliﬂj</strong></span> 
     </span>
    </p>
   </div>
   <div class='ocr_carea' id='block_1_125' title="bbox 2339 4879 3951 4961">
    <p class='ocr_par' dir='ltr' id='par_1_125' title="bbox 2339 4879 3951 4961">
     <span class='ocr_line' id='line_1_127' title="bbox 2339 4879 3951 4961; baseline 0.002 -16"><span class='ocrx_word' id='word_1_875' title='bbox 2339 4879 2780 4961; x_wconf 40' lang='lat' dir='ltr'><strong>intelligamus”;</strong></span> <span class='ocrx_word' id='word_1_876' title='bbox 2837 4879 2970 4961; x_wconf 62' lang='lat' dir='ltr'><strong>cum</strong></span> <span class='ocrx_word' id='word_1_877' title='bbox 3000 4879 3187 4961; x_wconf 52' lang='lat' dir='ltr'><strong>inulti</strong></span> <span class='ocrx_word' id='word_1_878' title='bbox 3222 4879 3436 4961; x_wconf 55' lang='lat' dir='ltr'><strong>Patres</strong></span> <span class='ocrx_word' id='word_1_879' title='bbox 3487 4903 3609 4961; x_wconf 29' lang='lat' dir='ltr'><strong>nos.</strong></span> <span class='ocrx_word' id='word_1_880' title='bbox 3633 4885 3688 4961; x_wconf 67' lang='lat' dir='ltr'><strong>ip</strong></span> <span class='ocrx_word' id='word_1_881' title='bbox 3718 4879 3951 4961; x_wconf 60' lang='grc' dir='ltr'><strong>ὺρρξίξξτῗξῖ</strong></span> 
     </span>
    </p>
   </div>
   <div class='ocr_carea' id='block_1_126' title="bbox 2340 4947 3954 5028">
    <p class='ocr_par' dir='ltr' id='par_1_126' title="bbox 2340 4947 3954 5028">
     <span class='ocr_line' id='line_1_128' title="bbox 2340 4947 3954 5028; baseline -0.004 -12"><span class='ocrx_word' id='word_1_882' title='bbox 2340 4947 2612 5016; x_wconf 69' lang='lat' dir='ltr'><strong>eumdst</strong></span> <span class='ocrx_word' id='word_1_883' title='bbox 2641 4947 2860 5014; x_wconf 80' lang='lat' dir='ltr'><strong>cultum</strong></span> <span class='ocrx_word' id='word_1_884' title='bbox 2891 4959 3126 5013; x_wconf 89' lang='lat' dir='ltr'><strong>Christo</strong></span> <span class='ocrx_word' id='word_1_885' title='bbox 3159 4958 3394 5012; x_wconf 85' lang='lat' dir='ltr'><strong>deferre</strong></span> <span class='ocrx_word' id='word_1_886' title='bbox 3427 4954 3784 5028; x_wconf 65' lang='lat' dir='ltr'><strong>praecipiant.</strong></span> <span class='ocrx_word' id='word_1_887' title='bbox 3808 4947 3954 5028; x_wconf 55' lang='grc' dir='ltr'><strong>ῥίίιξιξ</strong></span> 
     </span>
    </p>
   </div>
   <div class='ocr_carea' id='block_1_127' title="bbox 2340 5010 3953 5102">
    <p class='ocr_par' dir='ltr' id='par_1_127' title="bbox 2340 5010 3953 5102">
     <span class='ocr_line' id='line_1_129' title="bbox 2340 5010 3953 5102; baseline -0.01 -15"><span class='ocrx_word' id='word_1_888' title='bbox 2340 5010 2612 5087; x_wconf 59' lang='grc' dir='ltr'><strong>ῐὸἕόιῖιῖἑῆ</strong></span> <span class='ocrx_word' id='word_1_889' title='bbox 2637 5010 3148 5102; x_wconf 43' lang='lat' dir='ltr'><strong>{iussissetis},</strong></span> <span class='ocrx_word' id='word_1_890' title='bbox 3165 5010 3387 5102; x_wconf 39' lang='lat' dir='ltr'><strong>Quae</strong></span> <span class='ocrx_word' id='word_1_891' title='bbox 3409 5010 3490 5102; x_wconf 4' lang='lat' dir='ltr'><strong>(at</strong></span> <span class='ocrx_word' id='word_1_892' title='bbox 3502 5010 3776 5102; x_wconf 41' lang='lat' dir='ltr'><strong>tenuerit,</strong></span> <span class='ocrx_word' id='word_1_893' title='bbox 3823 5010 3953 5102; x_wconf 50' lang='lat' dir='ltr'><strong>{afaf</strong></span> 
     </span>
    </p>
   </div>
   <div class='ocr_carea' id='block_1_128' title="bbox 2340 5092 3953 5172">
    <p class='ocr_par' dir='ltr' id='par_1_128' title="bbox 2340 5092 3953 5172">
     <span class='ocr_line' id='line_1_130' title="bbox 2340 5092 3953 5172; baseline -0.011 -14"><span class='ocrx_word' id='word_1_894' title='bbox 2340 5092 2734 5158; x_wconf 70' lang='lat' dir='ltr'><strong>advertetnbn</strong></span> <span class='ocrx_word' id='word_1_895' title='bbox 2757 5101 2875 5155; x_wconf 91' lang='lat' dir='ltr'><strong>illic</strong></span> <span class='ocrx_word' id='word_1_896' title='bbox 2897 5101 3009 5172; x_wconf 10' lang='lat' dir='ltr'><strong>agi,</strong></span> <span class='ocrx_word' id='word_1_897' title='bbox 3028 5101 3098 5155; x_wconf 92' lang='lat' dir='ltr'><strong>de</strong></span> <span class='ocrx_word' id='word_1_898' title='bbox 3133 5092 3420 5170; x_wconf 87' lang='lat' dir='ltr'><strong>peculiari</strong></span> <span class='ocrx_word' id='word_1_899' title='bbox 3442 5092 3835 5172; x_wconf 71' lang='lat' dir='ltr'><strong>veneratione,</strong></span> <span class='ocrx_word' id='word_1_900' title='bbox 3855 5092 3953 5172; x_wconf 52' lang='lat' dir='ltr'><strong>qui?</strong></span> 
     </span>
    </p>
   </div>
   <div class='ocr_carea' id='block_1_129' title="bbox 2342 5165 3952 5242">
    <p class='ocr_par' dir='ltr' id='par_1_129' title="bbox 2342 5165 3952 5242">
     <span class='ocr_line' id='line_1_131' title="bbox 2342 5165 3952 5242; baseline -0.015 -13"><span class='ocrx_word' id='word_1_901' title='bbox 2342 5175 2506 5229; x_wconf 88' lang='lat' dir='ltr'><strong>carni</strong></span> <span class='ocrx_word' id='word_1_902' title='bbox 2549 5173 2872 5228; x_wconf 86' lang='lat' dir='ltr'><strong>Dominicae</strong></span> <span class='ocrx_word' id='word_1_903' title='bbox 2923 5165 3294 5239; x_wconf 55' lang='lat' dir='ltr'><strong>e&#39;xhibe&#39;atur,</strong></span> <span class='ocrx_word' id='word_1_904' title='bbox 3343 5171 3458 5226; x_wconf 88' lang='lat' dir='ltr'><strong>sed</strong></span> <span class='ocrx_word' id='word_1_905' title='bbox 3492 5174 3709 5242; x_wconf 79' lang='lat' dir='ltr'><strong>tantum</strong></span> <span class='ocrx_word' id='word_1_906' title='bbox 3737 5165 3802 5216; x_wconf 85' lang='lat' dir='ltr'><strong>de</strong></span> <span class='ocrx_word' id='word_1_907' title='bbox 3828 5169 3952 5242; x_wconf 28' lang='lat' dir='ltr'><strong>corn-</strong></span> 
     </span>
    </p>
   </div>
   <div class='ocr_carea' id='block_1_130' title="bbox 2341 5239 3952 5316">
    <p class='ocr_par' dir='ltr' id='par_1_130' title="bbox 2341 5239 3952 5316">
     <span class='ocr_line' id='line_1_132' title="bbox 2341 5239 3952 5316; baseline 0.005 -15"><span class='ocrx_word' id='word_1_908' title='bbox 2341 5245 2500 5302; x_wconf 88' lang='lat' dir='ltr'><strong>muni</strong></span> <span class='ocrx_word' id='word_1_909' title='bbox 2525 5245 2641 5315; x_wconf 91' lang='lat' dir='ltr'><strong>illa,</strong></span> <span class='ocrx_word' id='word_1_910' title='bbox 2658 5242 3105 5316; x_wconf 17' lang='lat' dir='ltr'><strong>iquaiChristum</strong></span> <span class='ocrx_word' id='word_1_911' title='bbox 3129 5243 3472 5316; x_wconf 77' lang='lat' dir='ltr'><strong>ubicunque</strong></span> <span class='ocrx_word' id='word_1_912' title='bbox 3496 5239 3952 5316; x_wconf 53' lang='grc' dir='ltr'><strong>ρρείὶξροὲδυφῖἶξ</strong></span> 
     </span>
    </p>
   </div>
   <div class='ocr_carea' id='block_1_131' title="bbox 2342 5299 3950 5384">
    <p class='ocr_par' dir='ltr' id='par_1_131' title="bbox 2342 5299 3950 5384">
     <span class='ocr_line' id='line_1_133' title="bbox 2342 5299 3950 5384; baseline -0.007 -12"><span class='ocrx_word' id='word_1_913' title='bbox 2342 5299 2810 5380; x_wconf 57' lang='lat' dir='ltr'><strong>adorare.&#39;Quod</strong></span> <span class='ocrx_word' id='word_1_914' title='bbox 2840 5330 2981 5368; x_wconf 88' lang='lat' dir='ltr'><strong>vero</strong></span> <span class='ocrx_word' id='word_1_915' title='bbox 3013 5313 3180 5367; x_wconf 91' lang='lat' dir='ltr'><strong>locus</strong></span> <span class='ocrx_word' id='word_1_916' title='bbox 3213 5313 3307 5367; x_wconf 90' lang='lat' dir='ltr'><strong>hic</strong></span> <span class='ocrx_word' id='word_1_917' title='bbox 3337 5299 3412 5367; x_wconf 66' lang='lat' dir='ltr'><strong>de</strong></span> <span class='ocrx_word' id='word_1_918' title='bbox 3467 5299 3598 5384; x_wconf 69' lang='lat' dir='ltr'><strong>sbla</strong></span> <span class='ocrx_word' id='word_1_919' title='bbox 3637 5299 3950 5384; x_wconf 49' lang='lat' dir='ltr'><strong>Euchaf‘iﬁllj‘</strong></span> 
     </span>
    </p>
   </div>
   <div class='ocr_carea' id='block_1_132' title="bbox 2344 5377 3950 5458">
    <p class='ocr_par' dir='ltr' id='par_1_132' title="bbox 2344 5377 3950 5458">
     <span class='ocr_line' id='line_1_134' title="bbox 2344 5377 3950 5458; baseline -0.011 -16"><span class='ocrx_word' id='word_1_920' title='bbox 2344 5377 2819 5458; x_wconf 80' lang='lat' dir='ltr'><strong>interpretandus</strong></span> <span class='ocrx_word' id='word_1_921' title='bbox 2868 5386 2954 5458; x_wconf 80' lang='lat' dir='ltr'><strong>sit</strong></span> <span class='ocrx_word' id='word_1_922' title='bbox 2984 5389 3199 5454; x_wconf 65' lang='lat' dir='ltr'><strong>praeter</strong></span> <span class='ocrx_word' id='word_1_923' title='bbox 3250 5384 3346 5458; x_wconf 85' lang='lat' dir='ltr'><strong>illa</strong></span> <span class='ocrx_word' id='word_1_924' title='bbox 3409 5399 3548 5458; x_wconf 58' lang='lat' dir='ltr'><strong>qua;</strong></span> <span class='ocrx_word' id='word_1_925' title='bbox 3575 5382 3694 5458; x_wconf 76' lang='lat' dir='ltr'><strong>jam</strong></span> <span class='ocrx_word' id='word_1_926' title='bbox 3722 5377 3950 5458; x_wconf 50' lang='grc' dir='ltr'><strong>ῥωπιῃῇ</strong></span> 
     </span>
    </p>
   </div>
   <div class='ocr_carea' id='block_1_133' title="bbox 2345 5441 3954 5530">
    <p class='ocr_par' dir='ltr' id='par_1_133' title="bbox 2345 5441 3954 5530">
     <span class='ocr_line' id='line_1_135' title="bbox 2345 5441 3954 5530; baseline -0.011 -16"><span class='ocrx_word' id='word_1_927' title='bbox 2345 5441 2717 5530; x_wconf 57' lang='grc' dir='ltr'><strong>Ᾱὺέιίδῑὶιιυε</strong></span> <span class='ocrx_word' id='word_1_928' title='bbox 2750 5441 3136 5530; x_wconf 77' lang='lat' dir='ltr'><strong>ﬁdelissimus</strong></span> <span class='ocrx_word' id='word_1_929' title='bbox 3157 5441 3459 5510; x_wconf 72' lang='lat' dir='ltr'><strong>Ambrosii</strong></span> <span class='ocrx_word' id='word_1_930' title='bbox 3487 5441 3802 5530; x_wconf 61' lang='lat' dir='ltr'><strong>discipulus</strong></span> <span class='ocrx_word' id='word_1_931' title='bbox 3823 5441 3954 5530; x_wconf 49' lang='lat' dir='ltr'><strong>piatis</strong></span> 
     </span>
    </p>
   </div>
   <div class='ocr_carea' id='block_1_134' title="bbox 2347 5503 3954 5597">
    <p class='ocr_par' dir='ltr' id='par_1_134' title="bbox 2347 5503 3954 5597">
     <span class='ocr_line' id='line_1_136' title="bbox 2347 5503 3954 5597; baseline -0.007 -13"><span class='ocrx_word' id='word_1_932' title='bbox 2347 5503 2652 5586; x_wconf 53' lang='lat' dir='ltr'><strong>corfﬁrmat</strong></span> <span class='ocrx_word' id='word_1_933' title='bbox 2682 5545 2696 5597; x_wconf 92' lang='lat'><strong>;</strong></span> <span class='ocrx_word' id='word_1_934' title='bbox 2740 5529 2794 5582; x_wconf 91' lang='lat' dir='ltr'><strong>is</strong></span> <span class='ocrx_word' id='word_1_935' title='bbox 2827 5528 2982 5582; x_wconf 89' lang='lat' dir='ltr'><strong>enim</strong></span> <span class='ocrx_word' id='word_1_936' title='bbox 3033 5542 3338 5596; x_wconf 87' lang='lat' dir='ltr'><strong>exponens</strong></span> <span class='ocrx_word' id='word_1_937' title='bbox 3404 5541 3590 5596; x_wconf 86' lang='lat' dir='ltr'><strong>supra</strong></span> <span class='ocrx_word' id='word_1_938' title='bbox 3615 5596 3618 5597; x_wconf 14' lang='grc' dir='ltr'><em>ν</em></span> <span class='ocrx_word' id='word_1_939' title='bbox 3647 5503 3857 5597; x_wconf 60' lang='lat' dir='ltr'><strong>citatum</strong></span> <span class='ocrx_word' id='word_1_940' title='bbox 3887 5503 3954 5597; x_wconf 53' lang='lat' dir='ltr'><strong>ff“</strong></span> 
     </span>
    </p>
   </div>
   <div class='ocr_carea' id='block_1_135' title="bbox 2348 5591 3953 5656">
    <p class='ocr_par' dir='ltr' id='par_1_135' title="bbox 2348 5591 3953 5656">
     <span class='ocr_line' id='line_1_137' title="bbox 2348 5591 3953 5656; baseline -0.002 0"><span class='ocrx_word' id='word_1_941' title='bbox 2348 5599 2667 5656; x_wconf 88' lang='lat' dir='ltr'><strong>Ambrosio</strong></span> <span class='ocrx_word' id='word_1_942' title='bbox 2688 5591 2930 5654; x_wconf 49' lang='lat' dir='ltr'><strong>&#39;Psalmi</strong></span> <span class='ocrx_word' id='word_1_943' title='bbox 2961 5591 3137 5653; x_wconf 73' lang='grc' dir='ltr'><strong>κονιιῖ</strong></span> <span class='ocrx_word' id='word_1_944' title='bbox 3182 5613 3425 5653; x_wconf 87' lang='lat' dir='ltr'><strong>versum</strong></span> <span class='ocrx_word' id='word_1_945' title='bbox 3452 5591 3506 5650; x_wconf 76' lang='grc' dir='ltr'><strong>ε’</strong></span> <span class='ocrx_word' id='word_1_946' title='bbox 3536 5617 3559 5643; x_wconf 73' lang='grc' dir='ltr'><strong><em>α</em></strong></span> <span class='ocrx_word' id='word_1_947' title='bbox 3595 5591 3953 5656; x_wconf 40' lang='lat' dir='ltr'><strong>Adoratcsw</strong></span> 
     </span>
    </p>
   </div>
   <div class='ocr_carea' id='block_1_136' title="bbox 2349 5654 3954 5742">
    <p class='ocr_par' dir='ltr' id='par_1_136' title="bbox 2349 5654 3954 5742">
     <span class='ocr_line' id='line_1_138' title="bbox 2349 5654 3954 5742; baseline -0.006 -16"><span class='ocrx_word' id='word_1_948' title='bbox 2349 5654 2568 5728; x_wconf 83' lang='lat' dir='ltr'><strong>bellum</strong></span> <span class='ocrx_word' id='word_1_949' title='bbox 2601 5671 2814 5742; x_wconf 89' lang='lat' dir='ltr'><strong>pedum</strong></span> <span class='ocrx_word' id='word_1_950' title='bbox 2845 5670 3001 5740; x_wconf 87' lang='lat' dir='ltr'><strong>ejus,</strong></span> <span class='ocrx_word' id='word_1_951' title='bbox 3040 5691 3061 5718; x_wconf 68' lang='grc' dir='ltr'><strong><em>η</em></strong></span> <span class='ocrx_word' id='word_1_952' title='bbox 3095 5673 3158 5742; x_wconf 85' lang='lat' dir='ltr'><strong>ut</strong></span> <span class='ocrx_word' id='word_1_953' title='bbox 3217 5685 3345 5724; x_wconf 87' lang='lat' dir='ltr'><strong>eum</strong></span> <span class='ocrx_word' id='word_1_954' title='bbox 3408 5665 3771 5742; x_wconf 82' lang='lat' dir='ltr'><strong>sacramento</strong></span> <span class='ocrx_word' id='word_1_955' title='bbox 3796 5654 3954 5742; x_wconf 40' lang='lat' dir='ltr'><strong>altilis</strong></span> 
     </span>
    </p>
   </div>
   <div class='ocr_carea' id='block_1_137' title="bbox 2353 5727 3954 5808">
    <p class='ocr_par' dir='ltr' id='par_1_137' title="bbox 2353 5727 3954 5808">
     <span class='ocr_line' id='line_1_139' title="bbox 2353 5727 3954 5808; baseline -0.015 -10"><span class='ocrx_word' id='word_1_956' title='bbox 2353 5727 2844 5808; x_wconf 73' lang='lat' dir='ltr'><strong>accommodaret,</strong></span> <span class='ocrx_word' id='word_1_957' title='bbox 2878 5727 3007 5795; x_wconf 56' lang='lat' dir='ltr'><strong>&quot;non</strong></span> <span class='ocrx_word' id='word_1_958' title='bbox 3054 5741 3249 5795; x_wconf 91' lang='lat' dir='ltr'><strong>solum</strong></span> <span class='ocrx_word' id='word_1_959' title='bbox 3297 5738 3724 5794; x_wconf 77' lang='lat' dir='ltr'><strong>Ambrosianus</strong></span> <span class='ocrx_word' id='word_1_960' title='bbox 3766 5727 3954 5784; x_wconf 72' lang='lat' dir='ltr'><strong>sentt-tr</strong></span> 
     </span>
    </p>
   </div>
   <div class='ocr_carea' id='block_1_138' title="bbox 2344 5811 3556 5886">
    <p class='ocr_par' dir='ltr' id='par_1_138' title="bbox 2344 5811 3556 5886">
     <span class='ocr_line' id='line_1_140' title="bbox 2344 5811 3556 5886; baseline -0.006 -15"><span class='ocrx_word' id='word_1_961' title='bbox 2344 5815 2480 5886; x_wconf 87' lang='lat' dir='ltr'><strong>tias,</strong></span> <span class='ocrx_word' id='word_1_962' title='bbox 2513 5813 2621 5870; x_wconf 88' lang='lat' dir='ltr'><strong>sed</strong></span> <span class='ocrx_word' id='word_1_963' title='bbox 2650 5815 2709 5869; x_wconf 91' lang='lat' dir='ltr'><strong>et</strong></span> <span class='ocrx_word' id='word_1_964' title='bbox 2735 5812 2915 5868; x_wconf 90' lang='lat' dir='ltr'><strong>verba</strong></span> <span class='ocrx_word' id='word_1_965' title='bbox 2945 5811 3076 5885; x_wconf 86' lang='lat' dir='ltr'><strong>ipsa</strong></span> <span class='ocrx_word' id='word_1_966' title='bbox 3106 5813 3408 5868; x_wconf 87' lang='lat' dir='ltr'><strong>mutuatus</strong></span> <span class='ocrx_word' id='word_1_967' title='bbox 3441 5812 3556 5864; x_wconf 87' lang='lat' dir='ltr'><strong>est.</strong></span> 
     </span>
    </p>
   </div>
  </div>
