4090 6174
231 418 359 486 829

1343 421 1456 486 DE
1499 422 1839 488 SPIRITU
1884 422 2216 489 SANCTO
2264 425 2423 489 LIB.
2471 427 2583 490 III.

3577 420 3700 491 830

232 638 410 696 quam
453 621 749 694 hodieque
798 624 858 678 in
908 624 1206 696 mysteriis
1248 625 1584 694 adoramus,
1629 627 1685 679 et
1732 641 1905 695 quam
1935 616 1994 679 A
2024 628 2086 679 ut
2114 626 2173 679 in
2206 641 2449 696 operum
2481 626 2905 683 instauratione
2946 626 3159 683 Filium
3188 643 3220 682 a
3251 628 3422 683 Patre
3453 626 3693 682 minime

230 712 486 783 apostoli
516 712 576 767 in
608 713 856 768 Domino
888 714 1054 784 Jesu,
1090 717 1147 769 et
1175 730 1356 785 supra
1388 714 1665 783 diximus,
1701 714 1907 769 adora-

228 804 408 871 runt;
438 817 631 873 neque
662 803 817 857 enim
853 803 1085 858 divisus
1136 807 1227 858 est
1273 802 1572 873 Christus,
1614 804 1721 857 sed
1752 819 1907 858 unus

230 890 299 959 (Ῑ.
343 890 480 945 Cor.
533 909 572 959 1,
624 891 751 962 13);
799 908 991 963 neque
1027 909 1159 946 cum
1189 892 1468 947 adoretur
1497 896 1771 963 tanquam
1804 893 1908 946 Dei

229 979 435 1050 Filius,
486 984 659 1034 natus
706 997 782 1034 ex
826 982 1071 1052 Virgine
1132 982 1478 1053 denegatur.
1525 981 1671 1035 Cum
1729 982 1910 1049 igitur

228 1068 658 1124 incarnationis
691 1070 1056 1124 adorandum
1088 1070 1166 1124 sit
1194 1073 1657 1140 sacramentum,
1708 1071 1906 1124 incar-

229 1158 391 1212 natio
448 1160 642 1213 autem
691 1175 840 1228 opus
893 1158 1184 1230 Spiritus,
1238 1160 1394 1214 sicut
1440 1160 1725 1229 scriptum
1769 1164 1903 1214 est:

236 1269 258 1292 ιι
293 1246 550 1317 Spiritus
584 1250 829 1301 sanctus
860 1248 1242 1317 superveniet
1271 1248 1331 1302 in
1360 1249 1438 1319 te,
1473 1250 1530 1302 et
1568 1249 1756 1302 virtus
1800 1248 1907 1301 Al-

228 1334 449 1388 tissimi
500 1336 875 1390 obumbrebit
920 1338 1068 1407 tibi;
1113 1339 1171 1391 et
1215 1337 1373 1408 quod
1418 1340 1700 1391 nascetur
1747 1353 1818 1390 ex
1852 1341 1905 1391 te

229 1426 527 1495 sanctum,
560 1425 871 1480 vocabitur
898 1425 1087 1480 Filius
1120 1426 1223 1479 Dei
1256 1424 1419 1495 (Luc.
1452 1443 1492 1492 1,
1523 1426 1651 1495 35);
1691 1448 1710 1473 υ
1747 1425 1903 1480 haud

229 1512 415 1567 dubie
439 1516 607 1567 etiam
630 1519 873 1569 sanctus
892 1515 1148 1585 Spiritus
1171 1515 1507 1568 adorandus
1527 1519 1647 1583 est;
1670 1515 1904 1585 quando

224 1601 518 1656 adoretur
548 1603 664 1673 ille,
699 1604 801 1674 qui
830 1604 1161 1658 secundum
1192 1619 1429 1658 carnem
1458 1607 1631 1657 natus
1666 1620 1739 1657 ex
1769 1604 1903 1674 Spi-

221 1690 348 1744 ritu
382 1695 588 1746 sancto
621 1695 736 1746 est.

296 1813 387 1870 80.
425 1816 509 1870 Ac
538 1832 613 1871 ne
647 1818 783 1888 quis
814 1817 929 1872 hoc
951 1817 1179 1872 derivet
1198 1817 1272 1871 ad
1292 1817 1535 1872 Mariam
1554 1817 1860 1889 Virginem
1888 1833 1899 1873 :

229 1904 417 1958 Maria
447 1910 572 1959 erat
602 1906 883 1975 templum
914 1907 1040 1975 Dei,
1073 1922 1191 1961 non
1226 1908 1382 1961 Deus
1415 1907 1635 1976 templi.
1673 1907 1742 1959 Et
1773 1907 1903 1961 ideo
1938 1942 1987 2004 Β

219 1993 329 2048 ille
359 1993 528 2048 solus
557 1995 918 2065 adorandus,
955 1996 1057 2066 qui
1090 1997 1446 2066 operabatur
1475 1995 1535 2048 in
1565 1995 1801 2066 templo.

297 2116 389 2174 81.
437 2118 597 2173 Nihil
646 2134 790 2191 ergo
834 2119 1038 2190 officit,
1090 2120 1248 2191 quod
1299 2120 1460 2173 Deus
1512 2120 1791 2174 adoretur
1846 2120 1905 2176 in

226 2206 485 2278 Spiritu;
535 2208 670 2279 quia
716 2211 773 2262 et
820 2208 1077 2279 Spiritus
1124 2210 1423 2263 adoretur.
1476 2207 1820 2279 Quanquam
1852 2208 1903 2263 si

224 2296 361 2367 ipsa
392 2297 572 2351 verba
604 2297 1075 2368 consideremus,
1135 2298 1277 2369 quid
1323 2298 1481 2352 aliud
1530 2298 1590 2351 in
1630 2298 1803 2350 Patre
1849 2299 1907 2352 et

227 2385 383 2439 Filio
416 2388 472 2439 et
501 2385 720 2456 Spiritu
749 2389 977 2456 sancto,
1013 2387 1127 2440 nisi
1149 2386 1421 2457 ejusdem
1443 2386 1757 2456 potestatis
1778 2386 1906 2439 uni-

226 2477 408 2529 tatem
453 2474 783 2547 intelligere
832 2475 1169 2530 debemus‘.’
1218 2475 1368 2540 Quid
1402 2478 1495 2530 est
1526 2475 1682 2529 enim
1717 2491 1729 2529 :
1783 2496 1804 2524 α
1846 2475 1906 2527 ln

226 2563 455 2634 Spiritu
486 2566 541 2618 et
570 2564 814 2618 veritate
846 2565 1093 2618 adorare
1125 2567 1354 2634 oportet
1386 2563 1569 2632 (Joan.
1596 2581 1674 2633 1v,
1709 2564 1791 2631 24)
1815 2565 1843 2617 ‘?
1878 2587 1900 2611 »ι

223 2653 276 2707 si
331 2655 526 2706 tamen
574 2653 687 2707 hoc
735 2669 855 2707 non
897 2653 968 2707 ad
1016 2653 1267 2724 gratiam
1317 2652 1644 2722 spiritalem
1677 2651 1905 2705 referas

219 2743 365 2811 (32),
422 2757 531 2796 nec
576 2742 648 2796 ad
696 2758 897 2797 veram
946 2742 1329 2797 conscientiae
1372 2734 1592 2796 fidem:
1647 2741 1783 2810 sed,
1844 2743 1907 2794 ut

218 2830 514 2901 diximus,
545 2831 941 2901 personaliter
986 2831 1065 2901 (si
1108 2833 1303 2885 tamen
1356 2831 1601 2902 dignum
1630 2829 1744 2883 hoc
1773 2845 1905 2882 ver-

212 2920 369 2975 bum
401 2922 494 2974 est
525 2919 852 2991 majestatis
876 2919 1266 2989 expressione
1293 2919 1532 2990 divinae)
1566 2919 1637 2973 de
1666 2917 1903 2973 Christo

216 3009 493 3079 accipias
527 3011 583 3062 et
613 3008 684 3062 de
715 3008 957 3079 Spiritu.

292 3134 387 3188 82.
424 3132 572 3198 Quid
605 3137 695 3188 est
726 3149 870 3205 ergo
902 3134 1181 3188 adoretur
1208 3132 1269 3187 in
1308 3131 1543 3187 Christo
1565 3133 1759 3201 Pater,
1785 3131 1903 3185 nisi

218 3224 367 3296 quia
421 3225 513 3277 est
559 3223 620 3276 in
670 3221 907 3277 Christo
956 3224 1145 3291 Pater,
1196 3225 1252 3276 et
1286 3222 1546 3293 loquitur
1574 3222 1635 3275 in
1664 3221 1901 3276 Christo

2024 719 2345 786 separaret,
2380 716 2488 771 sed
2517 718 2674 770 Patri
2697 717 3000 790 jungeret.

2092 805 2180 859 84.
2212 806 2433 860 Paulus
2465 822 2700 878 quoque
2729 809 2808 861 ait
2842 824 2854 862 :
2913 830 2934 853 ιι
2971 806 3258 872 Quoniam
3288 807 3349 861 in
3380 807 3511 877 ipso
3543 822 3690 861 con-

2022 893 2138 947 dita
2169 897 2308 949 sunt
2338 896 2531 948 omnia
2563 896 2622 949 in
2655 896 2822 950 coelis
2855 898 2911 950 et
2942 896 3001 949 in
3031 898 3209 964 terra,
3240 895 3500 950 visibilia
3518 899 3575 949 et
3602 895 3690 949 in-

2021 982 2280 1036 visibilia
2310 983 2560 1051 (Coloss.
2595 1001 2631 1053 1,
2669 985 2777 1053 16).
2816 1004 2839 1034 ι
2891 984 3191 1055 Numquid
3242 999 3374 1039 cum
3420 984 3581 1055 dicit,
3625 985 3689 1038 in

2023 1072 2170 1142 ipso,
2207 1073 2447 1144 negavit
2474 1088 2582 1143 per
2611 1073 2805 1142 ipsum
2826 1075 2855 1127 ?
2888 1073 3022 1128 Non
3050 1073 3290 1145 negavit
3325 1074 3546 1144 utique,
3581 1072 3689 1127 sed

2021 1160 2301 1214 asseruit.
2337 1161 2601 1231 Denique
2633 1164 2687 1215 et
2718 1161 2854 1216 alibi
2888 1162 3035 1217 dixit
3078 1178 3090 1216 :
3128 1184 3150 1210 ιι
3192 1162 3361 1217 Unus
3406 1162 3689 1216 Dominus

2019 1248 2223 1317 Jesus,
2248 1264 2355 1318 per
2376 1264 2549 1320 quem
2573 1249 2767 1305 omnia
2800 1251 2856 1321 (Ι
2873 1251 3009 1305 Cor.
3036 1268 3157 1320 νιιι,
3181 1249 3257 1322 6).
3297 1273 3318 1299 υ
3357 1250 3517 1322 Ergo
3558 1265 3690 1304 cum

2019 1337 2177 1404 dicit,
2195 1353 2308 1409 per
2332 1338 2541 1409 ipsum,
2559 1341 2799 1411 negavit
2821 1341 2879 1394 in
2902 1341 3033 1410 ipso
3057 1340 3290 1394 condita
3308 1354 3446 1394 esse
3469 1338 3686 1407 omnia,

2017 1442 2124 1496 per
2144 1442 2319 1497 quem
2339 1425 2480 1480 dicit
2497 1443 2635 1481 esse
2660 1430 2853 1483 omnia
2869 1430 2899 1483 ‘?
2932 1429 3096 1483 Hanc
3120 1431 3241 1483 vim
3270 1428 3487 1483 habent
3508 1426 3689 1482 verba

2019 1514 2147 1569 haec
2171 1531 2183 1570 :
2207 1539 2227 1562 ιι
2250 1516 2313 1569 In
2336 1517 2489 1585 ipso,
2506 1519 2563 1571 et
2586 1532 2717 1571 cum
2740 1518 2873 1588 ipso
2896 1517 3149 1587 (Coloss.
3173 1535 3212 1586 1,
3239 1518 3349 1587 16);
3377 1540 3399 1565 ι»
3426 1519 3488 1571 ut
3510 1531 3690 1570 unum

2018 1604 2075 1656 in
2101 1604 2197 1658 his
2215 1607 2390 1675 atque
2414 1606 2743 1675 consimile,
2778 1622 2897 1661 non
2924 1606 3281 1661 contrarium
3303 1606 3684 1677 intelligatur.

2017 1691 2186 1756 Quod
2235 1693 2410 1746 etiam
2459 1695 2518 1746 in
2567 1694 2951 1749 inferioribus
2998 1694 3396 1749 manifestavit
3426 1695 3679 1748 dicens:

2020 1800 2047 1830 ‹‹
2080 1780 2284 1834 Omnia
2314 1797 2421 1851 per
2451 1782 2666 1851 ipsum,
2702 1786 2758 1837 et
2787 1783 2846 1837 in
2876 1784 3009 1852 ipso
3031 1785 3226 1838 creata
3247 1785 3385 1837 sunt
3406 1782 3637 1851 (Ibid.);
3663 1804 3684 1828 η

2018 1869 2148 1924 haec
2178 1870 2335 1924 enim
2366 1870 2476 1924 tria
2505 1871 2566 1924 in
2595 1870 2832 1925 Christo
2862 1887 3045 1926 unum
3077 1887 3215 1926 esse
3250 1888 3262 1927 :
3294 1893 3315 1920 α
3352 1870 3497 1925 Cum
3530 1870 3683 1941 ipso,

2019 1961 2075 2013 et
2106 1974 2213 2028 per
2256 1959 2482 2029 ipsum,
2529 1962 2586 2013 et
2629 1960 2687 2013 in
2734 1961 2887 2030 ipso,
2927 1984 2949 2009 η
2998 1961 3154 2015 sicut
3202 1976 3383 2031 supra
3431 1959 3691 2014 diximus

2019 2047 2144 2116 (lib.
2175 2064 2234 2115 11,
2270 2062 2397 2117 cap.
2430 2047 2482 2117 8,
2515 2047 2592 2117 9),
2625 2048 2928 2119 Scriptura
2976 2052 3243 2104 testatur.
3300 2049 3501 2103 Habes
3532 2048 3689 2103 enim

2019 2151 2126 2205 per
2155 2135 2352 2205 ipsum
2383 2138 2440 2189 et
2470 2137 2529 2189 in
2560 2136 2693 2205 ipso
2727 2136 2959 2191 condita
2991 2152 3131 2191 esse
3162 2137 3378 2192 omnia.

2090 2224 2178 2277 85.
2229 2225 2449 2293 Accipe
2501 2226 2675 2278 etiam
2719 2225 2855 2295 quia
2906 2241 3039 2279 cum
3082 2224 3216 2295 ipso
3245 2227 3438 2294 Pater,
3472 2227 3530 2279 et
3558 2225 3689 2294 ipse

2021 2328 2153 2367 cum
2188 2312 2358 2367 Patre
2383 2316 2507 2367 erat
2531 2329 2545 2381 ;
2579 2329 2713 2368 cum
2735 2313 2929 2368 omnia
2954 2313 3365 2368 conderentur.
3392 2313 3691 2381 Sapientia

2020 2401 2161 2455 dicit
2195 2416 2207 2456 :
2263 2421 2284 2451 α
2320 2400 2465 2455 Cum
2507 2404 2740 2472 pareret
2790 2401 2996 2471 caelos,
3030 2418 3163 2456 cum
3193 2402 3293 2456 illo
3326 2417 3522 2471 eram;
3557 2418 3689 2457 cum

2020 2488 2242 2544 faceret
2273 2489 2467 2544 fontes
2500 2506 2784 2562 aquarum
2815 2490 3024 2561 (Prov.
3059 2508 3181 2560 VIII,
3215 2491 3326 2560 2'7).
3352 2512 3374 2542 »
3401 2491 3473 2545 Et
3501 2491 3561 2545 in
3592 2506 3692 2545 ve-

2020 2578 2129 2631 teri
2161 2579 2536 2634 Testamento
2567 2579 2818 2634 dicendo
2857 2580 3052 2650 Pater,
3107 2602 3127 2627 «
3166 2579 3480 2633 Faciamus
3510 2578 3686 2647 (Gen.

2020 2684 2060 2735 1,
2092 2666 2203 2735 ‘26),
2245 2691 2265 2714 »
2302 2668 2559 2722 ostendit
2608 2666 2821 2722 Filium
2861 2684 3066 2723 secum
3102 2668 3485 2739 adorandum,
3520 2667 3689 2739 quasi

2020 2757 2281 2811 omnium
2316 2756 2700 2811 conditorem.
2736 2756 2900 2812 Sicut
2933 2773 3077 2829 ergo
3109 2758 3170 2811 in
3199 2757 3347 2812 Filio
3379 2759 3574 2812 creata
3603 2756 3688 2810 di-

2020 2848 2233 2899 cuntur
2274 2845 2402 2915 (34),
2453 2861 2705 2916 quorum
2756 2844 2941 2900 Filius
2992 2849 3224 2900 creator
3255 2844 3581 2916 accipitur;
3612 2845 3691 2899 ita

2019 2933 2190 2986 etiam
2238 2950 2369 2987 cum
2413 2933 2471 2986 in
2520 2934 2764 2988 veritate
2796 2934 3028 2988 adorari
3062 2934 3222 2988 Deus
3256 2934 3488 3004 dicitur,
3520 2933 3691 2988 verbi

2018 3022 2210 3092 ipsius
2247 3023 2601 3092 proprietate
2651 3023 2709 3076 in
2757 3023 3027 3077 eumdem
3074 3024 3313 3078 modum
3353 3022 3695 3095 frequenter

2018 3126 2308 3181 expressa
2357 3111 2531 3165 debet
2576 3112 2848 3184 intelligi,
2902 3113 3059 3184 quod
3091 3116 3147 3167 et
3176 3112 3361 3166 Filius
3390 3111 3688 3166 adoretur.

2018 3198 2300 3254 Similiter
2352 3201 2548 3271 itaque
2588 3201 2867 3255 adoretur
2915 3205 2971 3256 et
3019 3200 3316 3272 Spiritus;
3361 3200 3497 3271 quia
3529 3200 3689 3253 Deus

214 3269 517 3381 δξξξιξῑεξ
548 3269 1902 3381 gi..'.{§.;'ah.;.1;;:.t;;.maenaa;
1933 3269 1986 3334 ο
2019 3289 2297 3381 moratur
2326 3291 2385 3342 ίη
2421 3269 2660 3381 spiritu.
2903 3269 3165 3381 Pgeiet
3198 3305 3333 3381 εαξη
3363 3269 3513 3343 suo
3542 3288 3687 3342 ado-

219 3417 455 3471 corpus
504 3400 563 3454 in
614 3416 903 3471 corpore;
954 3417 1071 3455 non
1123 3401 1277 3475 enim
1327 3400 1485 3455 Deus
1518 3416 1757 3469 corpus,
1791 3414 1901 3454 nec

215 3489 403 3564 quasi
423 3489 713 3544 confusus
737 3490 798 3544 in
820 3489 1070 3544 confuso
1093 3504 1107 3560 ;
1132 3489 1242 3544 sed
1265 3489 1435 3559 quasi
1452 3504 1632 3542 verus
1658 3489 1715 3541 in
1735 3503 1898 3558 vero,

218 3580 392 3635 Deus
424 3579 486 3633 in
517 3579 660 3647 Deo,
695 3579 893 3633 lumen
916 3578 975 3632 in
1005 3577 1245 3647 lumine,
1280 3578 1451 3648 quasi
1482 3578 1654 3632 Pater
1684 3577 1903 3647 sempi-

217 3673 439 3725 ternus
470 3668 531 3721 in
562 3667 711 3722 Filio
743 3671 1061 3723 coaeterno.
1115 3667 1249 3721 Non
1294 3682 1438 3738 ergo
1488 3666 1733 3720 insertio
1766 3682 1903 3721 cor-

217 3757 394 3829 poris
428 3756 796 3829 intelligitur,
831 3756 938 3812 sed
970 3756 1164 3810 unitas
1207 3755 1537 3825 potestatis.
1592 3754 1750 3826 Ergo
1798 3771 1905 3825 per

216 3846 514 3901 unitatem
544 3847 852 3915 potestatis
886 3845 1238 3900 coadoratur
1282 3845 1342 3898 in
1394 3845 1562 3898 Patre
1603 3843 1899 3914 Christus,

219 3960 365 3999 cum
397 3943 560 3997 Deus
589 3944 765 3998 Pater
802 3935 948 3999 682
973 3944 1251 3999 adoretur
1268 3943 1328 3997 in
1345 3942 1601 3997 Christo.
1626 3942 1905 3997 Similiter

216 4033 427 4104 itaque
455 4047 563 4102 per
591 4033 871 4086 unitatem
905 4032 1215 4102 potestatis
1247 4031 1523 4102 ejusdem
1556 4032 1906 4087 coadoratur

211 4123 282 4177 in
316 4123 439 4176 Deo
471 4120 748 4191 Spiritus,
785 4122 925 4175 dum
961 4122 1118 4175 Deus
1151 4121 1428 4175 adoretur
1459 4122 1519 4174 in
1550 4120 1791 4191 Spiritu.

297 4247 389 4302 83.
424 4246 634 4301 Adhuc
675 4246 840 4300 verbi
875 4245 1049 4300 istius
1081 4245 1198 4299 vim
1229 4248 1401 4316 atque
1435 4244 1735 4299 sermonis
1769 4243 1905 4297 dili-

219 4337 471 4409 gentius
505 4338 950 4405 pertractemus,
986 4339 1041 4388 et
1072 4334 1487 4405 prOprietetem
1519 4333 1653 4404 ejus
1678 4349 1753 4387 ex
1773 4331 1904 4387 aliis

221 4426 586 4496 colligamus
622 4440 633 4479 :
672 4447 693 4471 ιι
731 4424 957 4493 Omnia,
994 4423 1201 4495 inquit,
1237 4423 1295 4477 in
1328 4423 1627 4492 Sapientia
1660 4422 1900 4476 fecisti»

223 4513 424 4582 (Psal.
458 4530 576 4581 cm,
608 4514 716 4574 21).
748 4533 769 4561 ν
803 4512 953 4577 Quid
977 4512 1073 4566 hic
1097 4513 1277 4583 igitur
1295 4511 1682 4583 intelligimus
1704 4526 1906 4565 exsor-

220 4608 348 4658 tem
378 4603 670 4657 factorum
720 4618 858 4656 esse
906 4601 1311 4672 Sapientiam?
1362 4600 1478 4654 Sed
1515 4620 1537 4649 ct
1576 4601 1768 4654 omnia
1799 4615 1905 4670 per

218 4693 431 4763 ipsum
454 4690 605 4746 facta
628 4694 765 4745 sunt
786 4690 974 4760 (Joan.
1000 4708 1036 4759 1,
1061 4690 1138 4761 3).
1170 4713 1190 4737 ιι
1214 4689 1284 4743 Et
1305 4690 1490 4743 David
1513 4690 1591 4743 ait
1615 4705 1626 4744 :
1658 4709 1679 4739 α
1708 4689 1902 4743 Verbo

224 4782 466 4836 Domini
502 4781 633 4835 οωιί
666 4780 875 4834 ﬁrmati
926 4782 1065 4833 sunt
1115 4779 1301 4847 (I’sal.
1348 4796 1535 4848 χχχιι,
1568 4780 1643 4847 6).
1685 4802 1704 4824 η
1746 4778 1904 4848 Ergo

220 4871 361 4942 ipse
406 4871 509 4942 qui
554 4870 659 4924 Dei
710 4868 920 4922 Filium
963 4869 1137 4922 etiam
1167 4868 1496 4922 caelestium
1529 4868 1669 4921 dicit
1699 4870 1905 4920 aucto-

222 4978 378 5031 rem,
434 4962 517 5014 ita
566 4961 766 5030 utique
817 4957 943 5029 (33)
992 4959 1140 5011 dixit
1191 4958 1251 5011 in
1294 4957 1441 5012 Filio
1492 4956 1643 5011 facta
1689 4955 1903 5025 omnia,

301 5104 420 5171 (32)
452 5102 691 5156 Amerb.
724 5108 780 5154 et
814 5101 1004 5167 Erus,
1047 5124 1067 5145 α
1106 5100 1237 5154 Nisi
1267 5104 1329 5154 ut
1359 5101 1473 5155 hoc
1504 5097 1906 5171 nunquemiad

221 5169 483 5247 gratiam
520 5172 885 5247 spiritualem
923 5172 1409 5247 1-et‘eras;»1_nss.
1443 5169 1744 5247 aliquot”
1774 5169 1903 5223 Nisi

220 5242 292 5303 ὖι
324 5247 442 5299 hoc
475 5260 592 5297 non
622 5243 791 5296 aliter
821 5259 993 5313 quam
1026 5243 1096 5295 ad
1130 5243 1441 5314 gratiam,»
1478 5247 1589 5297 etc.
1624 5242 1713 5296 Gil
1738 5256 1899 5309 vero,

218 5321 287 5373 et
338 5318 509 5370 Hom.
565 5330 698 5368 cum
747 5330 894 5369 mss.
948 5314 1127 5368 multo
1178 5314 1468 5384 pluribus,
1522 5319 1583 5367 ut
1627 5314 1684 5366 in
1718 5316 1902 5365 textu.

216 5387 404 5455 Quod
452 5389 645 5439 autem
696 5386 828 5439 voci
872 5384 1278 5457 personaliter
1308 5384 1531 5456 adjicit,
1571 5406 1591 5433 α
1628 5386 1676 5438 si
1712 5387 1904 5437 tamen

217 5463 495 5532 dignum
532 5458 644 5511 hoc
684 5457 964 5532 verbum,
992 5480 1012 5503 »
1048 5456 1435 5532 etc.,__indicat
1466 5457 1737 5532 homines
1771 5469 1903 5532 cum

213 5524 432 5587 divina
482 5529 756 5582 humanis
803 5528 1004 5582 verbis
1054 5528 1350 5597 explicare
1399 5531 1708 5597 cogentur,
1757 5524 1902 5597 nihil

214 5603 391 5676 quod
424 5599 731 5676 majestate
756 5599 884 5676 Dei
906 5596 1150 5676 dignum
1176 5598 1278 5676 sit,
1314 5596 1510 5676 eloqui
1540 5612 1742 5667 posse.
1779 5596 1903 5648 Nec

214 5670 375 5727 v'cro
409 5673 607 5724 minus
641 5674 804 5723 caute
836 5675 1009 5740 atque
1033 5670 1229 5723 timide
1259 5670 1465 5723 eodem
1496 5684 1781 5740 personae
1803 5681 1903 5740 vo-

216 5744 443 5799 cabulo
477 5757 652 5795 usum
685 5738 946 5812 reperies
979 5743 1380 5812 Augustinum
1409 5740 1512 5794 lib.
1548 5757 1585 5793 11
1620 5740 1694 5794 de
1736 5738 1899 5792 Trin.

218 5832 361 5887 cap.
396 5815 449 5886 4,
483 5813 856 5869 Vincentium
892 5810 1279 5883 Lirinfatque
1310 5811 1481 5865 alios.

2023 3380 2206 3448 ratur,
2243 3381 2299 3432 et
2327 3394 2458 3432 cum
2492 3379 2736 3450 Spiritu,
2771 3379 2908 3450 quia
2938 3378 3194 3433 Trinitas
3227 3378 3522 3433 adoretur.

2555 3504 2706 3568 683
2750 3512 3003 3567 CAPUT
3042 3512 3167 3566 XII.

2014 3636 2116 3690 Ex
2143 3652 2212 3691 eo
2242 3637 2392 3708 quod
2438 3637 2501 3691 in
2544 3636 2840 3691 Trinitate
2890 3636 3236 3691 divinitatis
3270 3634 3478 3704 lucem,
3503 3651 3691 3708 quam

2087 3710 2151 3762 in
2214 3707 2457 3763 Christo
2523 3714 2652 3762 tres
2706 3708 2955 3778 apostoli
3012 3708 3452 3778 adorat/erunt,
3487 3707 3691 3761 inesse

2089 3779 2314 3833 Paulus
2347 3779 2618 3850 signi/ica
2634 3776 2807 3847 verit,
2842 3778 3179 3833 adorandus
3212 3778 3396 3850 etiam
3422 3776 3692 3850 Spiritus

2089 3848 2454 3905 declaratur.
2492 3851 2844 3903 Ostenditur
2893 3865 2969 3904 ex
3016 3850 3168 3920 ipsis
3226 3848 3432 3920 verbis
3492 3848 3690 3920 Spiri-

2091 3929 2206 3975 tum
2239 3922 2611 3993 designatum
2644 3921 2717 3993 ab
2746 3919 3048 3992 Apostolo.
3076 3919 3368 3993 Ejusdem
3420 3919 3689 3993 Spiritus

2089 3991 2390 4047 divinitas
2410 3993 2549 4047 inde
2575 3991 2885 4063 probatur,
2939 3991 3088 4063 quod
3138 3991 3411 4063 templum
3444 3991 3681 4063 habeat,

2088 4066 2150 4118 in
2200 4079 2307 4135 quo
2351 4080 2464 4117 non
2504 4062 2906 4135 ut’sacerdos
2930 4062 3180 4135 liabitet,
3217 4062 3327 4116 sed
3377 4068 3438 4115 ut
3477 4062 3685 4135 Deus:

2094 4132 2345 4189 nee-non
2378 4152 2503 4188 cum
2536 4135 2724 4189 Patre
2756 4150 2823 4187 ac
2856 4132 3018 4187 Filio
3056 4134 3376 4199 adoretur;
3429 4133 3582 4188 unde
3623 4134 3686 4187 iu

2089 4207 2304 4261 iisdem
2338 4213 2565 4261 natura)
2599 4206 2795 4259 unitas
2825 4204 3208 4276 intelligitur.

2091 4330 2177 4386 86.
2211 4332 2303 4385 An
2330 4345 2472 4384 vero
2497 4333 2673 4401 neget
2693 4329 2909 4400 aliquis
2938 4328 3294 4383 adorandum
3326 4327 3689 4382 divinitatem

2016 4421 2319 4475 Trinitatis
2353 4423 2591 4474 internae
2615 4420 2643 4473 ‘?
2676 4434 2808 4473 cum
2837 4421 2894 4472 et
2922 4417 3243 4488 Scripturae
3274 4416 3491 4471 divinae
3520 4416 3687 4470 inex-

2016 4510 2351 4581 plicabilem
2382 4508 2756 4580 majestatem
2785 4506 3115 4577 exprimant
3163 4504 3485 4572 Trinitatis,
3532 4504 3688 4559 sicut

1931 4581 1986 4643 D
2018 4599 2159 4655 alibi
2186 4598 2510 4669 Apostolus
2544 4597 2690 4651 dixit
2723 4612 2734 4650 :
2794 4618 2815 4642 «ι
2849 4594 3136 4660 Quoniam
3169 4594 3348 4663 Deus,
3393 4593 3494 4663 qui
3543 4593 3691 4648 dixit

2020 4690 2091 4744 de
2123 4687 2387 4742 tenebris
2420 4687 2617 4740 lumen
2649 4684 3091 4755 splendescere,
3115 4682 3378 4735 illuxitin
3405 4681 3686 4736 cordibus

2018 4777 2241 4832 nostris
2292 4776 2364 4828 ad
2416 4773 2899 4829 illuminationem
2953 4770 3219 4825 scientiae
3271 4770 3550 4825 claritatis
3583 4770 3687 4825 Dei

2019 4868 2132 4938 (35)
2164 4866 2224 4919 in
2256 4864 2405 4918 facie
2438 4863 2583 4917 Jesu
2614 4861 2834 4915 Christi
2869 4860 2953 4927 (II
2981 4860 3115 4915 Cor.
3151 4876 3228 4928 ιν,
3263 4859 3337 4928 6).
3377 4883 3399 4907 ι)

2089 4954 2178 5011 8'7.
2226 4953 2452 5023 Nempe
2497 4951 2650 5005 hanc
2700 4948 3021 5003 claritatem
3073 4949 3345 5003 viderunt
3399 4950 3681 5022 apostoli,

2088 5096 2237 5167 (33)
2287 5096 2368 5150 Ita
2399 5093 2533 5167 Gill.
2567 5095 2622 5147 et
2656 5094 2825 5167 Rom.
2858 5093 2996 5147 edit.
3032 5093 3410 5167 cum__majori
3441 5108 3688 5167 numero

2017 5164 2187 5223 mss:
2224 5166 2463 5222 Amerl).
2497 5180 2639 5218 vero
2672 5169 2727 5217 et.
2762 5164 2927 5218 Eras.
2960 5180 3096 5235 cum
3129 5164 3263 5218 aliis
3296 5180 3467 5233 mss.,
3505 5187 3525 5213 α
3555 5165 3684 5235 ipse

2017 5241 2251 5314 quidem
2286 5238 2562 5314 Filium...
2587 5239 2919 5314 auctorem.
2949 5234 3032 5314 Ita
3063 5236 3284 5314 utique,
3314 5237 3484 5314 uete.

2088 5314 2196 5381 (34)
2228 5308 2466 5364 Amerb.
2499 5310 2556 5360 et
2587 5307 2777 5381 liras,
2815 5327 2836 5356 «
2875 5309 3142 5360 creatura
3174 5306 3522 5381 discutitur;
3559 5322 3682 5381 »__e-

2016 5378 2110 5438 liae
2140 5382 2284 5439 edit.
2323 5384 2378 5435 et
2411 5379 2604 5433 cuncti
2636 5394 2808 5444 mss.,
2868 5399 2886 5425 ι
2926 5381 3120 5431 creata
3168 5378 3461 5430 dicuntur.
3500 5400 3522 5424 ιι
3570 5378 3685 5430 Ite-

2014 5471 2145 5508 rum
2174 5468 2317 5506 vero
2351 5451 2451 5505 ubi
2483 5465 2690 5504 omnes
2729 5450 2868 5503 edit.
2916 5464 2985 5502 ae
3033 5449 3236 5518 plures
3286 5463 3455 5515 mss.,
3494 5469 3515 5493 ιι
3553 5462 3684 5518 cum

2017 5527 2076 5578 in
2107 5525 2350 5577 veritate
2382 5521 2613 5575 adorari
2649 5537 2659 5575 :
2701 5542 2721 5566 ι
2757 5520 2853 5573 alii
2885 5516 3105 5590 aliquot
3136 5519 3359 5589 legunt,
3399 5539 3421 5563 α
3456 5532 3587 5570 cum
3620 5516 3679 5570 in

2018 5596 2186 5661 Filio,
2222 5595 2279 5647 in
2311 5593 2574 5660 veritate,
2613 5614 2634 5640 »
2672 5595 2783 5645 etc.

2090 5656 2222 5733 (35)
2272 5667 2494 5736 Bigot,
2522 5656 2677 5730 cod.,
2716 5684 2737 5712 «ι
2775 5659 3234 5736 charitatisDei.
3272 5678 3294 5707 υ
3324 5656 3446 5736 _S__ed
3481 5659 3684 5712 contra

2018 5727 2134 5792 non
2185 5727 2375 5791 solum
2424 5727 2672 5787 aliorum
2720 5732 2999 5799 omnium,
3051 5733 3225 5798 atque
3274 5727 3433 5797 edit.,
3479 5745 3683 5785 verum

2020 5811 2192 5866 etiam
2224 5806 2552 5880 Apostolici
2581 5806 2777 5862 textus
2810 5801 3236 5859 auctoritatem.
