3964 6168
462 372 580 440 831

1941 370 2007 433 S.
2050 370 2494 436 AMBROSII.
3713 385 3799 451 832

464 589 598 629 cum
630 572 915 629 Dominus
948 573 1128 629 Jesus
1159 573 1483 630 divinitatis
1523 589 1652 630 sum
1679 572 1813 629 luce
1844 572 1904 628 in
1932 575 2129 629 monte
2153 557 2231 625 ι’
2243 574 2476 646 templa,
2510 574 2620 629 sed
2651 589 2832 630 unum
2863 574 3144 645 templum
3169 590 3184 646 ;
3227 576 3353 648 quia
3396 578 3551 633 unius
3577 581 3797 654 templum

461 662 718 734 fulgeret
751 677 763 717 :
803 685 824 710 ι.
864 662 1168 733 Viderunt,
1202 663 1410 734 inquit,
1442 663 1716 734 apostoli,
1749 665 1806 717 et
1837 663 1895 718 in
1917 662 2130 717 faciem

461 750 844 821 prociderunt
889 751 1129 821 (illattli.
1177 768 1320 820 xvu,
1371 752 1447 819 6).
1488 774 1510 801 ι
1562 753 1822 807 Putasne
1868 752 2005 806 illos
2034 751 2130 805 vel

463 855 596 894 cum
628 840 1022 909 prociderent,
1064 840 1370 910 adorasse,
1423 856 1556 895 cum
1604 840 1899 913 fulgorem
1944 840 2128 894 divini

460 926 708 982 luminis
736 929 1145 999 corporalibus
1170 929 1359 984 oculis
1382 930 1680 984 sustinere
1711 945 1829 984 non
1858 934 2128 1001 possent,

471 1019 528 1070 et
549 1016 832 1086 splendor
860 1017 1013 1072 lucis
1042 1021 1280 1073 aeternae
1310 1018 1497 1073 aciem
1525 1018 1697 1072 visus
1728 1018 1994 1073 mortalis
2027 1020 2132 1074 ob-

462 1100 753 1160 duceret?
784 1109 899 1159 Aut
928 1106 1068 1177 quid
1089 1107 1247 1161 aliud
1271 1110 1409 1162 tunc
1433 1107 1717 1177 temporis
1740 1107 2018 1163 dixerunt
2046 1108 2133 1162 illi

461 1194 733 1249 videntes
766 1194 1017 1266 gloriam
1047 1195 1203 1267 ejus,
1234 1193 1353 1251 nisi
1384 1212 1396 1251 :
1455 1217 1478 1243 α
1514 1197 1741 1266 Venite,
1788 1197 2126 1267 adoremus,

462 1284 520 1337 et
565 1283 941 1352 procidamus
987 1287 1119 1338 ante
1155 1301 1290 1339 eum
1338 1284 1525 1354 (Psal.
1568 1302 1726 1355 xcw,
1760 1284 1837 1355 6).
1878 1310 1901 1334 ι»
1935 1284 2131 1358 [Alias

461 1386 590 1442 cap.
623 1370 794 1444 XIII.]
848 1395 869 1419 α
904 1371 1099 1426 Illuxit
1126 1374 1282 1427 enim
1317 1396 1338 1421 ιι
1391 1374 1550 1429 Deus
1583 1374 1643 1428 in
1676 1374 1956 1429 cordibus
1986 1391 2131 1429 nos-

461 1460 569 1514 tris
602 1460 675 1513 ad
709 1460 1193 1515 illuminationem
1223 1462 1489 1518 scientiaii
1513 1463 1796 1518 claritatis
1828 1463 1930 1519 Dei
1962 1464 2023 1518 in
2051 1462 2131 1518 fa-

464 1548 554 1604 cie
585 1548 731 1603 Jesu
758 1548 978 1604 Christi
1005 1549 1089 1621 (II
1120 1550 1256 1606 Cor.
1289 1568 1372 1621 ix,
1406 1552 1483 1622 6).
1522 1576 1545 1601 ιι

529 1654 619 1708 88.
667 1654 813 1719 Quis
862 1658 955 1710 est
998 1672 1143 1728 ergo
1192 1658 1291 1729 qui
1339 1658 1551 1728 illuxit,
1591 1662 1656 1713 ut
1687 1674 2127 1733 cognoscamus

460 1743 644 1799 Deum
673 1743 787 1812 (36)
820 1743 879 1797 in
902 1744 1051 1800 facie
1073 1745 1292 1800 Christi
1315 1746 1508 1803 Jesu?
1539 1748 1696 1802 Dixit
1725 1748 1902 1819 enim,
1929 1749 2129 1803 Illuxit

460 1831 640 1901 Deus,
664 1855 686 1879 ιι
706 1834 770 1886 ut
799 1836 1198 1905 cognoscatur
1227 1835 1465 1889 claritas
1497 1835 1603 1890 Dei
1634 1837 1692 1891 in
1724 1836 1889 1892 facie'
1904 1836 2128 1892 Christi

459 1920 607 1975 Jesu
643 1936 655 1975 :
691 1937 866 1992 quem
896 1926 1171 1992 putamus
1202 1923 1380 1978 alium
1408 1928 1626 1994 praeter
1657 1925 1937 1995 Spiritum
1982 1941 2126 1980 san-
2158 1934 2237 2000 Β,

460 2012 615 2064 ctum
630 2009 986 2065 declaratum
999 2012 1028 2065 ?
1049 2013 1165 2066 Aut
1176 2012 1312 2082 quis
1332 2016 1425 2067 est
1442 2013 1595 2068 alius
1609 2018 1826 2084 praeter
1844 2014 2127 2085 Spiritum

459 2101 728 2153 sanctum
750 2099 845 2153 cui
866 2099 1189 2155 divinitatis
1207 2102 1461 2172 potentia
1481 2102 1817 2157 deferatur?
1838 2102 1947 2168 Qui
1969 2104 2127 2159 enim

458 2186 738 2258 Spiritum
777 2188 1118 2259 excludunt,
1162 2205 1417 2246 necesse
1462 2197 1554 2246 est
1597 2191 1876 2247 inducant
1921 2193 2121 2264 alium,

457 2275 557 2348 qui
591 2291 725 2331 cum
755 2277 928 2333 Patre
959 2280 1016 2332 et
1043 2276 1192 2333 Filio
1218 2279 1468 2352 gloriam
1497 2280 1819 2336 divinitatis
1849 2282 2120 2353 accipiat.

528 2399 615 2456 89.
651 2399 869 2456 Eadem
901 2402 1082 2474 igitur
1108 2403 1291 2457 verba
1319 2407 1671 2475 repetamus
1706 2420 1719 2461 :
1768 2429 1790 2453 α
1825 2405 1984 2461 Deus
2031 2409 2124 2460 est

457 2490 558 2562 qui
590 2489 781 2545 illuxit
809 2491 882 2545 ad
913 2491 1397 2549 illuminationem
1429 2494 1711 2548 claritatis
1744 2494 1845 2549 Dei
1879 2495 1939 2549 in
1972 2494 2121 2549 facie

456 2578 604 2634 Jesu
634 2579 875 2635 Christi.
914 2603 936 2629 ιι
982 2580 1184 2636 Habes
1215 2579 1514 2637 Christum
1546 2583 1849 2638 evidenter
1877 2599 2123 2655 expres-

458 2683 612 2722 sum.
658 2667 848 2739 Cujus
896 2684 1042 2742 ergo
1086 2670 1322 2724 claritas
1371 2670 1701 2726 illuminare
1748 2673 1969 2727 dicitur
2002 2673 2122 2728 nisi

457 2756 711 2827 Spiritus
732 2759 760 2811 ε)
790 2758 989 2828 Ipsum
1018 2774 1163 2831 ergo
1195 2759 1379 2815 Deum
1420 2762 1739 2831 expressit,
1772 2762 1909 2833 quia
1942 2762 2118 2816 clari-

456 2848 632 2901 tatem
664 2845 767 2901 Dei
799 2846 946 2901 dixit
981 2861 993 2902 :
1026 2847 1079 2902 si
1112 2848 1323 2918 Patris,
1358 2853 1635 2920 superest
1672 2854 1734 2904 ut
1782 2873 1803 2900 ε
1838 2852 1940 2923 qui
1972 2851 2120 2906 dixit

456 2934 528 2989 de
556 2934 818 2990 tenebris
851 2936 1048 2991 lumen
1080 2937 1520 3009 splendescere,
1555 2943 1611 2994 et
1640 2940 1835 2994 illuxit
1878 2941 1938 2994 in
1981 2956 2119 2995 cor-

454 3023 630 3078 dibus
662 3024 906 3095 nostris,
931 3046 953 3076 »
976 3024 1229 3097 Spiritus
1252 3030 1494 3082 sanctus
1518 3028 1915 3101 intelligatur;
1939 3028 2117 3085 alium

454 3112 611 3167 enim
640 3128 758 3168 non
788 3129 1112 3184 possumus
1160 3132 1293 3170 cum
1324 3116 1494 3171 Patre
1525 3117 1791 3190 Filioque
1823 3118 2115 3174 venerari.

452 3200 515 3257 Si
544 3200 752 3274 -igitur
798 3202 1080 3274 Spiritum
1129 3203 1434 3277 intelligis,
1486 3209 1542 3261 et
1590 3206 1748 3261 hunc
1794 3207 2117 3278 Apostolus

2243 666 2336 719 est
2364 663 2696 735 potestatis.

2312 753 2401 807 92.
2452 752 2646 807 Manet
2690 756 2885 809 autem
2930 752 2990 807 in
3031 753 3206 808 nobis
3245 754 3409 808 Pater
3446 771 3540 826 per
3564 756 3797 828 Spiritum,

2241 857 2417 913 quem
2462 841 2621 896 dedit
2668 841 2864 896 nobis.
2916 840 3219 906 Quomodo
3264 842 3430 914 igitur
3471 847 3638 914 potest
3674 848 3803 904 simul

2242 930 2447 1000 dispar
2476 944 2712 984 manere
2741 933 2946 985 natura
2967 932 2995 984 ε)
3051 930 3264 1002 Utique
3313 946 3422 985 non
3447 935 3632 1001 potest.
3658 934 3805 992 Manet

2241 1021 2436 1073 autem
2468 1034 2601 1073 cum
2628 1020 2801 1073 Patre
2833 1022 2889 1073 et
2926 1018 3072 1074 Filio
3121 1018 3371 1090 Spiritus
3417 1024 3646 1075 sanctus.
3680 1023 3803 1080 Unde

2242 1110 2299 1161 et
2327 1107 2648 1178 Apostolus
2683 1123 2817 1161 cum
2848 1107 3035 1179 gratia
3069 1108 3214 1162 Jesu
3243 1107 3452 1162 Christi
3478 1108 3715 1165 charitate
3731 1112 3810 1170 Dei

2246 1196 2835 1252 communicationem
2851 1196 3044 1251 sancti
3065 1196 3318 1267 Spiritus
3341 1196 3607 1267 copulavit
3624 1198 3806 1256 dicens:

2247 1308 2270 1333 α
2305 1284 2502 1341 Gratia
2534 1285 2763 1340 Domini
2813 1286 3004 1340 nostri
3056 1285 3204 1341 Jesu
3252 1284 3480 1356 Christi,
3528 1290 3578 1340 et
3616 1287 3815 1343 charitas

2245 1373 2372 1442 Dei,
2405 1377 2463 1428 et
2492 1374 2940 1428 communicatio
2971 1374 3226 1445 Spiritus
3258 1375 3438 1428 sancti
3455 1389 3575 1428 cum
3602 1375 3811 1429 omnibus

2243 1462 2418 1517 vobis
2448 1462 2534 1529 (Il
2559 1461 2694 1518 Cor.
2729 1479 2852 1533 xm,
2889 1462 2997 1530 13).
3038 1483 3059 1511 ιο

2872 1568 3126 1625 CAPUT
3163 1569 3314 1625 XIII.

2245 1656 2682 1729 Oly'icientibus
2710 1657 3050 1726 catholicos,
3101 1658 3235 1712 dum
3274 1657 3520 1729 Spiritui
3549 1656 3813 1712 attribuunt

2310 1729 2708 1797 divinitatem,
2744 1735 2873 1800 tres
2894 1729 3038 1784 deos
3067 1729 3372 1800 inducere,
3404 1733 3737 1800 retorquetur
3763 1729 3815 1800 ab

2310 1800 2463 1861 ipsis
2491 1800 2562 1855 ob
2595 1798 2857 1854 eamdem
2889 1816 3124 1854 causam
3156 1799 3358 1854 induci
3403 1799 3540 1854 duos
3566 1798 3699 1861 deos,
3732 1799 3817 1852 nisi

2352 1871 2689 1926 ivinitatem
2719 1870 2882 1925 Filio
2911 1871 3292 1943 negaverint.
3318 1870 3539 1926 Deinde
3561 1869 3818 1926 orthodoxa

2310 1942 2583 1997 doctrina
2624 1943 2960 2013 exponitur.

2308 2046 2378 2102 92
2406 2048 2444 2102 ‘.
2478 2046 2673 2120 [Alias
2701 2064 2828 2119 cap.
2861 2046 3042 2122 XIV.]
3073 2048 3189 2103 Sed
3221 2048 3361 2119 quid
3391 2046 3671 2116 veremini,
3698 2062 3757 2100 an
3776 2045 3824 2100 il-

2237 2136 2337 2191 lud
2360 2137 2517 2208 quod
2539 2137 2760 2191 oblatra
2770 2153 2829 2191 re
2849 2137 3208 2206 consuestis,
3234 2153 3309 2192 ne
3326 2140 3447 2191 tres
3468 2135 3675 2190 faciatis
3692 2135 3828 2189 deos?

2238 2224 2445 2294 Absit;
2479 2225 2578 2280 ubi
2610 2225 2764 2280 enim
2796 2240 2911 2280 una
2942 2226 3131 2280 deitas
3162 2224 3524 2297 intelligitur,
3556 2222 3690 2278 unus
3714 2224 3827 2277 Deus

2237 2313 2470 2369 dicitur.
2514 2315 2720 2386 Neque
2764 2316 2921 2369 enim
2970 2330 3106 2369 cum
3155 2314 3370 2369 Filium
3412 2314 3587 2369 Deum
3615 2312 3831 2372 dicimus.

2237 2401 2388 2457 duos
2420 2400 2564 2457 deos
2596 2402 2868 2457 dicimus.
2904 2403 3053 2457 Nam
3084 2402 3137 2456 si
3169 2418 3306 2457 cum
3345 2402 3606 2457 deitatem
3633 2400 3831 2470 Spiritus

2236 2491 2616 2559 confitemini,
2649 2492 2865 2561 putatis
2894 2495 3017 2546 tres
3048 2491 3195 2546 deos
3217 2491 3337 2545 dici
3365 2490 3496 2561 (31),
3518 2506 3651 2562 ergo
3670 2494 3718 2543 et
3737 2505 3833 2543 cum

2234 2579 2509 2637 deitatem
2541 2580 2671 2634 Filii
2701 2580 2917 2650 dicitis,
2953 2581 3092 2651 quia
3130 2595 3250 2635 non
3300 2579 3566 2650 potestis,
3609 2593 3720 2632 eam
3757 2591 3834 2630 ne-

2234 2684 2397 2741 gare,
2432 2669 2583 2723 duos
2615 2669 2895 2723 inducitis
2927 2668 3093 2724 deos.
3126 2668 3397 2723 Necesse
3428 2665 3836 2739 estigiturjuxta

2233 2758 2586 2812 sententiam
2615 2760 2895 2826 vestram,
2931 2759 2985 2812 si
3024 2758 3212 2813 Deum
3241 2772 3519 2828 persona:
3547 2755 3723 2822 unius,
3750 2768 3835 2807 non

2233 2847 2410 2901 unius
2440 2849 2666 2902 naturae
2694 2862 2908 2901 nomen
2938 2847 3178 2918 putatis,
3199 2850 3301 2901 aut
3320 2846 3470 2901 duos
3493 2845 3632 2900 deos
3659 2842 3842 2909 dicatis,

2231 2938 2331 2990 aut
2363 2936 2548 2990 Deum
2576 2934 2787 2990 Filium
2818 2935 3154 3007 denegetis.

2301 3042 2391 3099 93.
2425 3042 2541 3097 Sed
2572 3058 2933 3098 excusemus
2978 3057 3091 3097 vos
3142 3041 3214 3096 ab
3264 3041 3597 3110 inscientia,
3635 3038 3731 3094 etsi
3755 3050 3842 3092 non

2232 3147 2594 3187 excusamus
2642 3148 2675 3185 a
2726 3132 2918 3202 culpa.
2969 3130 3200 3186 Etenim
3254 3131 3583 3186 secundum
3635 3130 3842 3182 nostram

2233 3222 2583 3277 sententiam
2613 3222 2748 3293 quia
2781 3237 2936 3275 unus
2959 3221 3141 3289 Deus,
3161 3236 3281 3275 una
3300 3220 3604 3289 Divinitas,
3626 3220 3678 3272 et
3693 3215 3843 3271 unitas
3862 3248 3869 3259 κ

454 3289 641 3381 Deum
684 3291 872 3381 dixit;
902 3308 1175 3348 necesse
1213 3297 1306 3349 est
1348 3294 1529 3366 igitur
1556 3296 1831 3351 deitatem
1860 3296 2117 3368 Spiritus
2156 3295 2208 3363 Ο
2232 3310 2578 3381 intelligitur
2603 3289 2934 3380 potestatis.
2969 3309 3134 3364 Sicut
3166 3325 3351 3364 unum
3390 3309 3573 3363 Deum
3620 3305 3841 3369 dicimus,

452 3378 627 3433 etiam
654 3396 766 3435 vos
797 3380 1114 3452 fateamini,
1149 3382 1248 3454 qui
1281 3383 1536 3456 negatis.

521 3485 610 3541 90.
643 3485 759 3541 Sed
789 3503 964 3559 quam
994 3489 1365 3560 impudenter
1395 3491 1649 3563 negatis,
1684 3507 1819 3546 cum
1847 3491 2116 3564 legeritis

451 3574 588 3647 quia
618 3575 898 3647 templum
918 3576 1093 3633 habet
1114 3578 1370 3649 Spiritus
1389 3578 1671 3636 sanctus!
1705 3580 2003 3651 Scriptum
2024 3584 2118 3637 est

449 3664 606 3719 enim
640 3680 653 3721 :
693 3687 714 3715 ι
754 3665 1058 3737 Templum
1092 3668 1196 3723 Dei
1228 3683 1338 3723 vos
1368 3670 1537 3739 estis,
1590 3672 1647 3725 et
1695 3669 1951 3740 Spiritus
1984 3686 2117 3725 san-

450 3755 581 3807 ctus
617 3753 840 3809 habitat
881 3757 941 3811 in
991 3756 1164 3812 vobis
1203 3756 1257 3829 (l
1288 3756 1423 3813 Cor.
1456 3776 1538 3827 ιιι,
1572 3758 1682 3831 16).
1719 3780 1741 3808 ι
1779 3759 1936 3814 Deus
1967 3775 2114 3832 ergo

449 3841 729 3911 templum
780 3842 975 3914 habet,
1025 3848 1292 3901 creatura
1340 3848 1619 3917 templum
1650 3864 1769 3903 non
1798 3839 1975 3903 habet
2004 3864 2114 3903 ve-

449 3945 600 3984 rum.
636 3930 890 4000 Spiritus
912 3935 1107 3987 autem
1126 3934 1427 4006 templum,
1452 3935 1550 4005 qui
1574 3935 1794 3990 habitat
1823 3936 1884 3991 in
1915 3936 2111 3992 nobis.

449 4017 600 4073 Nam
631 4019 917 4089 scriptum
946 4025 1069 4076 est:
1108 4042 1130 4073 ι
1156 4021 1301 4087 Quia
1323 4023 1585 4077 membra
1603 4026 1801 4078 vestra
1833 4026 2114 4097 templum

449 4109 589 4164 sunt
618 4107 873 4178 Spiritus
906 4110 1095 4164 sancti
1126 4110 1180 4175 (Ι
1205 4110 1341 4166 Cor.
1373 4128 1452 4179 vr,
1488 4112 1599 4181 l9).
1638 4136 1660 4160 »ι

517 4231 581 4287 91
616 4233 656 4289 '.
686 4233 750 4287 In
779 4234 995 4305 templo
1041 4237 1235 4290 autem
1274 4251 1392 4290 non
1431 4236 1602 4308 quasi
1652 4237 1958 4308 sacerdos,
2004 4254 2114 4295 nec

446 4323 618 4395 quasi
647 4323 936 4394 minister,
961 4324 1069 4379 sed
1099 4326 1271 4397 quasi
1295 4325 1454 4381 Deus
1477 4325 1762 4381 inhabitat
1788 4342 1801 4396 ;
1836 4328 2114 4399 quoniam

444 4412 576 4484 ipse
610 4412 896 4468 Dominus
928 4413 1073 4467 dixit
1103 4414 1321 4469 Jesus:
1363 4435 1386 4466 tt
1420 4415 1764 4470 Inhabitabo
1795 4416 1854 4470 in
1884 4416 2023 4485 illis,
2058 4418 2115 4471 et

444 4511 598 4568 inter
626 4527 731 4567 eos
763 4511 1077 4567 ambulabo
1104 4528 1118 4582 ;
1153 4515 1209 4567 et
1240 4528 1342 4568 ero
1372 4513 1606 4570 illorum
1638 4514 1816 4585 Deus,
1866 4506 2014 4570 684
2057 4516 2115 4569 et

443 4600 561 4672 ipsi
592 4605 764 4657 erunt
793 4601 934 4655 mihi
964 4601 1219 4673 populus
1270 4603 1491 4673 (Lavit.
1536 4620 1699 4673 xxvr,
1752 4604 1857 4674 12;
1896 4602 1944 4657 ll
1973 4602 2109 4659 Cor.

444 4664 524 4757 vi,
559 4689 667 4759 12).
706 4709 728 4739 ii
767 4689 837 4744 Et
868 4664 1063 4745 David.
1086 4691 1227 4746 dicit
1260 4664 1289 4747 εκ
1312 4712 1333 4742 σι
1360 4692 1644 4748 Dominus
1666 4664 1957 4763 intemplo
1977 4709 2114 4747 san-
2148 4664 2199 4727 ο

448 4780 542 4831 cto
586 4793 696 4833 suo
736 4779 923 4849 (Psal.
977 4798 1035 4849 κ,
1084 4782 1155 4849 5).
1201 4801 1224 4831 ιι
1276 4780 1435 4854 Ergo
1485 4782 1740 4851 Spiritus
1788 4781 2009 4836 habitat
2052 4782 2112 4836 in

440 4866 659 4936 templo
691 4870 897 4923 sancto
928 4885 1059 4939 suo,
1104 4870 1258 4924 sicut
1304 4869 1525 4925 habitat
1569 4870 1741 4924 Pater
1779 4869 2000 4925 habitat
2056 4873 2113 4925 et

446 4952 661 5023 Filius,
691 4956 793 5025 qui
821 4957 899 5010 ait
931 4973 943 5011 :
983 4980 1005 5005 ιι
1044 4958 1169 5029 Ego
1201 4962 1257 5012 et
1290 4960 1462 5014 Pater
1504 4959 1832 5027 veniemus,
1866 4961 1922 5013 et
1950 4975 2111 5014 man-

445 5044 676 5099 sionem
705 5044 858 5114 apud
891 5061 1025 5101 eum
1059 5046 1345 5103 faciemus
1375 5049 1566 5118 (Joan.
1599 5065 1720 5117 xtv,
1755 5046 1867 5117 23).
1907 5071 1928 5094 κ

513 5148 604 5205 91.
655 5150 1033 5208 Advertimus
1074 5153 1255 5226 igitur
1302 5155 1459 5227 quod
1506 5155 1679 5210 Pater
1725 5158 1781 5210 et
1822 5155 2008 5211 Filius
2054 5157 2111 5210 et

442 5238 699 5311 Spiritus
728 5245 972 5296 sanctus
1002 5242 1063 5297 in
1095 5259 1211 5297 uno
1230 5244 1556 5316 eodemque
1580 5261 1685 5316 per
1707 5248 1931 5300 naturae
1954 5243 2113 5315 ejus-

443 5329 578 5385 dem
608 5334 880 5384 maneant
910 5331 1207 5388 unitatem.
1244 5332 1401 5405 Ergo
1419 5334 1636 5390 divinae
1654 5338 1745 5389 est
1778 5336 2109 5406 potestatis,

441 5419 545 5491 qui
578 5419 799 5474 habitat
847 5421 907 5475 in
954 5421 1170 5492 templo
1214 5439 1225 5477 ;
1274 5422 1429 5477 sicut
1459 5424 1615 5477 enim
1646 5424 1839 5478 Patris
1869 5427 1926 5479 et
1956 5424 2108 5493 Filii,

444 5509 523 5567 ita
553 5512 610 5565 et
640 5509 895 5581 Spiritus
926 5512 1117 5567 sancti
1147 5528 1357 5567 sumus
1393 5512 1673 5583 templum
1704 5527 1719 5567 :
1765 5528 1885 5568 non
1932 5513 2113 5568 multa

512 5651 624 5726 (ζίίξ)
653 5653 803 5726 Mss.
835 5653 1076 5726 aliquot,
1116 5675 1138 5705 ι
1162 5657 1223 5708 ut
1254 5668 1694 5726 cognoscamus
1717 5652 2055 5726 Dominum.
2085 5678 2108 5703 η

514 5722 737 5796 (37)__lta
768 5739 916 5779 mss.
935 5722 1152 5796 'plures
1182 5741 1250 5779 ac
1278 5722 1683 5796 probatiores:
1708 5739 1824 5779 non
1847 5725 1991 5779 nulli
2011 5742 2113 5781 au-

439 5794 560 5862 tem
580 5794 677 5848 alii
699 5797 755 5851 et
772 5794 979 5853 omnes
1002 5795 1163 5866 edit.,
1192 5815 1215 5849 ς
1235 5794 1601 5868 confitemur,
1618 5796 1836 5873 putatis
1857 5812 1969 5857 nos
1986 5799 2108 5859 tres

2230 3403 2288 3455 et
2333 3400 2569 3454 Patrem
2613 3414 2756 3453 vero
2802 3398 3036 3453 deitatis
3087 3398 3330 3453 nomine
3385 3396 3733 3463 confitentes,
3764 3404 3845 3445 nec

2230 3487 2443 3543 Filium
2472 3488 2877 3560 denegantes;
2922 3486 2999 3541 ita
3035 3486 3208 3543 etiam
3252 3486 3540 3558 Spiritum
3570 3486 3802 3540 sanctum
3823 3493 3846 3530 ι

2229 3576 2463 3633 deitatis
2510 3591 2628 3631 non
2668 3576 3042 3631 excludimus
3089 3576 3335 3647 unitate,
3369 3578 3427 3631 et
3457 3578 3578 3629 tres
3606 3574 3735 3628 deos
3759 3582 3851 3624 non

2228 3667 2580 3735 asserimus,
2628 3666 2733 3720 sed
2780 3680 3112 3737 negamus;
3162 3670 3305 3736 quia
3349 3664 3726 3735 pluralitatem
3760 3672 3861 3739 non,

2227 3757 2423 3810 unitas
2456 3755 2614 3826 facit,
2647 3755 2754 3811 sed
2784 3754 2999 3809 divisio
3032 3756 3371 3824 potestatis.
3406 3751 3699 3819 Quomodo
3727 3748 3846 3803 enim

2227 3844 2617 3916 pluralitatem
2647 3843 2856 3915 recipit
2886 3844 3082 3898 unitas
3116 3842 3485 3913 divinitatis;
3532 3857 3658 3896 cum
3689 3838 3849 3909 plura-

2226 3932 2361 3988 litas
2392 3933 2621 3989 numeri
2658 3933 2756 4004 sit,
2790 3947 3100 3988 numerum
3129 3935 3329 3988 autem
3380 3947 3501 3988 non
3550 3928 3769 4000 recipiat
3792 3923 3853 3977 di-

2227 4022 2363 4076 vina
2393 4026 2600 4078 natura
2628 4024 2658 4078 ἓ

2814 4091 3069 4147 CAPUT
3112 4091 3269 4148 XIV.

2226 4181 2470 4255 Praeter
2484 4183 2796 4255 superiora
2818 4181 3177 4255 testimonia,
3199 4180 3357 4255 alios
3378 4179 3629 4255 locospd
3646 4174 3851 4255 proban-

2298 4254 2432 4326 dum
2468 4252 2646 4309 trium
2671 4268 3064 4326 personarum
3095 4252 3415 4326 imperium
3464 4252 3672 4326 afferri
3691 4259 3851 4326 posse-

2294 4321 2795 4380 Ali'eruntur'duo
2816 4339 2895 4377 ex
2923 4321 3196 4394 epistolis
3225 4324 3304 4378 ad
3345 4321 3679 4379 Thessalan.
3701 4321 3854 4393 etiis-

2297 4396 2429 4452 dem
2460 4396 2719 4470 Spiritui
2754 4395 3111 4470 dominatum
3154 4394 3311 4449 sicut
3349 4402 3411 4450 et
3451 4394 3589 4449 aliis
3622 4399 3853 4470 personis

2296 4462 2593 4539 arrogari,
2631 4468 2879 4539 alierum
2919 4466 3555 4539 Scripturtetextuom
3592 4462 3853 4539 collatione

2299 4528 2655 4595 ostenditur.
2697 4538 2941 4593 Damam
2971 4528 3152 4592 citato
3187 4536 3306 4592 alio
3346 4554 3429 4593 ex
3468 4536 3653 4591 altera
3680 4531 3746 4587 ad
3756 4528 3851 4607 ριξ-

2294 4611 2480 4675 rintli,
2519 4610 2708 4665 adhuc
2737 4609 3121 4680 expressiora
3151 4607 3298 4677 loco,
3338 4614 3400 4664 et
3423 4609 3717 4663 Dominum
3745 4602 3854 4671 Spi-

2294 4683 2475 4752 ritum
2521 4697 2677 4751 esse,
2723 4686 2781 4736 et
2811 4679 2929 4735 iubi
2962 4680 3045 4734 sit
3073 4679 3382 4750 Dominus,
3430 4680 3711 4752 Spiritum
3747 4684 3854 4727 esse

2296 4751 2618 4825 colligitur.

2297 4877 2386 4932 94.
2420 4875 2615 4950 [Alias
2643 4891 2769 4946 cap.
2800 4872 2952 4949 XV.]
2986 4874 3154 4930 Unus
3186 4890 3335 4949 ergo
3369 4875 3550 4941 Deus,
3575 4873 3726 4927 salva
3753 4880 3854 4921 ma—

2220 4973 2438 5048 jestate
2469 4973 2769 5029 Trinitatis
2792 4976 3049 5039 aeternas,
3084 4973 3241 5028 sicut
3268 4974 3579 5044 proposito
3607 4960 3740 5025 685
3767 4964 3850 5019 de—

2225 5065 2481 5119 claratur
2508 5063 2798 5134 exemplo.
2833 5062 2957 5118 Nec
2988 5076 3058 5117 eo
3092 5064 3287 5117 tamen
3334 5063 3469 5117 solo
3520 5062 3644 5116 loco
3688 5051 3846 5110 Trini-

2222 5155 2400 5209 tatem
2430 5152 2700 5207 videmus
2734 5151 2969 5206 nomine
3016 5150 3341 5205 divinitatis
3375 5161 3734 5222 expressam,
3763 5138 3848 5195 sed

2224 5258 2358 5298 cum
2388 5242 2688 5314 plerisque
2731 5240 2903 5309 locis,
2952 5240 3107 5295 sicut
3137 5242 3194 5295 et
3223 5255 3411 5310 supra
3458 5238 3721 5301 diximus,
3752 5236 3848 5284 tum

2224 5331 2475 5387 maxime
2507 5332 2565 5385 in
2597 5329 2692 5385 his
2722 5328 2993 5401 epistolis
3024 5345 3174 5401 quas
3206 5329 3278 5383 ad
3307 5326 3847 5384 Thessalonicenscs

2224 5421 2547 5491 Apostolus
2590 5419 2830 5489 scripsit
2851 5418 2986 5489 (38),
3019 5418 3385 5474 divinitatem
3415 5422 3588 5489 atque
3618 5411 3849 5469 domina-

2222 5512 2346 5566 tum
2374 5509 2568 5565 Patris
2599 5512 2656 5564 et
2686 5507 2818 5562 Filii
2848 5512 2905 5563 et
2934 5507 3190 5580 Spiritus
3219 5507 3412 5563 sancti
3442 5499 3847 5561 evidentissima

2225 5653 2372 5709 deos
2404 5652 2623 5707 dicere.
2655 5674 2677 5700 η

2298 5725 2401 5793 (38)
2434 5722 2713 5781 Nonnulli
2746 5738 2920 5794 mss.,
2958 5744 2981 5776 σι
3017 5722 3340 5797 Apostolus
3376 5718 3606 5775 direxit.
3642 5740 3661 5763 η
