4090 6174
189 272 310 355 833

191 490 532 549 declaravit.
566 489 665 545 Sic
695 489 852 544 enim
882 487 1068 542 habes
1094 503 1106 542 :
1151 511 1172 535 «
1198 487 1322 542 Vos
1345 489 1540 543 autem
1571 486 1858 542 Dominus
1904 471 1952 532 Ᾱ

190 581 558 652 multiplicat,
594 583 650 634 et
679 578 979 633 abundare
1012 577 1184 631 faciat
1213 577 1274 630 in
1306 577 1585 631 charitate
1605 576 1859 630 invicem

191 675 248 728 et
278 672 339 725 in
370 685 600 738 omnes,
635 668 789 722 sicut
819 671 874 721 et
901 683 1013 721 nos
1045 666 1103 720 in
1135 665 1329 735 vobis,
1354 666 1427 719 ad
1458 665 1860 720 conﬁrmanda

193 761 374 816 corda
404 761 606 814 vestra
638 758 768 812 sine
799 755 1039 828 querela
1070 757 1131 809 in
1163 755 1631 809 sanctiﬁcatione
1661 769 1860 808 coram

193 851 316 906 Deo
359 852 418 905 et
462 848 632 902 Patre
682 849 886 900 nostro
937 846 997 899 in
1041 845 1296 900 adventu
1337 843 1570 899 Domini
1615 843 1764 897 Jesu
1813 841 1869 912 (Ι

200 939 412 995 Thess.
444 953 526 1007 ιιι,
561 935 648 1006 12,
683 936 796 1004 13).
839 957 861 983 ιι

261 1028 355 1082 95.
389 1026 533 1093 Quis
565 1029 657 1081 est
687 1025 869 1096 igitur
897 1023 1204 1092 Dominus,
1239 1023 1339 1094 qui
1359 1021 1704 1092 multiplicet
1725 1037 1857 1090 nos,

196 1121 254 1174 et
283 1117 588 1172 abundare
637 1115 814 1167 faciat
858 1129 1056 1167 coram
1109 1112 1229 1166 Deo
1277 1114 1334 1165 et
1367 1111 1536 1164 Patre
1568 1114 1772 1165 nostro
1802 1109 1862 1164 in

192 1208 450 1262 adventu
470 1203 700 1259 Domini
723 1202 908 1256 ,ιθεηῖ
933 1203 1164 1255 Patrem
1185 1201 1348 1265 dixit,
1371 1203 1428 1254 et
1446 1198 1656 1255 Filium
1677 1199 1855 1253 dixit:

191 1313 373 1369 quem
403 1310 546 1366 ergo
579 1309 712 1347 cum
742 1291 911 1344 Patre
941 1293 998 1345 et
1017 1289 1164 1345 Filio
1204 1291 1420 1360 praeter
1438 1288 1714 1358 Spiritum
1732 1287 1866 1360 jun¢

194 1387 333 1440 xit?
360 1383 504 1449 Quis
535 1384 627 1436 est
657 1381 944 1435 Dominus
975 1379 1076 1450 qui
1106 1379 1284 1433 corda
1315 1380 1516 1432 nostra
1546 1377 1606 1431 in
1637 1376 1861 1431 sancti-

195 1475 477 1530 ﬁcatione
507 1470 857 1526 conﬁrmet?
886 1468 1282 1523 Sanctiﬁcatio
1307 1467 1462 1521 enim
1492 1467 1679 1538 gratia
1696 1465 1866 1535 spiri-

194 1564 341 1619 talis
361 1565 453 1617 est
469 1561 600 1632 (39),
630 1558 782 1614 sicut
809 1561 865 1612 et
885 1557 1038 1611 infra
1060 1557 1236 1611 dixit:
1267 1581 1289 1603 «
1315 1557 1378 1610 In
1400 1555 1863 1611 sanctiﬁcatione

195 1654 484 1724 Spiritus,
515 1653 570 1704 et
601 1649 712 1702 ﬁde
743 1647 1008 1701 veritatis
1040 1646 1110 1716 (ΙΙ
1146 1647 1356 1700 'i‘i'icss.
1397 1663 1457 1714 ιι,
1493 1644 1599 1713 12).
1639 1667 1660 1693 ιι

268 1742 362 1797 96.
413 1739 597 1804 Quem
646 1738 863 1808 putatis
913 1751 1058 1808 ergo
1103 1735 1199 1789 hic
1246 1735 1588 1803 Dominum,
1649 1736 1867 1803 praeter

1311 283 1422 350 DE
1466 274 1810 352 SPIRITU
1852 276 2184 352 SANCTO
2230 287 2388 350 LIB.
2438 280 2547 353 ῙΙΙ.

3537 283 3658 353 834

2067 487 2190 542 101.
2223 487 2390 553 Quod
2419 489 2470 544 si
2503 489 2834 544 evidentem
2867 489 3310 562 conceptionem
3340 488 3660 546 verborum

1999 577 2259 648 exigitis,
2295 578 2514 649 quibus
2547 579 2861 633 Dominum
2895 579 3175 650 Spiritum
3205 578 3508 650 Scriptura
3540 597 3659 637 me-

1997 668 2335 736 moraverit,
2369 683 2478 721 nec
2509 667 2565 721 id
2598 667 2777 722 latere
2808 684 2916 723 vos
2948 669 3150 738 potuit,
3187 660 3329 722 686
3355 671 3490 741 quia
3513 670 3661 725 scri-

1999 759 2161 824 ptum
2191 759 2282 809 est
2315 771 2326 810 :
2367 777 2386 804 α
2413 757 2697 810 Dominus
2717 759 2907 812 autem
2931 757 3185 827 Spiritus
3203 758 3398 827 est(II
3413 758 3546 814 Cor.
3575 777 3658 830 ιιι,

2000 844 2110 913 1’7).
2147 864 2170 893 ιι
2205 843 2371 908 Quod
2401 845 2601 916 utique
2631 845 2852 899 dictum
2882 846 2952 900 de
2985 846 3205 916 Spiritu
3237 850 3442 901 sancto
3480 850 3660 903 totius

2000 932 2193 989 series
2225 933 2496 988 lectionis
2529 935 2803 989 ostendit.
2841 934 2911 988 Et
2942 935 3073 990 ideo
3104 935 3426 1005 apostolica
3459 937 3662 992 consi-

1999 1022 2275 1076 deremus
2317 1022 2594 1093 eloquia:
2649 1046 2671 1070 α
2705 1021 2947 1088 Quoties
2991 1023 3207 1095 legitur
3257 1025 3516 1097 Moyses,
3567 1029 3660 1084 in-

1997 1112 2142 1182 quit,
2176 1111 2442 1166 velamen
2472 1113 2728 1182 positum
2763 1115 2853 1166 est
2882 1128 3063 1182 super
3093 1128 3197 1168 cor
3223 1130 3427 1170 eorum
3463 1133 3474 1171 :
3529 1133 3663 1174 cum

1995 1215 2140 1254 vero
2175 1201 2448 1254 conversi
2481 1201 2698 1255 fuerint
2726 1202 2798 1255 ad
2831 1202 3162 1271 Dominum,
3213 1203 3514 1260 auferetur
3554 1223 3661 1261 ve-

1997 1287 2210 1343 lamen.
2265 1289 2550 1344 Dominus
2595 1293 2787 1344 autem
2836 1291 3089 1361 Spiritus
3136 1295 3270 1346 est:
3321 1293 3422 1347 ubi
3465 1297 3660 1350 autem

1997 1375 2252 1446 Spiritus
2285 1377 2538 1448 Domini,
2569 1378 2653 1432 ibi
2681 1378 2924 1433 libertas
2955 1380 3130 1449 (Ibid.
3167 1381 3380 1452 15—17).
3421 1407 3442 1431 η

2070 1501 2192 1556 102.
2227 1502 2360 1556 Non
2392 1502 2583 1557 solum
2615 1504 2809 1575 itaque
2840 1503 3120 1575 Spiritum
3150 1505 3460 1562 Dominum
3493 1507 3660 1579 dixit,

1999 1590 2106 1645 sed
2137 1592 2312 1645 etiam
2341 1591 2563 1646 addidit
2599 1608 2610 1647 :
2658 1615 2679 1639 ιι
2715 1592 2831 1647 Ubi
2879 1597 3074 1648 autem
3115 1594 3370 1664 Spiritus
3405 1597 3660 1668 Domini,

1997 1679 2077 1734 ibi
2102 1679 2366 1734 libertas.
2387 1680 2721 1751 Nositaque
2736 1697 2942 1736 omnes
2966 1683 3221 1737 revelata
3244 1684 3392 1739 facie
3415 1685 3664 1756 gloriam

2002 1769 2234 1823 Domini
2257 1769 2654 1839 speculantes,
2697 1770 2768 1822 ad
2809 1771 3072 1824 eamdem
3114 1772 3430 1843 imaginem
3471 1775 3664 1829 refor-

199 1825 1118 1933 Spiﬁmﬁflunéupflflmfflff
1141 1825 1306 1933 ἓξὲξ
1324 1822 1864 1933 ίῖῗξθμνέςξίίζὶξξίζξξῗίξῗ
1912 1849 1958 1910 Β
2001 1822 2229 1911 mamur
2257 1822 2509 1928 a‘gloria
2539 1857 2600 1910 in
2629 1822 2901 1929 gloriam,
2923 1822 3090 1913 isi—(iiii
3115 1822 3665 1933 Q‘Bzgi'ii's'gi'rliu

197 1937 314 1975 vos
344 1918 550 1990 potuit,
585 1916 689 1987 qui
717 1915 795 1968 ait
825 1929 838 1969 :
877 1936 899 1960 α
920 1913 1110 1983 Super
1137 1928 1313 1984 quem
1343 1913 1565 1966 videris
1587 1910 1868 1981 Spiritum

200 2007 668 2064 descendentem
695 2006 750 2059 et
779 2007 1112 2057 manentem
1141 2017 1324 2072 super
1351 2017 1505 2070 eum,
1529 2001 1626 2054 hic
1657 2005 1747 2055 est
1769 2002 1870 2072 qui

198 2100 460 2169 baptizat
488 2097 548 2150 in
579 2093 798 2165 Spiritu
829 2094 1035 2147 sancto
1064 2091 1253 2161 (Joan.
1298 2107 1338 2160 ι,
1369 2090 1510 2161 33)?
1545 2113 1566 2139 ιι
1601 2091 1868 2144 Descen-

201 2189 286 2243 dit
319 2187 476 2242 enim
505 2184 759 2255 Spiritus
789 2183 850 2236 in
879 2180 1081 2251 specie
1113 2180 1406 2234 columbas
1434 2180 1598 2250 (Luc.
1631 2197 1713 2250 ni,
1747 2177 1868 2249 22);

199 2280 357 2334 utet
407 2273 712 2345 sapientiae
759 2271 1160 2326 testimonium
1209 2269 1408 2340 ferret,
1447 2272 1504 2323 et
1532 2284 1870 2323 sacramen-

203 2373 330 2422 tum
381 2363 604 2419 lavacri
645 2360 931 2433 spiritalis
973 2359 1261 2430 impleret,
1315 2361 1372 2412 et
1415 2359 1591 2413 unius
1640 2374 1707 2415 se
1738 2374 1872 2413 cum

202 2457 382 2511 Patre
415 2457 471 2508 et
502 2452 650 2507 Filio
683 2449 1044 2521 operationis
1077 2448 1432 2502 ostenderet.

274 2545 367 2600 97.
417 2544 505 2597 Ac
554 2557 626 2596 ne
673 2555 780 2610 per
825 2537 1276 2608 imprudentiam
1319 2536 1540 2608 aliquid
1570 2538 1872 2593 excidisse

201 2633 498 2706 Apostolo
525 2629 824 2702 iudicetis,
861 2627 968 2681 sed
1001 2628 1286 2681 scientem
1323 2626 1787 2698 prudentemque
1819 2630 1877 2682 et

200 2726 421 2780 sancto
443 2720 704 2775 infusum
727 2718 946 2787 Spiritu
968 2716 1346 2788 signiﬁcasse
1366 2715 1676 2770 Dominum
1701 2731 1876 2787 quem

204 2815 403 2868 Deum
439 2809 748 2876 sentiebat,
781 2806 955 2860 etiam
983 2805 1043 2858 in
1075 2805 1337 2859 secunda
1367 2805 1438 2858 ad
1486 2805 1877 2859 Thessaloni-

202 2916 435 2958 censes
467 2897 729 2970 Epistola
760 2895 873 2949 hoc
905 2895 1059 2948 idem
1091 2894 1360 2964 repetivit
1391 2894 1596 2948 dicens
1630 2909 1642 2949 :
1700 2916 1721 2942 ι(
1758 2895 1878 2949 Do-

200 2992 414 3047 minus
446 2992 638 3042 autem
671 2986 885 3057 dirigat
916 2983 1093 3038 corda
1122 2986 1320 3036 vestra
1349 2983 1409 3037 in
1430 2983 1742 3038 dilectione
1775 2983 1882 3038 Dei

205 3087 266 3138 et
320 3077 606 3151 patientia
649 3073 870 3129 Christi
919 3072 1004 3142 (ΙΙ
1035 3072 1240 3126 Thess.
1273 3089 1354 3142 ιιι,
1387 3071 1463 3139 ὅ).
1500 3096 1522 3121 ιι
1554 3072 1616 3127 Si
1646 3073 1881 3128 dilectio

203 3170 324 3226 Dei
354 3172 450 3223 est
478 3167 613 3237 (41),
647 3168 704 3220 et
729 3163 950 3218 Christi
981 3162 1274 3233 patientia,
1307 3163 1442 3232 quis
1473 3165 1566 3216 est
1596 3162 1882 3217 Dominus

2002 1945 2178 2015 (Ibid.
2215 1945 2326 2015 18),
2365 1969 2386 1992 ιι
2423 1946 2534 2000 hoc
2567 1951 2677 2014 est,
2710 1947 2808 2017 qui
2843 1947 2914 2000 ad
2947 1947 3259 2002 Dominum
3290 1966 3498 2006 sumus
3531 1956 3664 2007 ante

2003 2035 2300 2104 conversi,
2345 2037 2408 2088 ut
2450 2035 2697 2104 spiritali
2749 2035 3046 2090 intellectu
3083 2039 3254 2108 quasi
3301 2040 3360 2092 in
3409 2041 3666 2110 quodam

2004 2124 2247 2195 speculo
2281 2123 2715 2192 Scripturarum
2748 2124 2978 2178 Domini
3009 2126 3257 2196 gloriam
3301 2129 3662 2200 videremus,

2005 2230 2161 2268 nunc
2186 2213 2260 2266 ab
2293 2211 2402 2266 hac
2434 2212 2621 2282 gloria
2641 2226 2773 2283 quae
2795 2228 2904 2267 nos
2929 2216 3216 2268 convertit
3237 2216 3310 2269 ad
3330 2217 3664 2290 Dominum,

2004 2303 2065 2357 in
2095 2302 2250 2355 illam
2283 2300 2586 2355 caelestem
2616 2301 2865 2372 gloriam
2895 2301 3304 2358 reformamur.
3341 2305 3499 2377 Ergo
3532 2323 3666 2361 cum

2006 2391 2294 2446 Dominus
2324 2389 2401 2444 sit
2429 2389 2502 2443 ad
2525 2405 2699 2460 quem
2722 2390 3140 2461 convertimur,
3167 2392 3452 2448 Dominus
3472 2399 3667 2450 autem

2007 2479 2262 2550 Spiritus
2312 2479 2388 2533 sit
2437 2494 2469 2532 a
2521 2476 2638 2549 quo
2687 2477 3095 2550 reformamur,
3142 2482 3242 2551 qui
3289 2484 3564 2538 conversi
3594 2483 3668 2539 ad

2006 2569 2320 2623 Dominum
2353 2583 2583 2638 sumus,
2617 2568 2903 2623 Dominus
2926 2569 3126 2640 utique
3149 2570 3401 2640 Spiritus
3425 2577 3668 2628 sanctus

2008 2661 2100 2713 est
2129 2658 2514 2728 designatus;
2554 2657 2683 2728 ipse
2714 2659 2867 2712 enim
2899 2673 3227 2714 conversos
3260 2661 3532 2732 suscipit,
3569 2661 3672 2734 qui

2005 2747 2305 2803 reformat.
2341 2744 2487 2801 Nam
2518 2747 2813 2819 quomodo
2844 2764 2995 2820 quos
3026 2764 3146 2804 non
3176 2755 3544 2822 susceperat,
3572 2767 3670 2807 re-

2010 2837 2291 2891 form‘aret
2320 2835 2462 2906 (43)?

2082 2961 2205 3016 103.
2255 2960 2598 3032 Quanquam
2647 2961 2787 3032 quid
2841 2964 3291 3033 expressionem
3351 2966 3674 3038 qumrimus

2013 3050 2203 3120 vocis,
2248 3050 2351 3105 ubi
2394 3052 2846 3121 expressionem
2877 3053 3176 3108 cernimus
3207 3055 3446 3111 unitatis
3469 3057 3497 3111 ‘?
3525 3055 3676 3111 Nam

2018 3140 2132 3195 etsi
2164 3140 2475 3194 Dominum
2505 3138 2903 3212 Spiritumque
2934 3141 3269 3214 distinguas
3297 3159 3310 3213 ;
3343 3160 3562 3216 negare
3593 3149 3678 3199 ta-

205 3215 324 3332 3;;
357 3215 613 3327 ῑιῑιίξέε
653 3215 838 3308 ξιέιρέῖ
877 3215 1130 3322 signa;
1181 3215 1234 3306 .i
1261 3215 1886 3306 intentant;
1917 3215 1968 3281 σ
2016 3231 2481 3332 ωιηηηοιιηροιεε
2504 3229 3086 3332 ςυίειιιιιιιειηίιιυε,
3121 3232 3200 3285 ιιι
3224 3232 3585 3332 aspirans:
3621 3235 3679 3288 et

207 3348 483 3421 Spiritus
516 3347 878 3416 denegamus
911 3341 1023 3412 (42)
1044 3343 1072 3395 ‘?

285 3437 383 3493 98.
419 3435 535 3491 Sed
565 3447 785 3505 negare
816 3446 933 3486 non
962 3445 1307 3500 possumus,
1347 3430 1624 3500 quoniam
1653 3429 1725 3484 de
1755 3429 1889 3500 ipso

209 3527 513 3583 Dominus
543 3524 688 3579 dixit
722 3536 734 3576 :
775 3545 796 3569 «
830 3521 1041 3590 Adhuc
1064 3519 1241 3574 multa
1258 3519 1448 3573 habeo
1469 3519 1642 3574 vobis
1666 3519 1886 3588 dicere,

211 3617 332 3672 sed
379 3631 499 3670 non
548 3612 798 3684 potestis
844 3611 941 3664 illa
983 3613 1216 3680 portare
1266 3609 1460 3662 modo.
1502 3607 1649 3662 Cum
1695 3612 1890 3662 autem

211 3705 457 3762 venerit
478 3704 575 3758 ille
595 3702 852 3773 Spiritus
871 3699 1154 3768 veritatis,
1175 3698 1424 3752 deducet
1442 3713 1552 3752 vos
1575 3698 1635 3751 in
1657 3711 1890 3752 omnem

214 3797 536 3850 veritatem
557 3792 746 3858 (Joan.
772 3805 896 3859 xvx,
931 3788 1016 3856 12,
1043 3785 1151 3856 13).
1182 3809 1204 3834 ιι
1229 3786 1299 3840 Et
1319 3787 1504 3840 David
1534 3787 1605 3840 de
1636 3786 1767 3857 ipso
1799 3786 1891 3840 di-

214 3887 356 3940 xit:
419 3907 441 3930 α
475 3882 730 3952 Spiritus
775 3882 914 3933 tuus
957 3877 1153 3931 bonus
1203 3876 1454 3931 deducet
1498 3891 1589 3930 me
1628 3876 1690 3930 in
1736 3875 1894 3930 viam

215 3977 450 4031 rectam
481 3971 670 4040 (Psal.
705 3985 882 4037 CXLII,
919 3964 1026 4037 10).
1068 3987 1091 4016 ιι

291 4083 386 4138 99.
421 4080 615 4154 [Alias
649 4095 775 4149 cap.
810 4075 985 4148 XVI.]
1018 4075 1162 4130 Vide
1193 4074 1334 4146 quid
1355 4075 1426 4129 de
1447 4074 1668 4146 Spiritu
1689 4077 1895 4135 sancto

215 4189 347 4228 vox
379 4169 685 4224 Dominica
715 4165 1108 4221 resultaverit.
1143 4164 1331 4218 Filius
1357 4163 1459 4218 Dei
1478 4165 1658 4234 venit,
1683 4168 1740 4219 et
1761 4165 1898 4235 quia

219 4260 493 4318 nondum
523 4257 816 4312 infuderat
845 4255 1144 4326 Spiritum,
1164 4254 1444 4324 parvulos
1466 4253 1753 4325 quosdam
1785 4268 1897 4307 nos

223 4353 455 4422 degere
489 4348 620 4402 sine
652 4345 873 4416 Spiritu
902 4343 1240 4398 declaravit.
1274 4342 1553 4412 Spiritum
1583 4343 1729 4396 dixit
1759 4357 1897 4396 esse

220 4443 569 4504 venturum,
603 4437 703 4508 qui
736 4435 958 4489 faceret
988 4449 1062 4488 ex
1089 4432 1354 4503 parvulis
1384 4431 1681 4500 fortiores,
1714 4432 1901 4486 incre-

221 4534 432 4586 mento
463 4526 736 4581 videlicet
759 4523 1041 4594 spiritalis
1075 4522 1285 4576 aetatis.
1316 4520 1485 4586 Quod
1515 4521 1646 4576 ideo
1677 4521 1896 4592 posuit,

2015 3318 2118 3390 qui
2149 3317 2324 3372 fuerit
2353 3333 2684 3372 conversus
2716 3318 2788 3372 ad
2819 3318 3151 3390 Dominum,
3197 3321 3307 3375 erit
3346 3336 3678 3376 conversus

2021 3408 2093 3462 ad
2122 3407 2421 3477 Spiritum.
2457 3406 2518 3460 Si
2549 3407 2800 3461 litteram
2831 3408 3234 3480 calumniaris,
3258 3411 3538 3464 unitatem
3561 3425 3679 3464 non

2018 3496 2301 3551 inﬁciaris
2353 3511 2366 3551 :
2419 3495 2473 3550 si
2521 3497 2800 3552 unitatem
2846 3498 2940 3552 vis
2987 3513 3322 3570 secernere,
3367 3500 3679 3570 potestatis

2022 3586 2331 3641 Dominum
2361 3586 2557 3656 ipsum
2585 3585 2865 3656 Spiritum
2897 3587 3218 3644 conﬁteris.

2682 3763 2935 3820 CAPUT
2972 3766 3100 3821 XV.

2023 3909 2165 3990 Etsi
2214 3907 2482 3990 Spiritns
2537 3907 2823 3990 Dominus
2863 3909 3229 3990 appelletur,
3284 3915 3414 3966 tres
3459 3917 3685 3990 tamen.

2096 3980 2378 4035 Dominos
2408 3980 2688 4054 hinc_non
2719 3980 2940 4054 induci,
2964 3997 3090 4054 cum
3121 3998 3200 4054 ex
3226 3982 3472 4054 eo-quod
3499 3981 3692 4054 Filius

2102 4069 2214 4107 non
2237 4067 2410 4105 secus
2439 4050 2717 4124 acuPater
2745 4051 2808 4104 in
2838 4053 3026 4124 variis
3057 4050 3388 4124 Scriptur'ae
3417 4053 3563 4108 locis
3585 4053 3692 4106 Do-

2099 4124 2296 4177 minus
2325 4121 2684 4194 appellatur,
2734 4137 2846 4176 non
2884 4121 3244 4178 inducantdr
3274 4125 3384 4179 duo
3421 4124 3692 4188 Domini;

2103 4195 2558 4266 dominationem
2591 4194 2746 4247 enim
2777 4194 2839 4247 in
2869 4194 3190 4250 divinitate
3221 4211 3376 4266 esse,
3405 4201 3464 4249 et
3493 4196 3556 4248 in
3588 4195 3694 4266 do-

2102 4267 2426 4338 minatione
2474 4265 2874 4336 divinitatem,
2919 4282 3043 4336 quae
3075 4266 3272 4320 tribus
3293 4266 3576 4338 personis
3605 4265 3694 4318 in-

2106 4338 2170 4392 di
2179 4337 2349 4391 visim
2379 4344 2726 4408 congruant.

2110 4515 2232 4572 104.
2291 4515 2486 4590 [Alias
2541 4531 2669 4586 cap.
2720 4511 2932 4585 XVII.]
2987 4513 3103 4567 Sed
3149 4512 3427 4566 fortassis
3486 4511 3698 4565 iterum

223 4582 364 4675 non
385 4582 505 4689 quo
536 4582 814 4670 virtutem
841 4613 1095 4683 Spiritus
1117 4582 1455 4681 anteferret,
1492 4611 1600 4665 sed
1628 4582 1698 4666 ut
1720 4611 1780 4665 in
1811 4582 1902 4665 co;
1933 4582 1982 4642 ὓ
2045 4608 2210 4664 dicas
2245 4623 2256 4661 :
2291 4582 2352 4660 Si
2382 4582 2690 4659 Dominum
2713 4582 2991 4673 Spiritum
3015 4602 3241 4670 dixero,
3268 4604 3390 4689 tres
3414 4600 3698 4689 Dominos

222 4708 504 4782 gnitione
555 4703 856 4760 Trinitatis
901 4701 1240 4757 ostenderet
1283 4699 1705 4770 plenitudinem
1763 4716 1902 4756 esse

223 4798 497 4852 virtutis.

308 4888 437 4942 100.
474 4885 740 4940 Necesse
771 4886 862 4938 est
889 4881 1072 4954 igitur
1098 4884 1196 4935 aut
1228 4883 1497 4953 quartum
1527 4881 1782 4952 aliquem
1813 4881 1904 4934 di-

227 4978 413 5044 catis,
446 4990 623 5046 quem
654 4973 874 5028 sentire
904 4976 1121 5043 praeter
1150 4971 1430 5041 Spiritum
1461 4970 1726 5025 debeatis
1760 4987 1774 5025 :
1807 4973 1907 5025 aut

224 5071 400 5122 certe
433 5080 552 5119 non
581 5063 760 5117 alium
785 5061 1095 5116 Dominum
1121 5060 1426 5132 judicetis,
1459 5060 1574 5115 nisi
1624 5059 1906 5130 Spiritum

222 5155 641 5226 designatum.

313 5296 429 5366 (39)
477 5294 626 5350 Mss.
678 5294 900 5366 aliquot
945 5309 1062 5348 non
1097 5293 1397 5349 inferioris
1430 5296 1604 5364 notae,
1643 5315 1665 5340 α
1700 5293 1907 5366 gratim

226 5369 585 5441 spiritualis
610 5371 720 5422 est.
759 5390 780 5441 ii

311 5442 430 5508 (40)
477 5439 610 5494 Gill.
661 5442 716 5492 et
769 5439 940 5492 Rom.
987 5452 1121 5492 cum
1170 5452 1317 5490 mss.
1361 5435 1683 5505 nonnullis,
1723 5460 1744 5486 «ι
1783 5439 1909 5492 Hoc

220 5515 404 5569 Deus
460 5511 630 5564 Pater
651 5526 664 5577 ς
700 5533 721 5556 ιι

231 5723 670 5802 objurgatione
701 5723 1019 5799 conjuncta
1048 5727 1160 5780 est.

776 5510 1016 5563 Amerb.
1063 5513 1121 5563 et
1165 5508 1334 5562 Eras.
1388 5525 1521 5563 cum
1565 5509 1696 5563 aliis
1730 5510 1910 5564 multo

221 5584 542 5658 pluribus,
581 5605 604 5658 ιι
642 5582 766 5635 Nec
799 5582 958 5634 Deus
990 5582 1178 5658 Pater.
1209 5603 1230 5628 ιι
1265 5580 1399 5658 Non
1432 5580 1600 5648 male,
1636 5585 1728 5658 est
1757 5581 1913 5658 enim

222 5651 634 5726 interrogatio
680 5667 994 5726 quaecum
1036 5651 1501 5707 stomachatione
1549 5653 1800 5725 quadam
1857 5654 1916 5707 et

2038 4696 2370 4754 declarabo.
2419 4692 2700 4762 Nunquid
2746 4707 2878 4745 cum
2921 4690 3233 4744 Dominum
3283 4688 3492 4742 Filium
3523 4687 3697 4758 dicis,

2041 4791 2140 4843 aut
2170 4785 2380 4840 Filium
2426 4798 2635 4852 negas,
2684 4783 2783 4833 aut
2825 4779 2976 4834 duos
3025 4778 3307 4833 Dominos
3355 4778 3701 4831 conﬁteris?

2042 4875 2250 4943 Absit;
2280 4873 2410 4943 ipse
2456 4871 2610 4924 enim
2660 4868 2846 4922 Filius
2895 4867 3040 4921 dixit
3095 4882 3107 4921 :
3162 4866 3415 4921 «Nolite
3467 4865 3702 4921 duobus

2043 4963 2298 5021 dominis
2347 4961 2576 5016 servire
2619 4957 2856 5028 (Matth.
2891 4973 2969 5026 v1,
3003 4955 3113 5024 24).
3149 4979 3170 5004 ιι
3206 4955 3321 5010 Sed
3352 4971 3470 5009 non
3501 4956 3703 5026 utique

2043 5057 2143 5110 aut
2187 5067 2254 5106 se
2299 5052 2398 5104 aut
2442 5049 2675 5102 Patrem
2724 5045 3034 5100 Dominum
3083 5044 3417 5116 denegavit,
3469 5059 3605 5098 nam
3648 5045 3706 5098 et

2047 5145 2280 5200 Patrem
2313 5137 2622 5194 Dominum
2663 5135 2827 5205 dixit,
2879 5135 3034 5190 sicut
3081 5133 3268 5189 habes
3303 5148 3316 5189 :
3355 5157 3376 5181 ιι
3409 5132 3730 5188 Conﬁteor

2126 5285 2238 5356 (41)
2268 5281 2551 5356 Nonnulli
2582 5295 2781 5356 mss,
2807 5301 2828 5325 α
2973 5275 3218 5356 ᾶξνθόζίο
3261 5276 3371 5356 Dei
3397 5275 3710 5356 _es_t.ea,.et

2051 5345 2362 5417 eh‘ris'ii....
2439 5354 2536 5426 qui
2583 5345 2808 5423 diligat,
2858 5349 3032 5404 debet
3071 5349 3323 5418 ostendi,
3356 5349 3411 5402 si
3439 5345 3710 5402 dilectio-

2051 5449 2265 5571 nez’ilé)”
2286 5431 2514 5553 Ἰεέἷιοιιειι.
2563 5495 2719 5564 cod.,
2771 5517 2792 5541 «
2827 5509 2938 5548 nos
2971 5491 3301 5564 degeneres
3333 5487 3460 5543 sine
3490 5485 3711 5556 Spiritu

2055 5575 2694 5718 defigﬂlt‘lstsjaliquot,
2724 5658 2745 5685 α
2767 5635 3060 5708 quomodo
3090 5631 3225 5706 quis
3253 5629 3408 5705 quod
3437 5643 3556 5688 non
3585 5640 3718 5706 susg

2057 5712 2313 5794 ceperat,
2345 5712 2711 5770 reformaret.
2749 5729 2772 5759 ιι
