3964 6168
466 243 589 308 835

1915 235 1978 300 S.
2023 222 2468 299 AMBROSII.
3697 245 3784 312 336

482 440 607 511 tibi,
640 441 835 509 Pater,
867 436 1113 492 Domine
1146 434 1282 490 αωιὶ
1307 436 1364 490 et
1393 437 1566 490 terrae
1595 434 1833 505 (Matth.
1868 434 2083 507 x1,‘25).
2111 458 2133 482 ιι
2169 422 2225 485 Α
2247 432 2646 489 dominatione
2667 431 3109 504 divinitas,etin
3121 432 3403 491 divinitate
3421 437 3695 499 dominatus
3708 452 3788 504 est.

472 530 544 584 Et
574 544 643 584 se
674 526 1021 583 memoravit
1052 525 1385 595 Dominum,
1418 525 1576 579 sicut
1603 524 1663 578 in
1694 524 2017 596 Evangelia
2048 524 2137 578 1e-

469 619 669 691 gimus
703 632 717 673 :
756 638 779 669 ιι
816 617 1056 671 Vocatis
1087 629 1180 669 me
1222 614 1536 668 Dominum
1578 616 1635 667 et
1677 614 2048 686 magistrum,
2081 615 2139 667 et

468 707 623 762 bene
657 706 852 760 facitis
875 705 1011 776 (44);
1044 720 1178 758 sum
1208 703 1424 758 etenim
1456 702 1645 772 (Joan.
1680 719 1803 772 xm,
1830 702 1938 771 13).
1967 725 1990 749 ι)
2019 700 2137 755 Sed

467 811 586 850 non
617 794 769 849 duos
801 793 1084 849 Dominos
1114 791 1294 861 dixit;
1329 792 1445 846 imo
1479 791 1733 845 ostendit
1761 807 1828 845 se
1846 807 1964 845 non
1985 790 2136 844 duos

470 884 757 938 Dominos
806 883 1054 947 dixisse,
1104 897 1239 936 cum
1291 883 1616 951 praemonet
1658 879 1773 950 (45)
1819 896 1831 934 :
1884 879 2135 933 «Nolite

468 971 703 1027 duobus
746 971 1004 1026 dominis
1055 970 1304 1025 servire.
1359 993 1382 1018 ιι
1444 968 1579 1023 Non
1634 972 1773 1023 sunt
1817 969 1971 1022 enim
2021 968 2135 1022 duo

467 1061 710 1130 domini,
758 1060 860 1115 ubi
905 1059 1240 1115 dominatus
1281 1074 1438 1113 unus
1485 1062 1614 1126 est;
1665 1057 1802 1128 quia
1858 1058 2030 1111 Pater
2076 1057 2138 1111 in

465 1145 636 1220 Filio,
653 1152 710 1205 et
731 1147 915 1203 Filius
938 1148 998 1202 in
1017 1148 1185 1202 Patre
1211 1163 1225 1219 ;
1245 1150 1302 1202 et
1321 1146 1454 1201 ideo
1471 1145 1755 1201 Dominus
1780 1162 1933 1201 unus
1952 1146 2087 1217 (46).

540 1237 660 1293 105.
694 1237 791 1292 Sic
822 1238 879 1291 et
908 1235 1033 1290 Lex
1066 1235 1300 1306 docuit;
1334 1256 1357 1286 ιι
1396 1235 1569 1304 Audi,
1606 1234 1812 1305 Israel,
1853 1235 2138 1290 Dominus

472 1325 633 1383 Deus
664 1330 802 1381 tuus
832 1325 1118 1379 Dominus
1148 1340 1305 1380 unus
1350 1327 1440 1378 est
1485 1324 1680 1391 (Deut.
1716 1341 1794 1392 vx,
1826 1322 1881 1393 4)
1918 1340 1929 1378 :
1967 1345 1989 1371 ιι
2024 1323 2139 1379 hoc

471 1418 584 1484 est,
608 1413 1010 1483 immutabilis,
1038 1405 1183 1468 687
1211 1428 1448 1483 semper
1468 1413 1527 1465 in
1551 1412 1768 1466 unitate
1785 1427 2140 1482 permanens

471 1504 803 1576 potestatis,
856 1517 1094 1572 semper
1136 1502 1313 1571 idem,
1361 1500 1519 1556 nulla
1566 1501 1938 1569 accessione,
1980 1502 2139 1557 nulla

472 1592 858 1647 diminutione
890 1594 1162 1645 mutatur.
1200 1590 1358 1663 Ergo
1389 1606 1570 1645 unum
1603 1590 1753 1644 dixit
1782 1590 2043 1661 Moyses,
2084 1593 2142 1645 et

469 1680 628 1736 idem
654 1684 851 1734 tamen
881 1680 1195 1734 Dominum
1218 1694 1249 1732 a
1272 1678 1519 1734 Domino
1543 1678 1771 1748 pluisse
1795 1680 2144 1734 memoravit

473 1769 645 1838 (Gen.
677 1786 800 1837 XIX,
834 1768 948 1837 24).
982 1767 1307 1838 Apostolus
1338 1783 1571 1839 quoque
1624 1783 1636 1822 :
1697 1790 1718 1815 ιι
1756 1768 1881 1838 Det,
1930 1767 2118 1839 inquit

471 1856 760 1913 Dominus
802 1856 1276 1911 misericordiam
1323 1854 1436 1927 (47)
1495 1855 1762 1910 invenire
1811 1872 1844 1911 a
1892 1857 2140 1912 Domino

476 1946 548 2017 (II
580 1946 723 2000 Tim.
756 1963 796 2016 ι,
829 1945 937 2015 18).
977 1968 999 1993 ιι
1038 1945 1324 1999 Dominus
1354 1944 1500 2014 pluit
1543 1961 1576 1998 a
1627 1944 1895 2014 Domino,
1947 1944 2143 2000 Domi-

477 2051 591 2090 nus
614 2035 765 2089 data
799 2034 1046 2089 Domino
1075 2033 1545 2088 misericordiam
1572 2049 1586 2103 ;
1623 2034 1906 2088 Dominus
1930 2050 2038 2089 nec
2062 2035 2143 2089 ibi

480 2124 857 2194 discernitur,
891 2123 991 2178 ubi
1024 2122 1169 2193 pluit
1191 2138 1223 2176 a
1243 2122 1490 2176 Domino
1515 2137 1529 2189 ;
1562 2138 1671 2177 nec
1694 2122 1791 2177 hic
1812 2126 2140 2194 separatur,

472 2213 578 2268 ubi
606 2214 926 2268 miseretur
954 2228 987 2266 a
1018 2211 1289 2281 Domino,
1324 2211 1431 2266 sed
1462 2215 1711 2283 utroque
1746 2213 1807 2267 in
1845 2212 1977 2267 loco
2009 2213 2143 2267 uni-

474 2304 568 2357 tas
599 2301 1018 2357 dominationis
1050 2300 1417 2371 exprimitur.

545 2408 668 2464 106.
703 2408 768 2463 In
799 2408 1048 2479 psalmis
1080 2423 1314 2479 quoque
1346 2406 1533 2462 habes
1569 2423 1581 2462 :
1619 2429 1641 2455 ιι
1678 2407 1836 2462 Dixit
1857 2408 2144 2463 Dominus

474 2497 723 2553 Domino
754 2512 885 2552 meo
909 2495 1096 2567 (Psal.
1122 2512 1238 2566 cxx,
1264 2496 1339 2567 1).
1366 2523 1392 2546 »
1413 2495 1539 2550 Nec
1561 2495 1693 2551 ideo
1715 2497 1946 2552 Patrem
1971 2513 2146 2552 suum

473 2586 787 2641 Dominum
817 2585 1150 2658 denegavit,
1185 2585 1321 2656 quia
1369 2583 1582 2638 Filium
1623 2585 1934 2640 Dominum
1970 2602 2144 2640 suum

475 2688 614 2730 esse
647 2676 1038 2730 memoravit“:
1073 2673 1181 2728 sed
1214 2674 1346 2728 ideo
1379 2671 1590 2727 Filium
1626 2674 1939 2728 Dominum
1970 2690 2146 2729 suum

474 2764 642 2834 dixit,
702 2779 777 2818 ne
823 2763 1101 2818 crederes
1149 2761 1361 2817 Filium
1419 2763 1722 2832 prophetae
1773 2762 1985 2833 fuisse,
2038 2762 2146 2817 sed

475 2852 790 2907 Dominum
823 2867 837 2907 :
871 2852 1028 2923 quod
1059 2852 1120 2904 in
1150 2850 1474 2922 Evangelia
1508 2851 1635 2921 ipse
1660 2851 1945 2906 Dominus
1964 2851 2146 2905 mani-

474 2940 715 2996 festavit
751 2941 959 2995 dicens
1014 2956 1026 2994 :
1078 2962 1100 2986 ιι
1138 2939 1201 2994 Si
1240 2940 1396 2994 enim
1429 2939 1612 2993 David
1642 2940 1701 2993 in
1732 2940 1944 3010 spiritu
1974 2942 2148 2994 vocat

473 3044 607 3084 eum
640 3029 975 3099 Dominum,
1010 3027 1308 3100 quomodo
1359 3026 1546 3082 Filius
1588 3028 1722 3099 ejus
1769 3031 1863 3083 est
1905 3029 2144 3097 (Matth.

2318 522 2439 577 108.
2493 522 2759 595 Denique
2809 526 2868 578 et
2914 522 3228 578 Dominum
3265 527 3317 578 et
3344 524 3505 581 Deum
3526 528 3691 601 legisti
3711 535 3793 589 Pn-

2246 614 2427 668 trem:
2466 635 2489 664 ιι
2526 613 2775 668 Domine
2808 613 2969 667 Dens
2997 627 3188 680 meus,
3223 611 3466 670 clamabo
3481 618 3541 670 ad
3556 621 3620 686 te,
3637 624 3797 677 exaudi

2245 720 2339 759 me
2368 704 2473 774 (48)
2505 702 2696 772 (PsaI.
2729 719 2861 771 οη,
2889 701 2941 771 1)
2967 722 2990 751 ιι
3028 701 3096 755 Et
3119 701 3415 756 Dominum
3432 706 3483 758 et
3501 705 3654 761 Deum
3669 709 3797 766 habe.

2247 793 2478 863 Filium,
2517 793 2673 847 sicut
2701 792 2761 845 in
2796 789 3119 861 Evangelio
3162 789 3374 861 legisti,
3416 792 3536 862 quia
3565 810 3673 850 cum
3704 800 3801 852 teti-

2247 883 2439 954 gisset
2470 882 2729 936 Thomas
2758 880 2913 935 latus
2934 877 3183 955 Christi,
3206 879 3287 933 ait
3317 894 3329 934 ε
3363 901 3385 931 ι
3409 880 3655 938 Dominus
3677 901 3802 941 meus

2248 974 2304 1025 et
2347 972 2508 1025 Deus
2551 985 2721 1024 meus
2761 969 2950 1037 (Joan.
3000 984 3102 1037 xx,
3156 967 3266 1038 28).
3304 987 3326 1019 ι
3357 968 3502 1042 Εῖεο
3529 972 3658 1028 sicut
3680 973 3808 1030 Pater

2248 1060 2430 1129 Deus,
2466 1062 2522 1114 et
2552 1058 2736 1114 Filius
2765 1057 3040 1112 dominus
3068 1057 3178 1111 :ita
3208 1060 3266 1111 et
3294 1056 3464 1114 Filius
3493 1059 3646 1131 Deus,
3671 1065 3715 1116 et
3734 1063 3810 1118 Ps-

2244 1152 2336 1203 ter
2364 1148 2670 1203 Dominus.
2703 1147 3041 1201 Alternatur
3072 1146 3169 1217 pia
3216 1145 3568 1218 signiﬁcatio,
3612 1164 3707 1204 non
3747 1151 3811 1204 al-

2244 1241 2509 1292 ternatur
2537 1237 2736 1291 divina
2767 1239 2994 1306 natura,
3028 1235 3133 1289 sed
3166 1235 3526 1290 immutabilis
3545 1241 3703 1292 manet
3718 1254 3810 1310 gra-

2246 1328 2345 1381 tia.
2396 1327 2530 1381 Non
2579 1325 2739 1379 enim
2785 1325 3080 1396 largitatis
3128 1323 3412 1394 collativa,
3461 1325 3558 1379 sed
3599 1326 3814 1380 naturalis

2248 1415 2460 1486 placita
2494 1414 2795 1469 charitatis
2827 1417 2966 1467 sunt
2997 1412 3127 1483 (49),
3161 1412 3300 1484 quia
3328 1415 3382 1467 et
3407 1414 3583 1468 unitas
3608 1415 3811 1485 proprie-

2248 1506 2426 1560 tatem
2457 1503 2656 1575 habet,
2690 1505 2747 1557 et
2775 1502 3108 1573 proprietas
3140 1501 3434 1556 unitatem.

2774 1625 2922 1690 638
2950 1633 3203 1689 CAPUT
3230 1634 3382 1689 XVI.

2249 1724 2496 1781 Patrem
2523 1730 2789 1804 sanctum
2811 1739 2965 1804 esse,
2992 1740 3059 1778 ac
3078 1723 3365 1804 similiter
3385 1721 3584 1804 Filium
3603 1729 3652 1778 et
3672 1722 3827 1804 ἐρίτι-

2125 1811 2138 1838 ν
2169 1803 2219 1864 Β
2325 1805 2463 1865 tum,
2502 1797 2845 1869 atquephing
2879 1796 3131 1866 trisagio
3165 1794 3680 1869 eodemeelebrari
3710 1813 3724 1847 :
3751 1808 3826 1869 nec

2317 1864 2495 1940 posse
2524 1883 2555 1922 a
2575 1864 2772 1922 "nobis
2802 1866 2985 1940 Deum
3009 1864 3338 1940 p'rwdicari
3366 1865 3608 1940 dignius,
3630 1880 3773 1940 “quam
3793 1864 3828 1940 si

2324 1934 2588 1994 eumdem
2611 1943 2876 1992 sanctum
2895 1934 3083 1992 dicam
3093 1952 3159 1991 us
3178 1955 3194 2001 ;
3221 1936 3373 1991 unde
3390 1934 3596 1990 clarum
3614 1934 3671 1989 ﬁt
3692 1934 3831 2004 Spiri-

2328 2010 2410 2063 tui
2431 2016 2636 2089 sancto
2658 2026 2770 2063 non
2801 2008 3222 2089 derogandum.
3256 2007 3466 2089 Eidem
3494 2020 3673 2060 messe
3693 2004 3830 2089 quinia
3918 2058 3919 2069 χ

2324 2081 2585 2153 qlzwDei
2606 2085 2760 2143 sunt,
2788 2096 2914 2153 cum
2942 2075 3005 2132 in
3040 2079 3396 2153 baptismate
3436 2093 3539 2153 una
3565 2092 3675 2153 eum
3700 2075 3834 2153 Patre

2326 2144 2386 2206 et
2430 2151 2593 2206 Filio
2640 2150 2994 2220 nominetur,
3039 2144 3209 2221 eiéue
3253 2149 3443 2203 Pater
3483 2148 3695 2221 dederit
3726 2144 3834 2221 quod

2323 2224 2516 2304 majus
2554 2221 2826 2304 omnibus
2869 2216 2995 2304 est,
3042 2216 3152 2304 ne}:
3200 2221 3498 2304 quisquam
3542 2219 3648 2304 ipsi
3696 2216 3836 2297 valeat

2328 2287 2587 2365 eripere.
2636 2292 2832 2365 Igitur
2860 2307 2905 2365 ei
2930 2287 3518 2365 lochoannis—unde
3546 2287 3840 2365 _ea1umnian

2326 2360 2983 2434 conﬂabant'hazretici,
3027 2361 3348 2434 Trinitatis
3375 2360 3734 2434 aequalitatem
3761 2360 3843 2410 uni-

2328 2442 2620 2507 tatemque
2659 2434 2854 2489 astrui
2900 2433 3165 2507 deitatis.
3228 2431 3483 2507 tandem
3533 2431 3841 2507 ubisxposz-
3918 2452 3919 2457 π

2328 2512 2444 2561 tum
2474 2502 2567 2560 est
2587 2521 2711 2578 quo
2735 2511 2906 2576 pacto
2933 2504 3133 2578 Filius
3167 2519 3198 2559 a
3236 2505 3433 2578 Patre
3467 2502 3711 2578 accipiat,
3744 2512 3845 2578 qua;

2323 2573 2690 2633 madmodum
2722 2573 2900 2631 citato
2928 2574 3052 2631 Ioco
3069 2575 3426 2648 jugulentur
3450 2573 3597 2628 varii
3614 2573 3843 2632 haeretici,

2326 2651 2615 2722 aperitur.

2326 2755 2449 2812 109.
2500 2753 2714 2828 [Alias
2754 2770 2880 2825 cap.
2926 2752 3171 2825 XVIII.)
3220 2752 3383 2825 Ergo
3433 2753 3662 2807 sanctus
3700 2749 3849 2808 Pater,

2254 2848 2500 2902 sanctus
2533 2843 2741 2914 Filius,
2775 2846 3018 2898 sanctus
3048 2846 3104 2897 et
3131 2843 3392 2913 Spiritus
3424 2859 3441 2912 ς
3476 2840 3581 2896 sed
3623 2853 3728 2895 non
3764 2839 3855 2889 tres

2254 2934 2445 2990 sancti
2476 2934 2609 3003 (50),
2651 2933 2790 3003 quia
2829 2948 2985 2986 unus
3015 2935 3108 2986 est
3147 2931 3311 2985 Deus
3343 2932 3601 2997 sanctus,
3630 2940 3761 2981 unus
3789 2920 3860 2975 est

2257 3023 2564 3079 Dominus.
2604 3021 2733 3076 Una
2772 3024 2865 3076 est
2911 3021 3065 3075 enim
3106 3035 3250 3075 vera
3282 3019 3584 3087 sanctitas,
3614 3015 3749 3071 sicut
3769 3023 3858 3065 una

470 3135 616 3189 χχιι,
658 3116 792 3189 45)?
826 3141 849 3167 ιι
903 3118 967 3172 In
1015 3099 1229 3188 Spiritu
1272 3116 1415 3171 dicit
1443 3117 1626 3171 David
1661 3117 1992 3185 Dominum,
2026 3132 2145 3172 non
2169 3165 2217 3189 η
2256 3116 2349 3168 est
2375 3127 2516 3166 vera
2545 3110 2845 3179 divinitas,
2878 3125 2994 3164 una
3017 3108 3114 3163 illa
3133 3124 3277 3164 vera
3307 3108 3589 3164 sanctitas
3609 3099 3856 3159 naturalis.

2168 3165 2219 3227 Ο
2263 3165 2450 3256 “110.
2483 3200 2620 3255 Ideo
2651 3165 2845 3254 omnia
2877 3198 3007 3253 haec
3038 3200 3243 3253 sancta
3265 3214 3380 3253 nos
3411 3196 3713 3260 credimus,
3740 3189 3861 3243 illam

470 3295 695 3351 minum
736 3295 991 3367 Spiritus
1037 3295 1204 3364 dixit,
1240 3310 1494 3349 necesse
1531 3297 1624 3349 est
1669 3296 1792 3365 pari
1828 3295 2144 3366 sacrilegio

479 3385 693 3440 Filium
724 3385 830 3440 Dei
860 3385 1035 3440 etiam
1066 3383 1321 3454 Spiritus
1352 3383 1543 3438 sancti
1576 3382 1787 3438 Filium
1838 3384 2146 3438 videantur

482 3489 782 3529 asserere.

554 3562 677 3618 107.
711 3562 869 3635 Ergo
893 3562 1383 3634 quemadmodum
1408 3561 1564 3616 duos
1586 3576 1704 3616 non
1736 3561 2003 3616 dicemus
2034 3562 2148 3617 Do-

487 3650 702 3721 minos,
727 3667 860 3707 cum
878 3655 934 3706 et
951 3653 1185 3707 Patrem
1199 3655 1255 3706 et
1273 3651 1484 3706 Filium
1507 3650 1913 3723 designamns,
1938 3650 2015 3705 ita
2038 3667 2149 3706 nec

476 3743 603 3795 tres
626 3740 909 3795 Dominos
925 3740 1202 3811 dicimus,
1220 3756 1353 3795 cum
1377 3740 1688 3795 Dominum
1710 3740 1991 3810 Spiritum
2015 3755 2149 3795 con-

478 3827 731 3882 fitemur.
775 3828 939 3882 Sicut
973 3829 1128 3883 enim
1162 3828 1545 3900 sacrilegium
1585 3831 1677 3882 est
1706 3832 1830 3883 tres
1861 3828 2146 3884 Dominos

474 3919 573 3968 aut
605 3914 764 3969 Deos
795 3915 1014 3987 dicere,
1040 3916 1116 3969 ita
1139 3917 1312 3970 etiam
1334 3916 1447 3970 hoc
1471 3916 1708 3986 plenum
1733 3915 2034 3989 sacrilegii
2055 3920 2149 3972 est

468 4002 622 4057 duos
666 4003 952 4058 Dominos
991 4007 1090 4059 aut
1125 4004 1283 4060 Deos
1318 4005 1545 4075 dicere,
1588 4005 1725 4076 quia
1756 4021 1912 4060 unus
1959 4006 2141 4076 Dens,

469 4106 624 4147 unus
656 4092 962 4163 Dominus,
1008 4109 1164 4148 unus
1195 4096 1287 4148 est
1317 4093 1571 4162 Spiritus
1618 4096 1862 4148 sanctus
1895 4109 1909 4149 :
1958 4098 2016 4149 et
2045 4094 2148 4166 qui

474 4180 654 4252 Deus,
690 4180 999 4253 Dominus,
1034 4185 1092 4236 et
1121 4181 1222 4253 qui
1265 4182 1571 4252 Dominus,
1614 4181 1795 4252 Deus,
1831 4182 1967 4253 quia
1999 4187 2055 4238 et
2084 4183 2145 4238 in

537 4323 878 4396 (44))Rom.
922 4323 1061 4379 edit.
1108 4339 1242 4379 cum
1289 4339 1407 4379 uno
1455 4326 1554 4378 aut
1595 4324 1779 4379 altero
1820 4340 1993 4396 mss.,
2031 4345 2055 4377 ιι
2090 4328 2148 4381 et

469 4394 626 4451 bene
654 4394 873 4449 dicitis.
916 4416 938 4444 ιι

2254 3291 2444 3346 solam
2491 3288 2816 3360 praedicant
2865 3288 3256 3342 sanctitatem.
3309 3284 3626 3341 Cherubim
3655 3284 3706 3336 et
3730 3279 3865 3333 Sera-

2257 3379 2421 3449 phim
2451 3376 2774 3432 indefessis
2804 3376 3055 3431 vocibus
3086 3376 3330 3431 laudant
3361 3377 3420 3430 et
3448 3373 3677 3428 dicunt:
3708 3391 3728 3416 ι
3750 3366 3860 3421 San-

2260 3471 2412 3537 ctus,
2446 3469 2712 3536 sanctus,
2736 3468 2980 3521 sanctus
3004 3465 3295 3520 Dominus
3320 3464 3484 3518 Deus
3507 3457 3744 3516 Sabaoth
3764 3454 3866 3523 (Isa.

2255 3574 2334 3627 vx,
2363 3557 2440 3627 3).
2478 3579 2501 3605 ιι
2537 3556 2671 3610 Non
2704 3554 2888 3609 semel
2918 3554 3140 3623 dicunt,
3184 3569 3261 3609 ne
3293 3551 3749 3624 singularitatem
3773 3554 3866 3596 cre-

2256 3646 2363 3701 das
2399 3661 2410 3701 :
2447 3660 2565 3700 non
2595 3643 2692 3699 bis
2723 3643 2944 3712 dicunt,
2977 3658 3052 3699 ne
3090 3643 3380 3713 Spiritum
3423 3638 3697 3696 excludas
3730 3650 3742 3690 :
3786 3645 3871 3687 non

2256 3738 2499 3789 sanctos
2548 3732 2768 3802 dicunt,
2815 3748 2889 3787 ne
2932 3732 3328 3801 pluralitatem
3361 3731 3655 3786 aestimes:
3688 3722 3778 3778 sed
3808 3723 3870 3772 ter

2254 3825 2544 3894 repetunt,
2581 3824 2642 3876 et
2688 3821 2846 3875 idem
2887 3821 3108 3891 dicunt,
3154 3825 3219 3876 ut
3266 3821 3447 3876 etiam
3482 3819 3545 3873 in
3564 3817 3763 3888 hymno
3786 3808 3875 3862 dis-

2250 3912 2595 3967 tinctionem
2626 3909 2950 3981 Trinitatis,
2983 3912 3042 3964 et
3071 3909 3403 3964 divinitatis
3450 3905 3735 3976 intelligas
3772 3895 3872 3952 uni-

2251 4004 2430 4056 tatem
2463 4016 2475 4056 :
2502 3999 2617 4055 hoc
2646 4014 2781 4054 cum
2808 3999 3027 4067 dicunt,
3064 3998 3248 4053 Deum
3278 3996 3630 4069 praedicant.

2327 4088 2450 4144 111.
2481 4089 2609 4143 Nos
2638 4103 2874 4160 quoque
2905 4086 3048 4141 nihil
3079 4088 3414 4158 pretiosius
3445 4081 3762 4140 invenimus
3786 4087 3873 4146 quo

2253 4176 2441 4233 Deum
2471 4177 2794 4250 praedicare
2824 4176 3151 4247 possimus,
3177 4176 3297 4231 nisi
3327 4178 3394 4231 ut
3423 4176 3687 4230 sanctum
3713 4159 3873 4238 appel-

2258 4321 2420 4376 Deus
2472 4319 2681 4391 inquit,
2728 4320 2969 4390 propter
3022 4318 3489 4389 inseparabilem
3549 4310 3874 4391 divinitatem:

2256 4392 2413 4447 sicut
2441 4383 2597 4446 unus
2628 4383 3000 4461 omnipotens
3031 4383 3274 4460 propter
3317 4383 3763 4461 inseparabilem
3779 4389 3881 4461 9111f

541 4466 656 4536 (45)
692 4465 862 4520 Unus
908 4482 1056 4521 mss.
1076 4506 1092 4535 ,
1145 4488 1167 4513 ιι
1205 4482 1339 4521 cum
1387 4465 1608 4536 pariter
1635 4470 1888 4522 moneat.
1928 4490 1950 4516 ιι
1986 4467 2145 4522 Infra
2167 4527 2206 4536 _
2255 4463 2657 4536 nipotentiam,
2689 4462 2766 4515 ita
2792 4450 2993 4516 tamen
3014 4450 3232 4536 uicum
3254 4461 3330 4515 de
3350 4450 3612 4536 singulis
3626 4450 3880 4536 quaelilflj“,

469 4527 611 4593 vero
635 4527 766 4592 'ubi
810 4553 923 4592 nos
970 4527 1103 4592 cum
1149 4541 1269 4592 aut.
1315 4527 1452 4592 edit.
1499 4542 1555 4592 et
1584 4554 1731 4592 mss.
1765 4555 1881 4593 non
1910 4540 2138 4609 paucis,
2167 4527 2215 4587 ῐ)
2253 4527 2672 4609 unusquisque
2704 4536 3010 4609 eorumﬁt
3062 4532 3221 4609 D898
3270 4527 3741 4609 el_0ni_niP019{‘S
3766 4528 3880 4609 ,θξξξ

477 4629 498 4656 ιι
533 4609 634 4663 ubi
665 4609 999 4681 dominatus
1030 4625 1184 4663 unus
1218 4611 1346 4678 est;
1384 4610 1614 4681 n7Rom.
1638 4609 1786 4681 redit.
1822 4615 1877 4663 et
1906 4610 2144 4681 quidam

467 4695 641 4751 mss.,
679 4701 701 4728 ιι
742 4680 841 4734 ubi
874 4680 1151 4735 dominus
1180 4683 1292 4749 est,
1331 4700 1353 4729 ιι
1387 4680 1484 4733 alii
1516 4680 1690 4750 paulo
1722 4681 1946 4751 plures,
1983 4701 2006 4732 ιι
2042 4681 2145 4735 ubi

468 4750 822 4817 dominator,
863 4774 885 4800 ιι
920 4755 1015 4805 etc
1028 4792 1041 4805 .

540 4820 655 4891 (46)
687 4821 835 4891 Mss.
856 4838 974 4876 non
996 4822 1186 4891 pauci,
1219 4842 1242 4872 ιι
1270 4824 1325 4876 et
1345 4821 1475 4876 ideo
1497 4821 1837 4876 Dominator
1856 4837 2033 4876 unus.
2063 4846 2084 4870 ιι

561 4890 653 4964 47)
687 4890 833 4964 Mss.
868 4890 1115 4964 aliquot,
1149 4892 1472 4964 Apostolus
1511 4908 1746 4964 quoque
1778 4894 2091 4964 distinguit
2124 4910 2136 4948 ε

535 4909 653 5014 (ΞΗ)
687 4909 833 4945 mss.
868 4909 1115 4962 anquOt,
1149 4909 1472 4961 Aposwius
1511 4909 1746 5016 quoque
1778 4909 1888 4947 oxsr

476 4982 498 5011 ιι
552 4965 645 5033 Διιι
672 4961 844 5033 vobis
879 4962 1168 5016 Dominus
1201 4963 1512 5017 misericor
1557 4965 1691 5033 iam,
1718 4986 1739 5011 ιι
1778 4967 1888 5018 etc.

539 5030 653 5100 (48)
684 5030 766 5084 Ita
797 5036 913 5105 vet.
934 5033 1086 5105 Aedigt.
1123 5036 1180 5105 et
1211 5050 1359 5089 mss.
1394 5030 1684 5102 nonnulli,
1705 5049 1735 5087 a
1761 5034 1979 5105 quibus
2001 5035 2141 5089 edit.

471 5102 640 5176 Rom.
696 5105 753 5176 et
807 5102 880 5156 ad
924 5101 1089 5176 Colb.
1141 5104 1254 5159 hoc
1300 5105 1431 5176 solo
1482 5101 1798 5172 recedunt,—
1840 5106 1998 5176 quod
2038 5121 2145 5175 pro

475 5195 496 5223 ιι
526 5173 792 5247 clamabo
812 5196 837 5247 ιι
877 5174 1217 5247 praeferunt,
1262 5197 1282 5224 ιι
1311 5172 1561 5230 clamavi
1593 5192 1605 5231 :
1645 5200 1667 5225 »
1704 5172 1916 5247 reliqui
1948 5172 2145 5231 autem

470 5244 673 5314 scripti
722 5243 852 5299 cod.
882 5243 1134 5317 habent,
1192 5243 1216 5293 ιι
1252 5247 1518 5303 clamabo
1550 5248 1624 5302 ad
1653 5250 1729 5317 te,
1764 5251 1821 5303 et
1835 5243 2142 5302 'exaudisti

464 5331 588 5371 .me.
630 5334 652 5364 ι

539 5387 652 5460 (-10)
685 5385 911 5460 'I_‘_l1uan.
948 5388 1158 5458 codex,
1199 5410 1221 5440 ιι
1256 5389 1469 5460 placita
1501 5390 1767 5443 veritatis
1799 5391 1958 5444 sunt.
1994 5411 2018 5437 ιι

538 5458 652 5529 (50)
702 5458 921 5531 Eadem
972 5476 1223 5529 prorsus
1260 5458 1498 5515 ratione
1546 5461 1609 5513 in
1657 5459 1935 5528 Symbolo
1984 5459 2154 5531 quod.

470 5529 796 5602 Athanasio
840 5531 1138 5602 tribuitur,
1194 5552 1216 5579 ιι
1252 5532 1385 5585 Νοη
1433 5532 1828 5602 ινθξλωῐθιιηὶ,
1871 5529 2142 5586 ηοηῖιδθε

455 5601 735 5672 increati,
767 5617 908 5672 non
953 5606 1076 5657 tres
1124 5599 1429 5672 immensi:
1460 5623 1499 5672 ιι,
1536 5599 1744 5670 Neque
1774 5602 1948 5656 etiam
1977 5602 2147 5658 aliter

468 5668 729 5749 August.
765 5670 868 5728 lib.
911 5689 995 5747 xi,
1044 5673 1118 5730 de
1161 5672 1343 5729 Civit.
1386 5671 1521 5747 Dei,
1563 5668 1694 5746 cap,
1736 5672 1807 5729 24
1845 5688 1859 5731 :
1902 5694 1927 5725 ιι
1973 5673 2145 5741 Unus

2254 4588 2686 4675 respondezitur
2709 4619 2722 4659 :
2748 4619 2881 4657 cum
2914 4603 2985 4657 de
3008 4603 3285 4677 omnibus
3310 4601 3519 4677 simul,
3546 4588 3657 4653 non
3678 4588 3883 4677 tre‘srdjlj,

2254 4666 2502 4730 vel-tres
2533 4677 2989 4744 omnipotentes,
3021 4675 3127 4728 sed
3150 4689 3309 4727 unus
3336 4666 3882 4744 Deusiomnipotensr

2255 4748 2437 4801 Tanta
2460 4751 2550 4802 est
2568 4747 2651 4800 ibi
2671 4740 2731 4799 in
2752 4746 2945 4800 tribus
2976 4740 3405 4814 inseparabilis
3440 4743 3658 4814 unitas,»
3684 4749 3798 4814 quas
3815 4740 3883 4806 ειὲ

2255 4834 2323 4872 se
2345 4818 2533 4873 voluit
2553 4817 2886 4887 praedicari.
2916 4837 2938 4866 ιι
2964 4805 3194 4881 Quibus
3215 4816 3599 4887 verbiscum
3634 4805 3886 4887 Amb‘r0§ll

2256 4874 2573 4943 sententia‘
2598 4887 2743 4942 nihil
2792 4874 3240 4959 congruentius.
3275 4885 3516 4959 Etenim
3549 4874 3886 4959 quemadmﬁ‘

2254 4941 2693 5014 dumﬁcausam
2728 4941 2850 5012 cur,
2882 4941 3005 5013 εἴθε
3054 4961 3297 5013 sanctos
3351 4941 3701 5011 dicere‘non
3728 4941 3885 5005 liceat,

2254 5031 2406 5086 hanc
2437 5032 2631 5086 reddit
2659 5033 2904 5085 sanctus
2936 5032 3158 5099 noster,
3194 5028 3357 5100 quod
3403 5040 3616 5100 nempe
3644 5034 3748 5076 una
3775 5024 3886 5100 veri!

2254 5106 2311 5157 et
2342 5102 2626 5175 naturalis
2654 5102 2736 5175 sit
2766 5101 3071 5175 sanctitas,
3121 5078 3885 5175 s,icj_Augnsti1ius‘eonqugtl

2253 5189 2370 5228 una
2403 5174 2480 5227 sit
2510 5172 2946 5242 omnipotentis,
2981 5158 3105 5225 tres
3138 5170 3252 5224 dici
3273 5158 3467 5240 posse
3502 5158 3888 5242 omnipotentes

2253 5248 2450 5317 negat.
2480 5244 2593 5299 Ubi
2611 5234 2853 5317 apparet
2867 5234 3051 5297 voces
3076 5264 3099 5289 ιι
3127 5234 3510 5317 omnipotens
3536 5241 3591 5292 et
3610 5234 3883 5317 san‘ctttﬁ'

2254 5300 2452 5371 abueis
2484 5300 2751 5384 sumptas
2782 5315 2843 5368 in
2876 5330 3061 5369 sensu
3091 5300 3394 5377 concreto,
3428 5314 3492 5365 ut
3520 5307 3726 5384 vocant
3749 5300 3887 5384 that)-

2254 5386 2399 5459 logi,
2434 5387 2493 5440 id
2525 5381 2639 5459 θεέ
2671 5401 2777 5459 pro
2806 5402 2870 5440 re
2901 5386 3031 5455 ipsa
3061 5385 3436 5459 quassancta
3479 5381 3558 5434 sit
3585 5381 3758 5459 atque
3784 5382 3888 5459 etg-

2256 5437 2658 5527 ὲῖίῖιόιὲιέεῖῖέι
2676 5437 2987 5511 tisanae
3017 5437 3051 5508 ιι
3078 5437 3253 5509 nobis
3286 5454 3540 5527 multum
3569 5437 3884 5527 disérepfag‘;

2259 5514 2359 5600 (Ιιίί
2406 5532 2542 5598 Post
2590 5529 2658 5600 Ι).
2707 5528 2913 5600 Thom.
2960 5544 3001 5581 ι.
3044 5542 3124 5597 p.,
3179 5542 3234 5600 q.
3263 5526 3352 5600 _39
3384 5541 3419 5577 a
3456 5524 3513 5592 3,
3559 5514 3887 5600 substanlijf

2263 5578 2741 5670 assistam
2758 5578 2998 5655 signa
3031 5578 3367 5670 magna.
3412 5578 3531 5668 qu'a
3569 5592 3640 5649 de
3685 5603 3744 5646 re
3780 5578 3890 5638 vide

2259 5668 2767 5734 Commentatores
2800 5671 2862 5729 in
2892 5670 3167 5735 eumdem
3195 5668 3416 5748 locum.
