4090 6174
164 304 294 366 837

1301 298 1413 360 DE
1456 297 1802 361 SPIRITU
1847 294 2179 360 SANCTO
2231 297 2392 363 LIB.
2440 297 2522 361 ΙΙ.

3531 301 3652 366 838

155 504 382 558 lemus.
415 501 582 566 Quod
615 501 757 556 libet
796 501 953 555 aliud
987 500 1236 555 inferius
1271 500 1391 554 Deo
1419 541 1432 568 ,
1476 499 1728 553 inferius
1760 482 1924 553 esti
1960 495 2111 552 Cum
2139 498 2298 553 enim
2327 499 2468 553 dicit
2504 516 2515 553 :
2546 519 2572 549 α
2608 499 2735 572 Ego
2769 503 2825 555 et
2855 501 3044 573 Pater,
3070 525 3092 552 ι»
3119 503 3414 558 reveletur
3429 519 3625 575 aequa-

160 592 440 646 Domino.
477 591 636 662 Ergo
671 591 810 644 hinc
844 606 1081 661 quoque
1119 589 1492 643 considerate
1527 592 1720 642 utrum
1739 588 1848 640 ali-

159 680 307 750 quid
340 683 547 734 sancto
567 680 807 748 Spiritui
833 679 1241 750 derogandum
1274 679 1369 742 sit,
1407 677 1582 748 cujus
1615 692 1848 731 nomem

165 769 274 822 Dei
305 769 437 822 laus
472 772 582 822 est.
610 767 709 821 Sic
741 769 895 822 enim
927 767 1197 821 laudatur
1231 768 1422 836 Pater,
1459 768 1550 820 sic
1582 766 1849 819 laudatur

163 862 219 912 et
252 857 466 926 Filius,
503 857 1006 927 quemadmodum
1057 860 1112 910 et
1142 856 1398 925 Spiritus
1430 855 1764 909 nominatur
1794 857 1851 909 et

162 946 441 1000 laudatur
469 945 779 1016 Seraphim
811 946 1028 1014 laudat,
1073 946 1264 999 omnis
1299 945 1604 999 beatorum
1627 943 1850 998 chorus

163 1035 386 1103 laudat,
413 1039 473 1089 ut
506 1039 776 1088 sanctum
829 1035 1013 1088 Deum
1064 1034 1237 1104 dicat,
1292 1037 1562 1088 sanctum
1602 1033 1847 1103 Filium,

167 1129 444 1179 sanctum
477 1124 782 1194 Spiritum.

237 1247 362 1302 112.
388 1247 692 1312 Quomodo
727 1248 908 1318 igitur
946 1263 1064 1303 non
1108 1247 1302 1303 omnia
1341 1247 1519 1302 habet
1549 1263 1683 1318 quae
1742 1248 1853 1315 Dei

163 1340 330 1406 sunt,
361 1338 464 1408 qui
495 1353 626 1394 cum
658 1338 830 1391 Patre
861 1341 918 1391 et
950 1337 1097 1392 Filio
1129 1353 1160 1390 a
1180 1336 1600 1391 sacerdotibus
1627 1336 1684 1390 in
1716 1337 1853 1406 bap-

166 1428 407 1479 tismate
470 1425 808 1480 nominatur
856 1427 913 1479 et
970 1424 1030 1478 in
1081 1425 1480 1479 oblationibus
1519 1425 1847 1496 invocatur,

166 1530 308 1569 cum
341 1515 511 1568 Patre
541 1518 595 1568 et
625 1513 822 1569 Filioa
842 1512 1149 1583 Seraphim
1175 1515 1233 1569 in
1257 1513 1600 1568 caelestibus
1631 1513 1850 1582 praedi-

166 1606 360 1671 catur,
397 1618 527 1656 cum
565 1602 729 1656 Patre
761 1607 818 1656 et
852 1602 1002 1656 Filio
1036 1603 1255 1656 habi‘at
1289 1603 1347 1655 in
1380 1603 1626 1670 sanctis,
1661 1602 1848 1656 infun-

167 1691 329 1744 ditur
354 1690 562 1761 justis,
595 1693 921 1761 inspiratur
936 1691 1243 1761 prophetis
1276 1693 1301 1745 ‘3
1335 1691 1502 1745 Unde
1526 1693 1660 1745 etin
1683 1690 1848 1745 Scri-

166 1783 338 1850 ptura
373 1780 570 1834 divina
602 1785 920 1848 θεόπνευστος
951 1780 1143 1834 omnis
1159 1795 1231 1833 ex
1247 1779 1358 1833 hoc
1381 1780 1679 1846 dicitur(ll
1701 1781 1845 1836 Tim.

1957 586 2094 641 litus
2139 603 2150 641 :
2195 603 2326 641 cum
2365 588 2505 642 dicit
2547 605 2558 643 :
2613 610 2636 639 α
2667 589 2860 644 Unum
2892 608 3122 661 sumus,
3152 612 3174 644 ι
3209 593 3402 647 unitas
3434 593 3639 648 decla-

1959 679 2139 729 ratur.
2181 676 2515 747 quualitas
2549 677 2962 733 confusionem
2997 681 3276 751 excludit,
3306 682 3498 735 unitas
3531 698 3632 736 se-

1958 765 2320 834 parationem
2356 781 2368 820 :
2403 767 2708 836 aequalitas
2758 769 2995 823 Patrem
3045 769 3375 840 Filiumque
3415 771 3628 826 distin-

1957 853 2103 924 guit,
2138 854 2334 907 unitas
2366 855 2598 909 Patrem
2623 855 2951 928 Filiumque
2983 874 3100 913 non
3133 861 3387 929 separat.

2030 976 2152 1031 117.
2184 976 2342 1048 Ergo
2377 994 2508 1032 cum
2550 979 2710 1049 dicit,
2745 1003 2765 1029 α
2806 981 2932 1052 Ego
2967 985 3024 1037 et
3058 983 3254 1052 Pater,
3292 1005 3313 1032 ι»
3349 981 3631 1039 Sabellia-

1957 1080 2098 1119 num
2127 1066 2377 1135 repellit,
2413 1067 2550 1137 quia
2581 1068 2761 1122 alium
2811 1086 2899 1140 se,
2942 1071 3120 1125 alium
3163 1072 3395 1126 Patrem
3434 1072 3581 1127 dixit
3613 1089 3626 1128 :

1956 1153 2188 1222 repellit
2221 1154 2653 1226 Photinianum,
2688 1158 2820 1228 qui-
2857 1175 2923 1212 se
2957 1176 3089 1213 cum
3120 1160 3240 1214 Deo
3277 1162 3443 1215 Patre
3482 1160 3627 1232 jun-

1964 1241 2068 1295 xit.
2102 1241 2241 1296 Illos
2273 1245 2688 1313 superioribus
2723 1247 2974 1317 repellit,
2999 1249 3134 1319 quia
3167 1249 3332 1318 dixit,
3361 1271 3383 1295 α
3418 1249 3544 1320 Ego
3578 1253 3636 1305 et

1963 1329 2180 1384 Pater:
2212 1354 2232 1378 ››
2256 1331 2643 1388 inferioribus
2674 1335 2951 1405 Arianos,
2987 1338 3127 1407 quia
3159 1337 3298 1391 dicit
3331 1352 3343 1392 :
3382 1360 3403 1385 υ
3439 1337 3635 1392 Unum

1961 1433 2194 1488 sumus,
2231 1444 2252 1469 »
2288 1423 2482 1475 tamen
2512 1425 2567 1476 et
2598 1422 2656 1475 in
2689 1424 3101 1494 superioribus
3153 1429 3210 1480 et
3239 1425 3299 1479 in
3337 1425 3634 1480 inferiori-

1957 1506 2074 1562 bus
2106 1507 2445 1563 haereticam
2470 1509 2706 1581 jugulat
2751 1514 3079 1568 saevitatem
3113 1515 3224 1582 (52)
3257 1515 3626 1571 Sabelliano—

1957 1612 2108 1665 rum,
2143 1598 2280 1668 quia
2314 1615 2484 1652 unum
2516 1599 2664 1654 dixit
2702 1616 2902 1656 sumus
2926 1643 2939 1670 ,
2992 1618 3110 1656 non
3157 1619 3311 1657 unus
3369 1619 3577 1658 sumus
3615 1619 3629 1660 :

1955 1685 2331 1755 Arianorum,
2367 1687 2504 1756 quia
2540 1710 2561 1734 «
2605 1688 2734 1760 Ego
2784 1694 2840 1744 et
2885 1691 3081 1759 Pater)
3137 1713 3158 1741 υ
3207 1707 3326 1745 non
3369 1693 3547 1746 Pater
3576 1701 3639 1754 et

1955 1788 2068 1845 ego
2087 1774 2249 1828 dixit.
2265 1773 2431 1840 Quod
2463 1775 2662 1847 utique
2685 1794 2803 1832 non
2827 1781 3234 1849 contumaciae,
3264 1779 3372 1835 sed
3393 1781 3632 1851 pietatis

165 1885 248 1937 ιιι,
287 1867 398 1938 16),
425 1869 583 1939 quod
610 1869 1036 1939 Deusinspiret
1059 1869 1438 1940 quaelocutus
1458 1871 1549 1922 est
1566 1868 1842 1939 Spiritus.
1876 1858 1925 1919 Β
1954 1865 2012 1916 et
2047 1864 2448 1932 praescientiae
2477 1865 2605 1934 fuit,
2653 1882 2725 1920 ne
2756 1882 2867 1921 nos
2900 1883 3167 1922 errorem
3193 1869 3252 1923 in
3285 1869 3489 1924 ordine
3519 1887 3636 1941 pu-

241 1992 364 2046 113.
400 1995 516 2048 Aut
546 1994 600 2047 si
631 1994 837 2048 nolunt
881 1993 1077 2048 omnia
1131 1993 1350 2047 habere
1382 2009 1516 2063 quae
1547 1993 1649 2048 Dei
1684 1999 1841 2066 sunt,

167 2085 222 2137 et
253 2097 439 2152 posse
472 2083 668 2136 omnia
697 2082 978 2152 Spiritum
1011 2086 1300 2151 sanctum,
1329 2082 1524 2136 dicant
1554 2083 1693 2154 quid
1726 2099 1844 2138 non

167 2171 405 2240 habeat,
441 2171 660 2241 quidve
693 2187 811 2225 non
840 2173 1052 2242 possit.
1079 2171 1228 2225 Nam
1259 2171 1414 2225 sicut
1446 2172 1638 2224 omnia
1671 2171 1847 2226 habet

166 2257 380 2328 Filius,
425 2275 533 2313 nec
570 2260 791 2314 invidet
819 2261 996 2315 Pater
1027 2261 1346 2331 quominus
1384 2261 1578 2314 omnia
1607 2264 1845 2314 natura-

163 2347 304 2402 liter
333 2348 431 2402 det
462 2348 632 2418 Filio,
667 2349 766 2420 qui
798 2349 957 2403 dedit
991 2350 1134 2412 689
1168 2349 1324 2420 quod
1357 2349 1553 2420 majus
1595 2353 1688 2404 est
1719 2365 1847 2404 om-

162 2438 370 2506 nibus,
408 2438 901 2508 quemadmodum
949 2439 1254 2508 Scriptura
1302 2441 1552 2493 testatur
1591 2439 1796 2493 dicens
1831 2455 1843 2494 :

166 2549 189 2578 α
226 2529 411 2581 Pater
458 2528 616 2599 quod
646 2528 804 2582 dedit
834 2528 996 2597 mihi,
1019 2527 1214 2599 majus
1236 2532 1327 2583 est
1357 2529 1631 2582 omnibus
1656 2528 1845 2596 (Joan.

161 2635 223 2686 x,
277 2614 414 2685 29);
464 2638 486 2662 η
543 2616 620 2670 ita
671 2617 846 2670 etiam
893 2616 1150 2686 Spiritus
1197 2615 1416 2671 Christi
1468 2616 1644 2671 habet
1691 2618 1848 2688 quod

161 2704 366 2775 majus
400 2705 802 2774 estomnibus,
836 2704 1218 2775 quiajustitia
1249 2705 1440 2760 nescit
1473 2706 1775 2764 invidiam.

237 2827 364 2882 114.
403 2828 600 2900 Itaque
642 2829 691 2883 si
734 2829 1050 2900 diligenter
1081 2830 1494 2897 advertamus,
1539 2832 1711 2884 etiam
1752 2831 1848 2885 hic

161 2917 390 2971 divinae
429 2918 739 2987 potestatis
760 2918 1320 2988 comprehendimus
1343 2919 1646 2973 unitatem.
1676 2943 1697 2967 ‹‹
1733 2921 1850 2973 Pa-

160 3011 277 3074 ter,
320 3006 532 3077 inquit,
573 3007 728 3076 quod
762 3007 921 3060 dedit
964 3007 1107 3060 mihi
1146 3007 1342 3079 majus
1383 3008 1658 3063 omnibus
1699 3013 1789 3063 est
1832 3025 1845 3066 :

162 3100 217 3150 et
261 3110 438 3149 nemo
496 3098 690 3164 potest
747 3111 953 3165 rapere
994 3111 1060 3150 ea
1119 3097 1190 3150 de
1244 3113 1418 3150 manu
1477 3097 1671 3151 Patris
1710 3099 1846 3152 mei.

161 3184 296 3256 Ego
339 3186 397 3237 et
437 3184 610 3237 Pater
647 3200 828 3237 unum
869 3200 1080 3239 sumus
1119 3185 1296 3254 (Ibid.
1339 3185 1427 3255 29,
1469 3186 1581 3255 30).
1632 3208 1652 3234 ιι
1700 3187 1848 3241 Nam
1881 3215 1933 3285 Ο

163 3275 215 3326 si
261 3275 426 3326 recte
459 3288 640 3342 supra
672 3273 1043 3327 ostendimus
1086 3273 1211 3344 (lib.
1247 3288 1330 3343 ιιι,
1367 3290 1492 3345 cap.
1527 3275 1583 3342 3)
1617 3291 1851 3330 manum

168 3362 280 3416 Dei
324 3375 465 3416 esse
505 3361 785 3430 Spiritum
819 3366 1118 3431 sanctum,
1162 3363 1368 3416 eadem
1407 3363 1607 3434 utique
1639 3381 1850 3420 manus

163 3451 366 3504 Patris
407 3453 517 3520 est,
563 3467 696 3521 quae
759 3449 887 3503 Filii
929 3455 1039 3505 est.
1083 3451 1218 3506 Ideo
1278 3453 1431 3506 sicut
1469 3469 1588 3507 non
1626 3455 1852 3524 rapitur

163 3539 350 3608 Patri,
405 3539 481 3592 ita
539 3555 654 3593 non
704 3539 930 3608 rapitur
982 3539 1172 3609 Filio,
1228 3541 1306 3594 ita
1364 3557 1483 3595 non
1531 3543 1756 3612 rapitur
1795 3547 1852 3598 et

165 3628 457 3699 Spiritui,
501 3629 841 3699 quicunque
888 3629 959 3682 de
999 3629 1257 3683 nobisin
1297 3630 1409 3684 hoc
1453 3631 1689 3686 nomine
1725 3632 1851 3686 Tri-

167 3717 378 3771 nitatis
408 3718 586 3770 vitam
617 3717 844 3787 accepit
883 3721 1182 3772 aeternam.

237 3840 371 3896 115.
415 3841 505 3895 Ex
545 3841 675 3913 ipso
707 3845 900 3897 autem
933 3843 1088 3914 quod
1130 3845 1186 3896 et
1226 3843 1395 3898 dedis
1435 3858 1502 3898 se
1544 3843 1694 3900 Filio
1734 3845 1850 3899 Pa-

167 3935 277 4000 ter,
321 3933 382 3985 et
419 3931 730 4001 accepisse
789 3947 821 3984 a
881 3929 1032 3985 Filio
1091 3931 1346 4002 Spiritus
1404 3932 1654 4004 dicitur,
1716 3935 1852 4005 quia

168 4021 461 4090 scriptum
493 4023 585 4074 est
625 4020 814 4089 (Joan.
857 4037 978 4089 xw,
1025 4018 1113 4091 14)
1156 4036 1168 4075 :
1218 4043 1238 4070 α
1282 4021 1384 4075 Ille
1426 4038 1517 4076 me
1560 4023 1850 4077 clariﬁca-

168 4108 270 4177 bit,
317 4109 459 4179 quia
517 4109 587 4163 de
628 4125 758 4163 meo
799 4110 1085 4179 accipiet,
1129 4113 1185 4163 et
1229 4111 1596 4165 annuntiabit
1623 4112 1799 4166 vobis
1824 4136 1846 4160 ι»

171 4197 354 4269 (quod
401 4198 473 4252 de
525 4213 770 4252 munere
830 4200 1025 4270 magis
1085 4199 1554 4268 dispensationis
1599 4201 1848 4271 videtur,

171 4302 349 4356 quam
381 4286 452 4340 de
485 4287 794 4356 potestatis
825 4287 1040 4341 divinae
1075 4286 1212 4358 jure
1245 4287 1493 4358 dixisse,
1539 4290 1673 4361 quia
1698 4307 1850 4361 quos

171 4373 362 4429 Filius
412 4375 693 4444 redemit,
759 4375 1014 4445 Spiritus
1074 4392 1309 4448 quoque
1366 4379 1844 4434 sanctiﬁcaturus

171 4464 426 4534 accepit)
461 4479 474 4532 ;
513 4480 589 4518 ex
628 4465 761 4518 istis
802 4465 975 4536 ipsis,
1011 4465 1287 4536 inquam,
1331 4466 1534 4521 verbis
1561 4509 1575 4536 ,
1620 4468 1690 4521 de
1731 4469 1855 4538 qui-

1953 1954 2234 2006 taremus.
2269 1953 2473 2008 Nescit
2496 1955 2650 2008 enim
2684 1957 2876 2010 unitas
2901 1957 3187 2028 ordinem,
3224 1958 3472 2029 gradum
3493 1975 3638 2014 nes-

1957 2039 2034 2093 cit
2067 2041 2375 2111 aequalitas
2410 2057 2422 2096 :
2460 2057 2569 2096 nec
2600 2042 2824 2097 caditin
2856 2045 3208 2115 DeiFilium,
3243 2050 3306 2100 ut
3335 2063 3442 2117 per
3481 2064 3628 2103 con-

1951 2130 2262 2184 tumaciam
2294 2131 2568 2201 pietatem
2602 2131 2844 2187 laederet
2895 2135 3180 2204 magister
3208 2135 3338 2206 ipse
3370 2137 3628 2206 pietatis.

2553 2274 2698 2336 690
2744 2282 2995 2338 CAPUT
3021 2285 3088 2339 V.

1960 2424 2077 2478 Ubi
2117 2424 2194 2498 ad
2229 2423 2691 2498 intelligentiam
2725 2425 3040 2498 verborum
3090 2427 3327 2498 Domini
3363 2425 3509 2498 loca,
3559 2429 3623 2484 in

2027 2495 2453 2571 quibus‘verba
2475 2496 2588 2571 illa
2621 2497 2777 2571 dicta
2804 2496 3058 2571 fuerint,
3077 2496 3301 2569 juvare
3339 2495 3628 2571 exemplis

2026 2566 2288 2623 ostendit
2345 2567 2720 2621 Ambrosius.
2787 2566 3095 2622 Christum
3138 2566 3630 2626 sententiam'ex

2023 2642 2248 2691 Joanne
2271 2637 2510 2712 citatum
2529 2638 2779 2692 locutum
2801 2640 3240 2710 esscinportiea
3263 2641 3618 2712 Salomonis,

2017 2725 2134 2779 per
2172 2726 2338 2783 quam
2379 2711 2672 2783 sapientis
2717 2712 2909 2783 anima
2941 2712 3383 2783 _signi[icatur,
3437 2713 3627 2783 docet,

2029 2795 2156 2834 eum
2191 2782 2345 2833 enim
2378 2781 2504 2834 haec
2525 2782 2586 2833 in
2619 2781 2797 2834 corde
2828 2781 2999 2834 stulti
3029 2781 3126 2835 aut
3175 2783 3505 2838 turbulenti
3535 2781 3631 2839 ne-

2024 2857 2125 2932 gat
2149 2851 2340 2932 fuisse
2367 2851 2753 2932 prolaturum,
2797 2858 2859 2932 et
2888 2853 3282 2932 quamobrem:
3313 2855 3516 2932 Addit
3557 2855 3632 2932 ab

2023 2922 2102 2975 iis
2134 2923 2231 2993 qui
2252 2922 2425 2975 [idem
2460 2939 2572 2976 non
2603 2923 2860 2976 habeant
2898 2922 3114 2978 iisdem
3153 2925 3374 2993 verbis,
3417 2926 3626 2980 Chris-

2029 3001 2144 3068 tum
2178 2993 2438 3068 lapidari
2458 3013 2476 3058 ;
2511 3003 2569 3068 el.
2602 2995 3079 3068 quemadmodum
3103 2997 3308 3065 Petro,
3346 2998 3496 3068 quod
3528 2998 3632 3052 illa

2026 3066 2108 3118 sit
2130 3066 2460 3132 confessus,
2497 3065 2701 3118 claves
2723 3066 2859 3119 caeli
2880 3067 3032 3120 data-3
3054 3068 3318 3136 fuerunt,
3353 3065 3456 3121 illa
3480 3067 3637 3123 Isca-

2027 3136 2447 3207 riotcm,gu0(1
2477 3137 2602 3189 haec
2647 3137 2772 3206 ipsa
2809 3153 2918 3190 non
2955 3138 3311 3207 crediderit,
3345 3139 3503 3192 male
3530 3157 3635 3207 pe-

2026 3207 2230 3281 riisse.
2265 3206 2392 3260 Per
2422 3207 2574 3260 hanc
2619 3209 2982 3281 occasionem
3035 3210 3096 3261 in
3128 3206 3362 3263 Judans
3394 3211 3491 3281 qui
3518 3206 3634 3264 Dei

2028 3277 2244 3331 Filium
2280 3283 2569 3350 emerunt,
2605 3293 2672 3332 ac
2718 3279 3114 3332 vendiderunt
3155 3277 3489 3350 Josephum,
3549 3283 3635 3334 in-

2034 3349 2291 3402 vehitur.
2325 3349 2588 3420 Mystice
2636 3350 2941 3420 utriusque
2981 3352 3178 3420 pretia
3219 3349 3527 3420 edisserit,
3563 3368 3630 3407 ac

2025 3435 2329 3492 murmure
2381 3420 2713 3490 proditoris
2781 3421 2854 3474 de
2907 3427 3200 3492 unguento
3256 3422 3630 3492 Magdalcnaz

2030 3491 2233 3545 eadem
2253 3493 2487 3562 ratione
2508 3492 2797 3560 exposito,
2833 3491 3078 3562 subji’eit
3102 3492 3217 3546 alio
3238 3491 3404 3547 modo
3430 3494 3633 3547 Chris-

2033 3568 2148 3615 tum
2183 3561 2299 3637 emi
2320 3561 2393 3615 ab
2421 3562 2747 3637 haereticis,
2784 3563 2900 3615 alio
2933 3561 2964 3616 a
2995 3563 3325 3637 catholicis,
3355 3563 3630 3637 illosque

2030 3633 2411 3707 nequicquam
2445 3633 2567 3707 sibi
2583 3648 2791 3707 nomen
2804 3649 3100 3707 usurpare
3129 3633 3628 3707 Clu'istianornm,

2028 3705 2084 3757 si
2114 3704 2404 3774 Spiritum
2428 3719 2459 3757 a
2489 3703 2680 3758 Patre
2710 3703 3059 3759 diviserint.

2031 3845 2153 3901 118.
2200 3845 2404 3901 Refert
2433 3846 2628 3918 itaque
2647 3846 2954 3903 advertere
2985 3863 3101 3920 quo
3124 3847 3238 3903 loci
3273 3848 3409 3904 haec.
3438 3848 3636 3905 Domi-

1958 3951 2072 3991 nus
2103 3935 2522 4006 disputaverit;
2564 3936 2906 4007 frequenter
2935 3939 3093 3992 enim
3132 3937 3265 4009 ejus
3300 3940 3538 3994 oracula
3557 3955 3634 3995 ex

1957 4025 2225 4080 locorum
2257 4025 2316 4078 in
2357 4024 2578 4096 quibus
2611 4025 2948 4080 diversatus
2973 4030 3084 4096 est,
3110 4027 3492 4098 qualitatibus
3523 4045 3637 4083 aes-

1956 4115 2254 4169 timantur.
2302 4113 2708 4184 Jejunaturus,
2766 4115 2838 4169 ab
2895 4115 3142 4186 Spiritu,
3194 4117 3348 4172 sicut
3378 4117 3634 4189 legimus

1961 4203 2201 4273 (Matth.
2245 4218 2324 4273 iv,
2369 4203 2442 4272 1),
2479 4203 2716 4258 ducitur
2759 4204 2818 4258 in
2877 4205 3198 4275 desertum,
3231 4209 3294 4260 ut
3323 4208 3641 4261 evacuaret

1960 4291 2181 4345 diaboli
2215 4293 2588 4345 tentamenta.
2624 4292 2774 4345 Nam
2805 4294 2915 4346 etsi
2957 4294 3018 4348 in
3049 4294 3405 4348 abundantia
3436 4295 3638 4364 copia-

1961 4395 2091 4432 rum
2126 4379 2495 4434 continenter
2533 4381 2762 4434 vixisse
2793 4381 3148 4436 laudandum
3180 4386 3272 4437 est
3307 4399 3318 4436 :
3355 4386 3548 4436 tamen
3579 4383 3638 4437 in

1962 4467 2184 4523 divitiis
2203 4472 2259 4524 et
2289 4469 2727 4524 amoenitatibus
2748 4469 3113 4536 frequentior
3131 4471 3470 4524 tentationis
3503 4470 3628 4523 ille-

172 4551 282 4607 bus
327 4553 680 4606 calumniam
718 4554 1034 4623 instruunt,
1060 4556 1254 4608 unitas
1280 4555 1602 4611 divinitatis
1642 4557 1850 4611 adver—
1887 4585 1939 4647 Β
1965 4557 2142 4612 cebra
2176 4561 2286 4612 est.
2322 4558 2588 4628 Denique
2613 4562 2862 4613 tentator
2893 4562 3173 4626 uttentet,
3209 4558 3411 4627 copias
3459 4557 3636 4626 polli-

174 4642 312 4696 titur
340 4684 356 4710 ,
398 4657 518 4696 non
558 4641 883 4714 indigentia
924 4643 1234 4714 largitatis.

235 4767 358 4821 116.
394 4768 566 4822 Dedit
598 4767 769 4822 Pater
782 4784 886 4838 per
908 4769 1370 4840 generationem,
1395 4785 1514 4824 non
1535 4786 1642 4841 per
1663 4771 1841 4841 adop-

179 4852 394 4911 tionem
429 4872 442 4911 :
476 4857 635 4911 dedit
675 4857 846 4928 quasi
893 4857 950 4911 id
983 4857 1141 4928 quod
1175 4861 1336 4912 esset
1366 4858 1426 4912 in
1458 4859 1591 4929 ipso
1632 4859 1851 4914 divinae

173 4941 302 5013 jure
351 4948 600 5016 naturae,
644 4962 762 5000 non
811 4947 986 5017 quasi
1025 4944 1392 5002 liberalitatis
1444 4948 1655 5020 gratia,
1693 4949 1851 5019 quod

177 5032 435 5089 deesset.
473 5034 542 5088 Et
571 5035 704 5089 ideo
738 5036 874 5105 quia
907 5035 995 5090 sic
1018 5036 1270 5107 acquirit
1301 5035 1486 5091 Filius
1509 5037 1760 5107 populos
1794 5041 1855 5092 ut
1941 5085 1946 5090 .

178 5120 368 5192 Pater,
435 5123 524 5178 sic
584 5122 842 5178 viviticat
880 5122 1067 5179 Filius
1116 5129 1177 5178 ut
1217 5122 1407 5194 Pater,
1461 5125 1854 5197 aequalitatem

179 5224 343 5265 suam
387 5211 461 5265 ad
517 5211 754 5266 Patrem
798 5211 1014 5267 unitate
1071 5214 1378 5284 potestatis
1412 5215 1709 5284 expressit
1742 5216 1853 5284 (51)

179 5297 380 5355 dicens
416 5317 429 5355 :
459 5321 480 5351 ι
520 5300 646 5372 Ego
665 5302 911 5356 etPater
932 5319 1110 5357 unum
1133 5319 1343 5358 sumus
1373 5303 1564 5373 (Joan.
1590 5321 1649 5374 x,
1678 5303 1792 5375 30).
1825 5328 1846 5354 η

247 5443 363 5516 (51)
395 5443 680 5499 Nonnulli
714 5459 884 5514 mss.,
939 5466 961 5496 α
1014 5445 1346 5516 aequalitate
1375 5461 1484 5501 sua
1518 5462 1651 5501 cum
1682 5448 1854 5504 Patre

183 5515 460 5569 unitatem
493 5517 803 5586 potestatis
839 5515 1157 5586 expressit.
1198 5538 1219 5566 ν

249 5586 363 5653 (52)
398 5587 546 5660 Mss.
582 5588 835 5658 aliquot,
873 5610 895 5638 ι
935 5587 1174 5660 jugulat
1220 5589 1564 5643 caecitatem.
1604 5610 1625 5637 η
1663 5589 1859 5646 Minus

188 5657 508 5731 commode,
544 5657 927 5731 nam’praeter
945 5657 1123 5730 quam
1147 5660 1304 5730 quod
1333 5682 1353 5708 α
1375 5659 1654 5731 jugulare
1688 5661 1860 5716 caeci-

187 5729 379 5817 (atem,
394 5746 606 5809 parum
627 5729 875 5809 elegans
898 5729 1009 5806 est,
1036 5729 1278 5790 saevitas
1298 5729 1639 5805 Ambrosio,
1662 5731 1764 5789 ubi
1785 5732 1860 5793 de

1966 4652 2133 4701 celur
2165 4663 2177 4701 :
2215 4652 2271 4701 et
2316 4647 2600 4701 Dominus
2641 4650 2702 4700 ut
2747 4647 2962 4716 vincat,
3023 4647 3235 4700 famem
3281 4646 3477 4700 nutrit.
3511 4646 3637 4701 Nec

1964 4751 2078 4808 ego
2110 4736 2367 4790 difﬁteor
2422 4736 2481 4790 in
2512 4736 2735 4789 divitiis
2768 4750 2907 4789 esse
2956 4750 3138 4804 posse
3170 4735 3586 4789 continentiam
3620 4749 3635 4792 :

1961 4824 2068 4878 sed
2099 4824 2211 4878 etsi
2241 4824 2341 4894 qui
2393 4839 2552 4877 mare
2584 4823 2842 4894 navigat,
2877 4822 3218 4894 frequenter
3245 4822 3476 4892 evadit;
3509 4838 3636 4877 ma-

1961 4914 2058 4985 gis
2087 4917 2282 4967 tamen
2324 4912 2620 4966 obnoxius
2654 4915 2745 4965 est
2776 4912 3061 4983 periculo,
3097 4899 3272 4984 quam
3319 4912 3420 4984 qui
3466 4912 3636 4967 navi-

1963 5017 2104 5074 gare
2137 5001 2411 5056 noluerit.

2035 5125 2155 5180 119.
2220 5125 2539 5180 Videamus
2602 5127 2835 5179 caetera.
2903 5124 3325 5181 Promissurus
3383 5140 3634 5199 regnum

1965 5212 2248 5271 caelorum
2281 5211 2461 5269 Jesus
2508 5215 2767 5269 montem
2825 5215 3093 5269 ascendit
3147 5214 3386 5284 (Matth.
3441 5233 3498 5286 v,
3559 5216 3633 5287 1).

1962 5304 2116 5359 Alibi
2162 5320 2269 5374 per
2315 5307 2441 5358 sata
2500 5304 2660 5358 ducit
2723 5303 3053 5372 discipulos
3102 5304 3344 5373 (Matth.
3404 5319 3507 5374 xu,
3559 5302 3636 5374 1),

1963 5446 2262 5502 haereticis
2296 5443 2508 5518 agitur,
2543 5461 2660 5500 vox
2704 5443 3012 5518 familiaris
3073 5445 3438 5518 est.7Verum
3479 5440 3636 5518 haud

1965 5519 2189 5573 scimus
2219 5535 2292 5571 an
2324 5515 2660 5587 ubicunque
2693 5517 2846 5586 apud
2879 5517 3035 5570 hunc
3066 5517 3308 5570 saevitas
3337 5515 3633 5582 exaratur,

1966 5605 2085 5643 non
2117 5591 2313 5664 potius
2347 5589 2633 5664 scriptum
2659 5592 2942 5664 oporteat
2959 5610 2979 5636 α
3022 5589 3320 5664 scaevitas,
3361 5607 3380 5634 ν
3420 5588 3478 5637 ut
3499 5597 3636 5664 non

1965 5664 2081 5715 tam
2111 5656 2503 5732 significetur,
2535 5656 2794 5713 crudelis
2827 5661 2884 5732 et
2911 5658 3239 5732 feramens
3296 5656 3636 5718 haerectico.

1965 5748 2117 5806 rum,
2152 5728 2328 5808 quam
2359 5732 2604 5788 sinistra
2634 5733 2808 5812 atque
2839 5728 3117 5789 infausta.
