4090 6174
515 318 635 386 839
2003 316 2068 407 ε.
2118 354 2130 379 .

2275 316 2562 379 3120311.
3799 329 3890 395 340

518 522 920 579 seminaturus
960 518 1021 575 in
1049 533 1254 574 eorum
1283 515 1596 573 affectibus
1653 516 1980 572 cmlcstium
2013 532 2186 588 sege-
2214 498 2273 559 Α
2301 517 2564 587 vitutem,
2597 516 2745 572 alter
2785 518 2859 573 ad
2888 521 3156 575 mortem.
3208 519 3575 577 Detestabilis
3602 522 3887 597 hereditas,

514 616 634 667 tem
672 614 1144 682 praeceptorum;
1202 611 1265 662 ut
1291 606 1512 662 messis
1564 606 1893 661 animorum
1933 605 2187 660 fecunda
2301 606 2882 678 feralisauctio,quae
2898 607 3140 662 fratrem
3156 608 3354 664 vendit
3377 609 3713 682 injuriae,aut
3731 613 3893 670 Domi-

515 702 890 757 ﬂavesceret.
923 698 1454 754 Consummaturus
1485 699 1785 765 susceptae
1820 696 2019 749 carnis
2052 694 2187 750 offi-
2298 711 2436 750 num
2460 695 2716 750 licitatur
2745 697 2947 767 exitio,
2990 697 3201 752 salutis
3235 699 3488 753 omnium
3508 699 3897 773 redemptorem.

515 792 625 862 cia,
661 806 795 845 cum
824 788 1250 860 perfectionem
1304 787 1370 841 in
1427 785 1741 855 discipulis
1786 784 1910 855 jam
1936 785 2184 853 videret,
2371 784 2494 839 124.
2530 785 2656 840 Duo
2705 785 2888 857 igitur
2915 801 3049 858 qum
3078 788 3484 857 praestantiora
3514 792 3643 843 sunt
3668 791 3893 847 omnibus

514 896 667 952 quos
694 879 1015 933 verborum
1051 892 1298 933 suorum
1328 875 1525 929 radice
1555 874 1919 942 fundaverat,
1954 873 2188 927 hortum
2296 871 2504 927 Judaea
2532 873 2793 946 violavit,
2827 875 3001 929 fidem
3033 878 3207 946 atque
3237 876 3546 947 pietatem;
3578 878 3677 933 sed
3702 880 3753 933 in
3776 884 3901 935 utro-

513 969 849 1043 ingreditur
877 967 1069 1036 (Joan.
1122 982 1288 1035 xvm,
1338 964 1412 1033 1),
1448 967 1511 1018 ut
1540 963 1802 1018 olearum
1831 961 2097 1016 novellas
2127 962 2189 1016 in
2299 976 2414 1032 que
2452 960 2754 1017 Christum
2783 963 2921 1018 fidei
2965 967 3023 1018 et
3074 965 3308 1034 pietatis
3359 969 3665 1021 auctorem.
3712 968 3835 1022 Nam
3859 973 3903 1023 et

520 1059 698 1113 domo
729 1056 962 1111 Domini
1022 1054 1138 1125 (53)
1185 1054 1473 1124 plantaret
1503 1050 1689 1119 (Psal.
1726 1067 1946 1120 cxxvn,
1980 1050 2075 1120 3),
2134 1052 2191 1104 et
2299 1050 2358 1102 in
2388 1051 2721 1119 patriarcha
2760 1051 2987 1123 Joseph
3016 1055 3192 1124 typus
3226 1053 3445 1109 Christi
3474 1054 3597 1124 fuit;
3628 1058 3680 1110 et
3704 1055 3753 1110 in
3779 1058 3904 1111 veri-

510 1148 742 1220 justum
772 1145 982 1216 palmae
1013 1144 1320 1198 ﬂorentem
1349 1141 1523 1196 modo
1556 1139 1742 1210 (PsaI.
1778 1156 1897 1208 χοι,
1932 1139 2042 1210 13),
2093 1140 2187 1193 vi-
2298 1140 2412 1193 tate
2436 1138 2531 1192 sui
2562 1139 2831 1209 corporis
2862 1139 3137 1197 Christus
3174 1157 3188 1198 :
3227 1165 3248 1190 ιι
3282 1141 3390 1206 Qui
3423 1159 3538 1197 non
3566 1144 3799 1213 rapinam
3825 1161 3895 1198 ar-

513 1240 749 1307 temque
780 1234 1093 1290 fecundam
1115 1232 1244 1287 rivo
1276 1231 1372 1286 sui
1410 1229 1723 1301 sanguinis
1754 1228 2051 1300 irrigaret.
2297 1226 2548 1281 bitratus
2579 1230 2672 1282 est
2702 1228 2817 1297 (55)
2850 1244 2988 1284 esse
3007 1245 3074 1285 se
3092 1230 3383 1301 aequalem
3405 1231 3546 1301 Deo,
3575 1232 3676 1286 sed
3704 1231 3903 1288 formam

585 1340 709 1398 120.
769 1340 897 1395 Hoc
955 1354 1193 1412 quoque
1249 1338 1384 1393 loco
1442 1338 1503 1391 in
1559 1336 1792 1407 porticu
1850 1333 2186 1389 Salomonis

2299 1316 2459 1414 servi
2492 1316 2719 1386 accepit
2749 1316 2935 1387 (Phil.
2966 1334 3029 1389 ιι,
3060 1318 3113 1388 6,
3146 1317 3241 1390 7);
3279 1340 3301 1369 ι
3354 1323 3589 1390 propter
3634 1320 3813 1391 lapsus
3840 1322 3903 1374 vi-

515 1430 927 1487 deambulabat
959 1403 1371 1497 dedicationis,
1399 1430 1459 1481 ut
1488 1403 1743 1497 legimus
1768 1424 1955 1493 (Joan.
1979 1441 2039 1493 x,
2073 1423 2130 1477 23

2298 1403 2511 1458 delicet
2575 1407 2817 1460 nostros
2864 1407 3206 1478 suscipiens
3254 1408 3595 1465 servitutem
3640 1424 3739 1465 nec
3778 1409 3905 1465 refu-

521 1522 637 1591 die,
688 1520 801 1574 hoc
858 1521 969 1589 est,
1011 1516 1071 1571 in
1117 1519 1357 1587 pectore
1390 1514 1677 1586 sapientis
1727 1517 1900 1584 atque
1958 1512 2189 1583 pacifici
2297 1507 2471 1563 ειθηε
2503 1508 2866 1563 P83310119“)-

514 1607 929 1665 deambulabat
957 1605 1254 1675 Christus,
1287 1604 1422 1676 ejus
1454 1602 1571 1657 sibi
1594 1602 1973 1656 dedicaturus
2004 1599 2187 1655 affec-
2369 1598 2492 1653 125.
2528 1599 2687 1655 Alibi
2741 1600 2953 1673 viginti
3013 1602 3212 1658 aureis
3257 1603 3503 1675 emitur,
3545 1603 3675 1659 alibi
3718 1603 3909 1677 triginta

508 1705 653 1755 tum.
693 1696 835 1763 Quae
865 1697 976 1750 ista
1006 1695 1270 1765 porticus
1304 1695 1400 1761 sit,
1425 1692 1597 1747 docet
1618 1691 1911 1760 Propheta
1935 1690 2141 1745 dicens
2169 1706 2185 1751 :
2298 1686 2432 1757 (56).
2466 1686 2771 1751 Quomodo
2804 1691 2965 1744 enim
3004 1694 3233 1761 poterat
3277 1709 3485 1748 verum
3533 1693 3661 1764 ejus
3710 1695 3909 1764 pretium

515 1811 541 1841 α
578 1785 1034 1843 Deambulabam
1071 1785 1130 1837 in
1161 1781 1497 1836 innocentia
1531 1780 1729 1834 cordis
1760 1779 1874 1832 mei
1897 1779 1955 1832 in
1994 1779 2187 1835 medio
2298 1776 2741 1846 comprehendi,
2777 1778 2956 1851 cujus
2988 1796 3105 1835 non
3138 1784 3334 1852 potest
3374 1782 3641 1837 meritum
3682 1782 3910 1837 deﬁniri?

512 1879 724 1934 domus
765 1878 881 1929 tuae
913 1873 1026 1943 (54)
1057 1869 1248 1941 (Psal.
1296 1886 1350 1938 c,
1402 1870 1477 1937 2).
1516 1890 1536 1916 ν
1593 1868 1893 1922 Habemus
1925 1884 2069 1939 ergo
2126 1868 2185 1921 in
2300 1862 2547 1919 Erratur
2573 1866 2633 1920 in
2662 1869 2875 1938 pretio,
2922 1869 3060 1940 quia
3090 1874 3323 1925 erratur
3376 1872 3441 1925 in
3498 1870 3704 1926 studio.
3736 1871 3911 1942 Viginti

512 1966 688 2021 nobis
734 1964 972 2018 domum
1018 1961 1144 2029 Dei,
1208 1958 1496 2013 habemus
1555 1957 1731 2027 atria,
1790 1957 2078 2011 habemus
2129 1945 2268 2013 etB
2299 1954 2497 2008 aureis
2530 1954 2588 2008 in
2632 1956 2819 2011 veteri
2867 1957 3242 2014 Testamento
3291 1960 3590 2030 venditur,
3622 1959 3834 2032 triginta
3870 1960 3913 2012 in

512 2055 803 2125 porticus,
837 2052 1127 2106 habemus
1164 2053 1221 2103 et
1251 2048 1512 2119 plateas;
1553 2048 1689 2118 quia
1729 2047 2014 2117 scriptum
2044 2049 2135 2100 est
2168 2061 2182 2102 :
2298 2040 2663 2114 Evangelia;
2706 2046 3026 2114 pretiosior
3068 2047 3225 2102 enim
3277 2051 3419 2119 typo
3457 2048 3689 2117 veritas,
3736 2048 3914 2119 largior

516 2164 539 2194 α
576 2143 759 2214 Inque
814 2136 1026 2211 plateis
1067 2139 1184 2193 tuis
1226 2137 1592 2207 superfluant
1622 2152 1793 2207 aquae
1824 2139 1939 2189 tuae
1974 2136 2183 2204 (Prov.
2296 2131 2485 2201 gratia
2524 2147 2700 2203 quam
2738 2133 3051 2204 disciplina
3102 2151 3116 2190 :
3169 2136 3425 2207 opimior
3461 2137 3593 2210 lege
3628 2137 3910 2207 praesentia,

514 2249 571 2303 v,
603 2231 714 2301 16).
754 2254 775 2279 η
812 2230 1000 2284 Dilata
1034 2243 1179 2299 ergo
1210 2227 1364 2281 hanc
1394 2225 1686 2295 porticum
1734 2226 1816 2279 tui
1849 2225 2048 2279 cordis
2084 2223 2189 2279 Dei
2298 2220 2437 2289 quia
2466 2219 2566 2275 lex
2612 2222 2887 2291 promisit
2927 2222 3271 2295 adventum,
3302 2224 3502 2297 legem
3537 2226 3806 2280 adventus
3829 2227 3912 2279 im-

512 2320 731 2391 Verbo,
765 2318 923 2392 quod
952 2317 1059 2372 tibi
1088 2316 1231 2371 dicit
1262 2331 1275 2371 :
1316 2336 1337 2364 α
1374 2314 1563 2369 Dilata
1595 2329 1664 2369 os
1709 2317 1876 2369 tuum
1914 2317 1972 2369 et
2000 2313 2189 2367 adim-
2295 2307 2497 2378 plevit.

512 2410 688 2481 plebe
717 2409 862 2463 illud
887 2405 1085 2478 (Psal.
1120 2420 1302 2475 Lxxx,
1335 2402 1445 2475 11).
1486 2426 1508 2456 ι
2367 2414 2490 2470 126.
2539 2414 2764 2488 Viginti
2820 2418 3020 2474 aureis
3077 2424 3279 2475 emunt
3328 2421 3664 2493 Ismaelitw,
3719 2420 3912 2493 triginta

584 2517 708 2572 121.
740 2515 900 2587 Ergo
948 2512 1336 2568 deambulans
1365 2512 1427 2566 in
1486 2510 1665 2566 corde
1716 2509 2007 2581 sapientis
2042 2509 2180 2573 691
2295 2502 2511 2558 Judaei.
2544 2504 2670 2559 Nec
2718 2506 2814 2561 hic
2844 2507 3039 2579 ﬁgura
3069 2509 3415 2566 mediocris.
3468 2511 3559 2565 Ad
3589 2510 3916 2582 sacrilegium

512 2608 686 2677 atque
715 2602 950 2675 pacifici
981 2601 1084 2655 Dei
1118 2599 1399 2671 Verbum,
1447 2599 1756 2653 audiamus
1816 2598 1956 2669 quid
1986 2598 2190 2668 loqua-
2295 2593 2502 2662 perfidi
2534 2593 2849 2667 largiores,
2902 2612 3078 2668 quam
3123 2599 3195 2652 ad
3246 2600 3503 2655 salutem
3560 2600 3755 2655 fideles
3792 2601 3915 2653 sunt.

516 2699 619 2749 tur
651 2709 663 2749 :
694 2716 715 2740 ι(
761 2691 920 2763 Ergo
951 2693 1007 2745 et
1036 2690 1212 2743 Pater
1249 2705 1429 2743 unum
1461 2704 1670 2742 sumus
1700 2687 1889 2757 (Joan.
1922 2704 1981 2756 χ,
2013 2686 2125 2755 30).
2162 2706 2185 2736 ι
2298 2681 2621 2753 Utriusque
2671 2687 2867 2739 tamen
2915 2690 3253 2742 contractus
3288 2688 3669 2745 considerare
3695 2686 3920 2745 convenit
4020 2706 4021 2727 ι

524 2783 660 2839 Non
690 2780 845 2836 dicet
873 2780 986 2835 hoc
1017 2778 1077 2832 in
1133 2780 1372 2848 pectore
1419 2776 1847 2848 perturbatoris
1888 2779 1945 2830 et
1984 2775 2188 2847 stulti;
2297 2770 2654 2841 qualitatem.
2708 2771 2933 2845 Viginti
2981 2775 3145 2830 aurei
3193 2778 3452 2846 pretium
3500 2780 3808 2847 servitutis,
3833 2776 3917 2830 tri-

518 2871 655 2944 quia
691 2892 713 2920 ι
762 2868 1051 2923 Animalis
1083 2866 1259 2921 homo
1302 2882 1422 2921 non
1452 2866 1699 2936 percipit
1730 2881 1862 2937 quae
1893 2868 2031 2919 sunt
2060 2864 2190 2934 Spi-
2295 2860 2458 2931 ginta
2488 2862 2654 2916 aurei
2692 2863 2890 2917 crucis
2922 2868 3080 2919 sunt.
3103 2863 3389 2930 Quamvis
3411 2868 3571 2923 enim
3588 2866 3757 2923 simili
3782 2863 3921 2922 modo

517 2961 667 3015 ritus
698 2959 801 3013 Dei
829 2973 843 3028 ;
894 2956 1138 3011 stultitia
1187 2955 1343 3010 enim
1395 2955 1500 3008 illli
1530 2958 1624 3009 est
1651 2954 1709 3025 (Ι
1750 2955 1883 3009 Cor.
1918 2972 1979 3024 ιι,
2013 2954 2124 3025 14).
2162 2975 2183 3005 ι
2294 2951 2722 3020 assumptionis
2752 2954 2810 3005 et
2838 2955 3142 3022 passionis
3194 2955 3317 3010 sint
3370 2956 3711 3012 admiranda
3739 2956 3921 3026 myste-

518 3050 652 3106 Non
687 3047 922 3118 capiunt
952 3043 1093 3100 fidei
1116 3044 1582 3116 magnitudinem
1603 3046 1855 3116 augusta
1876 3043 2190 3114 impiorum
2295 3038 2384 3092 ria
2418 3053 2430 3093 ε
2464 3039 2765 3109 plenitudo
2794 3044 2988 3096 tamen
3021 3042 3158 3098 fidei
3195 3044 3256 3098 in
3295 3050 3671 3102 sacramento
3702 3049 3785 3101 est
3810 3058 3921 3115 pas-

513 3141 773 3210 pectora.
810 3136 1073 3207 Denique
1125 3133 1317 3190 Judaei
1365 3133 1671 3188 audientes
1709 3148 1721 3187 :
1759 3152 1783 3184 ι
1832 3132 1959 3205 Ego
1990 3136 2048 3188 et
2072 3135 2190 3188 Pa-
2297 3126 2509 3182 sionis.
2544 3128 2677 3184 Non
2707 3131 2956 3185 minoris
2978 3132 3217 3203 quidem
3246 3136 3487 3191 aestimo
3518 3138 3731 3191 sancta
3759 3131 3923 3204 Virgi-

513 3232 612 3284 ter
640 3242 822 3282 unum
867 3239 1078 3280 sumus
1118 3238 1133 3294 ;
1200 3223 1462 3278 tulerunt
1489 3221 1737 3292 lapides,
1758 3224 1819 3276 ut
1866 3220 2191 3292 lapidarent
2296 3216 2391 3270 nis
2419 3221 2698 3287 partum:
2734 3219 2841 3274 sed
2871 3223 3104 3291 gratius
3156 3238 3329 3279 sumo
3375 3224 3675 3280 benedicti
3700 3220 3925 3293 corporis

513 3332 648 3373 eum
682 3316 876 3386 (Joan.
908 3330 968 3383 χ,
999 3313 1089 3384 30,
1122 3311 1235 3382 31).
1273 3334 1295 3359 »ι
2296 3311 2749 3362 sacramentum.
2809 3306 2961 3373 Quid
3018 3310 3366 3367 clementius
3421 3330 3600 3387 quam
3641 3313 3788 3386 quod
3814 3308 3927 3365 mihi

583 3421 706 3479 123.
747 3420 856 3487 Qui
916 3421 1029 3476 hoc
1077 3419 1281 3474 audire
1333 3433 1451 3474 non
1499 3419 1712 3488 potest,
1763 3417 2008 3474 Judaeus
2042 3422 2132 3475 est
2165 3440 2182 3475 .·
2215 3400 2266 3463 C
2295 3409 2444 3488 suasﬁ
2494 3396 2735 3451 ἀοηθνίτ
2782 3397 3086 3469 injuri“?
3139 3402 3285 3466 692
3336 3401 3587 3459 Plenius
3630 3406 3810 3457 tamen
3835 3400 3923 3467 est:

512 3514 614 3586 qui
645 3513 759 3567 hoc
776 3485 994 3567 audire
1024 3525 1143 3565 non
1173 3510 1396 3579 potest,
1428 3485 1645 3577 lapidat
1674 3485 1974 3563 Christum
2004 3525 2127 3579 asp:

2310 3485 2451 3556 {uoci
2480 3488 2705 3541 tantum
2734 3488 2979 3542 contulit
3008 3489 3185 3545 nobis
3213 3506 3229 3562 ;
3259 3495 3321 3546 ut
3352 3493 3460 3565 qui
3504 3492 3808 3549 moriturus
3833 3502 3925 3544 non

510 3575 773 3659 rioribus
804 3601 962 3656 omni
993 3575 1456 3668 caute—perfidiae
1487 3575 1613 3651 sum
1646 3596 1843 3667 saxis;
1867 3602 1925 3652 et
1954 3598 2007 3651 si
2038 3575 2185 3653 mihi
2292 3576 2436 3673 θῗθίν
2472 3575 2608 3673 qui?
2640 3575 2801 3673 DE“?
2824 3581 3206 3673 ?Tat:_n°5‘m
3252 3580 3350 3635 me
3385 3585 3577 3639 ωοΐίθ
3605 3581 3924 3646 moreretur»

512 3691 788 3761 creditis,
838 3688 1110 3744 vulnerat
1150 3664 1474 3742 Christum.
1525 3685 1677 3740 Nam
1732 3664 1845 3740 etsi
1905 3686 2004 3741 ille
2057 3687 2181 3757 jam
2290 3664 2353 3717 ut
2383 3678 2494 3718 nos
2526 3664 2660 3735 eius
2692 3664 2914 3735 Spiritu
2942 3668 3303 3725 Viveremus.

511 3795 668 3836 nunc
708 3778 924 3834 vulnus
978 3776 1199 3833 sentire
1246 3791 1364 3831 non
1416 3776 1610 3846 possit
1658 3792 1671 3829 ;
1722 3798 1743 3822 ιι
1804 3774 1977 3830 Nunc
2023 3777 2180 3833 enim
2361 3768 2483 3825 12Ἶ.
2526 3770 2792 3842 Denique
2842 3788 2961 3828 non
3000 3775 3191 3831 otiose
3225 3780 3281 3832 et
3312 3777 3505 3835 Judas
3537 3777 3810 3835 Iscarioth
3834 3791 3922 3831 un-

511 3868 842 3924 secundum
899 3881 1139 3921 carnem
1190 3864 1313 3936 jam
1372 3880 1491 3920 non
1548 3864 1822 3919 novimus
1879 3864 2181 3921 Christum
2289 3861 2575 3931 guentum
2620 3860 2766 3915 illud
2796 3864 3079 3919 trecentis
3125 3865 3395 3922 denariis
3430 3869 3739 3924 aestimavit
3764 3866 3922 3939 (Joan.

510 3957 597 4027 (II
615 3957 751 4011 Cor.
787 3973 843 4025 v,
878 3956 1007 4025 16);
1046 3976 1067 4004 ι
1103 3957 1296 4008 tamen
1339 3954 1694 4008 Arianorum
1749 3953 2043 4025 impietate
2098 3955 2181 4011 1a-
2289 3963 2392 4018 xu,
2427 3949 2519 4019 5):
2556 3948 2713 4019 quod
2745 3951 2946 4021 utique
2979 3952 3170 4023 ipsius
3215 3956 3392 4026 pretii
3440 3957 3768 4013 definitione
3819 3969 3925 4009 cru-

509 4046 763 4116 pidatur,
798 4045 899 4115 qui
930 4043 1222 4099 Ecclesiae
1253 4044 1468 4113 pietate
1499 4042 1750 4096 laetatur.
2290 4052 2418 4091 cem
2474 4037 2777 4092 videretur
2818 4039 3051 4095 Domini
3102 4043 3428 4101 declarare.
3485 4046 3653 4102 Unde
3681 4049 3733 4101 et
3761 4042 3923 4099 Domi-

581 4151 703 4206 123.
739 4151 965 4206 Bonum
998 4149 1141 4204 mihi
1164 4151 1257 4204 est
1290 4149 1554 4217 Domine,
1588 4148 1688 4203 lex
1718 4149 1841 4204 oris
1874 4149 1953 4204 tui
1987 4150 2179 4221 (PsaI.
2287 4142 2402 4181 nus
2441 4126 2520 4180 ait
2552 4143 2564 4182 ³
2603 4150 2624 4174 “
2667 4127 2811 4183 Haec
2840 4129 2998 4221 fmim
3043 4131 3280 4221 Ψίίίθηε
3332 4133 3450 4189 hoc
3512 4136 3851 4209 υηευθιιιιιω
3875 4129 3921 4221 in

510 4256 711 4311 cxvm,
743 4240 835 4309 ’72)
861 4254 876 4311 ;
907 4254 1085 4294 servo
1115 4240 1478 4309 praeceptum
1506 4241 1691 4292 tuum.
1728 4237 1924 4292 Unum
1954 4218 2009 4294 te
2040 4255 2179 4296 esse
2289 4231 2507 4311 corp“?
2525 4232 2757 4311 fnum:
2789 4218 2879 4311 ad_
2910 4220 3318 4311 sepeliendum
3373 4240 3470 4279 me
3529 4224 3667 4280 ἶθοίί
3718 4218 3921 4311 (mum

509 4346 644 4387 cum
675 4303 1007 4399 Datre'ipse
1037 4303 1260 4383 dia-isti.
1311 4303 1458 4391 Quia
1508 4327 1621 4382 hoc
1662 4327 1911 4383 credidit
1939 4329 2119 4385 Petru

2301 4322 2452 4375 var,
2486 4303 2600 4404 12).
2650 4327 2672 4356 ι
2716 4305 2834 4361 Cur
2864 4308 3049 4380 igitur
3103 4310 3290 4366 Judas
3336 4312 3454 4369 hoc
3500 4314 3736 4369 charius
3781 4308 3916 4365 testi-

509 4420 711 4475 claves
741 4393 919 4491 regni
946 4417 1231 4473 ccelorum
1278 4416 1507 4487 accepit
1550 4416 1789 4486 (Matth.
1824 4420 1945 4488 xvi,
1980 4418 2091 4489 19),
2123 4393 2180 4474 et
2288 4395 2516 4491 mw“?
2547 4393 2692 4460 Qum
2722 4398 3139 4491 Ρβῗδθτξίίξνίδυξ
3187 4400 3374 4491 Pluris
3420 4406 3655 4458 οοηεῑδῖ
3682 4397 3919 4491 remis?”

508 4510 604 4565 sui
636 4486 890 4564 securus
923 4510 1165 4578 peccata
1195 4486 1437 4562 donavit
1467 4520 1479 4562 :
1512 4505 1649 4577 quia
1695 4506 1807 4562 hoc
1840 4486 1957 4562 non
1988 4486 2178 4563 credi-
2290 4486 2689 4578 ξθοέθίοτιξωε
2722 4488 2780 4541 et
2808 4486 3176 4578 ίηάμιεθιιιίει
3195 4489 3430 4546 νίάθίιιῐ*
3459 4506 3600 4548 esse
3621 4489 3917 4578 Ρΐθίίοδίιῖίζσ

508 4598 595 4654 dit
621 4598 828 4668 Judas,
876 4572 1190 4669 impietatis
1240 4611 1368 4651 sum
1419 4610 1485 4650 se
1528 4572 1737 4667 laqueo
1785 4597 2178 4668 strangulavit
2292 4573 2557 4669 Déeique
2598 4572 3146 4669 hf‘bes_§9ri_Ptllf111
3186 4600 3208 4628 ι
3259 4577 3406 4644 Ουίει
3456 4583 3555 4636 οιιὶ
3609 4579 3838 4669 manu“!
3859 4572 3925 4669 δίς

508 4687 747 4758 (Matth.
781 4660 978 4756 xeunt,—
1020 4685 1098 4753 3).
1130 4684 1177 4739 Ο
1219 4685 1364 4739 dura
1411 4660 1734 4739 infidelium
1784 4701 1930 4740 saxa
1957 4660 2175 4743 verbo-
2291 4664 2555 4758 minim"!
2596 4662 2732 4758 9135
2772 4664 2963 4758 diligit
3001 4666 3167 4758 (Luc-7
3197 4684 3296 4738 νην
3331 4669 3445 4739 47)·
3484 4693 3506 4718 ’⁸
3551 4669 3707 4743 Ενεο
3738 4671 3794 4758 fit
3825 4660 3917 4758 ipsi

509 4753 642 4830 rum
674 4773 687 4830 1
721 4774 769 4830 Ο
798 4753 1111 4830 informem
1142 4774 1415 4845 laqueum
1449 4774 1789 4844 proditoris,
1837 4775 1945 4830 sed
1973 4775 2124 4831 defm

2301 4755 2635 4824 peccatores
2666 4754 2988 4810 Dominicae
3010 4757 3331 4829 passionis,
3355 4774 3534 4830 quam
3554 4753 3916 4831 perdiderunt,

510 4863 666 4918 mins
696 4864 946 4933 pretium
975 4842 1317 4918 Judworhm
1350 4860 1363 4917 ι
1398 4842 1789 4935 O’argemum
1818 4863 2173 4938 improbum,
2207 4863 2260 4926 Ι)
2292 4842 2944 4938 gratam-confitentur,
2970 4847 3027 4899 et
3056 4846 3458 4938 testimonium
3481 4848 3676 4903 ferunt
3694 4845 3917 4906 Christo,

509 4967 627 5023 quo
682 4953 781 5005 aut
835 4951 1047 5006 emitur
1101 4952 1175 5005 ad
1246 4967 1453 5005 necem
1501 4950 1747 5023 justus,
1800 4956 1898 5007 aut
1964 4956 2117 5009 vend

1628 4968 1708 5007 ,ηε
1732 4993 1747 5023 ,
1800 4930 1921 5007 δυ(
1964 4930 2176 5009 vendi;
2292 4932 2393 5005 qui
2424 4930 2724 4987 Christum
2756 4936 2895 4987 sunt
2924 4935 3243 5004 persecuti.

509 5043 607 5094 tur
648 5037 661 5094 Ι
703 5038 930 5109 Joseph
970 5040 1243 5095 venditus
1281 5038 1456 5110 (Gen.
1490 5056 1717 5113 xxxvu,
1763 5042 1888 5113 28),
1948 5048 2179 5114 emptus
2361 5040 2483 5095 128.
2517 5041 2632 5095 Aut
2660 5040 2796 5112 quia
2821 5063 2843 5088 σι
2878 5041 2938 5095 in
2970 5042 3317 5098 malevolam
3345 5044 3600 5099 animam
3631 5059 3742 5099 non
3770 5037 3917 5094 intrat

511 5126 693 5184 Jesus
734 5126 1012 5183 Christus
1051 5128 1290 5199 (Matth.
1332 5145 1504 5199 xxvx,
1548 5130 1675 5201 15),
1731 5131 1876 5186 alter
1934 5133 2007 5187 ad
2047 5149 2181 5188 ser-
2287 5130 2575 5201 sapientia
2648 5130 2809 5203 (Sep.
2879 5147 2934 5202 ι,
2999 5131 3114 5203 4);
3182 5133 3356 5188 etiam
3420 5133 3537 5189 hoc
3600 5128 3914 5205 loquebatur

583 5267 698 5348 (53)
730 5269 899 5348 Haud
945 5270 1115 5339 pauci
1165 5286 1313 5348 mss.
1346 5273 1410 5348 ut
1446 5292 1467 5322 α
1516 5270 1746 5348 Δοιεθιιιιςῐι
1794 5272 2176 5348 novell_as.....

2294 5341 2333 5348 _
2358 5273 2471 5348 (55)
2509 5272 2756 5339 Quidam
2786 5290 2960 5347 mss.,
3009 5298 3031 5323 «ι
3074 5292 3191 5347 non
3209 5276 3411 5348 rapina
3441 5276 3754 5332 arbitratus
3777 5273 3870 5327 est.
3891 5286 3909 5316 ι

511 5337 896 5424 plantaret;_-
932 5337 1106 5410 unus,
1146 5342 1567 5424 «‘plantasset;
1604 5364 1625 5392 ι»
1680 5344 1817 5415 duo,
1873 5367 1895 5393 «ι
1950 5346 2180 5416 planta-
2288 5337 2852 5424 Et'ita_semper.__j_
2945 5337 2957 5347 ⁷
3036 5418 3089 5424 ω

514 5420 703 5486 tas;r
734 5413 996 5486 quidam,
1033 5434 1055 5459 α
1090 5414 1301 5482 palmae
1331 5415 1619 5486 florentis.
1655 5435 1677 5463 ιι
1803 5413 1809 5415 ’
1950 5413 1969 5416 “
2361 5418 2474 5486 (56)
2515 5418 2597 5471 De
2619 5413 2971 5474 Venditione
3027 5418 3246 5473 Christi
3305 5418 3657 5475 Ambrosius
3723 5415 3814 5471 lib.
3864 5422 3911 5461 VI

583 5485 698 5551 (54)
731 5484 994 5565 Itanmss.
1040 5485 1306 5565 plerique
1359 5502 1371 5539 :
1425 5485 1714 5565 aliiﬁvero
1761 5488 2065 5565 nonnulli,
2124 5491 2183 5543 et
2286 5489 2349 5543 in
2378 5484 2611 5556 Lucam,
2647 5506 2805 5565 num.
2838 5490 2931 5560 31,
2960 5490 3113 5565 alibi
3144 5507 3211 5545 se
3242 5491 3406 5561 plura
3434 5492 3661 5565 dixisse
3693 5495 3911 5565 comme-

515 5555 931 5637 omnesedit,
965 5576 987 5602 «ι
1021 5555 1233 5637 domus
1266 5571 1495 5637 meast.»
1530 5556 1647 5611 Sed
1664 5558 1830 5637 hanc
1861 5555 2177 5637 lectionem
2288 5565 2505 5637 morat,
2528 5555 2643 5637 quo
2675 5559 2807 5616 loco
2839 5555 3404 5637 credibileges‘t'cum
3441 5562 3536 5637 vel
3586 5562 3693 5637 hoc
3717 5559 3910 5637 _ipspm

512 5627 1609 5715 1°99?!-Iif‘aefﬁeaiﬁeieisweet
1640 5630 1982 5715 ﬁrmatae!“
2011 5636 2181 5713 Posr
2290 5636 2463 5715 θερειε
2482 5624 2941 5715 ⁷ίιι’άὲιξαεεθε.νθ¹.
2964 5648 3091 5715 αξη)-
3124 5634 3158 5715 f3
3188 5633 3564 5715 de..J°s°Ph.
3587 5624 3904 5715 Ραετίειὲεὲἒν

515 5696 847 5765 ponendam
896 5696 1131 5750 videtur
1160 5697 1494 5777 ostendere,
1543 5698 1701 5823 quod
1747 5702 1943 5781 statim
1972 5696 2181 5774 séqui—
2286 5696 2464 5758 n.-14
2490 5742 2505 5772 ,
2547 5702 2649 5756 ubi
2695 5696 2877 5760 multa
2927 5696 3218 5761 habentur
3255 5705 3353 5779 iis,
3397 5696 3529 5780 qua
3548 5696 3644 5759 hic
3661 5698 3908 5779 legimus,

519 5768 616 5823 tur
644 5771 659 5823 3
689 5784 713 5819 ι
739 5765 1043 5823 Habemus
1073 5781 1220 5823 ergo
1248 5782 1311 5822 ιιι
1339 5767 1515 5822 nobis
1586 5782 1783 5823 omum
1814 5770 1940 5823 Dei.
1978 5793 2001 5821 η
2283 5788 2569 5823 nerauam
2597 5772 2832 5823 similia.

519 5768 616 5825 tur
644 5771 659 5826 :
689 5784 713 5819 ι
739 5765 1043 5823 Habemus
1073 5781 1220 5840 ergo
1248 5768 1311 5822 in
1339 5767 1515 5822 nobis
1544 5765 1783 5825 domum
1814 5770 1940 5826 Dei.
1978 5793 2001 5821 ι»
2060 5765 2084 5774 ’
2283 5765 2569 5852 perquam
2597 5772 2833 5836 similia.
