4090 6174
324 361 432 426 841

1486 369 1595 430 DE
1637 371 1977 436 SPIRITU
2009 376 2341 441 SANCTO
2387 383 2544 446 LIB.
2594 386 2671 449 II.

3639 406 3759 475 842

316 542 642 611 proditoris
692 541 939 597 affectus
964 586 977 612 ,
1031 546 1269 600 charius
1322 551 1651 605 aestimabat
1697 554 1983 609 Dominici
2010 558 2067 623 Α
2096 576 2307 630 gamus
2346 578 2357 617 :
2393 582 2523 620 cum
2556 584 2629 622 ex
2664 574 2914 639 caeteris,
2946 578 3065 632 tum
3097 577 3171 634 ex
3200 587 3451 653 quatuor
3479 587 3611 643 istis
3633 608 3756 661 prae

320 632 589 661 ηηηηινηίο
624 633 960 661 ηηοοῖηηηηοι
1036 638 1093 661 ..ι
1148 652 1349 661 Anu...“
1384 654 1408 661 ,ς
1447 639 1553 661 12,1,
1590 658 1618 661 μ
1668 643 1757 661 ,ιε-
1822 659 1829 661 ξ
2192 655 2199 661 .
2282 652 2291 661 .
2520 657 2562 661 .-

319 632 591 699 corporis
624 633 985 703 passionem,
1036 638 1094 687 ut
1146 652 1350 689 omnes
1382 654 1412 689 a
1446 639 1557 691 tide
1590 643 1759 709 pretii
1810 659 1986 697 enor-

315 719 516 772 mitate
589 726 914 776 revocaret.
988 722 1242 793 Ideoque
1312 726 1596 780 Dominus
1664 734 1849 799 gratis
1919 750 1985 787 se

316 808 550 875 obtulit,
599 824 672 862 ne
722 817 897 879 quem
945 817 1251 865 revocaret
1281 830 1311 866 a
1343 814 1579 870 Christo
1628 822 1983 888 paupertatis

318 901 679 950 necessxtas.
732 898 1093 953 Patriarchee
1141 916 1273 954 eum
1319 904 1419 955 vili
1467 906 1872 977 vendiderunt,
1927 914 1988 964 ut

318 999 528 1037 omnes
579 990 860 1040 emerent.
908 987 1094 1043 Isaias
1143 989 1333 1044 dixit:
1393 992 1818 1066 «Quicumque
1869 1015 1985 1052 non

314 1071 551 1126 habetis
610 1078 940 1144 argentum,
1001 1077 1098 1143 ite,
1165 1079 1365 1144 emite,
1426 1084 1481 1133 et
1534 1081 1715 1136 bibite
1774 1086 1915 1154 (57)
1969 1103 1980 1141 :

316 1161 669 1215 manducate
720 1162 850 1215 sine
896 1169 1141 1235 argento
1198 1166 1335 1234 (Isa.
1390 1185 1482 1236 Lv,
1538 1171 1622 1238 1);
1678 1195 1699 1219 υ
1754 1178 1811 1226 ut
1852 1192 1983 1229 eum

314 1250 667 1319 acquireret,
705 1252 804 1321 qui
835 1268 951 1305 non
988 1254 1236 1307 habebat
1266 1262 1594 1326 argentum.
1620 1260 1665 1313 Ο
1687 1262 1833 1315 Juda
1856 1280 1986 1332 pro-

314 1336 488 1407 ditor,
520 1344 888 1410 unguentum
918 1342 1219 1410 passionis
1244 1345 1377 1413 ejus
1408 1349 1689 1402 trecentis
1722 1351 1980 1407 denariis

315 1428 582 1480 aestimas
612 1427 803 1494 (Joan.
838 1445 940 1495 xu,
977 1430 1053 1498 5),
1088 1434 1142 1484 et
1174 1434 1513 1500 passionem
1564 1436 1697 1505 ejus
1743 1440 1979 1509 triginta

315 1512 579 1568 denariis
609 1516 818 1568 vendis
849 1518 1087 1581 (Matt/2.
1122 1536 1283 1590 xxvr,
1319 1520 1444 1591 15)!
1481 1524 1660 1578 Dives
1709 1528 1768 1579 in
1815 1530 1979 1582 testi-

314 1603 592 1671 matione,
627 1603 760 1657 vilis
791 1605 850 1657 in
875 1606 1123 1661 scelere.

388 1688 507 1744 129.
540 1690 700 1762 Ergo
733 1708 848 1746 non
884 1709 1090 1748 omnes
1123 1696 1329 1750 eodem
1360 1700 1545 1767 pretio
1579 1706 1777 1757 emunt
1806 1704 1977 1759 (11ητὶ-

310 1780 491 1831 stum.
546 1778 679 1833 Alio
729 1782 867 1834 emit
914 1782 1220 1851 Photinus,
1271 1788 1372 1855 qui
1410 1789 1479 1841 ad
1514 1795 1758 1844 mortem
1791 1794 1972 1849 emit:

308 1865 425 1920 alio
455 1867 735 1935 Arianus,
769 1871 870 1940 qui
902 1873 1041 1925 emit
1085 1874 1157 1925 ad
1205 1874 1481 1944 injuriam
1518 1893 1529 1931 :
1581 1880 1693 1933 alio
1727 1883 1975 1936 catholi-

308 1969 440 2024 cus,
476 1956 576 2026 qui
607 1957 745 2010 emit
775 1958 847 2011 ad
880 1959 1128 2029 gloriam
1161 1962 1294 2029 (58).
1330 1964 1443 2017 Sed
1477 1968 1615 2019 emit
1645 1969 1773 2023 sine
1806 1987 1976 2040 pecu-

307 2042 426 2111 nia,
463 2045 789 2098 secundum
823 2048 976 2116 quod
1009 2049 1294 2118 scriptum
1326 2055 1419 2105 est
1454 2068 1466 2106 :
1521 2076 1541 2100 α
1576 2055 1685 2118 Qui
1717 2074 1834 2112 non
1868 2060 1973 2113 ba-

306 2129 410 2185 bet
430 2134 763 2201 pecuniam,
797 2139 949 2188 emat
982 2137 1110 2190 sine
1144 2140 1332 2206 pretio
1364 2140 1501 2209 (Isa.
1538 2160 1628 2211 LV,
1671 2145 1737 2213 ί).
1777 2171 1797 2193 ι»

384 2220 504 2274 130.
571 2242 594 2268 ‹‹
630 2222 761 2275 Non
822 2239 1049 2293 omnes,
1111 2226 1328 2297 inquit,
1392 2231 1489 2299 qui
1550 2233 1750 2286 dicunt
1806 2238 1968 2307 mihi,

306 2308 580 2378 Domine,
631 2311 898 2381 Domine,
950 2314 1251 2368 intrabunt
1300 2318 1357 2370 in
1409 2334 1654 2389 regnum
1688 2324 1970 2379 caelorum

305 2397 548 2465 (Matth.
584 2414 683 2467 vn,
717 2400 827 2470 21).
866 2424 887 2447 η
926 2400 1051 2453 Etsi
1087 2403 1250 2456 multi
1280 2421 1345 2457 se
1369 2407 1970 2467 nominentChi-istia-

305 2500 442 2553 nos,
497 2502 711 2541 nomen
752 2493 1059 2558 usurpant,
1108 2508 1223 2545 non
1277 2497 1468 2548 tamen
1504 2512 1706 2551 omnes
1742 2517 1969 2556 merce-

306 2572 439 2627 dem
475 2574 710 2629 habent.
747 2575 817 2629 Et
847 2576 989 2631 Cain
1020 2579 1227 2634 obtulit
1266 2585 1622 2639 sacriﬁcium
1670 2588 1844 2651 (Gen.
1888 2608 1965 2661 1v,

279 2654 381 2730 '3),
418 2666 473 2716 et
504 2662 688 2717 Judas
719 2666 945 2735 accepit
977 2668 1266 2738 osculum,
1301 2672 1406 2724 sed
1438 2674 1655 2728 audivit
1685 2692 1695 2730 :
1736 2700 1755 2723 «
1796 2654 1964 2751 Juda,

305 2750 516 2805 osculo
551 2751 758 2806 Filium
782 2754 1038 2809 hominis
1064 2758 1244 2810 tradis
1268 2760 1431 2827 (Luc.
1460 2779 1600 2831 xxxi,
1640 2765 1715 2834 23)
1739 2768 1763 2819 ἱ)
1797 2792 1817 2815 η
1856 2768 1967 2823 hoc

302 2842 418 2908 est,
468 2842 688 2894 amoris
734 2843 980 2913 pignore
1031 2846 1230 2898 scelus
1281 2847 1509 2917 imples,
1553 2868 1619 2904 ac
1652 2858 1816 2923 pacis
1848 2857 1968 2911 ins-

298 2930 595 2981 trumento
650 2930 779 2983 odia
826 2932 1000 3003 seris,
1053 2937 1109 2986 et
1157 2934 1458 2991 charitatis
1492 2941 1687 2995 ofticio
1721 2950 1968 3001 mortem

296 3015 538 3085 irrogas
572 3017 704 3085 (59).

378 3103 499 3158 131.
534 3104 692 3176 Ergo
724 3122 834 3160 nec
867 3108 1067 3162 Ariani
1090 3110 1205 3163 sibi
1246 3118 1527 3184 usurpato
1552 3121 1786 3174 nomine
1810 3123 1967 3178 blan-

296 3191 557 3261 diantur,
598 3195 733 3264 quia
774 3195 1144 3251 Christianos
1175 3216 1313 3254 esse
1343 3218 1409 3257 se
1441 3204 1658 3261 dicunt.
1700 3211 1963 3280 Respon-

296 3280 465 3335 debit
497 3283 584 3335 eis
617 3284 903 3338 Dominus
935 3301 946 3339 :
983 3286 1210 3341 Nomen
1244 3306 1436 3344 meum
1470 3299 1855 3366 pl‘iL‘lendlliS,
1910 3309 1963 3358 et
1998 3281 2052 3348 Ο

296 3369 694 3425 substantiam
727 3373 1077 3444 denegatis;
1128 3377 1234 3429 sed
1285 3395 1403 3433 non
1451 3398 1716 3452 agnosco
1748 3404 1961 3444 nomen

882 3432 913 3444 υ
1068 3432 1076 3443 ,
1398 3432 1401 3433 ,
1457 3432 1712 3452 sane...”
1748 3432 1961 3444 -.ωηνη

245 3432 259 3443 ν
294 3473 516 3526 meum,
552 3460 651 3513 ubi
683 3478 799 3515 non
832 3466 923 3516 est
953 3478 1076 3516 mea
1110 3468 1465 3535 sempiterna
1497 3473 1794 3530 divinitas.
1830 3479 1961 3534 Non

294 3550 394 3600 est
422 3563 635 3602 nomen
667 3566 880 3621 meum,
916 3552 1073 3621 quod
1101 3568 1133 3604 a
1177 3559 1345 3613 Patre
1392 3560 1688 3633 dividitur,
1721 3566 1793 3619 ab
1825 3569 1962 3637 Spi-

292 3635 414 3689 ritu
447 3645 803 3706 separatur:
851 3659 968 3697 non
1014 3663 1279 3718 agnosco
1330 3667 1542 3705 nomen
1593 3670 1805 3725 meum,
1860 3658 1961 3711 ubi

293 3739 417 3777 non
468 3741 732 3796 agnosco
780 3730 1107 3790 doctrinam
1144 3756 1331 3793 meam
1367 3756 1378 3794 :
1412 3758 1529 3795 non
1561 3759 1824 3813 agnosco
1857 3762 1960 3799 no-

290 3828 433 3866 men
496 3830 708 3886 meum,
770 3820 871 3872 ubi
929 3839 1046 3877 non
1103 3843 1367 3897 agnosco
1415 3829 1695 3899 Spiritum
1742 3850 1955 3888 nicum.

290 3900 507 3955 Nescit
553 3904 709 3959 enim
758 3923 825 3961 se
872 3910 1127 3979 Spiritus
1170 3917 1360 3971 Patris
1395 3935 1733 3988 comparare
1764 3925 1958 3977 servi-

288 3990 417 4059 tiis,
466 4007 599 4061 quae
646 3998 884 4052 creavit.
921 4000 1002 4054 De
1035 4018 1151 4073 quo
1182 4007 1362 4059 multa
1387 4006 1511 4077 jam
1541 4009 1799 4065 diximus
1832 4014 1954 4081 (lib.

288 4095 330 4149 ι,
369 4095 497 4150 cap.
531 4082 556 4135 1
593 4088 652 4137 ct
680 4088 855 4156 seq.).

784 4190 929 4256 693
973 4204 1225 4261 CAPUT
1263 4210 1466 4265 xvm.

287 4283 565 4372 Spiritus
606 4290 802 4342 sancti
847 4291 1224 4372 divinitatem
1266 4314 1342 4352 ex
1388 4301 1469 4354 iis
1508 4318 1631 4372 quae
1670 4304 1957 4359 hactenus

364 4354 665 4425 dieputata
712 4367 851 4437 sunt
883 4404 897 4432 ,
957 4367 1445 4437 confirmaturus,
1506 4354 1780 4429 nonnulla
1840 4378 1954 4429 ite-

361 4441 494 4479 rum
548 4433 866 4513 tractanda
924 4443 1165 4513 sumit,_
1203 4433 1479 4494 nimii-uni
1530 4455 1772 4513 peccata
1829 4464 1955 4501 cum

362 4511 478 4549 non
535 4498 781 4572 habere,
844 4505 954 4557 sed
1012 4498 1348 4565 condonare
1389 4533 1405 4566 .·
1450 4498 1785 4570 creaturam
1845 4537 1956 4572 non

362 4582 520 4653 esse,
556 4571 664 4653 sed
693 4581 1024 4651 creatorem
1067 4594 1085 4629 .’
1132 4575 1199 4633 ac
1245 4581 1474 4637 demum
1516 4604 1630 4640 non
1679 4590 1949 4653 adorare,

360 4638 473 4692 sed
502 4640 766 4697 adorari.

360 4743 484 4798 132.
536 4744 729 4817 [Alias
771 4766 899 4822 cap.
951 4755 1128 4829 XIX.]
1178 4760 1268 4813 Ad
1314 4777 1603 4818 summam
1654 4769 1955 4835 tamen,ut

282 4832 347 4886 in
379 4833 496 4888 fine
528 4850 661 4906 quae
692 4838 963 4910 disperse
1015 4845 1167 4900 dicta
1218 4854 1371 4917 sunt,
1408 4858 1758 4923 expressius
1791 4860 1953 4913 colli—

357 4957 475 5027 (57)
507 4959 747 5043 A‘merb.
782 4968 838 5018 et
866 4964 1060 5043 Eras.,
1099 4991 1121 5021 α
1155 4974 1369 5043 venite,
1422 4977 1593 5031 emite
1627 4984 1681 5033 et
1711 4981 1891 5037 bibite
1928 5007 1947 5031 »

285 5025 359 5119 E‘t
389 5025 913 5119 manducaverunt,
949 5043 1005 5099 et
1035 5025 1394 5119 satiati—sunt
1427 5050 1485 5101 in
1508 5050 1742 5105 deserto
1771 5070 1784 5119 ς
1818 5056 1949 5109 Gill.

284 5100 341 5179 et
398 5100 592 5168 Ronr,
646 5125 667 5149 α
702 5100 918 5179 venite,
973 5114 1145 5167 emite
1178 5120 1231 5166 et
1265 5117 1445 5171 bibite
1485 5135 1496 5172 :
1549 5100 1891 5179 manducate
1929 5150 1947 5172 η

287 5169 510 5249 (Bom.,
552 5175 806 5261 fstitite)
837 5169 966 5233 sine
996 5191 1261 5253 argento.
1308 5189 1452 5243 Mss.
1505 5192 1745 5261 aliquot,
1798 5219 1819 5242 «
1858 5216 1953 5249 vc-

282 5241 423 5309 nite,
463 5246 519 5332 elt
552 5243 751 5332 bibite,
786 5241 862 5332 et
896 5241 1279 5332 .mandfucate,
1320 5280 1340 5306 2o
1393 5266 1527 5331 etc.,
1576 5241 1778 5332 p'lures
1812 5287 1951 5323 vero

285 5316 340 5362 et
371 5313 766 5383 probatiores,
802 5324 860 5371 ut
892 5322 950 5374 in
984 5328 1163 5378 textu.

355 5384 470 5475 (58')
506 5383 755 5475 li‘loria‘c.
804 5392 960 5469 cod.,
1017 5418 1037 5475 «ξ
1073 5398 1142 5449 ad
1199 5399 1444 5475 gloriam
1474 5419 1487 5467 ;
1539 5419 1607 5458 eo
1641 5410 1793 5475 quod
1819 5411 1950 5464 aliis

285 5453 360 5505 sit
384 5455 533 5507 odor
560 5460 769 5537 inertis
802 5461 858 5513 in
892 5453 1158 5537 mortem,
1199 5453 1342 5525 aliis
1396 5453 1540 5529 odor
1584 5453 1719 5532 villae
1770 5482 1827 5533 in
1860 5484 1951 5533 vi-

282 5527 420 5577 tam.
457 5527 571 5579 Sed
610 5532 765 5583 emit.
808 5554 828 5578 »
865 5538 976 5587 etc.

351 5598 466 5662 (51))
501 5598 637 5651 Lib.
663 5617 726 5686 Ιχ,
760 5604 817 5654 in
847 5604 1090 5686 Lucam,
1145 5627 1202 5686 np.
1251 5611 1338 5681 63,
1387 5638 1406 5661 «ι
1444 5615 1556 5670 hoc
1588 5624 1698 5686 est,
1731 5626 1949 5677 amoris

279 5666 530 5748 pignore
579 5672 795 5760 vpulnus
843 5666 1086 5760 intligis,
1117 5684 1196 5760 pet
1245 5666 1776 5760 charitatispfticio
1809 5712 1948 5749 san-

280 5740 525 5816 guinem
600 5741 824 5817 fundis,
894 5750 951 5803 et
973 5740 1404 5814 viastrumento
1470 5740 1637 5832 pacis
1704 5770 1950 5824 mortem

563 5858 822 5924 PATROL.
862 5863 1015 5928 XVI.

1990 4638 2048 4702 D

2098 652 2329 705 czeteris
2378 657 2685 712 manifesta
2736 662 3057 721 divinitatis
3108 652 3229 739 (60)
3260 674 3754 750 gloria'compro-

2094 736 2302 794 batur:
2338 743 2496 797 Deus
2532 748 2683 800 enim
2718 766 2792 804 ex
2823 768 2891 806 eo
2926 761 3327 830 cognoscitur,
3353 767 3600 835 autquia
3625 769 3755 825 sine

2093 832 2333 895 peccato
2385 835 2494 902 est,
2548 841 2644 888 aut
2692 841 2826 908 quia
2857 848 3095 910 peccata
3130 832 3589 923 condonat;aut
3620 860 3756 928 quia

2094 920 2359 971 creatura
2409 937 2525 975 non
2576 928 2686 995 est,
2740 928 2845 982 sed
2896 935 3126 988 creator
3164 940 3300 994 est:
3342 943 3441 995 aut
3469 944 3605 1013 quia
3636 962 3754 1002 non

2091 1004 2311 1074 adorat,
2348 1010 2453 1062 sed
2486 1012 2780 1070 adoretur.

2092 1357 2271 1428 Deus,
2304 1365 2439 1431 quia
2471 1382 2637 1436 seque
2669 1373 2951 1441 scriptum
2984 1382 3076 1431 est
3107 1396 3119 1433 :
3162 1403 3181 1427 ιι
3217 1357 3374 1446 Quis.
3393 1390 3585 1454 potest
3618 1405 3753 1458 pec-

2091 1452 2216 1500 cata
2247 1450 2487 1522 donare,
2520 1457 2635 1509 nisi
2659 1459 2825 1513 solus
2845 1462 3003 1518 Deus
3026 1466 3186 1533 (Luc.
3212 1487 3266 1537 v,
3290 1471 3377 1540 21)
3400 1474 3427 1525 ει
3461 1496 3481 1519 ιι
3510 1472 3753 1532 Creator

2088 1550 2321 1606 quoque
2354 1544 2610 1598 omnium
2644 1563 2759 1601 non
2792 1555 2985 1618 potest
3015 1569 3173 1625 esse,
3205 1557 3320 1611 nisi
3352 1561 3451 1630 qui
3484 1570 3753 1620 creatura

2087 1639 2203 1677 non
2239 1632 2329 1679 est
2363 1644 2375 1681 :
2411 1632 2507 1699 qui
2540 1638 2733 1687 autem
2766 1646 3033 1694 creatura
3081 1660 3200 1698 non
3245 1650 3354 1715 est,
3408 1650 3539 1705 sine
3571 1654 3750 1709 dubio

2086 1710 2245 1765 Dcus
2291 1720 2381 1769 est
2415 1732 2427 1770 :
2482 1722 2616 1788 quia
2653 1725 2937 1794 scriptum
2968 1733 3059 1783 est
3093 1747 3105 1785 :
3145 1755 3167 1779 «ι
3203 1733 3549 1793 Servierunt
3581 1756 3750 1797 crea-

2083 1801 2229 1854 tur-ae
2253 1805 2447 1871 potius
2472 1824 2642 1876 quam
2669 1816 2937 1883 creatori,
2966 1819 3062 1886 qui
3098 1824 3189 1873 est
3212 1823 3369 1877 Deus
3400 1826 3750 1887 benedictus

3731 1962 3746 1991 1

2085 1979 2190 2031 sed
2249 1981 2560 2055 adoratur;
2624 1990 2759 2057 quia
2818 1993 3102 2063 scriptum
3151 2004 3243 2053 est
3292 2016 3304 2055 :
3362 2025 3384 2050 α
3439 2004 3750 2064 Dominum

2084 2066 2269 2120 Deum
2300 2074 2461 2124 tuum
2491 2074 2788 2148 adorabis,
2834 2084 2889 2133 et
2935 2083 3019 2135 illi
3053 2086 3165 2139 soli
3197 2090 3428 2146 servies
3458 2094 3635 2161 (Dent
3665 2114 3744 2168 v1,

2084 2152 2191 2223 13).

2156 2246 2276 2299 134.
2319 2246 2780 2309 Consideremus
2824 2271 2968 2328 ergo
3020 2264 3211 2317 utrum
3255 2265 3466 2322 horum
3520 2270 3744 2343 aliquid

2083 2336 2294 2389 habeat
2324 2336 2577 2405 Spiritus
2609 2348 2873 2413 sanctus,
2908 2363 3040 2416 quae
3074 2353 3475 2410 testimonium
3496 2336 3742 2419 afferant

2083 2425 2425 2479 divinitatis.
2477 2427 2737 2483 Primum
2787 2432 2968 2503 igitur
3010 2437 3081 2491 de
3120 2455 3190 2495 eo
3230 2445 3569 2519 tractemus,
3605 2452 3743 2522 quia

2083 2529 2255 2567 nemo
2305 2514 2434 2568 sine
2474 2523 2717 2584 peccato
2767 2522 2883 2574 nisi
2917 2540 3070 2580 unus
3102 2528 3301 2599 Deus;
3335 2537 3393 2587 et
3429 2536 3741 2608 exigamus

2082 2607 2141 2655 ut
2174 2603 2422 2656 doceant
2453 2605 2609 2674 quod
2638 2616 2943 2675 peccatum
2966 2613 3449 2688 habeatSpiritus
3472 2603 3737 2684 sanctus.

2156 2691 2277 2743 135.
2326 2693 2440 2743 Sed
2482 2693 2695 2749 docere
2746 2714 2863 2751 non
2906 2708 3197 2773 possunt,
3258 2713 3315 2762 et
3359 2716 3743 2771 auctoritaten

2081 2780 2407 2849 requirunt,
2443 2786 2501 2834 ut
2523 2782 2773 2840 lectione
2796 2789 3135 2862 doceamus,
3161 2797 3295 2865 quia
3329 2815 3446 2854 non
3479 2806 3745 2872 peccavit

2081 2868 2335 2937 Spiritus
2385 2876 2649 2941 sanctus,
2700 2875 2853 2929 sicut
2902 2880 2972 2932 de
3019 2880 3166 2937 Filio
3215 2886 3431 2942 lectum
3462 2868 3572 2962 est,
3607 2895 3744 2965 quia

2082 2963 2384 3025 peccatum
2418 2976 2535 3012 non
2566 2961 2703 3015 fecit
2752 2964 2807 3028 t1
2848 2966 3019 3023 Pelr.
3069 2988 3131 3041 ii,
3184 2974 3293 3037 2'2).
3338 2977 3409 3031 Et
3438 2961 3743 3037 hoeaccia

2083 3047 2241 3113 piant
2271 3047 2707 3126 Scripturarum
2739 3057 3082 3113 auctoritate
3113 3077 3223 3116 nos
3255 3065 3469 3122 docere
3496 3084 3510 3138 ;
3544 3072 3742 3142 scrip-

2079 3139 2200 3186 tum
2259 3139 2315 3187 et
2373 3138 2528 3190 enim
2591 3153 2602 3192 :
2664 3139 2809 3203 Quia
2867 3145 2926 3197 in
2984 3149 3279 3217 Sapientia
3337 3160 3431 3208 est
3486 3138 3741 3227 Spiritus

2062 3222 2504 3292 intelligentiae,
2538 3233 2802 3297 sanctus,
2837 3234 3069 3304 unicus,
3103 3239 3429 3313 multiplex,
3478 3222 3739 3319 subtilis,

2079 3311 2230 3363 bene
2290 3313 2547 3383 mobilis,
2606 3316 2886 3391 disertus,
2949 3323 3380 3400 immaculatus,
3426 3334 3589 3405 (Sap.
3636 3352 3739 3407 vn,

2078 3400 2187 3466 ‘22).
2256 3422 2276 3446 ι»
2338 3400 2775 3460 Immaculatum
2833 3410 2973 3464 dicit
3028 3414 3329 3485 Scriptura
3380 3435 3393 3473 :
3455 3400 3741 3495 numquid

2078 3489 2314 3541 mentita
2365 3495 2457 3542 est
2507 3492 2578 3545 de
2627 3493 2796 3565 Filio,
2851 3503 2911 3552 ut
2954 3500 3024 3553 de
3071 3502 3291 3572 Spiritu
3342 3510 3551 3566 credas
3599 3489 3740 3570 esse

2079 3577 2375 3630 mentitam
2396 3580 2423 3631 ?
2474 3580 2630 3634 Dixit
2679 3586 2833 3639 enim
2864 3590 3147 3658 propheta
3177 3593 3237 3647 in
3268 3597 3475 3652 eodem
3503 3600 3636 3656 loco
3666 3604 3739 3657 de

2077 3664 2392 3734 Sapientia,
2446 3671 2584 3737 quia
2627 3672 2772 3726 nihil
2821 3678 3187 3735 maculosum
3234 3686 3294 3737 in
3344 3687 3503 3741 illam
3533 3691 3737 3747 incur-

2076 3753 2170 3805 rit.
2214 3754 2346 3822 ipsa
2374 3756 2743 3814 immaculata
2775 3768 2885 3833 est,
2938 3771 2993 3820 et
3037 3769 3446 3830 immaculatus
3480 3777 3613 3849 ejus
3647 3784 3739 3837 est

2077 3842 2351 3910 Spiritus.
2413 3845 2573 3917 Ergo
2622 3850 2671 3902 si
2722 3858 3028 3920 peccatum
3072 3874 3192 3914 non
3248 3862 3423 3919 habet
3480 3842 3736 3938 Spiritus

2076 3929 2236 3983 Deus
2267 3937 2375 3986 est.

2148 4037 2268 4092 130'.
2304 4039 2419 4093 Sed
2451 4046 2743 4111 quomodo
2776 4065 2916 4104 reus
2947 4057 3137 4122 potest
3168 4072 3307 4113 esse
3346 4065 3593 4135 peccati,
3636 4065 3739 4137 qui

2074 4126 2249 4179 donat
2280 4129 2408 4197 ipse
2439 4138 2679 4199 peccata
2700 4138 2728 4188 ‘?
2776 4137 2934 4209 Ergo
2977 4150 3283 4211 peccatum
3316 4126 3433 4204 n-on
3464 4126 3602 4207 fecit
3634 4126 3739 4209 ἵει

2073 4216 2207 4283 quia
2260 4218 2389 4271 sine
2440 4227 2679 4288 peccato
2724 4230 2832 4295 est,
2889 4236 3154 4286 creatura
3202 4251 3320 4290 non
3370 4244 3480 4294 est.
3530 4242 3734 4297 Omnis

2073 4304 2227 4356 enim
2258 4312 2524 4361 creatura
2554 4319 2928 4379 peccatorum
2970 4323 3272 4390 capacitati
3305 4327 3560 4383 obnoxia
3593 4336 3684 4384 est
3717 4347 3730 4385 :

2073 4392 2199 4445 sola
2232 4400 2424 4448 autem
2474 4403 2565 4451 est
2610 4417 2641 4452 a
2686 4410 2926 4470 peccato
2968 4408 3246 4466 immunis
3279 4419 3334 4467 et
3362 4416 3734 4474 immaculata

2073 4484 2429 4551 sempiterna
2460 4487 2757 4545 divinitas.

2145 4590 2263 4643 137.
2317 4591 2488 4646 Nunc
2532 4596 2838 4653 videamus
2886 4604 3079 4657 utrum
3118 4610 3356 4675 peccata
3389 4610 3565 4667 donet
3594 4613 3729 4685 Spi-

2068 4679 2239 4732 ritus.
2304 4683 2419 4734 Sed
2476 4684 2573 4737 liic
2628 4687 2883 4741 dubitari
2941 4707 3058 4745 non
3114 4699 3346 4768 potest,
3407 4716 3541 4755 cum
3598 4679 3729 4774 ipse

2071 4767 2356 4823 Dominus
2402 4772 2615 4826 dixerit
2655 4790 2666 4828 :
2720 4798 2741 4821 «ι
2775 4778 3039 4848 Accipite
3087 4783 3368 4853 Spiritum
3407 4794 3677 4848 sanctum
3712 4811 3724 4850 :

2069 4872 2317 4925 quorum
2350 4862 2699 4916 remiseritis
2733 4871 2991 4938 peccata,
3024 4872 3277 4928 remissa
3316 4882 3488 4933 erunt
3534 4881 3724 4952 (Joan.

2066 4996 2299 5036 ll‘l'OQ‘ﬂS
2310 5024 2321 5036 .
2361 5004 2381 5031 υ

2461 5058 2747 5132 nonnulli,
2787 5084 2807 5109 α
2843 5064 3170 5125 manifestae
3202 5069 3543 5132 divinitatis.
3585 5099 3605 5127 ι»

2136 5125 2246 5191 (tit)
2289 5128 2505 5179 Ui'nncs
2555 5125 2776 5209 edit.,'«
2814 5135 3007 5206 itaque
3038 5125 3523 5217 nemorest—,“qﬁuia
3554 5166 3725 5206 nemo

2067 5194 2195 5246 sine
2227 5202 2486 5263 peccato,
2525 5200 2660 5269 nisi,
2699 5194 2720 5250 ιλ
2772 5194 2929 5274 etc.,.
2957 5224 3031 5261 ex
3076 5215 3293 5281 quibus
3338 5194 3540 5274 ’velrbis
3581 5239 3727 5277 non-

2065 5268 2206 5316 nulli
2242 5283 2387 5320 mss.
2424 5268 2713 5341 extcrunt,
2771 5296 2790 5321 α
2828 5268 2962 5346 quia
3005 5268 3174 5337 nemo
3208 5292 3336 5341 sine
3370 5297 3611 5357 peccato
3646 5309 3658 5346 :
3698 5318 3718 5339 η

2065 5338 2271 5357 ,Ἄκης
2386 5345 2427 5357 ,γ

2064 5338 2275 5406 reliqui
2306 5345 2498 5392 autem
2532 5338 2745 5413 magno
2777 5338 3019 5405 numero
3053 5360 3107 5406 et
3136 5338 3474 5427 antiquitrate
3514 5364 3724 5415 nobis-

2066 5424 2197 5459 cum
2232 5409 2469 5464 faciunt.
2508 5412 2574 5466 Et
2605 5409 2748 5469 sane
2784 5422 2958 5472 verba
2992 5424 3108 5493 illa,
3164 5449 3185 5472 α
3224 5409 3355 5497 qdia
3388 5446 3559 5484 nemo
3593 5435 3722 5486 sine

2064 5486 2329 5548 peccato,
2382 5505 2403 5528 ››
2459 5488 2595 5553 etc.,
2649 5490 2922 5543 Videntur
2978 5486 3145 5550 eitari
3201 5486 3470 5567 tanquam
3531 5503 3722 5569 ipsius

2064 5553 2383 5618 Scripturze
2416 5559 2631 5624 textus,
2685 5566 2740 5611 et
2786 5561 2842 5613 in
2874 5578 3247 5632 superiorum
3279 5553 3476 5622 alt'erri
3507 5553 3723 5639 proba-

2061 5622 2298 5706 tionem.
2334 5626 2477 5678 Uum
2510 5622 2703 5706 autem
2734 5622 3061 5688 secundum
3110 5655 3310 5706 apices
3344 5655 3459 5693 non
3490 5622 3724 5699 exstent

2060 5691 2119 5774 in
2154 5693 2381 5774 Dibliis,
2418 5699 2699 5774 credibile
2733 5708 2823 5756 est
2853 5691 3195 5774 respexisse
3218 5711 3289 5761 ad
3312 5691 3723 5771 locum

2059 5763 2261 5825 Matth.
2294 5763 2416 5845 xui,
2455 5768 2540 5844 17,
2582 5793 2602 5817 ιι
2629 5771 2816 5836 Nemo
2846 5763 3039 5834 bon-us
3068 5779 3187 5835 nisi
3217 5779 3383 5836 solus
3413 5763 3645 5842 Dia—ustio

3330 5897 3419 5967 27.
