4090 6174
316 370 436 435 845

1422 365 1533 430 DE
1576 365 1917 431 SPIRI'I‘U
1960 364 2291 431 SANCTO
2331 364 2492 430 LIB.
2536 350 2689 430 III.‘

3649 362 3775 431 846

390 567 512 625 1-16.
559 566 752 623 Habet
800 566 961 626 Deus
1005 568 1070 621 ut
1113 567 1412 621 scrutetur
1455 565 1633 621 corda
1673 568 1730 621 et
1771 580 1989 636 renes;
2022 548 2082 610 Α
2111 565 2311 637 Itaque
2341 580 2417 620 ex
2444 564 2647 620 verbis
2664 562 3026 635 propheticis
3048 564 3317 636 spectare
3334 562 3472 620 licet
3490 566 3776 637 quemad-

316 660 456 730 quia
487 657 921 728 scriptumest:
963 678 984 702 «
1020 655 1180 710 Deus
1212 659 1488 709 serutans
1523 656 1700 710 corda
1730 657 1786 709 et
1816 671 1991 709 renes

316 746 502 815 (Psal.
522 762 626 815 vn,
652 744 761 815 10).
791 768 813 793 ι»
850 744 1037 798 Habet
1059 748 1115 797 et
1146 743 1353 813 Filius,
1374 744 1475 814 qui
1496 744 1765 797 dicebat:
1797 765 1817 791 σι
1845 744 1996 808 Quid

320 836 602 907 cogitatis
637 834 698 887 in
732 832 1014 887 cordibus
1044 832 1265 886 vestris
1294 832 1444 885 mala
1476 833 1715 899 (.llaltli.
1737 849 1816 899 ιχ,
1848 832 1948 900 4)?
1970 852 1991 881 ι

322 923 569 979 Sciebat
599 922 754 976 enim
800 921 982 975 Jesus
1032 920 1422 990 cogitationes
1464 936 1687 974 eorum.
1722 920 1912 973 Habet
1942 922 1999 974 et

318 1011 612 1083 Spiritus,
648 1010 750 1081 qui
780 1010 954 1064 etiam
989 1008 1295 1079 prophetis
1328 1009 1505 1063 alieni
1540 1009 1737 1063 cordis
1769 1009 1997 1063 occulta

322 1098 689 1166 manifestat,
740 1097 897 1152 sicut
954 1112 1134 1166 supra
1191 1097 1450 1150 diximus
1497 1097 1616 1159 (lib.
1666 1114 1726 1165 ιι,
1780 1113 1831 1151 c.
1886 1097 1995 1165 13),

328 1188 470 1259 quia
502 1185 734 1242 occulta
766 1185 965 1239 cordis
997 1183 1131 1255 ejus
1180 1184 1492 1238 manifesta
1535 1185 1700 1238 fiunt.
1752 1184 1822 1238 Et
1858 1185 2000 1255 quid

328 1276 621 1331 miramur
652 1275 704 1328 si
735 1272 1041 1327 hominum
1072 1276 1367 1326 scrutatur
1388 1273 1636 1343 occulta,
1662 1272 1761 1343 qui
1779 1276 2004 1326 scruta-

327 1368 432 1420 tur
459 1364 635 1419 etiam
668 1361 781 1416 alta
814 1360 921 1416 Dei
953 1359 1007 1422 (Ι
1033 1360 1169 1416 Cor.
1202 1378 1262 1430 ιι,
1296 1361 1433 1431 10)?

396 1452 523 1507 14Ἳ.
557 1451 751 1506 Habet
782 1450 943 1504 Deus
978 1452 1040 1503 ut
1068 1465 1252 1502 verax
1281 1450 1377 1519 sit,
1402 1450 1538 1520 quia
1561 1449 1848 1519 scriptum
1877 1452 1994 1505 est:

330 1562 355 1590 α
376 1539 469 1595 Sit
491 1544 680 1594 autem
701 1538 865 1593 Deus
886 1553 1093 1608 verax,
1119 1538 1313 1592 omnis
1334 1541 1529 1591 autem
1549 1537 1727 1592 homo
1747 1538 1999 1591 mendax

322 1629 513 1699 (Rom.
548 1645 629 1698 ιιι,
676 1626 755 1689 4).
820 1646 844 1676 ι
897 1626 968 1680 Et
1017 1626 1155 1679 alibi
1204 1626 1491 1695 scriptum
1530 1628 1649 1681 est:
1700 1644 1723 1674 α
1777 1625 1998 1679 Fidelis

206 1756 213 1761 .
318 1717 505 1785 Deus,
540 1717 641 1787 qui
672 1731 791 1770 non
822 1716 1103 1770 mentitur
1131 1713 1331 1784 (Tim,
1354 1714 1428 1783 ‘2).
1458 1735 1479 1763 υ
1516 1714 1816 1784 Numquid
1839 1730 1999 1767 men-

313 1806 459 1861 titur
485 1805 764 1875 Spiritus,
790 1803 892 1875 qui
936 1807 1030 1857 est
1064 1802 1322 1872 Spiritus
1358 1803 1643 1872 veritatis,
1669 1803 1784 1857 imo
1822 1818 1997 1873 quem

2113 655 2353 709 modum
2402 670 2565 723 ossa,
2640 653 2858 708 dudum
2932 654 3327 709 resolutorum
3380 654 3781 710 membrorum

2111 758 2397 814 compage
2419 743 2713 812 dispersa,
2740 742 2797 796 in
2830 742 3075 796 formam
3098 743 3347 797 redivivi
3374 743 3664 814 corporis,
3688 744 3782 798 vi-

2108 831 2386 885 viiicante
2443 831 2683 900 Spiritu,
2745 835 3152 901 revertantur;
3206 834 3263 886 et
3306 832 3368 885 in
3418 848 3566 887 suos
3618 837 3783 888 artus

2110 918 2310 972 favilla
2342 922 2711 986 concrescat,
2762 935 2947 974 sensu
2994 920 3162 990 prius
3206 920 3458 974 animata
3507 920 3780 991 coeundi,

2109 1023 2283 1078 quam
2315 1007 2516 1077 specie
2546 1006 2862 1062 reformata
2894 1008 3153 1062 vivendi.

2182 1094 2302 1148 151.
2340 1095 2549 1150 Nonne
2582 1096 2642 1149 in
2674 1096 2812 1150 facti
2843 1097 3226 1152 similitudine
3257 1097 3536 1153 unitatem
3566 1098 3784 1155 divinae

2109 1183 2614 1254 recognoscimus
2646 1185 2956 1254 potestatis
2970 1187 2999 1239 ‘2
3026 1185 3125 1240 Sic
3144 1186 3397 1240 suscitat
3414 1186 3692 1256 Spiritus,
3711 1188 3788 1241 si-

2111 1274 2209 1325 cut
2236 1274 2294 1325 et
2322 1272 2609 1326 Dominus
2639 1272 2698 1326 in
2720 1273 3006 1343 passione
3028 1274 3264 1344 propria
3278 1274 3622 1345 suscitavit;
3651 1290 3787 1329 cum

2111 1359 2328 1429 subito,
2362 1359 2421 1413 in
2481 1365 2779 1416 momento
2826 1362 3003 1431 oculi,
3039 1362 3452 1418 defunctorum
3507 1362 3787 1433 sepulcra

2111 1449 2442 1517 patuerunt,
2479 1452 2535 1503 et
2564 1449 2828 1504 rediviva
2859 1465 3108 1521 corpora
3138 1466 3457 1507 surrexere
3488 1451 3560 1506 de
3589 1454 3785 1506 tumu-

2111 1534 2209 1603 lis,
2226 1537 2550 1607 mortisque
2567 1536 2752 1592 fetore
2767 1538 3027 1605 deterso,
3049 1555 3119 1594 ac
3138 1540 3274 1595 vitae
3293 1540 3474 1595 odore
3492 1542 3785 1610 reparato,

2112 1624 2538 1693 exepirantium
2572 1626 2788 1682 favillae
2821 1627 3173 1698 spirantium
3192 1628 3406 1684 faciem
3434 1630 3789 1700 receperunt

2110 1711 2349 1781 (Matth.
2383 1730 2569 1780 xxvu,
2604 1714 2714 1783 52).

2184 1799 2306 1854 152.
2343 1800 2535 1857 Habet
2563 1817 2709 1874 ergo
2753 1803 3009 1873 Spiritus
3052 1805 3211 1876 quod
3259 1804 3437 1862 habet
3477 1805 3783 1864 Christus:

317 1864 635 1949 docuimus
667 1864 973 1948 veritatem
1004 1864 1245 1961 dictum,
1268 1892 1405 1962 quia
1435 1864 1703 1961 etipsum
1733 1864 1993 1946 Joannes
2026 1864 2079 1925 Β
2113 1887 2290 1942 habet
2321 1888 2505 1960 igitur
2550 1864 2710 1961 quod
2759 1864 2937 1947 habet
2981 1864 3175 1964 Deus;
3226 1885 3364 1966 quia
3412 1896 3606 1951 omnia
3653 1911 3788 1967 quae

319 1983 630 2038 veritatem
663 1981 818 2035 sicut
846 1978 1060 2033 Filium
1091 1981 1452 2050 nuncupavit
1479 1980 1668 2049 (.loan.
1703 1996 1824 2049 va,
1860 1979 1995 2049 13)?

323 2071 400 2126 Et
428 2073 491 2125 in
518 2070 751 2141 psalmo
779 2070 858 2123 ait
899 2068 1115 2123 David:
1170 2089 1193 2119 α
1246 2068 1457 2123 Emitte
1490 2068 1681 2122 lucem
1729 2070 1908 2137 tuam,
1940 2072 1998 2121 et

314 2161 635 2214 veritatem
666 2161 846 2227 tuam,
891 2157 1021 2227 ipsa
1049 2172 1142 2211 me
1186 2156 1577 2227 deduxerunt,
1626 2160 1681 2211 et
1728 2156 1994 2210 adduxe-

323 2250 466 2303 runt
497 2248 558 2301 in
587 2252 845 2303 montem
876 2249 1147 2300 sanctum
1183 2248 1369 2314 tuum,
1402 2249 1459 2299 et
1515 2246 1575 2299 in
1616 2242 1994 2298 tabernacula

317 2341 421 2393 tua
453 2335 641 2399 (Psal.
672 2352 815 2404 xui,
845 2333 920 2397 3).
960 2357 983 2381 η
1018 2334 1079 2389 Si
1118 2334 1311 2388 lucem
1335 2326 1478 2388 696
1513 2333 1609 2387 hic
1640 2332 1852 2387 Filium
1880 2348 1993 2401 pu-

322 2429 438 2496 tas,
471 2440 617 2497 ergo
648 2423 904 2495 Spiritus
934 2425 1156 2477 veritas
1188 2427 1314 2477 est:
1364 2425 1464 2476 aut
1492 2422 1547 2476 si
1578 2420 1791 2475 Filium
1820 2426 1992 2491 putas

320 2516 650 2584 veritatem,
684 2529 829 2585 ergo
860 2513 1115 2583 Spiritus
1145 2511 1249 2565 lux
1278 2513 1390 2566 est.

399 2621 522 2676 148.
557 2620 747 2675 Habet
777 2620 936 2673 Deus
985 2634 1198 2673 nomen
1247 2632 1428 2687 super
1467 2632 1637 2671 omne
1670 2632 1904 2686 nomen,
1937 2618 1995 2671 et

324 2711 488 2766 dedit
519 2709 669 2764 Filio
709 2724 944 2777 nomen,
992 2711 1148 2761 sicut
1195 2706 1450 2777 legimus
1491 2706 1773 2777 (Philipp.
1820 2723 1882 2773 ιι,
1912 2706 1990 2775 9),

323 2804 390 2855 ut
408 2814 615 2854 omnes
632 2799 692 2852 in
709 2797 945 2852 nomine
968 2796 1111 2851 Jesu
1136 2810 1331 2867 genua
1350 2796 1604 2859 flectant,
1632 2795 1757 2848 Hoc
1780 2809 1993 2848 nomen

323 2891 526 2943 utrum
556 2886 770 2941 habeat
800 2885 1059 2954 Spiritus
1090 2875 1561 2939 consideremus.
1602 2882 1716 2937 Sed
1749 2886 1806 2937 et
1836 2883 1991 2935 scri-

321 2980 489 3048 ptum
520 2979 646 3030 est:
686 2996 709 3022 α
745 2974 848 3044 lte,
881 2974 1170 3044 baptizate
1199 2976 1410 3044 gentes
1442 2973 1502 3026 in
1531 2973 1766 3029 nomine
1798 2971 1991 3025 Patris

323 3069 384 3121 et
413 3063 523 3119 Fili
566 3067 623 3118 et
662 3062 921 3134 Spiritus
964 3063 1161 3117 Sancti
1210 3062 1421 3124 (Marc.
1464 3077 1585 3131 xvx,
1638 3061 1724 3130 13,
1773 3060 1990 3115 Matth.

2114 1976 2290 2031 habet
2312 1978 2503 2046 Pater,
2521 1978 2698 2033 habet
2714 1983 2771 2034 et
2792 1979 3013 2051 Filius;
3048 1982 3300 2054 ideoque
3322 1983 3498 2054 dixit;
3534 2007 3557 2033 α
3582 1983 3788 2041 Omnia

2111 2079 2244 2135 quae
2276 2064 2453 2121 habet
2484 2066 2675 2139 Pater,
2710 2083 2839 2123 mea
2869 2072 3009 2123 sunt
3040 2068 3225 2130 (Joan.
3257 2088 3380 2143 XVI,
3410 2072 3516 2135 15).
3546 2092 3569 2124 ι

2737 2191 2990 2248 CAPUT
3020 2195 3148 2249 XX.

2107 2311 2169 2366 In
2195 2313 2450 2392 [lumine
2481 2313 2556 2369 de
2576 2315 2722 2392 sede
2752 2316 2867 2371 Dei
2896 2324 3286 2387 promanante
3313 2318 3563 2392 ﬁguram
3593 2319 3787 2377 fuisse

2184 2383 2454 2454 Spiritus
2485 2388 2715 2462 sancti;
2739 2403 2854 2462 per
2892 2383 3073 2462 aquas
3106 2405 3249 2445 vero
3279 2383 3423 2462 quas
3452 2391 3650 2446 David
3663 2408 3786 2462 mef

2182 2462 2393 2544 inerat,
2421 2456 2710 2544 cwlrestes
2738 2456 2994 2513 Virtutes
3022 2456 3649 2544 designari,_Hegnum
3670 2460 3786 2518 Dei

2178 2541 2321 2596 opus
2350 2542 2487 2580 esse
2519 2527 2827 2601 Spiritus;
2860 2545 2973 2601 nec,
2997 2527 3231 2601 mirum,
3266 2534 3322 2586 si
3348 2532 3448 2587 hic
3469 2527 3629 2588 idem
3643 2549 3784 2589 con-

2178 2603 2391 2667 regnet
2425 2614 2550 2651 cum
2574 2598 2748 2668 Filio,
2784 2600 3012 2671 quando
3034 2598 3148 2656 nos
3168 2603 3347 2657 etiam
3378 2603 3540 2659 Filio
3570 2620 3784 2661 conre-

2177 2673 2466 2738 gnaturos
2492 2670 2805 2739 promittat
2833 2671 3071 2726 Pautus.

2181 2790 2303 2845 153.
2338 2789 2532 2863 [Alias
2563 2809 2696 2864 cap.
2736 2793 2918 2868 ΧΧῐ.]
2952 2795 3076 2851 Nec
3108 2796 3250 2851 illud
3269 2796 3586 2869 mediocre,
3612 2798 3773 2871 quod

2108 2880 2182 2934 de
2215 2880 2427 2934 throno
2460 2881 2565 2936 Dei
2594 2882 2758 2938 exire
2787 2884 3033 2939 ﬂuvium
3055 2884 3334 2957 legimus.
3369 2887 3468 2942 Sic
3498 2888 3656 2942 enim
3688 2887 3785 2943 ha-

2107 2967 2239 3036 bes,
2276 2959 2420 3022 697
2447 2965 2678 3019 dicente
2711 2963 2938 3017 Joanne
2971 2966 3377 3037 evangelista:
3416 2988 3439 3015 u
3472 2966 3543 3021 Et
3573 2970 3783 3022 osten-

2109 3056 2193 3109 dit
2226 3056 2368 3109 mihi
2401 3056 2618 3109 ﬂumen
2649 3069 2819 3123 aqua)
2858 3052 3033 3122 vivaa,
3075 3054 3453 3124 splendidum
3497 3058 3781 3127 tanquam

324 3170 539 3223 xxvm,
575 3152 685 3224 19).
718 3151 910 3206 Habet
937 3167 1084 3223 ergo
1113 3166 1329 3207 nomen
1355 3166 1538 3220 super
1561 3166 1732 3204 omne
1753 3164 1987 3204 nomen.
2031 3148 2083 3211 C
2111 3145 2476 3215 crystallum,
2508 3142 2843 3213 procedens
2871 3141 2944 3195 de
2976 3141 3120 3196 sede
3153 3143 3259 3197 Dei
3288 3147 3345 3197 et
3373 3143 3548 3214 agni:
3580 3144 3642 3198 in
3668 3158 3784 3198 me-

320 3243 494 3310 Quod
526 3257 672 3314 ergo
705 3241 883 3295 habet
913 3241 1084 3295 Pater
1113 3243 1171 3294 et
1200 3238 1410 3311 Filius,
1443 3239 1620 3293 habet
1650 3243 1705 3293 et
1733 3238 1988 3308 Spiritus

321 3331 612 3389 naturalis
642 3330 898 3385 nominis
928 3330 1227 3384 unitatem.

394 3438 518 3493 149.
550 3435 744 3510 [Alias
774 3452 902 3506 cap.
936 3434 1089 3508 XX.]
1122 3436 1312 3489 Habet
1340 3436 1500 3491 Deus
1539 3435 1697 3506 quod
1740 3436 1993 3489 suscitat

324 3531 639 3583 mortuos:
678 3549 700 3574 α
735 3526 901 3581 Sicut
941 3526 1097 3580 enim
1140 3524 1311 3578 Pater
1360 3525 1610 3579 suscitat
1639 3528 1902 3585 mertuos
1937 3527 1995 3579 et

321 3617 615 3671 viviﬁcat:
651 3615 741 3669 sic
764 3618 822 3669 et
844 3614 1028 3672 Filius
1050 3630 1203 3685 quos
1242 3614 1386 3684 vult,
1417 3614 1677 3668 vivificat
1712 3614 1900 3684 (Joan.
1934 3631 1992 3682 v,

322 3707 439 3767 21).
481 3726 504 3754 ι
537 3705 795 3759 Suscitat
824 3707 1017 3758 autem
1048 3706 1223 3758 etiam
1240 3702 1494 3773 Spiritus
1517 3718 1623 3773 per
1639 3719 1813 3774 quem
1836 3706 1996 3761 Deus

323 3794 598 3861 suscitat,
633 3808 771 3864 quia
808 3792 1094 3862 scriptum
1136 3795 1263 3847 est:
1320 3815 1342 3840 ιι
1382 3791 1715 3845 Viviﬁcabit
1745 3796 1802 3847 et
1834 3810 1995 3849 mor-

322 3883 466 3937 talia
500 3897 748 3952 corpora
777 3884 973 3936 vestra
1006 3896 1114 3951 per
1142 3880 1500 3935 habitantem
1544 3879 1827 3950 Spiritum
1859 3882 1994 3953 ejus

321 3973 387 4027 in
420 3969 592 4025 vobis
623 3970 803 4033 (Rom.
839 3985 960 4039 vui,
998 3968 1102 4031 11).
1140 3992 1162 4018 ››
1197 3969 1415 4024 Tamen
1446 3985 1518 4024 ne
1548 3971 1836 4025 inﬁrmam
1861 3987 1996 4044 gra-

324 4060 472 4116 tiam
502 4062 696 4131 putes,
728 4058 867 4113 audi
924 4059 1060 4130 quia
1100 4060 1158 4112 et
1212 4057 1469 4127 Spiritus
1526 4060 1796 4129 suscitat,
1856 4060 1996 4114 dicit

324 4150 488 4204 enim
517 4148 801 4219 propheta
835 4146 1137 4201 Ezechiel:
1175 4168 1197 4194 u
1232 4145 1400 4217 Veni,
1435 4147 1995 4219 Spiritus,etinsul‘-

321 4239 407 4293 ﬂa
435 4238 498 4291 in
527 4240 794 4292 mortuos
824 4236 997 4307 istos,
1029 4238 1088 4291 et
1140 4235 1359 4290 vivent.
1419 4235 1491 4289 Et
1543 4237 1883 4307 pr0phetari
1915 4238 1996 4292 si-

324 4328 430 4382 cut
458 4326 757 4381 mandavit
783 4325 946 4397 mihi,
979 4328 1037 4380 et
1066 4325 1303 4380 intravit
1331 4325 1391 4380 in
1413 4339 1518 4379 eos
1548 4324 1803 4397 Spiritus
1836 4327 1991 4397 vitae,

322 4419 385 4472 et
416 4416 710 4486 vixerunt,
743 4417 801 4470 et
829 4417 1117 4470 steterunt
1147 4414 1208 4469 in
1235 4414 1488 4485 pedibus
1520 4416 1649 4469 suis
1673 4430 1996 4487 congrega-

321 4506 411 4559 tio
442 4504 619 4559 nimis
658 4503 838 4559 multa
887 4501 1000 4574 (66)
1060 4503 1308 4573 (Ezech.
1336 4520 1565 4574 xxxvn,
1613 4504 1669 4572 9,
1710 4504 1814 4574 10).
1866 4528 1886 4551 »
1926 4504 1995 4558 Et

322 4593 485 4648 infra
514 4592 675 4648 Deus
703 4592 880 4647 dicit:
920 4613 943 4640 α
980 4591 1193 4647 Scietis
1215 4592 1372 4663 quod
1394 4608 1508 4664 ego
1532 4607 1664 4646 sum
1684 4592 1991 4662 Dominus,

324 4698 465 4738 cum
496 4682 755 4753 aperiam
787 4680 1062 4752 sepulcra
1081 4685 1303 4751 vestra,
1338 4684 1399 4736 ut
1428 4681 1674 4735 educam
1696 4682 1767 4735 de
1798 4682 1995 4752 sepulc

324 4772 453 4827 eris
484 4770 765 4842 populum
795 4786 1028 4825 meum:
1081 4773 1138 4824 et
1184 4770 1336 4824 dabo
1380 4770 1660 4841 Spiritum
1708 4786 1902 4825 meum
1936 4771 1994 4824 in

321 4876 461 4929 vos,
497 4863 554 4915 et
580 4860 794 4914 vivetis
824 4859 994 4929 (Ibid.
1030 4859 1115 4929 13,
1149 4859 1255 4919 14).
1293 4883 1316 4907 π

402 4949 527 5004 150.
564 4949 779 5020 Utique
811 4963 944 5003 cum
989 4948 1267 5019 Spiritum
1318 4965 1493 5003 suum
1539 4949 1773 5018 dixerit,
1819 4966 1992 5003 num-

328 5039 471 5111 quid
505 5038 685 5093 alium
723 5042 941 5110 prseter
970 5038 1249 5108 Spiritum
1283 5044 1552 5093 sanctum
1588 5040 1993 5108 nuncupavit?

329 5129 540 5205 Neque
572 5128 728 5183 enim
751 5128 986 5182 flatilem
1009 5114 1279 5197 spiritum
1303 5144 1476 5182 suum
1498 5128 1739 5195 diceret,
1766 5144 1874 5181 nec
1898 5128 1993 5181 hic

329 5218 580 5289 spiritus
609 5234 643 5271 a
675 5223 926 5289 quatuor
954 5217 1153 5271 mundi
1176 5221 1382 5287 posset
1403 5217 1604 5271 venire
1618 5218 1991 5288 cardinibus;

331 5309 468 5379 quia
502 5312 814 5361 ventorum
850 5308 1022 5361 flatus
1068 5307 1184 5376 hic,
1229 5322 1405 5377 quem
1457 5306 1751 5375 videmus,
1785 5308 1989 5376 partis,

328 5411 449 5451 non
478 5396 882 5451 universitatis
915 5399 1043 5451 est:
1078 5400 1135 5450 et
1164 5395 1260 5449 hic
1292 5395 1536 5465 spiritus
1567 5411 1683 5466 quo
1713 5396 1990 5464 vivimus,

331 5486 726 5558 singulorum,
760 5502 877 5541 non
908 5485 1324 5540 universorum
1356 5488 1448 5540 est
1469 5490 1494 5539 :'
1516 5484 1769 5554 Spiritus
1800 5487 1996 5538 autem

333 5575 525 5630 sancti
554 5579 667 5648 est,
700 5578 764 5631 ut
794 5578 851 5630 et
879 5590 1061 5647 super
1089 5590 1317 5645 omnes,
1369 5577 1427 5629 et
1465 5574 1525 5628 in
1574 5574 1848 5629 omnibus
1895 5574 1993 5630 sit.

403 5719 515 5800 (66)
544 5719 695 5780 Mss.
727 5719 969 5797 aliquot,
1007 5741 1029 5776 α
1063 5718 1563 5797 congregationes
1592 5718 1808 5776 multae.
1842 5741 1864 5768 υ

2022 4461 2079 4524 D

2111 3232 2206 3287 dio
2239 3233 2446 3303 platea:
2480 3232 2637 3303 ejus,
2670 3234 2728 3285 et
2758 3246 2833 3285 ex
2863 3234 3111 3301 utraque
3152 3235 3315 3301 parte
3362 3231 3591 3304 lignum
3619 3233 3783 3303 vitae,

2108 3322 2336 3377 faciens
2367 3322 2597 3376 fructus
2620 3318 2953 3387 duodecim,
2973 3334 3080 3387 per
3100 3318 3375 3391 singulos
3394 3336 3638 3378 menses
3660 3322 3788 3383 red.

2108 3412 2255 3466 dens
2303 3412 2557 3466 fructum
2603 3424 2798 3476 suum,
2841 3409 2899 3461 et
2945 3407 3083 3461 folia
3126 3407 3275 3480 ligni
3314 3408 3390 3463 ad
3430 3410 3786 3467 medicinam

2107 3500 2367 3555 omnium
2401 3499 2664 3570 gentium
2696 3498 2899 3567 (Apoc.
2932 3513 3077 3565 χιιι,
3116 3496 3169 3566 1,
3200 3497 3273 3558 2).

2178 3589 2299 3643 154.
2334 3588 2445 3641 Hic
2466 3587 2770 3656 estutique
2786 3585 3001 3639 ﬂuvius
3024 3585 3095 3639 de
3117 3585 3218 3639 Dei
3243 3586 3387 3642 sede
3417 3588 3773 3657 procedens,

2107 3677 2220 3732 hoc
2251 3681 2365 3746 est,
2389 3676 2646 3746 Spiritus
2674 3677 2938 3742 sanctus,
2979 3689 3152 3744 quem
3182 3674 3332 3729 bibit
3367 3677 3466 3747 qui
3508 3678 3694 3733 credit
3720 3679 3782 3733 in

2108 3765 2430 3833 Christum,
2486 3764 2642 3818 sicut
2687 3763 2817 3833 ipse
2859 3764 2972 3817 ait:
3031 3785 3052 3809 α
3099 3762 3161 3818 Si
3208 3764 3345 3834 quis
3396 3766 3539 3834 sitit,
3586 3767 3785 3822 veniat

2108 3855 2179 3908 ad
2214 3870 2325 3922 me,
2356 3857 2413 3907 et
2442 3852 2637 3907 bibat:
2670 3851 2780 3917 Qui
2810 3852 2996 3905 credit
3027 3852 3085 3904 in
3110 3867 3222 3921 me,
3261 3854 3422 3908 sicut
3459 3854 3600 3909 dicit
3621 3855 3782 3910 Scri-

2107 3947 2311 4014 ptura,
2332 3942 2568 3996 flumina
2592 3942 2664 3995 de
2687 3943 2892 3995 ventre
2916 3939 3050 4011 ejus
3068 3942 3248 3995 tluent
3262 3958 3433 4013 aqum
3455 3943 3628 3999 vivae.
3656 3944 3785 4000 Hoc

2108 4035 2302 4086 autem
2336 4030 2569 4085 dicebat
2601 4029 2673 4084 de
2703 4029 2924 4099 Spiritu
2956 4029 3145 4099 (Joan.
3186 4046 3288 4101 vu,
3326 4029 3416 4102 3'7,
3464 4030 3571 4093 88).
3613 4056 3635 4081 η
3670 4032 3785 4087 Er-

2109 4137 2187 4193 go
2220 4121 2437 4175 flumen
2466 4123 2559 4175 est
2588 4119 2863 4189 Spiritus.

2182 4226 2303 4282 155.
2344 4227 2451 4280 Hic
2508 4226 2691 4298 igitur
2738 4228 2830 4280 est
2873 4225 2933 4279 in
2981 4224 3089 4279 Dei
3141 4224 3325 4295 sede;
3375 4240 3568 4298 neque
3625 4227 3783 4282 enim
3854 4296 3857 4301 ι

2108 4332 2259 4387 aqua
2289 4315 2477 4370 abluit
2502 4314 2608 4370 Dei
2638 4314 2863 4369 sedem.
2916 4314 3181 4385 Denique
3224 4313 3411 4368 David
3442 4330 3561 4369 non
3600 4329 3784 4384 supra

2109 4404 2315 4460 sedem
2345 4404 2452 4458 Dei
2481 4404 2649 4474 dixit,
2684 4403 2791 4459 sed
2824 4419 3004 4474 supra
3034 4402 3218 4457 caelos
3259 4416 3421 4472 esse,
3453 4402 3779 4473 quamlihet

2108 4493 2266 4547 illam
2305 4492 2607 4564 intelligas
2656 4506 2911 4562 aquam;
2958 4490 3094 4561 quia
3141 4489 3428 4560 scriptum
3467 4492 3595 4544 est:
3653 4513 3675 4538 κ
3710 4489 3783 4544 Et

2108 4598 2276 4653 aquae
2310 4597 2443 4652 qua;
2466 4596 2649 4651 super
2670 4579 2855 4634 caelos
2878 4582 3035 4646 sunt,
3072 4578 3311 4632 laudent
3344 4593 3558 4632 nomen
3578 4578 3780 4633 Domi-

2108 4672 2165 4725 ni
2198 4670 2383 4735 (Psal.
2420 4685 2657 4737 chvm,
2682 4668 2758 4738 4).
2814 4691 2836 4715 η
2881 4666 3169 4735 Laudent,
3212 4666 3377 4734 dixit,
3411 4682 3530 4721 non
3559 4666 3777 4725 laudet.

2107 4760 2258 4813 Nam
2288 4760 2340 4813 si
2372 4774 2542 4829 aquae
2574 4757 2926 4811 elementum
2956 4754 3249 4809 voluisset
3276 4754 3548 4828 intelligi,
3583 4755 3782 4813 laudet

2105 4848 2307 4918 utique
2338 4846 2621 4900 dixisset:
2658 4844 2908 4898 dicendo
2940 4846 3134 4898 autem
3163 4842 3487 4914 pluraliter,
3521 4848 3778 4902 virtutes

2104 4936 2289 4991 voluit
2323 4934 2627 4989 aestimari.

2177 5042 2297 5096 156.
2333 5040 2403 5094 Et
2433 5039 2574 5111 quid
2604 5037 2835 5108 mirum,
2870 5038 2923 5093 si
2954 5039 3011 5094 in
3044 5038 3187 5093 sede
3218 5038 3324 5093 Dei
3353 5037 3609 5109 Spiritus
3630 5056 3777 5095 san-

2107 5135 2236 5186 ctus
2268 5133 2378 5197 est,
2407 5144 2539 5182 cum
2572 5127 2766 5197 ipsum
2798 5142 3048 5198 regnum
3084 5126 3188 5181 Dei
3219 5128 3481 5198 operatio
3521 5128 3776 5198 Spiritus

2106 5220 2203 5288 sit,
2236 5218 2692 5286 sicutscriptum
2714 5219 2804 5270 est
2830 5232 2843 5270 :
2882 5236 2903 5266 ι
2939 5214 3082 5280 Quia
3117 5231 3234 5270 non
3265 5220 3358 5271 est
3387 5232 3640 5288 regnum
3670 5217 3778 5272 Dei

2107 5324 2246 5362 esca
2277 5311 2335 5361 et
2355 5309 2527 5376 potus
2561 5303 2687 5373 (67),
2722 5305 2827 5359 sed
2862 5303 3093 5376 justitia
3128 5308 3186 5358 et
3218 5321 3355 5375 pax,
3398 5307 3456 5359 et
3493 5305 3775 5376 gaudium

2106 5396 2166 5450 in
2196 5395 2416 5466 Spiritu
2466 5395 2671 5448 sancto
2722 5390 2903 5451 (Rom.
2956 5409 3076 5463 xxv,
3127 5390 3254 5453 17)?
3304 5415 3325 5440 »
3362 5392 3433 5446 Et
3478 5392 3607 5461 ipse
3641 5407 3774 5446 cum

2107 5483 2247 5539 dicit
2276 5483 2583 5538 Salvator:
2624 5504 2646 5529 «
2676 5480 2861 5536 Omne
2889 5496 3141 5553 regnum
3172 5481 3232 5534 in
3280 5496 3346 5534 se
3392 5479 3588 5549 ipsum
3618 5478 3772 5533 divi-

2106 5588 2242 5629 sum
2262 5572 2599 5627 destruetur
2621 5564 2851 5631 (Matth.
2873 5586 2977 5641 xu,
2995 5568 3107 5629 25).
3137 5589 3159 5618 ι
3185 5567 3395 5623 deinde
3419 5565 3778 5638 ;subjicien-

2184 5714 2297 5792 (6'7)
2325 5712 2477 5775 Mss.
2506 5711 2664 5776 haud
2693 5712 2886 5791 pauci,
2923 5731 2947 5764 ι
2982 5724 3118 5767 caro
3148 5711 3207 5767 et
3232 5709 3427 5785 potus.
3466 5727 3489 5770 ιο
