3964 6168
351 345 472 408 847'
1803 345 1868 406 s.
1925 343 2366 408 AMBROSII.
3621 357 3718 424 343

347 544 422 598 do
451 559 463 599 :
513 565 534 590 ‹‹
569 542 734 608 Quod
770 543 820 595 si
857 543 914 595 in
951 542 1171 612 Spiritu
1204 542 1306 596 Dei
1351 559 1462 614 ego
1497 541 1672 612 ejicio
1712 543 2020 610 daemonia,
2045 529 2098 598 Ᾰ
2136 545 2233 615 qui
2267 544 2511 598 Judaeus
2541 547 2632 599 est
2663 543 2722 597 in
2755 546 2985 600 occuito
3015 559 3028 600 :
3073 548 3129 600 et
3172 547 3518 605 circumcisio
3559 556 3721 612 cordis

341 631 613 710 profecto
649 632 915 700 pervenit
951 631 1006 684 in
1040 648 1150 686 vos
1183 647 1432 702 regnum
1467 632 1569 708 Dei
1618 631 1793 696 (Ibid.
1830 633 1960 702 28);
1998 655 2018 678 η
2133 633 2284 704 intra
2330 633 2656 686 Eeelesiam
2698 638 3130 688 sacramentum
3169 639 3277 688 cst.
3307 635 3412 690 Sed
3448 638 3532 692 illa
3557 641 3722 698 Judaza

349 721 607 775 ostendit
649 737 898 791 regnum
948 721 1052 773 Dei
1105 721 1473 774 individuum
1526 721 1642 774 sibi
1699 737 1837 774 esse
1889 737 2020 774 cum
2135 721 2283 774 intra
2309 720 2872 790 Eeelesiam,dequa
2894 723 3177 790 seiiptum
3202 724 3727 797 est(Psal.Lxxv,l).

351 807 594 884 spiam.
2141 831 2162 856 α
2194 807 2384 863 Notus
2408 810 2463 861 in
2486 809 2687 862 Judaea
2723 809 2918 863 Deus:
2955 833 2976 856 υ
3023 826 3166 882 ergo
3204 813 3351 866 sicut
3368 816 3481 867 rota
3511 816 3638 870 intra
3654 835 3732 873 ro-

421 897 544 950 15Ἶ.
581 897 730 960 Quid
762 900 954 950 autem
987 897 1338 964 dementius,
1373 913 1544 966 quam
1572 899 1632 950 ut
1655 900 1832 967 neget
1863 897 2026 967 quis-
2135 901 2249 950 tam
2293 897 2493 963 currit,
2538 897 2810 950 similiter
2844 897 2954 952 alae
2989 899 3240 964 stabant,
3275 905 3329 953 et
3357 901 3458 955 alie
3486 904 3733 960 volabant.

351 1001 527 1056 quam
557 985 794 1039 Christo
828 1001 1196 1057 conregnare
1234 985 1512 1055 Spiritum
1547 989 1855 1052 sanctum;
1891 1000 2023 1037 cum
2208 985 2329 1039 163.
2365 985 2648 1038 Similiter
2677 988 2732 1039 et
2770 1009 2791 1033 ιι
2827 985 3136 1056 Seraphim
3159 987 3384 1042 duabus
3413 989 3514 1044 alis
3543 991 3732 1058 faciem,

351 1073 523 1128 etiam
557 1090 666 1128 nos
699 1076 757 1127 in
789 1073 1011 1127 Christi
1053 1089 1238 1145 regno
1284 1078 1753 1144 conregnaturos
1787 1073 2022 1126 Christo
2137 1076 2193 1126 et
2225 1073 2454 1126 duabus
2505 1074 2688 1142 pedes
2718 1073 3013 1140 volabant,
3065 1078 3120 1128 et
3169 1075 3395 1130 duabus
3433 1078 3736 1134 volabant.»

353 1163 679 1231 Ape._.tolus
711 1163 894 1216 dicat:
946 1183 967 1212 α
1023 1162 1084 1215 Si
1136 1164 1291 1216 enim
1327 1163 1672 1215 commortui
1708 1178 1936 1229 sumus,
1972 1164 2028 1214 et
2140 1161 2288 1214 Nam
2322 1161 2417 1214 hic
2447 1176 2684 1232 quoque
2716 1161 2999 1231 spiritalis
3029 1163 3336 1232 sapientiae
3365 1173 3742 1222 sacramentum

359 1252 782 1319 convivemus;
834 1251 886 1304 si
919 1251 1306 1318 sustinemus,
1342 1255 1398 1303 et
1429 1249 1926 1320 conregnabimus
1949 1248 2035 1314 (II
2139 1253 2248 1302 est.
2283 1249 2448 1303 Stant
2478 1254 2763 1324 tempora,
2800 1249 2995 1302 volant
3021 1252 3320 1320 tempora:
3355 1256 3502 1307 stant
3527 1257 3744 1324 praeteri-

363 1339 507 1393 Tim.
547 1357 606 1408 ιι,
645 1339 730 1407 11,
767 1339 847 1398 12)
887 1354 947 1407 »ς
983 1340 1087 1392 sed
1108 1355 1219 1392 nos
1253 1353 1359 1408 per
1379 1338 1772 1408 adoptionem,
1795 1337 1892 1390 ille
1925 1351 2030 1406 per
2137 1340 2214 1406 ta,
2249 1337 2448 1391 volant
2479 1336 2712 1391 futura:
2765 1341 2820 1391 et
2871 1339 3038 1408 quasi
3071 1339 3180 1393 alas
3211 1339 3528 1411 Seraphim,
3577 1343 3640 1396 ita
3680 1343 3750 1397 fa-

354 1431 740 1499 potestatem;
775 1443 884 1480 nos
919 1429 1128 1497 gratia,
1159 1426 1258 1479 ille
1289 1430 1514 1480 natura.
2139 1426 2290 1479 ciem
2331 1425 2458 1494 Dei,
2492 1426 2584 1479 vel
2617 1425 2800 1494 pedes
2833 1425 3032 1480 volant
3062 1443 3132 1482 eo
3163 1428 3400 1498 quodin
3424 1429 3536 1484 Deo
3565 1431 3751 1500 quinec

427 1517 550 1570 158.
585 1516 774 1569 Habet
821 1516 1004 1586 igitur
1055 1515 1421 1568 consortium
1462 1513 1633 1585 regni
1679 1529 1810 1568 cum
1853 1514 2026 1567 Patre
2139 1513 2492 1582 principium
2530 1529 2639 1567 nec
2671 1513 2846 1568 tinem
2897 1514 3092 1584 habet,
3129 1517 3322 1572 omnis
3362 1517 3434 1572 ab
3463 1517 3565 1572 hac
3593 1519 3758 1590 cognio

355 1607 412 1660 et
444 1604 592 1659 Filio
618 1605 788 1658 etiam
821 1605 1077 1673 Spiritus
1125 1608 1387 1670 sanctus,
1427 1604 1526 1673 qui
1566 1602 1740 1656 unius
1780 1605 2026 1671 naturae,

354 1693 533 1748 unius
567 1692 1004 1756 dominationis,
1039 1694 1218 1746 unius
1253 1693 1425 1744 etiam
1457 1691 1766 1761 potestatis
1797 1693 1906 1744 cst.

971 1832 1224 1888 CAPUT
1269 1833 1422 1886 XXI.

2138 1603 2295 1656 tione
2327 1601 2598 1672 principii
2629 1603 2762 1672 ejus
2786 1606 2842 1656 et
2873 1603 3009 1656 finis
3029 1619 3246 1658 cursus
3267 1608 3581 1674 temporum
3616 1605 3758 1660 feria-

2138 1692 2251 1744 tur.
2287 1689 2412 1760 (69).
2448 1693 2611 1744 Stant
2641 1705 2786 1762 ergo
2818 1693 3111 1760 praeterita
3139 1693 3232 1746 vel
3257 1693 3469 1764 futura,
3492 1693 3765 1765 praesentia

2139 1779 2358 1833 volant.
2393 1779 2480 1832 Ne
2511 1795 2746 1849 quaeras
2777 1780 3047 1850 principii
3089 1781 3246 1851 ejus,
3281 1782 3375 1836 vel
3407 1783 3538 1837 finis
3567 1797 3762 1849 arcana,

2062 1901 2116 1964 Β
2143 1883 2275 1938 quae
2307 1883 2424 1922 non
2448 1871 2605 1922 sunt.
2639 1868 2840 1922 Habes
2869 1872 3188 1949 praesentia
3216 1887 3230 1924 :
3267 1871 3377 1926 sed
3405 1871 3648 1940 laudato,
3675 1885 3771 1925 non

2145 1957 2393 2010 discute.

2217 2045 2339 2100 164.
2373 2045 2684 2116 Seraphim
2716 2046 3040 2101 indefessis
3073 2047 3328 2103 vocibus
3361 2047 3610 2114 laudant,
3647 2049 3699 2100 et
3726 2048 3778 2100 tu

2145 2133 2436 2188 discutis‘?
2467 2135 2631 2198 Quod
2659 2135 2854 2204 utique
2875 2151 3008 2189 eum
3029 2135 3274 2205 faciunt,
3301 2135 3615 2190 ostendunt
3634 2133 3778 2188 nobis

2145 2238 2263 2276 non
2295 2222 2608 2293 aliquando
2639 2223 3095 2293 discutiendum,
3129 2225 3242 2278 sed
3273 2240 3512 2296 semper
3529 2239 3658 2278 esse
3681 2223 3782 2276 Iau-

2145 2311 2421 2365 dandum.
2449 2311 2606 2382 Ergo
2634 2311 2918 2365 Dominus
2937 2312 3192 2366 Sabaoth
3212 2319 3272 2368 et
3294 2313 3552 2384 Spiritus
3573 2316 3784 2367 sanctus

2148 2403 2260 2454 est.
2283 2399 2478 2471 [Alias
2509 2416 2634 2468 cap.
2668 2399 2904 2472 XXIII.]
2934 2401 3066 2454 Nisi
3111 2399 3266 2455 forte
3319 2402 3592 2471 diSplicet
3619 2399 3787 2469 impiis

2148 2489 2354 2542 doctor
2389 2503 2566 2558 quem
2595 2489 2872 2542 Christus
2907 2489 3121 2560 elegit:
3158 2494 3260 2544 aut
3295 2491 3611 2544 Dominum
3641 2489 3794 2541 virtu-

2146 2581 2266 2631 tum
2298 2591 2518 2647 negare
2549 2582 2802 2646 possunt
2833 2578 3115 2647 Spiritum
3166 2583 3470 2650 sanctum,
3503 2578 3602 2649 qui
3645 2577 3793 2632 donat

2147 2680 2294 2735 quas
2325 2665 2577 2720 voluerit
2606 2667 2735 2736 ipse
2767 2667 3036 2720 virtutes.

357 1976 610 2032 Missum
642 1992 672 2029 a
710 1974 946 2046 Spiritu
977 1973 1166 2046 fuisse
1200 1973 1432 2038 Isaiam,
1463 1973 1830 2046 proindeque
1871 1987 2032 2026 eum-

431 2049 564 2102 dem
603 2047 895 2117 Spiritum
927 2045 1000 2099 ab
1036 2062 1102 2099 eo
1141 2045 1688 2117 visumarQuidper
1719 2049 2036 2096 currentes

429 2125 614 2184 rotas,
641 2115 878 2188 alasque
902 2117 1183 2168 diversas
1214 2115 1684 2188 intelligendum,
1723 2123 1779 2167 et
1803 2129 2034 2188 quara-

433 2191 592 2242 tione
626 2205 750 2241 cum
778 2185 1047 2257 Spiritus
1075 2203 1105 2240 a
1129 2187 1445 2256 Serapliim
1481 2186 1846 2256 przedieetur
1877 2185 2035 2238 Deus

431 2261 717 2324 Sabaoth,
753 2260 860 2312 [100
879 2261 936 2312 ei
955 2274 1161 2312 nomen
1184 2258 1394 2327 negari
1417 2258 1538 2310 nisi
1569 2257 1642 2310 ab
1674 2257 1872 2326 impiis
1895 2271 2032 2309 neu-

434 2332 480 2384 ti
485 2347 650 2402 quam
676 2331 889 2400 possit.
1129 2332 1138 2338 ”

435 2452 560 2508 159.
593 2452 789 2525 [Alias
819 2468 944 2522 cap.
981 2449 1214 2522 XXIII.]
1249 2451 1450 2522 Itaque
1485 2466 1618 2504 cum
1651 2449 1864 2504 habent
1894 2465 2034 2504 con-

363 2543 612 2597 sortium
644 2541 836 2612 regni,
873 2541 1012 2611 quid
1044 2540 1240 2594 obstat
1261 2541 1579 2610 quominus
1606 2539 1884 2608 Spiritum
1911 2556 2040 2593 san-

364 2636 521 2686 ctum
555 2631 978 2700 intelligamus,
1009 2645 1042 2682 a
1071 2645 1188 2700 quo
1211 2629 1396 2681 Isaias
1421 2629 1645 2682 missus
1669 2629 1800 2682 est?
1831 2629 2038 2698 Neque

363 2720 518 2776 enim
553 2719 731 2772 Paulo
751 2733 1074 2788 possumus
1093 2721 1332 2770 auctore
1354 2717 1642 2785 dubitare,
1683 2716 1858 2786 cujus
1895 2732 2037 2770 sen-

363 2810 606 2864 tentiam
633 2808 692 2861 in
715 2807 963 2860 Actibus
992 2805 1395 2875 apostolorum
1431 2806 1626 2859 Lucas
1671 2805 2041 2875 evangelista

364 2898 454 2953 sic
475 2897 764 2968 probavit,
792 2899 851 2949 ut
865 2895 1175 2949 scriberet.
1194 2895 1456 2964 Denique
1473 2895 1562 2948 sic
1580 2893 1788 2962 habes,
1806 2894 2037 2947 dicente

363 2986 546 3042 Paulo
572 3001 584 3040 :
623 3009 643 3030 α
686 2985 841 3038 Bene
873 2983 1108 3037 locutus
1133 2987 1226 3036 est
1242 2983 1497 3052 Spiritus
1520 2985 1765 3036 sanctus
1786 2997 1893 3051 per
1917 2982 2038 3035 lsa-
2216 2982 2389 3052 lfafée
2418 2982 3000 3052 ιοοᾳεριγρξξίξαιιυιχε
3032 2982 3089 3052 εει
3121 2986 3182 3052 ζμ
3207 2986 3360 3052 {1-5:}?
3385 2982 3720 3052 qUIDUS._V¢l
3745 2982 3769 3042 ίέ

2217 3039 2405 3092 Patre
2444 3039 2539 3093 vel
2563 3039 2637 3092 de
2673 3037 2832 3110 Filio
2880 3037 2977 3092 vel
3005 3039 3078 3092 de
3113 3039 3363 3110 Spiritu
3395 3037 3706 3110 expositus
3724 3037 3810 3110 sit,

364 3075 484 3129 iam
514 3074 585 3127 ad
617 3077 816 3144 patres
849 3075 1110 3139 nostros,
1145 3072 1390 3126 dicens:
1425 3071 1582 3124 Vade
1601 3071 1672 3124 ad
1703 3070 1934 3140 plebem
1967 3069 2042 3124 is-
2217 3069 2237 3092 ¹
2273 3069 2405 3092 ί¹⁰¹⁴⁷
2435 3069 2533 3116 ."°"
2563 3069 2637 3092 “‘7
2673 3069 2832 3118 “.‘"’
2857 3069 2970 3137 ff"
3005 3069 3078 3092 ""'
3113 3069 3362 3123 “P‘f‘m
3401 3069 3704 3138 “PU?”“°
3724 3069 3810 3099 °"’

372 3167 382 3172 _
566 3167 574 3172 .
621 3163 657 3172 ..
787 3164 798 3172 .
1050 3161 1086 3172 ..
1135 3160 1169 3172 ..
1291 3163 1301 3172 .
1477 3159 1487 3169 .
1540 3164 1549 3172 .
1744 3160 1778 3172 ..
1925 3163 1934 3172 ,
2006 3158 2016 3168 ,
2218 3110 2434 3163 nullam
2457 3125 2670 3162 sensus
2691 3102 3812 3165 diversuatemluissedeclatatur.Ad

365 3167 504 3231 tam,
526 3167 581 3216 et
603 3163 696 3216 (1ίο
723 3164 928 3251 εμΑιιιτθ
956 3160 1231 3230 audietis,
1251 3163 1308 3251 ei
1329 3175 1448 3251 {109
1473 3159 1817 3251 ίηίβηίεθιίε
1843 3175 1856 3227 ;
1887 3159 2043 3251 et}?
2217 3159 3148 3251 iisa‘injegeigspaliitiniae
3164 3159 3628 3251 gessissem
3646 3175 3811 3251 cruci-

369 3253 578 3306 dcntes
610 3249 912 3316 videbitis,
945 3254 1000 3304 et
1025 3265 1143 3304 non
1174 3249 1479 3319 aspicietis
1509 3249 1666 3316 (Act.
1710 3264 1914 3316 xxvm,
1949 3247 2038 3316 ‘25,
2076 3251 2128 3314 C
2217 3247 2930 3324 ﬁxusdieaturDoininus
2952 3251 3316 3324 maiestatis,
3345 3247 3631 3324 ejus—cum
3655 3247 3816 3324 Patre

369 3339 484 3411 26),
523 3363 544 3387 η
1247 3316 1264 3319 —
1812 3383 1828 3398 η
2219 3337 2285 3374 ac
2301 3322 2464 3374 Filio
2488 3328 2647 3411 [apta
2669 3320 2978 3411 aequalitas
2994 3316 3389 3411 est-eliditur;
3403 3329 3464 3376 ut
3490 3323 3677 3392 ipsum
3697 3316 3816 3370 hinc

445 3392 566 3481 160.
595 3427 850 3496 Spiritus
879 3441 1024 3498 ergo
1057 3429 1168 3493 est,
1204 3425 1307 3496 qui
1350 3423 1510 3478 misit
1539 3424 1772 3477 Isaiam.
1806 3392 1868 3476 Si
1895 3413 2042 3478 698
2220 3392 2821 3463 "unquamdejccwri
2841 3392 3219 3446 SintArjam'

380 3517 637 3587 Spiritus
669 3516 870 3582 misit,
901 3515 1155 3584 Spiritus
1203 3516 1295 3568 est
1343 3515 1542 3583 utique
1583 3528 1778 3583 quem,
1813 3515 2042 3565 mortuo

371 3608 520 3663 Ozia
552 3622 713 3677 rege,
747 3607 894 3659 vidit
925 3605 1111 3658 Isaias
1141 3604 1375 3674 quando
1407 3605 1586 3658 dixit:
1626 3626 1648 3650 ιε
1687 3602 1816 3656 Vidi
1851 3601 2046 3656 Domi-

375 3712 512 3750 num
539 3695 795 3748 Sabaoth
829 3695 1136 3747 sedentem
1168 3709 1351 3762 super
1378 3694 1610 3746 thorum
1643 3691 1950 3746 excelsum
1991 3694 2047 3744 et

377 3783 691 3848 elevalum,
718 3785 774 3834 et
804 3781 974 3850 plena
1007 3785 1130 3835 erat
1163 3783 1373 3835 domus
1414 3782 1744 3851 majestatis
1777 3779 1944 3851 ejus:
1993 3783 2049 3834 et

387 3869 696 3938 Seraphim
726 3870 959 3921 stabant
990 3870 1046 3921 in
1080 3870 1328 3924 circuitu
1360 3868 1525 3938 ejus;
1559 3884 1669 3922 sex
1699 3869 1808 3922 alae
1841 3869 1962 3937 uni,
1991 3871 2047 3922 et

379 3972 488 4012 sex
519 3957 628 4010 alae
659 3956 845 4024 alteri,
881 3960 937 4008 et
984 3955 1214 4010 duabus
1246 3956 1519 4010 valabant
1557 3957 1767 4010 faciem
1800 3955 1955 4027 ejus,
1991 3959 2048 4010 et

378 4045 610 4100 duabus
641 4045 920 4099 volabant
966 4045 1150 4113 pedes
1183 4044 1339 4115 ejus,
1372 4049 1428 4099 et
1473 4045 1704 4098 duabus
1733 4044 2046 4114 volabant;

379 4138 436 4189 et
466 4133 796 4188 clamabant
827 4133 974 4186 alt-er
1023 4133 1096 4186 ad
1139 4132 1406 4200 alterum,
1443 4139 1498 4186 et
1550 4133 1860 4188 dicebant:
1896 4132 2048 4186 San-

2744 2788 2996 2843 CAPUT
3026 2791 3208 2845 XXII.

2153 2897 2436 2969 Utgregni
2455 2896 2651 2968 unitas
2674 2896 2967 2966 probetur
2979 2897 3038 2950 in
3060 2897 3262 2952 tribus
3277 2898 3591 2969 personis,
3617 2896 3807 2969 citatus

2216 2963 2389 3040 [sane
2418 2963 3000 3040 locusexpeuditur;
3033 2975 3089 3040 et
3121 2971 3182 3040 in
3207 2963 3295 3023 iis
3326 2986 3360 3023 a
3385 2969 3611 3040 quibus
3637 2965 3723 3018 vel
3745 2963 3805 3040 de

2220 3497 2342 3552 165.
2377 3497 2546 3551 Nunc
2589 3497 2867 3551 unitatem
2902 3497 3237 3568 majestatis
3283 3502 3347 3554 et
3389 3498 3570 3572 regni
3609 3492 3741 3550 lieet
3773 3491 3820 3543 in

2151 3589 2340 3653 Patre,
2375 3586 2731 3657 Filioque,et
2755 3589 2960 3639 sancto
2983 3587 3208 3656 Spiritu
3239 3600 3658 3662 cognoscere.
3696 3581 3824 3636 Nam

2149 3675 2414 3745 plerique
2465 3676 2665 3728 dicunt
2699 3673 2938 3728 Patrem
2973 3666 3117 3730 699
3150 3677 3352 3732 Deum
3403 3677 3482 3730 ab
3531 3674 3682 3728 Isaia
3731 3669 3826 3724 hoc

2149 3767 2411 3833 tempore
2442 3764 2637 3817 visum
2687 3763 2824 3832 (Isa.
2859 3781 2935 3830 vr,
2973 3765 3040 3825 1).
3087 3765 3322 3820 Paulus
3372 3764 3665 3834 Spiritum
3695 3756 3822 3812 dixit

2152 3853 2311 3922 (Act.
2345 3869 2551 3919 xxviii,
2583 3852 2694 3922 ‘25),
2727 3853 2922 3906 Lucas
2954 3853 3248 3923 probavxt,
3287 3854 3572 3908 Joannes
3603 3860 3832 3916 evange-

2151 3941 2289 3996 lista
2319 3941 2389 3994 ad
2426 3939 2637 3994 Filium
2668 3941 2886 3995 retulit.
2922 3941 3019 3995 Sic
3069 3943 3229 3996 enim
3284 3943 3594 4012 scriptum
3642 3941 3729 3992 est
3770 3933 3829 3986 de

2155 4030 2302 4084 Filio
2335 4030 2523 4098 (Joan.
2557 4047 2660 4098 xu,
2694 4030 2920 4097 36-41):
2969 4053 2991 4078 «ί
3027 4031 3170 4084 Haec
3218 4031 3482 4085 locutus
3525 4033 3622 4084 est
3651 4027 3832 4087 Jesus,

2156 4123 2211 4172 et
2241 4119 2402 4188 abiit,
2437 4121 2492 4172 et
2524 4119 2836 4172 abscondit
2865 4135 2932 4174 se
2977 4120 3050 4173 ab
3085 4119 3202 4174 his.
3246 4118 3412 4174 Cum
3459 4121 3660 4172 autem
3698 4112 3834 4166 tanta

2157 4209 2330 4277 signa
2363 4207 2610 4261 fecisset
2642 4221 2838 4260 coram
2871 4207 2980 4277 eis,
3005 4222 3121 4261 non
3143 4208 3495 4262 credebant
3527 4207 3590 4260 in
3621 4218 3766 4264 eum,
3788 4200 3841 4252 ut

2158 4312 2355 4350 sermo
2391 4295 2559 4348 Isaiae
2589 4295 2950 4365 impleretur,
2975 4311 3150 4366 quem
3173 4297 3366 4352 dixit:
3406 4297 3688 4362 Domine,
3721 4289 3838 4360 quis

453 4403 576 4457 161,
611 4400 675 4456 Si
717 4401 954 4454 stabant
1003 4374 1334 4469 δὲιιθριιίηι,
1363 4374 1678 4469 ἐιυάιηοδο
1728 4374 2052 4452 νοιέιίθιῇιεῖ
2159 4384 2408 4438 credidit
2445 4385 2665 4438 auditui
2708 4387 2935 4454 nostro,
2980 4388 3036 4438 et
3085 4385 3420 4439 brachium
3477 4381 3718 4440 Domini
3764 4374 3845 4469 cui

386 4492 449 4547 Sl
477 4490 776 4559 volabant,
811 4487 1106 4560 quomodo
1131 4467 1418 4542 sitabant‘f
1441 4487 1500 4540 Si
1529 4487 1642 4541 hoc
1674 4503 1791 4541 non
1826 4501 2048 4556 possu-
2157 4473 2480 4527 revelatum
2512 4476 2603 4526 est
2636 4472 2768 4533 (Ῐδθι
2795 4489 2912 4542 ωιιγ
2947 4473 2998 4542 1)
3019 4475 3048 4526 Ῡ
3081 4473 3423 4542 Propterea
3447 4490 3573 4528 non
3595 4467 3844 4542 [1‘0terant

382 4596 515 4636 mus
546 4577 1068 4648 comprehendere,
1103 4575 1398 4647 quomodo
1421 4575 1606 4630 Deum
1629 4574 2050 4645 comprendere
2079 4599 2134 4662 Β
2159 4563 2420 4628 credere,
2455 4561 2588 4632 quia
2623 4562 2831 4660 iterum
2861 4561 3008 4614 (“XII
3051 4561 3275 4616 Isaias:
3332 4560 3696 4618 Excaecavit
3725 4570 3847 4662 00“:

382 4644 889 4737 volumus;quem
921 4682 1039 4719 ηοη
1071 4644 1342 4719 νίάρηωε
1365 4665 1394 4719 9
1763 4644 1778 4645 ﬁ
2079 4644 2130 4662 "
2159 4651 2248 4704 los
2283 4666 2506 4720 eorum,
2539 4653 2594 4702 et
2625 4649 2919 4703 induravit
2950 4665 3053 4704 cor
3081 4665 3320 4720 eorum,
3362 4656 3432 4706 ut
3475 4667 3602 4706 non
3631 4644 3849 4701 videant

456 4754 579 4810 162,
613 4756 730 4810 sed
763 4756 920 4809 sicut
968 4758 1156 4808 rotam
1203 4754 1357 4808 intra
1392 4757 1579 4808 rolam
1613 4753 1858 4820 (E2901),
1887 4770 1927 4822 ι,
1967 4751 2053 4814 46)
2160 4739 2370 4806 oculis,
2407 4743 2462 4794 et
2495 4739 2672 4792 corde
2704 4738 3052 4810 intelligant,
3086 4743 3143 4793 et
3174 4744 3654 4810 convertantur,
3688 4739 3742 4792 et
3770 4747 3851 4822 sa-

382 4844 531 4898 vidit
560 4843 843 4912 propheta
867 4846 1204 4897 currentem
1235 4843 1414 4913 (quod
1437 4843 1634 4912 utique
1672 4857 1789 4896 non
1820 4841 1890 4894 ad
1915 4821 2023 4894 cor

2175 4829 2313 4881 mbo
2349 4843 2454 4882 eos
2504 4827 2644 4896 (Isa.
2696 4841 2771 4897 vx,
2826 4825 2898 4887 9).
2954 4827 3096 4882 Haec
3140 4828 3292 4882 dicit
3349 4830 3580 4900 Isaias,
3633 4821 3851 4898 quando

385 4931 606 5002 poralis
625 4931 878 4984 refertur
909 4931 1168 5000 speciem
1201 4931 1472 4998 visionis,
1508 4930 1615 4985 sed
1644 4931 1715 4984 ad
1748 4929 2055 4999 utriusque
2163 4917 2305 4970 Vidit
2333 4916 2699 4988 majestate!“
2729 4914 2884 4986 ejus,
2919 4919 2976 4970 et
3004 4917 3240 4972 IOCUIUS
3279 4921 3383 4973 est
3417 4920 3496 4972 de
3530 4933 3628 4973 eo.
3665 4935 3687 4966 ι

386 5020 634 5091 gratiam
665 5019 1063 5086 Testamenti;
1097 5019 1233 5089 quia
1265 5023 1422 5073 teres
1445 5018 1562 5071 vita
1592 5022 1930 5072 sanctorum
1955 5017 2050 5086 sit,
2237 5006 2357 5060 166·
2398 5007 2528 5076 Ipsa
2559 5006 2740 5059 verba
2763 5005 2910 5058 dixit
2943 5006 3204 5060 Joannes
3237 5007 3501 5063 dixisse
3546 5007 3777 5072 Isaiam,
3809 5003 3858 5054 εί

380 4226 512 4279 ctus
535 4227 801 4291 sanctus,
823 4224 1065 4275 sanctus
1091 4221 1378 4275 Dominus
1397 4219 1554 4275 Deus
1570 4221 1855 4275 Sabaoth:
1878 4221 2050 4291 plena

379 4317 472 4368 est
486 4313 764 4367 universa
782 4315 933 4364 terra
956 4309 1264 4382 majestate
1288 4309 1462 4382 cujus
1481 4309 1591 4378 (.68)
1606 4295 1744 4379 (ἴδει.
1766 4326 1844 4379 vx,
1861 4308 1912 4378 1,
1927 4309 2002 4378 8).
2022 4333 2044 4356 ι.

387 5113 444 5164 et
475 5109 548 5162 ita
581 5108 696 5162 sibi
721 5109 1062 5173 concinens,
1088 5113 1150 5161 ut
1179 5107 1592 5176 superioribus
1614 5106 1941 5176 posteriora
1965 5121 2054 5159 re-

387 5197 737 5270 spondeant.
790 5197 933 5251 Rota
985 5197 1166 5266 igitur
1211 5196 1363 5250 intra
1409 5201 1593 5249 rotam
1641 5199 1732 5248 est
1780 5195 1896 5248 vita
1943 5193 2054 5248 sub

386 5288 540 5358 lege,
568 5288 680 5340 vita
707 5285 818 5339 sub
839 5286 1042 5356 gratia,
1071 5301 1140 5339 co
1160 5287 1314 5356 quod
1340 5285 1542 5338 Judzea
1559 5285 1706 5337 intra
1728 5283 2056 5336 Ecclesium

388 5378 484 5447 sit,
521 5377 618 5430 lex
665 5377 818 5430 intra
864 5375 1133 5447 gratiam.
1172 5374 1320 5427 Nam
1371 5374 1520 5426 intra
1570 5373 1897 5426 Ecclesium
1942 5376 2054 5440 est,

459 5521 571 5588 (68)
600 5520 843 5584 Quidam
870 5535 1040 5584 mss.,
1071 5521 1264 5570 «terra
1293 5516 1478 5587 gloria
1499 5514 1828 5588 majestatis
1848 5513 2002 5585 ejus.
2033 5534 2053 5561 »

461 5587 571 5658 ((59)
598 5592 764 5660 Ejus.
791 5597 845 5643 et
883 5607 1010 5660 seq.
1054 5590 1192 5642 edit.
1219 5607 1351 5640 ιιυιιι
1395 5603 1540 5640 mss.
1578 5587 1898 5650 nonnullis,
1930 5607 1950 5632 α
1987 5600 2056 5638 eo

391 5663 546 5732 quod
591 5663 647 5715 in
699 5664 818 5715 Deo
851 5663 1189 5732 (HUIIIWAID
1246 5660 1521 5712 limum...
1575 5673 1790 5732 cursus
1830 5661 2059 5732 tempo-

392 5727 526 5793 rum
556 5732 810 5790 feratur:
852 5727 874 5782 ii
911 5730 1152 5788 Amerb.
1179 5735 1374 5786 autem
1397 5745 1530 5786 cum
1551 5729 1685 5786 aliis
1707 5743 1854 5784 mss.
1879 5727 2058 5784 multo

2164 5097 2532 5167 majestatem
2563 5095 2614 5147 ei
2647 5094 2779 5147 Filii
2809 5097 3160 5164 apparuisse
3193 5096 3681 5151 evidentissima
3711 5102 3859 5146 reve-

2165 5186 2339 5239 lavit:
2377 5183 2592 5237 Paulus
2624 5187 2815 5236 autem
2834 5183 3113 5253 Spiritum
3139 5184 3275 5238 haec
3298 5185 3555 5240 dixisse
3579 5194 3860 5240 memora-

2163 5275 2263 5328 vit.
2300 5273 2467 5326 Undc
2499 5268 2682 5343 igitur
2709 5271 2820 5325 ista
2855 5273 3216 5328 diversitas?

2237 5363 2356 5416 167.
2393 5363 2719 5416 Diversitas
2753 5362 2992 5432 quidem
3023 5362 3382 5434 verborum,
3421 5379 3553 5419 non
3586 5371 3864 5417 sensuum

2167 5506 2435 5579 pluribus
2469 5509 2531 5579 ut
2563 5506 2620 5559 in
2645 5508 2834 5579 textu,
2869 5506 2985 5558 nisi
3028 5505 3206 5579 quod,
3231 5521 3358 5576 pro
3396 5528 3422 5558 ε
3463 5503 3808 5579 cognitione
3839 5519 3857 5545 β

2167 5582 2224 5631 in
2257 5577 2610 5646 quibusdam
2645 5577 2878 5648 legitur,
2918 5600 2938 5622 «
2976 5577 3372 5648 cegitatione.
3407 5601 3432 5626 κ
3470 5577 3712 5632 Sensus
3736 5584 3864 5626 vero

2168 5653 2278 5716 est,
2311 5649 2370 5701 in
2402 5648 2522 5722 Deo
2555 5649 2652 5722 qui
2687 5649 3008 5722 aeternitate
3037 5650 3410 5722 immutabili
3433 5650 3684 5722 fruitur,
3725 5648 3864 5701 tem-

2166 5737 2376 5798 porum
2407 5721 2574 5776 vices
2603 5719 2797 5778 locum
2827 5735 2946 5778 non
2975 5719 3210 5778 habere.
