  <div class='ocr_page' id='page_1' title='image "/cluster/home/n/w/nwhite01/storage/ocr_20150623/16/hvd.32044096580444/430.png"; bbox 0 0 3964 6168; ppageno 0'>
   <div class='ocr_carea' id='block_1_1' title="bbox 266 266 3710 339">
    <p class='ocr_par' dir='ltr' id='par_1_1' title="bbox 266 266 3710 339">
     <span class='ocr_line' id='line_1_1' title="bbox 266 266 3710 339; baseline 0.003 -14"><span class='ocrx_word' id='word_1_1' title='bbox 266 266 372 339; x_wconf 81' lang='lat'><strong>849</strong></span> <span class='ocrx_word' id='word_1_2' title='bbox 1262 267 1373 328; x_wconf 92' lang='lat' dir='ltr'><strong>DE</strong></span> <span class='ocrx_word' id='word_1_3' title='bbox 1414 267 2642 335; x_wconf 84' lang='lat' dir='ltr'><strong>INCARNATIONE—ADMONITIO.</strong></span> <span class='ocrx_word' id='word_1_4' title='bbox 3589 270 3710 336; x_wconf 87' lang='lat'><strong>850</strong></span> 
     </span>
    </p>
   </div>
   <div class='ocr_carea' id='block_1_2' title="bbox 264 451 3739 545">
    <p class='ocr_par' dir='ltr' id='par_1_2' title="bbox 264 451 3739 545">
     <span class='ocr_line' id='line_1_2' title="bbox 264 451 3739 545; baseline 0 -17"><span class='ocrx_word' id='word_1_5' title='bbox 264 474 357 529; x_wconf 87' lang='lat' dir='ltr'><strong>est.</strong></span> <span class='ocrx_word' id='word_1_6' title='bbox 387 467 671 524; x_wconf 77' lang='lat' dir='ltr'><strong>Namlicet</strong></span> <span class='ocrx_word' id='word_1_7' title='bbox 701 466 937 522; x_wconf 89' lang='lat' dir='ltr'><strong>diversa</strong></span> <span class='ocrx_word' id='word_1_8' title='bbox 957 467 1230 535; x_wconf 74' lang='lat' dir='ltr'><strong>dixerint,</strong></span> <span class='ocrx_word' id='word_1_9' title='bbox 1258 467 1455 520; x_wconf 88' lang='lat' dir='ltr'><strong>nullus</strong></span> <span class='ocrx_word' id='word_1_10' title='bbox 1480 467 1715 533; x_wconf 88' lang='lat' dir='ltr'><strong>erravit,</strong></span> <span class='ocrx_word' id='word_1_11' title='bbox 1750 467 1887 536; x_wconf 83' lang='lat' dir='ltr'><strong>quia</strong></span> <span class='ocrx_word' id='word_1_12' title='bbox 1948 451 2006 511; x_wconf 91' lang='grc' dir='ltr'><strong>Α</strong></span> <span class='ocrx_word' id='word_1_13' title='bbox 2044 468 2341 537; x_wconf 77' lang='lat' dir='ltr'><strong>Christus,</strong></span> <span class='ocrx_word' id='word_1_14' title='bbox 2376 470 2481 524; x_wconf 91' lang='lat' dir='ltr'><strong>sed</strong></span> <span class='ocrx_word' id='word_1_15' title='bbox 2513 486 2666 525; x_wconf 89' lang='lat' dir='ltr'><strong>unus</strong></span> <span class='ocrx_word' id='word_1_16' title='bbox 2699 474 2791 526; x_wconf 91' lang='lat' dir='ltr'><strong>est</strong></span> <span class='ocrx_word' id='word_1_17' title='bbox 2823 487 2835 527; x_wconf 94' lang='lat'>:</span> <span class='ocrx_word' id='word_1_18' title='bbox 2869 475 2925 526; x_wconf 90' lang='lat' dir='ltr'><strong>et</strong></span> <span class='ocrx_word' id='word_1_19' title='bbox 2954 475 3086 527; x_wconf 89' lang='lat' dir='ltr'><strong>ante</strong></span> <span class='ocrx_word' id='word_1_20' title='bbox 3126 472 3346 527; x_wconf 83' lang='lat' dir='ltr'><strong>saecula</strong></span> <span class='ocrx_word' id='word_1_21' title='bbox 3396 488 3470 528; x_wconf 80' lang='lat' dir='ltr'><strong>ex</strong></span> <span class='ocrx_word' id='word_1_22' title='bbox 3505 473 3739 545; x_wconf 59' lang='lat' dir='ltr'><strong>Patre,~</strong></span> 
     </span>
    </p>
   </div>
   <div class='ocr_carea' id='block_1_3' title="bbox 255 556 1892 627">
    <p class='ocr_par' dir='ltr' id='par_1_3' title="bbox 255 556 1892 627">
     <span class='ocr_line' id='line_1_3' title="bbox 255 556 1892 627; baseline -0.004 -12"><span class='ocrx_word' id='word_1_23' title='bbox 255 566 301 615; x_wconf 88' lang='lat' dir='ltr'><strong>et</strong></span> <span class='ocrx_word' id='word_1_24' title='bbox 331 561 495 613; x_wconf 87' lang='lat' dir='ltr'><strong>Pater</strong></span> <span class='ocrx_word' id='word_1_25' title='bbox 524 557 752 611; x_wconf 91' lang='lat' dir='ltr'><strong>videtur</strong></span> <span class='ocrx_word' id='word_1_26' title='bbox 782 557 842 610; x_wconf 91' lang='lat' dir='ltr'><strong>in</strong></span> <span class='ocrx_word' id='word_1_27' title='bbox 877 557 1049 625; x_wconf 87' lang='lat' dir='ltr'><strong>Filio,</strong></span> <span class='ocrx_word' id='word_1_28' title='bbox 1086 557 1185 627; x_wconf 92' lang='lat' dir='ltr'><strong>qui</strong></span> <span class='ocrx_word' id='word_1_29' title='bbox 1218 557 1365 609; x_wconf 70' lang='lat' dir='ltr'><strong>tliXit</strong></span> <span class='ocrx_word' id='word_1_30' title='bbox 1401 574 1411 609; x_wconf 88' lang='lat'><strong>:</strong></span> <span class='ocrx_word' id='word_1_31' title='bbox 1452 578 1473 601; x_wconf 87' lang='grc'><strong>‹‹</strong></span> <span class='ocrx_word' id='word_1_32' title='bbox 1529 557 1636 621; x_wconf 84' lang='lat' dir='ltr'><strong>Qui</strong></span> <span class='ocrx_word' id='word_1_33' title='bbox 1688 573 1778 609; x_wconf 86' lang='lat' dir='ltr'><strong>me</strong></span> <span class='ocrx_word' id='word_1_34' title='bbox 1808 556 1892 608; x_wconf 87' lang='lat' dir='ltr'><strong>vi-</strong></span> 
     </span>
    </p>
   </div>
   <div class='ocr_carea' id='block_1_4' title="bbox 255 646 1894 714">
    <p class='ocr_par' dir='ltr' id='par_1_4' title="bbox 255 646 1894 714">
     <span class='ocr_line' id='line_1_4' title="bbox 255 646 1894 714; baseline -0.003 -12"><span class='ocrx_word' id='word_1_35' title='bbox 255 649 356 714; x_wconf 90' lang='lat' dir='ltr'><strong>det,</strong></span> <span class='ocrx_word' id='word_1_36' title='bbox 385 647 533 700; x_wconf 83' lang='lat' dir='ltr'><strong>videt</strong></span> <span class='ocrx_word' id='word_1_37' title='bbox 573 650 630 699; x_wconf 89' lang='lat' dir='ltr'><strong>et</strong></span> <span class='ocrx_word' id='word_1_38' title='bbox 658 647 891 699; x_wconf 80' lang='lat' dir='ltr'><strong>Patrem</strong></span> <span class='ocrx_word' id='word_1_39' title='bbox 924 647 1092 714; x_wconf 79' lang='lat' dir='ltr'><strong>(Joan</strong></span> <span class='ocrx_word' id='word_1_40' title='bbox 1142 663 1261 713; x_wconf 70' lang='lat' dir='ltr'><strong>xxv,</strong></span> <span class='ocrx_word' id='word_1_41' title='bbox 1295 646 1369 713; x_wconf 79' lang='lat'><strong>9).</strong></span> <span class='ocrx_word' id='word_1_42' title='bbox 1428 668 1448 695; x_wconf 66' lang='grc' dir='ltr'><strong>ν</strong></span> <span class='ocrx_word' id='word_1_43' title='bbox 1486 646 1557 700; x_wconf 82' lang='grc' dir='ltr'><strong>Ει</strong></span> <span class='ocrx_word' id='word_1_44' title='bbox 1589 646 1771 699; x_wconf 80' lang='lat' dir='ltr'><strong>Filius</strong></span> <span class='ocrx_word' id='word_1_45' title='bbox 1802 647 1894 698; x_wconf 88' lang='lat' dir='ltr'><strong>vi-</strong></span> 
     </span>
    </p>
   </div>
   <div class='ocr_carea' id='block_1_5' title="bbox 255 734 1897 806">
    <p class='ocr_par' dir='ltr' id='par_1_5' title="bbox 255 734 1897 806">
     <span class='ocr_line' id='line_1_5' title="bbox 255 734 1897 806; baseline -0.001 -17"><span class='ocrx_word' id='word_1_46' title='bbox 255 736 408 790; x_wconf 88' lang='lat' dir='ltr'><strong>detur</strong></span> <span class='ocrx_word' id='word_1_47' title='bbox 432 736 491 788; x_wconf 91' lang='lat' dir='ltr'><strong>in</strong></span> <span class='ocrx_word' id='word_1_48' title='bbox 519 734 757 804; x_wconf 86' lang='lat' dir='ltr'><strong>Spiritu,</strong></span> <span class='ocrx_word' id='word_1_49' title='bbox 784 736 919 806; x_wconf 87' lang='lat' dir='ltr'><strong>quia</strong></span> <span class='ocrx_word' id='word_1_50' title='bbox 952 736 1107 789; x_wconf 85' lang='lat' dir='ltr'><strong>sicut</strong></span> <span class='ocrx_word' id='word_1_51' title='bbox 1143 757 1163 783; x_wconf 89' lang='lat'>«</span> <span class='ocrx_word' id='word_1_52' title='bbox 1192 737 1378 790; x_wconf 82' lang='lat' dir='ltr'><strong>Nemo</strong></span> <span class='ocrx_word' id='word_1_53' title='bbox 1412 736 1550 789; x_wconf 83' lang='lat' dir='ltr'><strong>dicit</strong></span> <span class='ocrx_word' id='word_1_54' title='bbox 1584 735 1897 788; x_wconf 79' lang='lat' dir='ltr'><strong>Dominum</strong></span> 
     </span>
    </p>
   </div>
   <div class='ocr_carea' id='block_1_6' title="bbox 248 822 1897 893">
    <p class='ocr_par' dir='ltr' id='par_1_6' title="bbox 248 822 1897 893">
     <span class='ocr_line' id='line_1_6' title="bbox 248 822 1897 893; baseline -0.001 -16"><span class='ocrx_word' id='word_1_55' title='bbox 248 824 435 877; x_wconf 77' lang='lat' dir='ltr'><strong>Jesum</strong></span> <span class='ocrx_word' id='word_1_56' title='bbox 462 822 575 877; x_wconf 87' lang='lat' dir='ltr'><strong>nisi</strong></span> <span class='ocrx_word' id='word_1_57' title='bbox 605 824 667 877; x_wconf 91' lang='lat' dir='ltr'><strong>in</strong></span> <span class='ocrx_word' id='word_1_58' title='bbox 705 822 923 892; x_wconf 85' lang='lat' dir='ltr'><strong>Spiritu</strong></span> <span class='ocrx_word' id='word_1_59' title='bbox 974 828 1179 878; x_wconf 90' lang='lat' dir='ltr'><strong>sancto</strong></span> <span class='ocrx_word' id='word_1_60' title='bbox 1215 826 1270 893; x_wconf 81' lang='grc' dir='ltr'><strong>(Ι</strong></span> <span class='ocrx_word' id='word_1_61' title='bbox 1316 825 1449 878; x_wconf 79' lang='lat' dir='ltr'><strong>Cor.</strong></span> <span class='ocrx_word' id='word_1_62' title='bbox 1496 841 1598 892; x_wconf 66' lang='lat' dir='ltr'><strong>xu,</strong></span> <span class='ocrx_word' id='word_1_63' title='bbox 1646 824 1718 889; x_wconf 83' lang='lat'><strong>8),</strong></span> <span class='ocrx_word' id='word_1_64' title='bbox 1761 845 1780 869; x_wconf 74' lang='grc' dir='ltr'><strong><em>ιι</em></strong></span> <span class='ocrx_word' id='word_1_65' title='bbox 1821 823 1897 875; x_wconf 88' lang='lat' dir='ltr'><strong>ita</strong></span> 
     </span>
    </p>
   </div>
   <div class='ocr_carea' id='block_1_7' title="bbox 245 910 1897 985">
    <p class='ocr_par' dir='ltr' id='par_1_7' title="bbox 245 910 1897 985">
     <span class='ocr_line' id='line_1_7' title="bbox 245 910 1897 985; baseline -0.002 -18"><span class='ocrx_word' id='word_1_66' title='bbox 245 927 349 967; x_wconf 87' lang='lat' dir='ltr'><strong>non</strong></span> <span class='ocrx_word' id='word_1_67' title='bbox 377 910 591 965; x_wconf 82' lang='lat' dir='ltr'><strong>carnali</strong></span> <span class='ocrx_word' id='word_1_68' title='bbox 630 912 821 979; x_wconf 91' lang='lat' dir='ltr'><strong>oculo,</strong></span> <span class='ocrx_word' id='word_1_69' title='bbox 856 913 961 965; x_wconf 89' lang='lat' dir='ltr'><strong>sed</strong></span> <span class='ocrx_word' id='word_1_70' title='bbox 1008 913 1254 981; x_wconf 79' lang='lat' dir='ltr'><strong>spiritali</strong></span> <span class='ocrx_word' id='word_1_71' title='bbox 1290 914 1474 985; x_wconf 88' lang='lat' dir='ltr'><strong>gratia</strong></span> <span class='ocrx_word' id='word_1_72' title='bbox 1506 912 1780 967; x_wconf 83' lang='lat' dir='ltr'><strong>Christus</strong></span> <span class='ocrx_word' id='word_1_73' title='bbox 1814 913 1897 964; x_wconf 90' lang='lat' dir='ltr'><strong>vi-</strong></span> 
     </span>
    </p>
   </div>
   <div class='ocr_carea' id='block_1_8' title="bbox 246 999 1892 1075">
    <p class='ocr_par' dir='ltr' id='par_1_8' title="bbox 246 999 1892 1075">
     <span class='ocr_line' id='line_1_8' title="bbox 246 999 1892 1075; baseline -0.001 -20"><span class='ocrx_word' id='word_1_74' title='bbox 246 1001 415 1055; x_wconf 86' lang='lat' dir='ltr'><strong>detur.</strong></span> <span class='ocrx_word' id='word_1_75' title='bbox 450 999 616 1053; x_wconf 90' lang='lat' dir='ltr'><strong>Unde</strong></span> <span class='ocrx_word' id='word_1_76' title='bbox 649 1003 706 1054; x_wconf 92' lang='lat' dir='ltr'><strong>et</strong></span> <span class='ocrx_word' id='word_1_77' title='bbox 737 1000 1037 1070; x_wconf 87' lang='lat' dir='ltr'><strong>Scriptura</strong></span> <span class='ocrx_word' id='word_1_78' title='bbox 1070 1002 1148 1055; x_wconf 88' lang='lat' dir='ltr'><strong>ait</strong></span> <span class='ocrx_word' id='word_1_79' title='bbox 1176 1022 1192 1055; x_wconf 89' lang='grc'>.·</span> <span class='ocrx_word' id='word_1_80' title='bbox 1232 1024 1252 1049; x_wconf 81' lang='grc' dir='ltr'><em>α</em></span> <span class='ocrx_word' id='word_1_81' title='bbox 1290 1003 1499 1073; x_wconf 82' lang='lat' dir='ltr'><strong>Surge,</strong></span> <span class='ocrx_word' id='word_1_82' title='bbox 1526 1003 1625 1072; x_wconf 89' lang='lat' dir='ltr'><strong>qui</strong></span> <span class='ocrx_word' id='word_1_83' title='bbox 1650 1004 1892 1075; x_wconf 73' lang='lat' dir='ltr'><strong>dormis,</strong></span> 
     </span>
    </p>
   </div>
   <div class='ocr_carea' id='block_1_9' title="bbox 244 1090 1895 1158">
    <p class='ocr_par' dir='ltr' id='par_1_9' title="bbox 244 1090 1895 1158">
     <span class='ocr_line' id='line_1_9' title="bbox 244 1090 1895 1158; baseline 0.001 -14"><span class='ocrx_word' id='word_1_84' title='bbox 244 1093 292 1144; x_wconf 88' lang='lat' dir='ltr'><strong>et</strong></span> <span class='ocrx_word' id='word_1_85' title='bbox 327 1105 578 1158; x_wconf 83' lang='lat' dir='ltr'><strong>exsurge</strong></span> <span class='ocrx_word' id='word_1_86' title='bbox 610 1105 643 1141; x_wconf 87' lang='lat' dir='ltr'><strong>a</strong></span> <span class='ocrx_word' id='word_1_87' title='bbox 691 1091 961 1158; x_wconf 86' lang='lat' dir='ltr'><strong>mortuis,</strong></span> <span class='ocrx_word' id='word_1_88' title='bbox 1005 1095 1059 1144; x_wconf 90' lang='lat' dir='ltr'><strong>et</strong></span> <span class='ocrx_word' id='word_1_89' title='bbox 1106 1090 1412 1145; x_wconf 87' lang='lat' dir='ltr'><strong>illucescet</strong></span> <span class='ocrx_word' id='word_1_90' title='bbox 1456 1092 1561 1145; x_wconf 87' lang='lat' dir='ltr'><strong>tibi</strong></span> <span class='ocrx_word' id='word_1_91' title='bbox 1619 1092 1895 1145; x_wconf 75' lang='lat' dir='ltr'><strong>Christus</strong></span> 
     </span>
    </p>
   </div>
   <div class='ocr_carea' id='block_1_10' title="bbox 247 1176 1893 1249">
    <p class='ocr_par' dir='ltr' id='par_1_10' title="bbox 247 1176 1893 1249">
     <span class='ocr_line' id='line_1_10' title="bbox 247 1176 1893 1249; baseline 0.002 -18"><span class='ocrx_word' id='word_1_92' title='bbox 247 1178 473 1248; x_wconf 76' lang='lat' dir='ltr'><strong>(Ephes.</strong></span> <span class='ocrx_word' id='word_1_93' title='bbox 509 1194 565 1243; x_wconf 89' lang='lat' dir='ltr'><strong>v,</strong></span> <span class='ocrx_word' id='word_1_94' title='bbox 612 1176 718 1247; x_wconf 66' lang='grc'>14).</span> <span class='ocrx_word' id='word_1_95' title='bbox 767 1197 790 1227; x_wconf 65' lang='grc' dir='ltr'><strong><em>υ</em></strong></span> <span class='ocrx_word' id='word_1_96' title='bbox 825 1178 896 1231; x_wconf 86' lang='lat' dir='ltr'><strong>Et</strong></span> <span class='ocrx_word' id='word_1_97' title='bbox 928 1178 1147 1233; x_wconf 81' lang='lat' dir='ltr'><strong>Paulus</strong></span> <span class='ocrx_word' id='word_1_98' title='bbox 1181 1197 1314 1233; x_wconf 89' lang='lat' dir='ltr'><strong>cum</strong></span> <span class='ocrx_word' id='word_1_99' title='bbox 1355 1180 1563 1234; x_wconf 90' lang='lat' dir='ltr'><strong>oculos</strong></span> <span class='ocrx_word' id='word_1_100' title='bbox 1595 1180 1893 1249; x_wconf 89' lang='lat' dir='ltr'><strong>perdidis-</strong></span> 
     </span>
    </p>
   </div>
   <div class='ocr_carea' id='block_1_11' title="bbox 246 1266 1896 1342">
    <p class='ocr_par' dir='ltr' id='par_1_11' title="bbox 246 1266 1896 1342">
     <span class='ocr_line' id='line_1_11' title="bbox 246 1266 1896 1342; baseline 0.002 -23"><span class='ocrx_word' id='word_1_101' title='bbox 246 1268 342 1331; x_wconf 87' lang='lat' dir='ltr'><strong>set,</strong></span> <span class='ocrx_word' id='word_1_102' title='bbox 374 1266 664 1335; x_wconf 88' lang='lat' dir='ltr'><strong>quomodo</strong></span> <span class='ocrx_word' id='word_1_103' title='bbox 683 1266 797 1320; x_wconf 88' lang='lat' dir='ltr'><strong>nisi</strong></span> <span class='ocrx_word' id='word_1_104' title='bbox 823 1266 881 1320; x_wconf 93' lang='lat' dir='ltr'><strong>in</strong></span> <span class='ocrx_word' id='word_1_105' title='bbox 913 1267 1133 1336; x_wconf 83' lang='lat' dir='ltr'><strong>Spiritu</strong></span> <span class='ocrx_word' id='word_1_106' title='bbox 1165 1269 1310 1331; x_wconf 86' lang='lat'><strong>700</strong></span> <span class='ocrx_word' id='word_1_107' title='bbox 1334 1267 1635 1323; x_wconf 82' lang='lat' dir='ltr'><strong>Christum</strong></span> <span class='ocrx_word' id='word_1_108' title='bbox 1658 1269 1896 1342; x_wconf 66' lang='lat' dir='ltr'><strong>videbat</strong></span> 
     </span>
    </p>
   </div>
   <div class='ocr_carea' id='block_1_12' title="bbox 243 1354 1892 1423">
    <p class='ocr_par' dir='ltr' id='par_1_12' title="bbox 243 1354 1892 1423">
     <span class='ocr_line' id='line_1_12' title="bbox 243 1354 1892 1423; baseline 0.004 -17"><span class='ocrx_word' id='word_1_109' title='bbox 243 1354 382 1423; x_wconf 84' lang='lat' dir='ltr'><strong>(Act.</strong></span> <span class='ocrx_word' id='word_1_110' title='bbox 416 1372 491 1417; x_wconf 80' lang='lat' dir='ltr'><strong>ix,</strong></span> <span class='ocrx_word' id='word_1_111' title='bbox 516 1355 576 1421; x_wconf 78' lang='lat'><strong>8)</strong></span> <span class='ocrx_word' id='word_1_112' title='bbox 600 1356 628 1409; x_wconf 68' lang='grc' dir='ltr'><strong>ἱ)</strong></span> <span class='ocrx_word' id='word_1_113' title='bbox 657 1355 826 1409; x_wconf 88' lang='lat' dir='ltr'><strong>Unde</strong></span> <span class='ocrx_word' id='word_1_114' title='bbox 860 1360 914 1410; x_wconf 93' lang='lat' dir='ltr'><strong>et</strong></span> <span class='ocrx_word' id='word_1_115' title='bbox 938 1357 1222 1410; x_wconf 83' lang='lat' dir='ltr'><strong>Dominus</strong></span> <span class='ocrx_word' id='word_1_116' title='bbox 1254 1358 1333 1410; x_wconf 86' lang='lat' dir='ltr'><strong>ait</strong></span> <span class='ocrx_word' id='word_1_117' title='bbox 1368 1374 1378 1411; x_wconf 93' lang='lat'>:</span> <span class='ocrx_word' id='word_1_118' title='bbox 1422 1381 1440 1405; x_wconf 80' lang='grc' dir='ltr'><em>α</em></span> <span class='ocrx_word' id='word_1_119' title='bbox 1481 1360 1566 1412; x_wconf 78' lang='lat' dir='ltr'><strong>Ad</strong></span> <span class='ocrx_word' id='word_1_120' title='bbox 1600 1359 1713 1412; x_wconf 86' lang='lat' dir='ltr'><strong>hoc</strong></span> <span class='ocrx_word' id='word_1_121' title='bbox 1739 1361 1892 1413; x_wconf 86' lang='lat' dir='ltr'><strong>enim</strong></span> 
     </span>
    </p>
   </div>
   <div class='ocr_carea' id='block_1_13' title="bbox 246 1442 1893 1515">
    <p class='ocr_par' dir='ltr' id='par_1_13' title="bbox 246 1442 1893 1515">
     <span class='ocr_line' id='line_1_13' title="bbox 246 1442 1893 1515; baseline 0.005 -21"><span class='ocrx_word' id='word_1_122' title='bbox 246 1442 342 1495; x_wconf 86' lang='lat' dir='ltr'><strong>tibi</strong></span> <span class='ocrx_word' id='word_1_123' title='bbox 383 1443 550 1497; x_wconf 91' lang='lat' dir='ltr'><strong>visus</strong></span> <span class='ocrx_word' id='word_1_124' title='bbox 581 1459 715 1498; x_wconf 90' lang='lat' dir='ltr'><strong>sum</strong></span> <span class='ocrx_word' id='word_1_125' title='bbox 741 1487 755 1515; x_wconf 89' lang='lat'><strong>,</strong></span> <span class='ocrx_word' id='word_1_126' title='bbox 812 1447 875 1499; x_wconf 89' lang='lat' dir='ltr'><strong>ut</strong></span> <span class='ocrx_word' id='word_1_127' title='bbox 905 1447 1324 1499; x_wconf 79' lang='lat' dir='ltr'><strong>constitueram</strong></span> <span class='ocrx_word' id='word_1_128' title='bbox 1372 1451 1425 1501; x_wconf 88' lang='lat' dir='ltr'><strong>te</strong></span> <span class='ocrx_word' id='word_1_129' title='bbox 1465 1448 1798 1501; x_wconf 88' lang='lat' dir='ltr'><strong>ministrum</strong></span> <span class='ocrx_word' id='word_1_130' title='bbox 1839 1454 1893 1502; x_wconf 90' lang='lat' dir='ltr'><strong>et</strong></span> 
     </span>
    </p>
   </div>
   <div class='ocr_carea' id='block_1_14' title="bbox 240 1532 1890 1605">
    <p class='ocr_par' dir='ltr' id='par_1_14' title="bbox 240 1532 1890 1605">
     <span class='ocr_line' id='line_1_14' title="bbox 240 1532 1890 1605; baseline 0.004 -22"><span class='ocrx_word' id='word_1_131' title='bbox 240 1532 430 1584; x_wconf 83' lang='lat' dir='ltr'><strong>testem</strong></span> <span class='ocrx_word' id='word_1_132' title='bbox 456 1532 679 1601; x_wconf 87' lang='lat' dir='ltr'><strong>quibus</strong></span> <span class='ocrx_word' id='word_1_133' title='bbox 712 1533 912 1587; x_wconf 89' lang='lat' dir='ltr'><strong>vidisti</strong></span> <span class='ocrx_word' id='word_1_134' title='bbox 968 1551 1078 1603; x_wconf 90' lang='lat' dir='ltr'><strong>me,</strong></span> <span class='ocrx_word' id='word_1_135' title='bbox 1125 1538 1179 1587; x_wconf 90' lang='lat' dir='ltr'><strong>et</strong></span> <span class='ocrx_word' id='word_1_136' title='bbox 1208 1535 1266 1587; x_wconf 93' lang='lat' dir='ltr'><strong>in</strong></span> <span class='ocrx_word' id='word_1_137' title='bbox 1300 1535 1515 1605; x_wconf 86' lang='lat' dir='ltr'><strong>quibus</strong></span> <span class='ocrx_word' id='word_1_138' title='bbox 1549 1536 1792 1589; x_wconf 84' lang='lat' dir='ltr'><strong>visurus</strong></span> <span class='ocrx_word' id='word_1_139' title='bbox 1824 1553 1890 1590; x_wconf 90' lang='lat' dir='ltr'><strong>es</strong></span> 
     </span>
    </p>
   </div>
   <div class='ocr_carea' id='block_1_15' title="bbox 242 1618 1889 1694">
    <p class='ocr_par' dir='ltr' id='par_1_15' title="bbox 242 1618 1889 1694">
     <span class='ocr_line' id='line_1_15' title="bbox 242 1618 1889 1694; baseline 0.005 -24"><span class='ocrx_word' id='word_1_140' title='bbox 242 1618 380 1685; x_wconf 81' lang='lat' dir='ltr'><strong>(Act.</strong></span> <span class='ocrx_word' id='word_1_141' title='bbox 413 1635 577 1688; x_wconf 77' lang='lat' dir='ltr'><strong>xxvx,</strong></span> <span class='ocrx_word' id='word_1_142' title='bbox 612 1621 722 1690; x_wconf 96' lang='grc'>16).</span> <span class='ocrx_word' id='word_1_143' title='bbox 762 1646 783 1668; x_wconf 83' lang='grc'><strong>››</strong></span> <span class='ocrx_word' id='word_1_144' title='bbox 821 1622 970 1676; x_wconf 84' lang='lat' dir='ltr'><strong>Nam</strong></span> <span class='ocrx_word' id='word_1_145' title='bbox 1001 1627 1057 1676; x_wconf 90' lang='lat' dir='ltr'><strong>et</strong></span> <span class='ocrx_word' id='word_1_146' title='bbox 1086 1624 1387 1692; x_wconf 67' lang='lat' dir='ltr'><strong>prOphctze</strong></span> <span class='ocrx_word' id='word_1_147' title='bbox 1423 1624 1699 1694; x_wconf 72' lang='lat' dir='ltr'><strong>Spiritum</strong></span> <span class='ocrx_word' id='word_1_148' title='bbox 1731 1625 1889 1678; x_wconf 86' lang='lat' dir='ltr'><strong>acci-</strong></span> 
     </span>
    </p>
   </div>
   <div class='ocr_carea' id='block_1_16' title="bbox 238 1706 1229 1776">
    <p class='ocr_par' dir='ltr' id='par_1_16' title="bbox 238 1706 1229 1776">
     <span class='ocr_line' id='line_1_16' title="bbox 238 1706 1229 1776; baseline 0.007 -18"><span class='ocrx_word' id='word_1_149' title='bbox 238 1706 472 1776; x_wconf 86' lang='lat' dir='ltr'><strong>piebant,</strong></span> <span class='ocrx_word' id='word_1_150' title='bbox 509 1712 572 1762; x_wconf 89' lang='lat' dir='ltr'><strong>et</strong></span> <span class='ocrx_word' id='word_1_151' title='bbox 600 1708 899 1764; x_wconf 82' lang='lat' dir='ltr'><strong>Christum</strong></span> <span class='ocrx_word' id='word_1_152' title='bbox 932 1712 1229 1766; x_wconf 79' lang='lat' dir='ltr'><strong>videbant.</strong></span> 
     </span>
    </p>
   </div>
   <div class='ocr_carea' id='block_1_17' title="bbox 307 1796 1888 1873">
    <p class='ocr_par' dir='ltr' id='par_1_17' title="bbox 307 1796 1888 1873">
     <span class='ocr_line' id='line_1_17' title="bbox 307 1796 1888 1873; baseline 0.004 -23"><span class='ocrx_word' id='word_1_153' title='bbox 307 1796 417 1851; x_wconf 84' lang='grc'>168.</span> <span class='ocrx_word' id='word_1_154' title='bbox 455 1797 589 1852; x_wconf 88' lang='lat' dir='ltr'><strong>Una</strong></span> <span class='ocrx_word' id='word_1_155' title='bbox 622 1798 802 1871; x_wconf 83' lang='lat' dir='ltr'><strong>igitur</strong></span> <span class='ocrx_word' id='word_1_156' title='bbox 823 1800 997 1865; x_wconf 87' lang='lat' dir='ltr'><strong>visio,</strong></span> <span class='ocrx_word' id='word_1_157' title='bbox 1022 1817 1135 1853; x_wconf 88' lang='lat' dir='ltr'><strong>una</strong></span> <span class='ocrx_word' id='word_1_158' title='bbox 1155 1801 1493 1870; x_wconf 59' lang='lat' dir='ltr'><strong>praeceptio,</strong></span> <span class='ocrx_word' id='word_1_159' title='bbox 1528 1818 1639 1855; x_wconf 90' lang='lat' dir='ltr'><strong>una</strong></span> <span class='ocrx_word' id='word_1_160' title='bbox 1673 1802 1888 1873; x_wconf 82' lang='lat' dir='ltr'><strong>majes-</strong></span> 
     </span>
    </p>
   </div>
   <div class='ocr_carea' id='block_1_18' title="bbox 239 1889 1888 1961">
    <p class='ocr_par' dir='ltr' id='par_1_18' title="bbox 239 1889 1888 1961">
     <span class='ocr_line' id='line_1_18' title="bbox 239 1889 1888 1961; baseline 0 -15"><span class='ocrx_word' id='word_1_161' title='bbox 239 1894 334 1946; x_wconf 87' lang='lat' dir='ltr'><strong>tas.</strong></span> <span class='ocrx_word' id='word_1_162' title='bbox 365 1892 454 1945; x_wconf 75' lang='lat' dir='ltr'><strong>An</strong></span> <span class='ocrx_word' id='word_1_163' title='bbox 484 1904 780 1961; x_wconf 76' lang='lat' dir='ltr'><strong>negamus</strong></span> <span class='ocrx_word' id='word_1_164' title='bbox 840 1889 1014 1942; x_wconf 84' lang='lat' dir='ltr'><strong>etiam</strong></span> <span class='ocrx_word' id='word_1_165' title='bbox 1048 1889 1359 1943; x_wconf 86' lang='lat' dir='ltr'><strong>Dominum</strong></span> <span class='ocrx_word' id='word_1_166' title='bbox 1390 1890 1718 1960; x_wconf 82' lang='lat' dir='ltr'><strong>majestatis</strong></span> <span class='ocrx_word' id='word_1_167' title='bbox 1751 1908 1888 1947; x_wconf 85' lang='lat' dir='ltr'><strong>esse</strong></span> 
     </span>
    </p>
   </div>
   <div class='ocr_carea' id='block_1_19' title="bbox 2044 557 3709 631">
    <p class='ocr_par' dir='ltr' id='par_1_19' title="bbox 2044 557 3709 631">
     <span class='ocr_line' id='line_1_19' title="bbox 2044 557 3709 631; baseline 0.005 -23"><span class='ocrx_word' id='word_1_168' title='bbox 2044 560 2107 609; x_wconf 90' lang='lat' dir='ltr'><strong>ut</strong></span> <span class='ocrx_word' id='word_1_169' title='bbox 2141 557 2243 610; x_wconf 91' lang='lat' dir='ltr'><strong>Dei</strong></span> <span class='ocrx_word' id='word_1_170' title='bbox 2269 557 2454 612; x_wconf 80' lang='lat' dir='ltr'><strong>Filius</strong></span> <span class='ocrx_word' id='word_1_171' title='bbox 2494 563 2666 614; x_wconf 88' lang='lat' dir='ltr'><strong>natus</strong></span> <span class='ocrx_word' id='word_1_172' title='bbox 2698 564 2753 614; x_wconf 89' lang='lat' dir='ltr'><strong>et</strong></span> <span class='ocrx_word' id='word_1_173' title='bbox 2784 562 2844 615; x_wconf 89' lang='lat' dir='ltr'><strong>in</strong></span> <span class='ocrx_word' id='word_1_174' title='bbox 2875 563 3137 631; x_wconf 85' lang='lat' dir='ltr'><strong>saeculo,</strong></span> <span class='ocrx_word' id='word_1_175' title='bbox 3200 565 3263 616; x_wconf 90' lang='lat' dir='ltr'><strong>ut</strong></span> <span class='ocrx_word' id='word_1_176' title='bbox 3302 562 3477 617; x_wconf 88' lang='lat' dir='ltr'><strong>homo</strong></span> <span class='ocrx_word' id='word_1_177' title='bbox 3511 564 3709 619; x_wconf 88' lang='lat' dir='ltr'><strong>carnis</strong></span> 
     </span>
    </p>
   </div>
   <div class='ocr_carea' id='block_1_20' title="bbox 2043 647 2818 718">
    <p class='ocr_par' dir='ltr' id='par_1_20' title="bbox 2043 647 2818 718">
     <span class='ocr_line' id='line_1_20' title="bbox 2043 647 2818 718; baseline 0.008 -21"><span class='ocrx_word' id='word_1_178' title='bbox 2043 647 2448 715; x_wconf 86' lang='lat' dir='ltr'><strong>assumptione</strong></span> <span class='ocrx_word' id='word_1_179' title='bbox 2480 652 2818 718; x_wconf 89' lang='lat' dir='ltr'><strong>generatus.</strong></span> 
     </span>
    </p>
   </div>
   <div class='ocr_carea' id='block_1_21' title="bbox 2115 732 3712 809">
    <p class='ocr_par' dir='ltr' id='par_1_21' title="bbox 2115 732 3712 809">
     <span class='ocr_line' id='line_1_21' title="bbox 2115 732 3712 809; baseline 0.005 -22"><span class='ocrx_word' id='word_1_180' title='bbox 2115 732 2235 788; x_wconf 82' lang='grc'>169.</span> <span class='ocrx_word' id='word_1_181' title='bbox 2270 734 2418 798; x_wconf 90' lang='lat' dir='ltr'><strong>Quid</strong></span> <span class='ocrx_word' id='word_1_182' title='bbox 2452 740 2643 790; x_wconf 89' lang='lat' dir='ltr'><strong>autem</strong></span> <span class='ocrx_word' id='word_1_183' title='bbox 2675 739 2895 807; x_wconf 90' lang='lat' dir='ltr'><strong>dicam,</strong></span> <span class='ocrx_word' id='word_1_184' title='bbox 2956 739 3092 809; x_wconf 82' lang='lat' dir='ltr'><strong>quia</strong></span> <span class='ocrx_word' id='word_1_185' title='bbox 3151 738 3303 793; x_wconf 90' lang='lat' dir='ltr'><strong>sicut</strong></span> <span class='ocrx_word' id='word_1_186' title='bbox 3333 740 3508 793; x_wconf 87' lang='lat' dir='ltr'><strong>Pater</strong></span> <span class='ocrx_word' id='word_1_187' title='bbox 3538 742 3593 794; x_wconf 92' lang='lat' dir='ltr'><strong>et</strong></span> <span class='ocrx_word' id='word_1_188' title='bbox 3619 741 3712 795; x_wconf 88' lang='lat' dir='ltr'><strong>Fi-</strong></span> 
     </span>
    </p>
   </div>
   <div class='ocr_carea' id='block_1_22' title="bbox 2038 822 3713 895">
    <p class='ocr_par' dir='ltr' id='par_1_22' title="bbox 2038 822 3713 895">
     <span class='ocr_line' id='line_1_22' title="bbox 2038 822 3713 895; baseline 0.007 -21"><span class='ocrx_word' id='word_1_189' title='bbox 2038 822 2177 889; x_wconf 85' lang='lat' dir='ltr'><strong>lius,</strong></span> <span class='ocrx_word' id='word_1_190' title='bbox 2214 822 2289 876; x_wconf 88' lang='lat' dir='ltr'><strong>ita</strong></span> <span class='ocrx_word' id='word_1_191' title='bbox 2322 824 2496 877; x_wconf 91' lang='lat' dir='ltr'><strong>etiam</strong></span> <span class='ocrx_word' id='word_1_192' title='bbox 2528 825 2781 895; x_wconf 89' lang='lat' dir='ltr'><strong>Spiritus</strong></span> <span class='ocrx_word' id='word_1_193' title='bbox 2826 828 3235 881; x_wconf 88' lang='lat' dir='ltr'><strong>immaculatus</strong></span> <span class='ocrx_word' id='word_1_194' title='bbox 3283 831 3374 883; x_wconf 90' lang='lat' dir='ltr'><strong>est</strong></span> <span class='ocrx_word' id='word_1_195' title='bbox 3406 831 3462 881; x_wconf 89' lang='lat' dir='ltr'><strong>et</strong></span> <span class='ocrx_word' id='word_1_196' title='bbox 3520 831 3713 885; x_wconf 91' lang='lat' dir='ltr'><strong>omni-</strong></span> 
     </span>
    </p>
   </div>
   <div class='ocr_carea' id='block_1_23' title="bbox 2040 912 3706 999">
    <p class='ocr_par' dir='ltr' id='par_1_23' title="bbox 2040 912 3706 999">
     <span class='ocr_line' id='line_1_23' title="bbox 2040 912 3706 999; baseline 0.011 -36"><span class='ocrx_word' id='word_1_197' title='bbox 2040 915 2249 981; x_wconf 84' lang='lat' dir='ltr'><strong>potens</strong></span> <span class='ocrx_word' id='word_1_198' title='bbox 2290 912 2452 983; x_wconf 78' lang='lat' dir='ltr'><strong>(Sap.</strong></span> <span class='ocrx_word' id='word_1_199' title='bbox 2500 931 2616 983; x_wconf 74' lang='lat' dir='ltr'><strong>v11,</strong></span> <span class='ocrx_word' id='word_1_200' title='bbox 2676 916 2786 983; x_wconf 72' lang='lat'><strong>2:2),</strong></span> <span class='ocrx_word' id='word_1_201' title='bbox 2840 918 2976 987; x_wconf 87' lang='lat' dir='ltr'><strong>quia</strong></span> <span class='ocrx_word' id='word_1_202' title='bbox 3024 914 3229 971; x_wconf 79' lang='lat' dir='ltr'><strong>Graece</strong></span> <span class='ocrx_word' id='word_1_203' title='bbox 3286 921 3706 999; x_wconf 73' lang='grc' dir='ltr'><strong>παντοδὺναμον,</strong></span> 
     </span>
    </p>
   </div>
   <div class='ocr_carea' id='block_1_24' title="bbox 2036 1006 3719 1078">
    <p class='ocr_par' dir='ltr' id='par_1_24' title="bbox 2036 1006 3719 1078">
     <span class='ocr_line' id='line_1_24' title="bbox 2036 1006 3719 1078; baseline 0.001 -17"><span class='ocrx_word' id='word_1_204' title='bbox 2036 1012 2411 1063; x_wconf 75' lang='grc' dir='ltr'><strong>πανεπίσκοπον</strong></span> <span class='ocrx_word' id='word_1_205' title='bbox 2441 1006 2718 1062; x_wconf 89' lang='lat' dir='ltr'><strong>Salomon</strong></span> <span class='ocrx_word' id='word_1_206' title='bbox 2749 1007 2913 1075; x_wconf 70' lang='lat' dir='ltr'><strong>dixit,</strong></span> <span class='ocrx_word' id='word_1_207' title='bbox 2948 1024 3017 1061; x_wconf 91' lang='lat' dir='ltr'><strong>eo</strong></span> <span class='ocrx_word' id='word_1_208' title='bbox 3050 1009 3203 1078; x_wconf 85' lang='lat' dir='ltr'><strong>quod</strong></span> <span class='ocrx_word' id='word_1_209' title='bbox 3257 1009 3627 1078; x_wconf 88' lang='lat' dir='ltr'><strong>omnipotens</strong></span> <span class='ocrx_word' id='word_1_210' title='bbox 3661 1012 3719 1069; x_wconf 87' lang='lat' dir='ltr'><strong>et</strong></span> 
     </span>
    </p>
   </div>
   <div class='ocr_carea' id='block_1_25' title="bbox 2038 1095 3711 1168">
    <p class='ocr_par' dir='ltr' id='par_1_25' title="bbox 2038 1095 3711 1168">
     <span class='ocr_line' id='line_1_25' title="bbox 2038 1095 3711 1168; baseline -0.002 -15"><span class='ocrx_word' id='word_1_211' title='bbox 2038 1100 2376 1168; x_wconf 84' lang='lat' dir='ltr'><strong>speculator</strong></span> <span class='ocrx_word' id='word_1_212' title='bbox 2406 1100 2483 1152; x_wconf 88' lang='lat' dir='ltr'><strong>sit</strong></span> <span class='ocrx_word' id='word_1_213' title='bbox 2514 1099 2794 1166; x_wconf 88' lang='lat' dir='ltr'><strong>omnium,</strong></span> <span class='ocrx_word' id='word_1_214' title='bbox 2838 1097 2991 1151; x_wconf 89' lang='lat' dir='ltr'><strong>sicut</strong></span> <span class='ocrx_word' id='word_1_215' title='bbox 3040 1098 3253 1151; x_wconf 60' lang='lat' dir='ltr'><strong>letum</strong></span> <span class='ocrx_word' id='word_1_216' title='bbox 3287 1112 3425 1151; x_wconf 87' lang='lat' dir='ltr'><strong>csse</strong></span> <span class='ocrx_word' id='word_1_217' title='bbox 3462 1097 3521 1149; x_wconf 92' lang='lat' dir='ltr'><strong>in</strong></span> <span class='ocrx_word' id='word_1_218' title='bbox 3554 1095 3711 1149; x_wconf 85' lang='lat' dir='ltr'><strong>libro</strong></span> 
     </span>
    </p>
   </div>
   <div class='ocr_carea' id='block_1_26' title="bbox 2038 1183 3702 1257">
    <p class='ocr_par' dir='ltr' id='par_1_26' title="bbox 2038 1183 3702 1257">
     <span class='ocr_line' id='line_1_26' title="bbox 2038 1183 3702 1257; baseline -0.004 -15"><span class='ocrx_word' id='word_1_219' title='bbox 2038 1188 2351 1257; x_wconf 81' lang='lat' dir='ltr'><strong>Sapientiae</strong></span> <span class='ocrx_word' id='word_1_220' title='bbox 2384 1203 2562 1257; x_wconf 82' lang='lat' dir='ltr'><strong>supra</strong></span> <span class='ocrx_word' id='word_1_221' title='bbox 2596 1189 2687 1241; x_wconf 91' lang='lat' dir='ltr'><strong>est</strong></span> <span class='ocrx_word' id='word_1_222' title='bbox 2738 1186 3201 1241; x_wconf 90' lang='lat' dir='ltr'><strong>demonstratum</strong></span> <span class='ocrx_word' id='word_1_223' title='bbox 3240 1188 3390 1254; x_wconf 85' lang='lat' dir='ltr'><strong>(cap.</strong></span> <span class='ocrx_word' id='word_1_224' title='bbox 3426 1183 3512 1251; x_wconf 78' lang='lat'><strong>’18,</strong></span> <span class='ocrx_word' id='word_1_225' title='bbox 3543 1199 3702 1237; x_wconf 89' lang='lat' dir='ltr'><strong>num.</strong></span> 
     </span>
    </p>
   </div>
   <div class='ocr_carea' id='block_1_27' title="bbox 2026 1261 3703 1348">
    <p class='ocr_par' dir='ltr' id='par_1_27' title="bbox 2026 1261 3703 1348">
     <span class='ocr_line' id='line_1_27' title="bbox 2026 1261 3703 1348; baseline -0.002 -20"><span class='ocrx_word' id='word_1_226' title='bbox 2026 1261 2182 1343; x_wconf 61' lang='grc'>135).</span> <span class='ocrx_word' id='word_1_227' title='bbox 2219 1277 2376 1348; x_wconf 82' lang='lat' dir='ltr'><strong>Ergo</strong></span> <span class='ocrx_word' id='word_1_228' title='bbox 2425 1280 2481 1330; x_wconf 89' lang='lat' dir='ltr'><strong>et</strong></span> <span class='ocrx_word' id='word_1_229' title='bbox 2538 1275 2791 1346; x_wconf 89' lang='lat' dir='ltr'><strong>Spiritus</strong></span> <span class='ocrx_word' id='word_1_230' title='bbox 2833 1275 2891 1328; x_wconf 90' lang='lat' dir='ltr'><strong>in</strong></span> <span class='ocrx_word' id='word_1_231' title='bbox 2947 1275 3173 1329; x_wconf 87' lang='lat' dir='ltr'><strong>honore</strong></span> <span class='ocrx_word' id='word_1_232' title='bbox 3223 1277 3315 1329; x_wconf 88' lang='lat' dir='ltr'><strong>est</strong></span> <span class='ocrx_word' id='word_1_233' title='bbox 3363 1276 3419 1327; x_wconf 88' lang='lat' dir='ltr'><strong>et</strong></span> <span class='ocrx_word' id='word_1_234' title='bbox 3468 1274 3528 1326; x_wconf 91' lang='lat' dir='ltr'><strong>in</strong></span> <span class='ocrx_word' id='word_1_235' title='bbox 3577 1286 3703 1325; x_wconf 89' lang='lat' dir='ltr'><strong>ma-</strong></span> 
     </span>
    </p>
   </div>
   <div class='ocr_carea' id='block_1_28' title="bbox 2029 1364 2269 1434">
    <p class='ocr_par' dir='ltr' id='par_1_28' title="bbox 2029 1364 2269 1434">
     <span class='ocr_line' id='line_1_28' title="bbox 2029 1364 2269 1434; baseline 0 -16"><span class='ocrx_word' id='word_1_236' title='bbox 2029 1364 2269 1434; x_wconf 82' lang='lat' dir='ltr'><strong>jestate.</strong></span> 
     </span>
    </p>
   </div>
   <div class='ocr_carea' id='block_1_29' title="bbox 2108 1448 3709 1523">
    <p class='ocr_par' dir='ltr' id='par_1_29' title="bbox 2108 1448 3709 1523">
     <span class='ocr_line' id='line_1_29' title="bbox 2108 1448 3709 1523; baseline -0.003 -17"><span class='ocrx_word' id='word_1_237' title='bbox 2108 1454 2225 1507; x_wconf 77' lang='lat'><strong>170.</strong></span> <span class='ocrx_word' id='word_1_238' title='bbox 2268 1453 2499 1507; x_wconf 87' lang='lat' dir='ltr'><strong>Intuere</strong></span> <span class='ocrx_word' id='word_1_239' title='bbox 2557 1469 2733 1519; x_wconf 88' lang='lat' dir='ltr'><strong>nunc,</strong></span> <span class='ocrx_word' id='word_1_240' title='bbox 2771 1468 2844 1507; x_wconf 89' lang='lat' dir='ltr'><strong>ne</strong></span> <span class='ocrx_word' id='word_1_241' title='bbox 2876 1453 3014 1523; x_wconf 90' lang='lat' dir='ltr'><strong>quid</strong></span> <span class='ocrx_word' id='word_1_242' title='bbox 3066 1468 3198 1506; x_wconf 91' lang='lat' dir='ltr'><strong>eum</strong></span> <span class='ocrx_word' id='word_1_243' title='bbox 3249 1450 3397 1504; x_wconf 87' lang='lat' dir='ltr'><strong>forte</strong></span> <span class='ocrx_word' id='word_1_244' title='bbox 3447 1464 3563 1503; x_wconf 88' lang='lat' dir='ltr'><strong>non</strong></span> <span class='ocrx_word' id='word_1_245' title='bbox 3603 1448 3709 1501; x_wconf 86' lang='lat' dir='ltr'><strong>de-</strong></span> 
     </span>
    </p>
   </div>
   <div class='ocr_carea' id='block_1_30' title="bbox 2035 1536 3707 1610">
    <p class='ocr_par' dir='ltr' id='par_1_30' title="bbox 2035 1536 3707 1610">
     <span class='ocr_line' id='line_1_30' title="bbox 2035 1536 3707 1610; baseline -0.003 -15"><span class='ocrx_word' id='word_1_246' title='bbox 2035 1544 2161 1595; x_wconf 91' lang='lat' dir='ltr'><strong>ceat</strong></span> <span class='ocrx_word' id='word_1_247' title='bbox 2197 1558 2207 1594; x_wconf 91' lang='lat'><strong>:</strong></span> <span class='ocrx_word' id='word_1_248' title='bbox 2244 1543 2341 1594; x_wconf 89' lang='lat' dir='ltr'><strong>aut</strong></span> <span class='ocrx_word' id='word_1_249' title='bbox 2372 1542 2423 1594; x_wconf 93' lang='lat' dir='ltr'><strong>si</strong></span> <span class='ocrx_word' id='word_1_250' title='bbox 2458 1541 2562 1594; x_wconf 90' lang='lat' dir='ltr'><strong>tibi</strong></span> <span class='ocrx_word' id='word_1_251' title='bbox 2592 1541 2885 1610; x_wconf 87' lang='lat' dir='ltr'><strong>displicet,</strong></span> <span class='ocrx_word' id='word_1_252' title='bbox 2915 1542 3150 1607; x_wconf 84' lang='lat' dir='ltr'><strong>Ariane,</strong></span> <span class='ocrx_word' id='word_1_253' title='bbox 3196 1540 3436 1594; x_wconf 85' lang='lat' dir='ltr'><strong>detrahe</strong></span> <span class='ocrx_word' id='word_1_254' title='bbox 3470 1554 3602 1593; x_wconf 89' lang='lat' dir='ltr'><strong>eum</strong></span> <span class='ocrx_word' id='word_1_255' title='bbox 3636 1536 3707 1590; x_wconf 91' lang='lat' dir='ltr'><strong>de</strong></span> 
     </span>
    </p>
   </div>
   <div class='ocr_carea' id='block_1_31' title="bbox 2032 1623 3702 1699">
    <p class='ocr_par' dir='ltr' id='par_1_31' title="bbox 2032 1623 3702 1699">
     <span class='ocr_line' id='line_1_31' title="bbox 2032 1623 3702 1699; baseline -0.002 -17"><span class='ocrx_word' id='word_1_256' title='bbox 2032 1628 2223 1682; x_wconf 87' lang='lat' dir='ltr'><strong>Patris</strong></span> <span class='ocrx_word' id='word_1_257' title='bbox 2257 1629 2504 1699; x_wconf 85' lang='lat' dir='ltr'><strong>Filiique</strong></span> <span class='ocrx_word' id='word_1_258' title='bbox 2536 1631 2856 1683; x_wconf 88' lang='lat' dir='ltr'><strong>consortio.</strong></span> <span class='ocrx_word' id='word_1_259' title='bbox 2875 1630 2991 1682; x_wconf 88' lang='lat' dir='ltr'><strong>Sed</strong></span> <span class='ocrx_word' id='word_1_260' title='bbox 3012 1629 3061 1681; x_wconf 91' lang='lat' dir='ltr'><strong>si</strong></span> <span class='ocrx_word' id='word_1_261' title='bbox 3087 1629 3396 1682; x_wconf 87' lang='lat' dir='ltr'><strong>detrahere</strong></span> <span class='ocrx_word' id='word_1_262' title='bbox 3415 1623 3702 1691; x_wconf 88' lang='lat' dir='ltr'><strong>volueris,</strong></span> 
     </span>
    </p>
   </div>
   <div class='ocr_carea' id='block_1_32' title="bbox 2034 1715 3707 1786">
    <p class='ocr_par' dir='ltr' id='par_1_32' title="bbox 2034 1715 3707 1786">
     <span class='ocr_line' id='line_1_32' title="bbox 2034 1715 3707 1786; baseline -0.003 -15"><span class='ocrx_word' id='word_1_263' title='bbox 2034 1719 2218 1771; x_wconf 68' lang='lat' dir='ltr'><strong>emlos</strong></span> <span class='ocrx_word' id='word_1_264' title='bbox 2252 1733 2430 1785; x_wconf 86' lang='lat' dir='ltr'><strong>supra</strong></span> <span class='ocrx_word' id='word_1_265' title='bbox 2470 1720 2524 1769; x_wconf 91' lang='lat' dir='ltr'><strong>te</strong></span> <span class='ocrx_word' id='word_1_266' title='bbox 2554 1718 2771 1770; x_wconf 85' lang='lat' dir='ltr'><strong>reverti</strong></span> <span class='ocrx_word' id='word_1_267' title='bbox 2796 1717 2906 1781; x_wconf 82' lang='grc'><strong>(90)</strong></span> <span class='ocrx_word' id='word_1_268' title='bbox 2941 1717 3194 1784; x_wconf 85' lang='lat' dir='ltr'><strong>videbis,</strong></span> <span class='ocrx_word' id='word_1_269' title='bbox 3229 1716 3364 1786; x_wconf 90' lang='lat' dir='ltr'><strong>quia</strong></span> <span class='ocrx_word' id='word_1_270' title='bbox 3397 1715 3586 1767; x_wconf 90' lang='lat' dir='ltr'><strong>virtus</strong></span> <span class='ocrx_word' id='word_1_271' title='bbox 3611 1728 3707 1766; x_wconf 85' lang='lat' dir='ltr'><strong>eo-</strong></span> 
     </span>
    </p>
   </div>
   <div class='ocr_carea' id='block_1_33' title="bbox 2034 1801 3711 1874">
    <p class='ocr_par' dir='ltr' id='par_1_33' title="bbox 2034 1801 3711 1874">
     <span class='ocr_line' id='line_1_33' title="bbox 2034 1801 3711 1874; baseline -0.003 -15"><span class='ocrx_word' id='word_1_272' title='bbox 2034 1822 2161 1860; x_wconf 91' lang='lat' dir='ltr'><strong>rum</strong></span> <span class='ocrx_word' id='word_1_273' title='bbox 2194 1804 2386 1858; x_wconf 87' lang='lat' dir='ltr'><strong>omnis</strong></span> <span class='ocrx_word' id='word_1_274' title='bbox 2418 1804 2490 1857; x_wconf 92' lang='lat' dir='ltr'><strong>ab</strong></span> <span class='ocrx_word' id='word_1_275' title='bbox 2521 1804 2743 1873; x_wconf 89' lang='lat' dir='ltr'><strong>Spiritu</strong></span> <span class='ocrx_word' id='word_1_276' title='bbox 2772 1807 2863 1857; x_wconf 89' lang='lat' dir='ltr'><strong>est</strong></span> <span class='ocrx_word' id='word_1_277' title='bbox 2901 1803 3096 1874; x_wconf 83' lang='lat' dir='ltr'><strong>(Psal.</strong></span> <span class='ocrx_word' id='word_1_278' title='bbox 3152 1820 3317 1857; x_wconf 67' lang='grc' dir='ltr'><strong>χχχιι</strong></span> <span class='ocrx_word' id='word_1_279' title='bbox 3339 1844 3353 1871; x_wconf 91' lang='grc'><strong>,</strong></span> <span class='ocrx_word' id='word_1_280' title='bbox 3409 1803 3485 1870; x_wconf 93' lang='lat'><strong>6).</strong></span> <span class='ocrx_word' id='word_1_281' title='bbox 3517 1801 3580 1855; x_wconf 87' lang='lat' dir='ltr'><strong>Si</strong></span> <span class='ocrx_word' id='word_1_282' title='bbox 3611 1802 3711 1854; x_wconf 83' lang='lat' dir='ltr'><strong>de-</strong></span> 
     </span>
    </p>
   </div>
   <div class='ocr_carea' id='block_1_34' title="bbox 2032 1880 3711 1962">
    <p class='ocr_par' dir='ltr' id='par_1_34' title="bbox 2032 1880 3711 1962">
     <span class='ocr_line' id='line_1_34' title="bbox 2032 1880 3711 1962; baseline -0.003 -15"><span class='ocrx_word' id='word_1_283' title='bbox 2032 1894 2265 1947; x_wconf 88' lang='lat' dir='ltr'><strong>trahere</strong></span> <span class='ocrx_word' id='word_1_284' title='bbox 2299 1880 2581 1957; x_wconf 82' lang='lat' dir='ltr'><strong>volueris,</strong></span> <span class='ocrx_word' id='word_1_285' title='bbox 2609 1893 2667 1945; x_wconf 90' lang='lat' dir='ltr'><strong>in</strong></span> <span class='ocrx_word' id='word_1_286' title='bbox 2702 1892 2887 1946; x_wconf 90' lang='lat' dir='ltr'><strong>Deum</strong></span> <span class='ocrx_word' id='word_1_287' title='bbox 2916 1892 3020 1946; x_wconf 85' lang='lat' dir='ltr'><strong>tibi</strong></span> <span class='ocrx_word' id='word_1_288' title='bbox 3069 1894 3238 1962; x_wconf 89' lang='lat' dir='ltr'><strong>prius</strong></span> <span class='ocrx_word' id='word_1_289' title='bbox 3286 1890 3565 1945; x_wconf 90' lang='lat' dir='ltr'><strong>mittenda</strong></span> <span class='ocrx_word' id='word_1_290' title='bbox 3617 1891 3711 1943; x_wconf 90' lang='lat' dir='ltr'><strong>est</strong></span> 
     </span>
    </p>
   </div>
   <div class='ocr_carea' id='block_1_35' title="bbox 237 1978 3709 2057">
    <p class='ocr_par' dir='ltr' id='par_1_35' title="bbox 237 1978 3709 2057">
     <span class='ocr_line' id='line_1_35' title="bbox 237 1978 3709 2057; baseline -0.001 -24"><span class='ocrx_word' id='word_1_291' title='bbox 237 1979 499 2049; x_wconf 87' lang='lat' dir='ltr'><strong>Spiritum</strong></span> <span class='ocrx_word' id='word_1_292' title='bbox 541 1981 837 2045; x_wconf 88' lang='lat' dir='ltr'><strong>sanctum,</strong></span> <span class='ocrx_word' id='word_1_293' title='bbox 893 1993 1025 2030; x_wconf 89' lang='lat' dir='ltr'><strong>cum</strong></span> <span class='ocrx_word' id='word_1_294' title='bbox 1078 1978 1368 2032; x_wconf 80' lang='lat' dir='ltr'><strong>Dominus</strong></span> <span class='ocrx_word' id='word_1_295' title='bbox 1428 1979 1753 2050; x_wconf 87' lang='lat' dir='ltr'><strong>majestatis</strong></span> <span class='ocrx_word' id='word_1_296' title='bbox 1814 1982 1891 2034; x_wconf 87' lang='lat' dir='ltr'><strong>sit</strong></span> <span class='ocrx_word' id='word_1_297' title='bbox 1949 1998 1995 2057; x_wconf 77' lang='grc' dir='ltr'><strong>Β</strong></span> <span class='ocrx_word' id='word_1_298' title='bbox 2032 1999 2263 2051; x_wconf 91' lang='lat' dir='ltr'><strong>manus,</strong></span> <span class='ocrx_word' id='word_1_299' title='bbox 2300 1982 2432 2051; x_wconf 90' lang='lat' dir='ltr'><strong>quia</strong></span> <span class='ocrx_word' id='word_1_300' title='bbox 2469 1982 2629 2035; x_wconf 88' lang='lat' dir='ltr'><strong>Deus</strong></span> <span class='ocrx_word' id='word_1_301' title='bbox 2653 1980 2908 2050; x_wconf 87' lang='lat' dir='ltr'><strong>Spiritus</strong></span> <span class='ocrx_word' id='word_1_302' title='bbox 2943 1982 3132 2049; x_wconf 85' lang='lat' dir='ltr'><strong>(Joan.</strong></span> <span class='ocrx_word' id='word_1_303' title='bbox 3166 1998 3242 2048; x_wconf 83' lang='lat' dir='ltr'><strong>iv,</strong></span> <span class='ocrx_word' id='word_1_304' title='bbox 3278 1981 3387 2049; x_wconf 72' lang='lat'><strong>24).</strong></span> <span class='ocrx_word' id='word_1_305' title='bbox 3418 1980 3531 2033; x_wconf 88' lang='lat' dir='ltr'><strong>Sed</strong></span> <span class='ocrx_word' id='word_1_306' title='bbox 3563 1992 3709 2049; x_wconf 86' lang='lat' dir='ltr'><strong>quo-</strong></span> 
     </span>
    </p>
   </div>
   <div class='ocr_carea' id='block_1_36' title="bbox 231 2065 1887 2138">
    <p class='ocr_par' dir='ltr' id='par_1_36' title="bbox 231 2065 1887 2138">
     <span class='ocr_line' id='line_1_36' title="bbox 231 2065 1887 2138; baseline 0 -15"><span class='ocrx_word' id='word_1_307' title='bbox 231 2068 537 2123; x_wconf 82' lang='lat' dir='ltr'><strong>crucitixus</strong></span> <span class='ocrx_word' id='word_1_308' title='bbox 587 2065 645 2137; x_wconf 89' lang='grc' dir='ltr'><strong>(Ι</strong></span> <span class='ocrx_word' id='word_1_309' title='bbox 685 2066 820 2120; x_wconf 82' lang='lat' dir='ltr'><strong>Cor.</strong></span> <span class='ocrx_word' id='word_1_310' title='bbox 882 2083 942 2133; x_wconf 84' lang='lat' dir='ltr'><strong>II,</strong></span> <span class='ocrx_word' id='word_1_311' title='bbox 989 2067 1081 2134; x_wconf 84' lang='lat'><strong>8),</strong></span> <span class='ocrx_word' id='word_1_312' title='bbox 1133 2068 1231 2136; x_wconf 89' lang='lat' dir='ltr'><strong>qui</strong></span> <span class='ocrx_word' id='word_1_313' title='bbox 1289 2070 1461 2120; x_wconf 88' lang='lat' dir='ltr'><strong>natus</strong></span> <span class='ocrx_word' id='word_1_314' title='bbox 1512 2074 1603 2121; x_wconf 88' lang='lat' dir='ltr'><strong>est</strong></span> <span class='ocrx_word' id='word_1_315' title='bbox 1650 2069 1722 2123; x_wconf 90' lang='lat' dir='ltr'><strong>de</strong></span> <span class='ocrx_word' id='word_1_316' title='bbox 1753 2069 1887 2138; x_wconf 86' lang='lat' dir='ltr'><strong>Spi-</strong></span> 
     </span>
    </p>
   </div>
   <div class='ocr_carea' id='block_1_37' title="bbox 229 2155 1888 2227">
    <p class='ocr_par' dir='ltr' id='par_1_37' title="bbox 229 2155 1888 2227">
     <span class='ocr_line' id='line_1_37' title="bbox 229 2155 1888 2227; baseline 0.001 -16"><span class='ocrx_word' id='word_1_317' title='bbox 229 2158 330 2211; x_wconf 88' lang='lat' dir='ltr'><strong>ritu</strong></span> <span class='ocrx_word' id='word_1_318' title='bbox 390 2157 605 2212; x_wconf 87' lang='lat' dir='ltr'><strong>sancto</strong></span> <span class='ocrx_word' id='word_1_319' title='bbox 658 2171 734 2209; x_wconf 85' lang='lat' dir='ltr'><strong>ex</strong></span> <span class='ocrx_word' id='word_1_320' title='bbox 772 2155 1016 2227; x_wconf 80' lang='lat' dir='ltr'><strong>Virgine</strong></span> <span class='ocrx_word' id='word_1_321' title='bbox 1072 2156 1252 2209; x_wconf 80' lang='lat' dir='ltr'><strong>Maria</strong></span> <span class='ocrx_word' id='word_1_322' title='bbox 1284 2157 1314 2210; x_wconf 65' lang='grc' dir='ltr'>ξ)</span> <span class='ocrx_word' id='word_1_323' title='bbox 1365 2155 1511 2220; x_wconf 89' lang='lat' dir='ltr'><strong>Quia</strong></span> <span class='ocrx_word' id='word_1_324' title='bbox 1567 2174 1686 2211; x_wconf 90' lang='lat' dir='ltr'><strong>non</strong></span> <span class='ocrx_word' id='word_1_325' title='bbox 1741 2159 1888 2213; x_wconf 87' lang='lat' dir='ltr'><strong>alter</strong></span> 
     </span>
    </p>
   </div>
   <div class='ocr_carea' id='block_1_38' title="bbox 2034 2063 3710 2140">
    <p class='ocr_par' dir='ltr' id='par_1_38' title="bbox 2034 2063 3710 2140">
     <span class='ocr_line' id='line_1_38' title="bbox 2034 2063 3710 2140; baseline -0.003 -16"><span class='ocrx_word' id='word_1_326' title='bbox 2034 2071 2205 2125; x_wconf 88' lang='lat' dir='ltr'><strong>modo</strong></span> <span class='ocrx_word' id='word_1_327' title='bbox 2254 2069 2531 2124; x_wconf 87' lang='lat' dir='ltr'><strong>detrahes</strong></span> <span class='ocrx_word' id='word_1_328' title='bbox 2581 2084 2716 2123; x_wconf 90' lang='lat' dir='ltr'><strong>eum</strong></span> <span class='ocrx_word' id='word_1_329' title='bbox 2758 2068 2859 2140; x_wconf 89' lang='lat' dir='ltr'><strong>qui</strong></span> <span class='ocrx_word' id='word_1_330' title='bbox 2925 2068 3037 2122; x_wconf 87' lang='lat' dir='ltr'><strong>alta</strong></span> <span class='ocrx_word' id='word_1_331' title='bbox 3086 2071 3384 2123; x_wconf 86' lang='lat' dir='ltr'><strong>scrutatur</strong></span> <span class='ocrx_word' id='word_1_332' title='bbox 3432 2067 3538 2121; x_wconf 86' lang='lat' dir='ltr'><strong>Dei</strong></span> <span class='ocrx_word' id='word_1_333' title='bbox 3585 2063 3710 2135; x_wconf 71' lang='lat'><strong>(7&#39;1)</strong></span> 
     </span>
    </p>
   </div>
   <div class='ocr_carea' id='block_1_39' title="bbox 2033 2158 2526 2229">
    <p class='ocr_par' dir='ltr' id='par_1_39' title="bbox 2033 2158 2526 2229">
     <span class='ocr_line' id='line_1_39' title="bbox 2033 2158 2526 2229; baseline -0.002 -17"><span class='ocrx_word' id='word_1_334' title='bbox 2033 2160 2090 2229; x_wconf 93' lang='lat' dir='ltr'><strong>(I</strong></span> <span class='ocrx_word' id='word_1_335' title='bbox 2120 2160 2254 2213; x_wconf 80' lang='lat' dir='ltr'><strong>Cor.</strong></span> <span class='ocrx_word' id='word_1_336' title='bbox 2290 2177 2350 2228; x_wconf 78' lang='grc' dir='ltr'><strong>ιι,</strong></span> <span class='ocrx_word' id='word_1_337' title='bbox 2378 2158 2466 2228; x_wconf 86' lang='grc'><strong>10)</strong></span> <span class='ocrx_word' id='word_1_338' title='bbox 2498 2159 2526 2211; x_wconf 70' lang='lat'><strong>‘3</strong></span> 
     </span>
    </p>
   </div>
   <div class='ocr_carea' id='block_1_40' title="bbox 2034 2294 3695 2369">
    <p class='ocr_par' dir='ltr' id='par_1_40' title="bbox 2034 2294 3695 2369">
     <span class='ocr_line' id='line_1_40' title="bbox 2034 2294 3695 2369; baseline -0.005 -13"><span class='ocrx_word' id='word_1_339' title='bbox 2034 2302 2274 2367; x_wconf 87' lang='lat' dir='ltr'><strong>reverti,</strong></span> <span class='ocrx_word' id='word_1_340' title='bbox 2316 2324 2336 2348; x_wconf 78' lang='grc' dir='ltr'><em>η</em></span> <span class='ocrx_word' id='word_1_341' title='bbox 2370 2298 2606 2369; x_wconf 84' lang='lat' dir='ltr'><strong>quidam</strong></span> <span class='ocrx_word' id='word_1_342' title='bbox 2630 2320 2651 2345; x_wconf 85' lang='grc'><strong>‹‹</strong></span> <span class='ocrx_word' id='word_1_343' title='bbox 2678 2299 2882 2363; x_wconf 82' lang='lat' dir='ltr'><strong>everti,</strong></span> <span class='ocrx_word' id='word_1_344' title='bbox 2914 2322 2934 2345; x_wconf 77' lang='grc' dir='ltr'><strong>υ</strong></span> <span class='ocrx_word' id='word_1_345' title='bbox 2956 2297 3014 2351; x_wconf 91' lang='lat' dir='ltr'><strong>id</strong></span> <span class='ocrx_word' id='word_1_346' title='bbox 3045 2298 3155 2359; x_wconf 83' lang='lat' dir='ltr'><strong>est,</strong></span> <span class='ocrx_word' id='word_1_347' title='bbox 3178 2296 3339 2350; x_wconf 89' lang='lat' dir='ltr'><strong>illabi</strong></span> <span class='ocrx_word' id='word_1_348' title='bbox 3376 2298 3433 2350; x_wconf 88' lang='lat' dir='ltr'><strong>et</strong></span> <span class='ocrx_word' id='word_1_349' title='bbox 3448 2294 3695 2369; x_wconf 87' lang='lat' dir='ltr'><strong>_ca_dere.</strong></span> 
     </span>
    </p>
   </div>
   <div class='ocr_carea' id='block_1_41' title="bbox 289 2296 3546 2375">
    <p class='ocr_par' dir='ltr' id='par_1_41' title="bbox 289 2296 3546 2375">
     <span class='ocr_line' id='line_1_41' title="bbox 289 2296 3546 2375; baseline -0 -24"><span class='ocrx_word' id='word_1_350' title='bbox 289 2297 372 2365; x_wconf 81' lang='lat'><strong>(&#39;70</strong></span> <span class='ocrx_word' id='word_1_351' title='bbox 396 2296 626 2375; x_wconf 75' lang='lat' dir='ltr'><strong>anes</strong></span> <span class='ocrx_word' id='word_1_352' title='bbox 648 2296 784 2351; x_wconf 87' lang='lat' dir='ltr'><strong>edit.</strong></span> <span class='ocrx_word' id='word_1_353' title='bbox 823 2299 883 2375; x_wconf 82' lang='lat' dir='ltr'><strong>e_t_</strong></span> <span class='ocrx_word' id='word_1_354' title='bbox 910 2311 1057 2350; x_wconf 88' lang='lat' dir='ltr'><strong>mss.</strong></span> <span class='ocrx_word' id='word_1_355' title='bbox 1083 2296 1361 2375; x_wconf 81' lang='lat' dir='ltr'><strong>_aliquot,.</strong></span> <span class='ocrx_word' id='word_1_356' title='bbox 1413 2300 1655 2375; x_wconf 73' lang='lat' dir='ltr'><strong>«_r‘mlos</strong></span> <span class='ocrx_word' id='word_1_357' title='bbox 1706 2316 1884 2371; x_wconf 85' lang='lat' dir='ltr'><strong>supra</strong></span> <span class='ocrx_word' id='word_1_358' title='bbox 2034 2302 2336 2375; x_wconf 76' lang='lat' dir='ltr'><strong>reverti,_n</strong></span> <span class='ocrx_word' id='word_1_359' title='bbox 2370 2298 2606 2375; x_wconf 69' lang='lat' dir='ltr'><strong>quidam</strong></span> <span class='ocrx_word' id='word_1_360' title='bbox 2630 2320 2651 2345; x_wconf 76' lang='grc' dir='ltr'><strong>«ι</strong></span> <span class='ocrx_word' id='word_1_361' title='bbox 2678 2299 2882 2363; x_wconf 82' lang='lat' dir='ltr'><strong>everti,</strong></span> <span class='ocrx_word' id='word_1_362' title='bbox 2914 2322 2940 2375; x_wconf 81' lang='lat'>»_</span> <span class='ocrx_word' id='word_1_363' title='bbox 2956 2297 3014 2351; x_wconf 91' lang='lat' dir='ltr'><strong>id</strong></span> <span class='ocrx_word' id='word_1_364' title='bbox 3045 2298 3155 2375; x_wconf 76' lang='lat' dir='ltr'><strong>est,</strong></span> <span class='ocrx_word' id='word_1_365' title='bbox 3178 2296 3339 2375; x_wconf 81' lang='lat' dir='ltr'><strong>illabi</strong></span> <span class='ocrx_word' id='word_1_366' title='bbox 3376 2298 3546 2375; x_wconf 54' lang='grc' dir='ltr'><strong>βιρδς</strong></span> 
     </span>
    </p>
   </div>
   <div class='ocr_carea' id='block_1_42' title="bbox 1216 2367 3633 2443">
    <p class='ocr_par' dir='ltr' id='par_1_42' title="bbox 1216 2367 3633 2443">
     <span class='ocr_line' id='line_1_42' title="bbox 1216 2367 3633 2443; baseline -0.001 -22"><span class='ocrx_word' id='word_1_367' title='bbox 1216 2370 1248 2438; x_wconf 92' lang='lat' dir='ltr'><strong>i,</strong></span> <span class='ocrx_word' id='word_1_368' title='bbox 1306 2390 1325 2417; x_wconf 76' lang='grc' dir='ltr'><strong>«ι</strong></span> <span class='ocrx_word' id='word_1_369' title='bbox 1355 2370 1538 2424; x_wconf 83' lang='lat' dir='ltr'><strong>caelos</strong></span> <span class='ocrx_word' id='word_1_370' title='bbox 1590 2367 1799 2443; x_wconf 55' lang='lat' dir='ltr'><strong>supra</strong></span> <span class='ocrx_word' id='word_1_371' title='bbox 1830 2378 1883 2429; x_wconf 90' lang='lat' dir='ltr'><strong>te</strong></span> <span class='ocrx_word' id='word_1_372' title='bbox 2108 2373 2220 2442; x_wconf 73' lang='lat' dir='ltr'><strong>(7t)</strong></span> <span class='ocrx_word' id='word_1_373' title='bbox 2254 2367 2535 2425; x_wconf 81' lang='lat' dir='ltr'><strong>Nonnulli</strong></span> <span class='ocrx_word' id='word_1_374' title='bbox 2568 2385 2739 2439; x_wconf 89' lang='lat' dir='ltr'><strong>mss.,</strong></span> <span class='ocrx_word' id='word_1_375' title='bbox 2787 2392 2808 2415; x_wconf 81' lang='grc' dir='ltr'>α</span> <span class='ocrx_word' id='word_1_376' title='bbox 2845 2369 2944 2440; x_wconf 86' lang='lat' dir='ltr'><strong>qui</strong></span> <span class='ocrx_word' id='word_1_377' title='bbox 2995 2372 3289 2443; x_wconf 79' lang='lat' dir='ltr'><strong>scrutator</strong></span> <span class='ocrx_word' id='word_1_378' title='bbox 3321 2369 3413 2421; x_wconf 88' lang='lat' dir='ltr'><strong>est</strong></span> <span class='ocrx_word' id='word_1_379' title='bbox 3446 2367 3571 2419; x_wconf 90' lang='lat' dir='ltr'><strong>Dei.</strong></span> <span class='ocrx_word' id='word_1_380' title='bbox 3612 2389 3633 2411; x_wconf 71' lang='grc' dir='ltr'><strong>ι»</strong></span> 
     </span>
    </p>
   </div>
   <div class='ocr_carea' id='block_1_43' title="bbox 224 2367 1883 2443">
    <p class='ocr_par' dir='ltr' id='par_1_43' title="bbox 224 2367 1883 2443">
     <span class='ocr_line' id='line_1_43' title="bbox 224 2367 1883 2443; baseline 0.004 -22"><span class='ocrx_word' id='word_1_381' title='bbox 224 2371 274 2422; x_wconf 89' lang='lat' dir='ltr'><strong>te</strong></span> <span class='ocrx_word' id='word_1_382' title='bbox 300 2368 443 2422; x_wconf 87' lang='lat' dir='ltr'><strong>verti</strong></span> <span class='ocrx_word' id='word_1_383' title='bbox 476 2383 489 2423; x_wconf 87' lang='lat'><strong>:</strong></span> <span class='ocrx_word' id='word_1_384' title='bbox 534 2391 563 2415; x_wconf 76' lang='grc' dir='ltr'><strong><em>η</em></strong></span> <span class='ocrx_word' id='word_1_385' title='bbox 596 2367 963 2422; x_wconf 88' lang='lat' dir='ltr'><strong>commodius</strong></span> <span class='ocrx_word' id='word_1_386' title='bbox 1014 2367 1248 2438; x_wconf 86' lang='lat' dir='ltr'><strong>reliqui,</strong></span> <span class='ocrx_word' id='word_1_387' title='bbox 1306 2390 1325 2417; x_wconf 76' lang='grc' dir='ltr'><strong>«ι</strong></span> <span class='ocrx_word' id='word_1_388' title='bbox 1355 2370 1538 2424; x_wconf 85' lang='lat' dir='ltr'><strong>caelos</strong></span> <span class='ocrx_word' id='word_1_389' title='bbox 1590 2367 1799 2443; x_wconf 59' lang='lat' dir='ltr'><strong>supra</strong></span> <span class='ocrx_word' id='word_1_390' title='bbox 1830 2378 1883 2429; x_wconf 91' lang='lat' dir='ltr'><strong>te</strong></span> 
     </span>
    </p>
   </div>
   <div class='ocr_carea' id='block_1_44' title="bbox 317 2632 3590 2719">
    <p class='ocr_par' dir='ltr' id='par_1_44' title="bbox 317 2632 3590 2719">
     <span class='ocr_line' id='line_1_44' title="bbox 317 2632 3590 2719; baseline -0.001 -6"><span class='ocrx_word' id='word_1_391' title='bbox 317 2632 428 2713; x_wconf 82' lang='grc' dir='ltr'><strong>ΙΝ</strong></span> <span class='ocrx_word' id='word_1_392' title='bbox 502 2634 723 2711; x_wconf 83' lang='lat' dir='ltr'><strong>LIB.</strong></span> <span class='ocrx_word' id='word_1_393' title='bbox 799 2634 939 2711; x_wconf 86' lang='lat' dir='ltr'><strong>DE</strong></span> <span class='ocrx_word' id='word_1_394' title='bbox 1034 2635 2031 2719; x_wconf 78' lang='lat' dir='ltr'><strong>INCARNA&#39;I‘IONIS</strong></span> <span class='ocrx_word' id='word_1_395' title='bbox 2121 2636 2725 2717; x_wconf 69' lang='grc' dir='ltr'><strong>ΒΟΜΙΝΙΟᾹΞ</strong></span> <span class='ocrx_word' id='word_1_396' title='bbox 2804 2635 3590 2714; x_wconf 79' lang='lat' dir='ltr'><strong>SACllAMENTO</strong></span> 
     </span>
    </p>
   </div>
   <div class='ocr_carea' id='block_1_45' title="bbox 1711 2784 2211 2847">
    <p class='ocr_par' dir='ltr' id='par_1_45' title="bbox 1711 2784 2211 2847">
     <span class='ocr_line' id='line_1_45' title="bbox 1711 2784 2211 2847; baseline -0.002 -2"><span class='ocrx_word' id='word_1_397' title='bbox 1711 2784 2211 2847; x_wconf 89' lang='lat' dir='ltr'><strong>ADMONITIO.</strong></span> 
     </span>
    </p>
   </div>
   <div class='ocr_carea' id='block_1_46' title="bbox 282 3019 3687 3097">
    <p class='ocr_par' dir='ltr' id='par_1_46' title="bbox 282 3019 3687 3097">
     <span class='ocr_line' id='line_1_46' title="bbox 282 3019 3687 3097; baseline 0.002 -25"><span class='ocrx_word' id='word_1_398' title='bbox 282 3019 717 3074; x_wconf 65' lang='lat' dir='ltr'><strong>Haereticorum</strong></span> <span class='ocrx_word' id='word_1_399' title='bbox 748 3020 1036 3075; x_wconf 91' lang='lat' dir='ltr'><strong>solemnis</strong></span> <span class='ocrx_word' id='word_1_400' title='bbox 1068 3038 1136 3076; x_wconf 88' lang='lat' dir='ltr'><strong>ea</strong></span> <span class='ocrx_word' id='word_1_401' title='bbox 1176 3024 1546 3079; x_wconf 88' lang='lat' dir='ltr'><strong>consuetudo</strong></span> <span class='ocrx_word' id='word_1_402' title='bbox 1578 3027 1689 3094; x_wconf 90' lang='lat' dir='ltr'><strong>est,</strong></span> <span class='ocrx_word' id='word_1_403' title='bbox 1730 3026 1794 3079; x_wconf 91' lang='lat' dir='ltr'><strong>ut</strong></span> <span class='ocrx_word' id='word_1_404' title='bbox 1823 3025 2201 3095; x_wconf 87' lang='lat' dir='ltr'><strong>quantumvis</strong></span> <span class='ocrx_word' id='word_1_405' title='bbox 2250 3025 2733 3096; x_wconf 87' lang='lat' dir='ltr'><strong>argumentorum</strong></span> <span class='ocrx_word' id='word_1_406' title='bbox 2782 3040 2849 3079; x_wconf 90' lang='lat' dir='ltr'><strong>ac</strong></span> <span class='ocrx_word' id='word_1_407' title='bbox 2898 3025 3163 3080; x_wconf 86' lang='lat' dir='ltr'><strong>veritatis</strong></span> <span class='ocrx_word' id='word_1_408' title='bbox 3212 3025 3441 3080; x_wconf 88' lang='lat' dir='ltr'><strong>viribus</strong></span> <span class='ocrx_word' id='word_1_409' title='bbox 3491 3024 3687 3097; x_wconf 84' lang='lat' dir='ltr'><strong>deject</strong></span> 
     </span>
    </p>
   </div>
   <div class='ocr_carea' id='block_1_47' title="bbox 216 3110 3707 3185">
    <p class='ocr_par' dir='ltr' id='par_1_47' title="bbox 216 3110 3707 3185">
     <span class='ocr_line' id='line_1_47' title="bbox 216 3110 3707 3185; baseline 0.003 -24"><span class='ocrx_word' id='word_1_410' title='bbox 216 3113 373 3179; x_wconf 87' lang='lat' dir='ltr'><strong>atque</strong></span> <span class='ocrx_word' id='word_1_411' title='bbox 395 3110 711 3179; x_wconf 80' lang='lat' dir='ltr'><strong>prostrati,</strong></span> <span class='ocrx_word' id='word_1_412' title='bbox 746 3125 1047 3180; x_wconf 88' lang='lat' dir='ltr'><strong>nunquam</strong></span> <span class='ocrx_word' id='word_1_413' title='bbox 1079 3114 1271 3165; x_wconf 87' lang='lat' dir='ltr'><strong>tamen</strong></span> <span class='ocrx_word' id='word_1_414' title='bbox 1304 3116 1507 3181; x_wconf 87' lang='lat' dir='ltr'><strong>pacate</strong></span> <span class='ocrx_word' id='word_1_415' title='bbox 1540 3128 1739 3185; x_wconf 89' lang='lat' dir='ltr'><strong>agere,</strong></span> <span class='ocrx_word' id='word_1_416' title='bbox 1776 3114 1989 3168; x_wconf 89' lang='lat' dir='ltr'><strong>nedum</strong></span> <span class='ocrx_word' id='word_1_417' title='bbox 2032 3129 2097 3169; x_wconf 91' lang='lat' dir='ltr'><strong>se</strong></span> <span class='ocrx_word' id='word_1_418' title='bbox 2129 3115 2320 3167; x_wconf 89' lang='lat' dir='ltr'><strong>victos</strong></span> <span class='ocrx_word' id='word_1_419' title='bbox 2367 3113 2555 3180; x_wconf 80' lang='lat' dir='ltr'><strong>fateri,</strong></span> <span class='ocrx_word' id='word_1_420' title='bbox 2603 3114 3004 3183; x_wconf 80' lang='lat' dir='ltr'><strong>acquiescant.</strong></span> <span class='ocrx_word' id='word_1_421' title='bbox 3052 3114 3429 3180; x_wconf 83' lang='lat' dir='ltr'><strong>Ambrosius,</strong></span> <span class='ocrx_word' id='word_1_422' title='bbox 3463 3116 3562 3184; x_wconf 92' lang='lat' dir='ltr'><strong>qui</strong></span> <span class='ocrx_word' id='word_1_423' title='bbox 3596 3116 3707 3170; x_wconf 90' lang='lat' dir='ltr'><strong>hoc</strong></span> 
     </span>
    </p>
   </div>
   <div class='ocr_carea' id='block_1_48' title="bbox 216 3186 3706 3272">
    <p class='ocr_par' dir='ltr' id='par_1_48' title="bbox 216 3186 3706 3272">
     <span class='ocr_line' id='line_1_48' title="bbox 216 3186 3706 3272; baseline 0.002 -24"><span class='ocrx_word' id='word_1_424' title='bbox 216 3211 403 3249; x_wconf 90' lang='lat' dir='ltr'><strong>eorum</strong></span> <span class='ocrx_word' id='word_1_425' title='bbox 435 3197 754 3268; x_wconf 90' lang='lat' dir='ltr'><strong>ingenium</strong></span> <span class='ocrx_word' id='word_1_426' title='bbox 784 3199 1029 3267; x_wconf 87' lang='lat' dir='ltr'><strong>pulchre</strong></span> <span class='ocrx_word' id='word_1_427' title='bbox 1062 3205 1327 3267; x_wconf 83' lang='lat' dir='ltr'><strong>noverat,</strong></span> <span class='ocrx_word' id='word_1_428' title='bbox 1369 3217 1502 3254; x_wconf 91' lang='lat' dir='ltr'><strong>cum</strong></span> <span class='ocrx_word' id='word_1_429' title='bbox 1535 3186 1891 3255; x_wconf 80' lang='lat' dir='ltr'><strong>Arianorum</strong></span> <span class='ocrx_word' id='word_1_430' title='bbox 1924 3218 2160 3256; x_wconf 89' lang='lat' dir='ltr'><strong>errores</strong></span> <span class='ocrx_word' id='word_1_431' title='bbox 2195 3202 2454 3272; x_wconf 89' lang='lat' dir='ltr'><strong>quinque</strong></span> <span class='ocrx_word' id='word_1_432' title='bbox 2486 3201 2654 3254; x_wconf 89' lang='lat' dir='ltr'><strong>libris</strong></span> <span class='ocrx_word' id='word_1_433' title='bbox 2687 3201 2757 3254; x_wconf 87' lang='lat' dir='ltr'><strong>de</strong></span> <span class='ocrx_word' id='word_1_434' title='bbox 2792 3201 2929 3254; x_wconf 88' lang='lat' dir='ltr'><strong>Fide</strong></span> <span class='ocrx_word' id='word_1_435' title='bbox 2969 3200 3266 3269; x_wconf 79' lang='lat' dir='ltr'><strong>judicaret</strong></span> <span class='ocrx_word' id='word_1_436' title='bbox 3295 3201 3527 3254; x_wconf 88' lang='lat' dir='ltr'><strong>abunde</strong></span> <span class='ocrx_word' id='word_1_437' title='bbox 3567 3217 3706 3256; x_wconf 89' lang='lat' dir='ltr'><strong>esse</strong></span> 
     </span>
    </p>
   </div>
   <div class='ocr_carea' id='block_1_49' title="bbox 215 3284 3706 3358">
    <p class='ocr_par' dir='ltr' id='par_1_49' title="bbox 215 3284 3706 3358">
     <span class='ocr_line' id='line_1_49' title="bbox 215 3284 3706 3358; baseline 0.002 -22"><span class='ocrx_word' id='word_1_438' title='bbox 215 3284 568 3349; x_wconf 84' lang='lat' dir='ltr'><strong>confutatos,</strong></span> <span class='ocrx_word' id='word_1_439' title='bbox 602 3285 722 3340; x_wconf 84' lang='lat' dir='ltr'><strong>illis</strong></span> <span class='ocrx_word' id='word_1_440' title='bbox 757 3287 815 3339; x_wconf 91' lang='lat' dir='ltr'><strong>in</strong></span> <span class='ocrx_word' id='word_1_441' title='bbox 848 3292 1152 3356; x_wconf 91' lang='lat' dir='ltr'><strong>posterum</strong></span> <span class='ocrx_word' id='word_1_442' title='bbox 1187 3289 1340 3342; x_wconf 90' lang='lat' dir='ltr'><strong>nihil</strong></span> <span class='ocrx_word' id='word_1_443' title='bbox 1390 3290 1607 3344; x_wconf 86' lang='lat' dir='ltr'><strong>addere</strong></span> <span class='ocrx_word' id='word_1_444' title='bbox 1654 3292 2040 3344; x_wconf 85' lang='lat' dir='ltr'><strong>constituerat</strong></span> <span class='ocrx_word' id='word_1_445' title='bbox 2072 3296 2225 3358; x_wconf 83' lang='lat' dir='ltr'><strong>(cap.</strong></span> <span class='ocrx_word' id='word_1_446' title='bbox 2276 3290 2328 3356; x_wconf 83' lang='lat'><strong>’7,</strong></span> <span class='ocrx_word' id='word_1_447' title='bbox 2382 3304 2540 3341; x_wconf 91' lang='lat' dir='ltr'><strong>num.</strong></span> <span class='ocrx_word' id='word_1_448' title='bbox 2589 3289 2700 3355; x_wconf 71' lang='lat'><strong>69.).</strong></span> <span class='ocrx_word' id='word_1_449' title='bbox 2755 3289 3168 3342; x_wconf 73' lang='lat' dir='ltr'><strong>Verumtamen</strong></span> <span class='ocrx_word' id='word_1_450' title='bbox 3220 3289 3485 3357; x_wconf 90' lang='lat' dir='ltr'><strong>ipsorum</strong></span> <span class='ocrx_word' id='word_1_451' title='bbox 3552 3289 3706 3343; x_wconf 89' lang='lat' dir='ltr'><strong>dolis</strong></span> 
     </span>
    </p>
   </div>
   <div class='ocr_carea' id='block_1_50' title="bbox 214 3373 3703 3449">
    <p class='ocr_par' dir='ltr' id='par_1_50' title="bbox 214 3373 3703 3449">
     <span class='ocr_line' id='line_1_50' title="bbox 214 3373 3703 3449; baseline 0.002 -24"><span class='ocrx_word' id='word_1_452' title='bbox 214 3377 370 3443; x_wconf 89' lang='lat' dir='ltr'><strong>atque</strong></span> <span class='ocrx_word' id='word_1_453' title='bbox 402 3374 644 3427; x_wconf 88' lang='lat' dir='ltr'><strong>artibus</strong></span> <span class='ocrx_word' id='word_1_454' title='bbox 684 3373 954 3430; x_wconf 83' lang='lat' dir='ltr'><strong>effectum</strong></span> <span class='ocrx_word' id='word_1_455' title='bbox 978 3380 1090 3444; x_wconf 88' lang='lat' dir='ltr'><strong>est,</strong></span> <span class='ocrx_word' id='word_1_456' title='bbox 1126 3380 1189 3431; x_wconf 91' lang='lat' dir='ltr'><strong>ut</strong></span> <span class='ocrx_word' id='word_1_457' title='bbox 1227 3378 1546 3449; x_wconf 89' lang='lat' dir='ltr'><strong>quominus</strong></span> <span class='ocrx_word' id='word_1_458' title='bbox 1580 3394 1713 3433; x_wconf 91' lang='lat' dir='ltr'><strong>cum</strong></span> <span class='ocrx_word' id='word_1_459' title='bbox 1745 3379 1835 3433; x_wconf 91' lang='lat' dir='ltr'><strong>eis</strong></span> <span class='ocrx_word' id='word_1_460' title='bbox 1870 3379 2062 3433; x_wconf 89' lang='lat' dir='ltr'><strong>denuo</strong></span> <span class='ocrx_word' id='word_1_461' title='bbox 2102 3380 2160 3432; x_wconf 91' lang='lat' dir='ltr'><strong>in</strong></span> <span class='ocrx_word' id='word_1_462' title='bbox 2183 3393 2420 3433; x_wconf 89' lang='lat' dir='ltr'><strong>arenam</strong></span> <span class='ocrx_word' id='word_1_463' title='bbox 2442 3377 2851 3445; x_wconf 88' lang='lat' dir='ltr'><strong>descenderet,</strong></span> <span class='ocrx_word' id='word_1_464' title='bbox 2886 3377 3120 3447; x_wconf 86' lang='lat' dir='ltr'><strong>magnis</strong></span> <span class='ocrx_word' id='word_1_465' title='bbox 3153 3378 3396 3431; x_wconf 86' lang='lat' dir='ltr'><strong>adactus</strong></span> <span class='ocrx_word' id='word_1_466' title='bbox 3430 3377 3703 3431; x_wconf 89' lang='lat' dir='ltr'><strong>occasio-</strong></span> 
     </span>
    </p>
   </div>
   <div class='ocr_carea' id='block_1_51' title="bbox 210 3452 2491 3537">
    <p class='ocr_par' dir='ltr' id='par_1_51' title="bbox 210 3452 2491 3537">
     <span class='ocr_line' id='line_1_51' title="bbox 210 3452 2491 3537; baseline 0.004 -22"><span class='ocrx_word' id='word_1_467' title='bbox 210 3462 393 3530; x_wconf 87' lang='lat' dir='ltr'><strong>nibus,</strong></span> <span class='ocrx_word' id='word_1_468' title='bbox 429 3463 771 3518; x_wconf 86' lang='lat' dir='ltr'><strong>detrectare</strong></span> <span class='ocrx_word' id='word_1_469' title='bbox 801 3479 870 3519; x_wconf 88' lang='lat' dir='ltr'><strong>ae</strong></span> <span class='ocrx_word' id='word_1_470' title='bbox 904 3465 1191 3537; x_wconf 79' lang='lat' dir='ltr'><strong>defugere</strong></span> <span class='ocrx_word' id='word_1_471' title='bbox 1232 3483 1350 3520; x_wconf 89' lang='lat' dir='ltr'><strong>non</strong></span> <span class='ocrx_word' id='word_1_472' title='bbox 1384 3468 1661 3536; x_wconf 87' lang='lat' dir='ltr'><strong>potuerit.</strong></span> <span class='ocrx_word' id='word_1_473' title='bbox 1734 3527 1738 3535; x_wconf 57' lang='grc'><strong>,</strong></span> <span class='ocrx_word' id='word_1_474' title='bbox 2484 3452 2491 3460; x_wconf 55' lang='grc'><em>’</em></span> 
     </span>
    </p>
   </div>
   <div class='ocr_carea' id='block_1_52' title="bbox 272 3551 3707 3624">
    <p class='ocr_par' dir='ltr' id='par_1_52' title="bbox 272 3551 3707 3624">
     <span class='ocr_line' id='line_1_52' title="bbox 272 3551 3707 3624; baseline 0.001 -21"><span class='ocrx_word' id='word_1_475' title='bbox 272 3551 643 3607; x_wconf 83' lang='lat' dir='ltr'><strong>Induxerunt</strong></span> <span class='ocrx_word' id='word_1_476' title='bbox 672 3567 806 3607; x_wconf 90' lang='lat' dir='ltr'><strong>eum</strong></span> <span class='ocrx_word' id='word_1_477' title='bbox 839 3552 898 3606; x_wconf 90' lang='lat' dir='ltr'><strong>in</strong></span> <span class='ocrx_word' id='word_1_478' title='bbox 929 3552 1160 3607; x_wconf 85' lang='lat' dir='ltr'><strong>hancce</strong></span> <span class='ocrx_word' id='word_1_479' title='bbox 1198 3554 1655 3624; x_wconf 88' lang='lat' dir='ltr'><strong>disputationem</strong></span> <span class='ocrx_word' id='word_1_480' title='bbox 1688 3554 1889 3609; x_wconf 82' lang='lat' dir='ltr'><strong>Ariani</strong></span> <span class='ocrx_word' id='word_1_481' title='bbox 1923 3554 2037 3610; x_wconf 90' lang='lat' dir='ltr'><strong>duo</strong></span> <span class='ocrx_word' id='word_1_482' title='bbox 2072 3554 2334 3621; x_wconf 77' lang='lat' dir='ltr'><strong>(PAULIN.</strong></span> <span class='ocrx_word' id='word_1_483' title='bbox 2369 3553 2429 3607; x_wconf 91' lang='lat' dir='ltr'><strong>in</strong></span> <span class='ocrx_word' id='word_1_484' title='bbox 2470 3552 2583 3607; x_wconf 72' lang='grc' dir='ltr'><strong>νη.</strong></span> <span class='ocrx_word' id='word_1_485' title='bbox 2619 3552 2874 3622; x_wconf 64' lang='grc' dir='ltr'><strong>Αιηὺικ),</strong></span> <span class='ocrx_word' id='word_1_486' title='bbox 2902 3552 3159 3607; x_wconf 88' lang='lat' dir='ltr'><strong>Gratiani</strong></span> <span class='ocrx_word' id='word_1_487' title='bbox 3184 3552 3441 3607; x_wconf 82' lang='lat' dir='ltr'><strong>Caesaris</strong></span> <span class='ocrx_word' id='word_1_488' title='bbox 3465 3553 3707 3607; x_wconf 87' lang='lat' dir='ltr'><strong>cubicu-</strong></span> 
     </span>
    </p>
   </div>
   <div class='ocr_carea' id='block_1_53' title="bbox 210 3620 3701 3713">
    <p class='ocr_par' dir='ltr' id='par_1_53' title="bbox 210 3620 3701 3713">
     <span class='ocr_line' id='line_1_53' title="bbox 210 3620 3701 3713; baseline 0.001 -21"><span class='ocrx_word' id='word_1_489' title='bbox 210 3620 342 3703; x_wconf 82' lang='lat' dir='ltr'><strong>larii,</strong></span> <span class='ocrx_word' id='word_1_490' title='bbox 378 3641 612 3712; x_wconf 87' lang='lat' dir='ltr'><strong>quibus</strong></span> <span class='ocrx_word' id='word_1_491' title='bbox 644 3640 1037 3711; x_wconf 81' lang='lat' dir='ltr'><strong>objectiones,</strong></span> <span class='ocrx_word' id='word_1_492' title='bbox 1072 3659 1226 3713; x_wconf 88' lang='lat' dir='ltr'><strong>quas</strong></span> <span class='ocrx_word' id='word_1_493' title='bbox 1259 3648 1461 3697; x_wconf 89' lang='lat' dir='ltr'><strong>contra</strong></span> <span class='ocrx_word' id='word_1_494' title='bbox 1496 3643 1860 3699; x_wconf 88' lang='lat' dir='ltr'><strong>Dominicam</strong></span> <span class='ocrx_word' id='word_1_495' title='bbox 1893 3643 2355 3696; x_wconf 85' lang='lat' dir='ltr'><strong>incarnationem</strong></span> <span class='ocrx_word' id='word_1_496' title='bbox 2388 3641 2700 3695; x_wconf 89' lang='lat' dir='ltr'><strong>ambitiose</strong></span> <span class='ocrx_word' id='word_1_497' title='bbox 2741 3644 3205 3712; x_wconf 86' lang='lat' dir='ltr'><strong>arroganterque</strong></span> <span class='ocrx_word' id='word_1_498' title='bbox 3250 3644 3701 3711; x_wconf 89' lang='lat' dir='ltr'><strong>proposuerant,</strong></span> 
     </span>
    </p>
   </div>
   <div class='ocr_carea' id='block_1_54' title="bbox 209 3728 3703 3800">
    <p class='ocr_par' dir='ltr' id='par_1_54' title="bbox 209 3728 3703 3800">
     <span class='ocr_line' id='line_1_54' title="bbox 209 3728 3703 3800; baseline 0 -18"><span class='ocrx_word' id='word_1_499' title='bbox 209 3730 478 3796; x_wconf 87' lang='lat' dir='ltr'><strong>postridie</strong></span> <span class='ocrx_word' id='word_1_500' title='bbox 512 3732 583 3783; x_wconf 85' lang='lat' dir='ltr'><strong>in</strong></span> <span class='ocrx_word' id='word_1_501' title='bbox 613 3729 863 3783; x_wconf 88' lang='lat' dir='ltr'><strong>basilica</strong></span> <span class='ocrx_word' id='word_1_502' title='bbox 890 3731 1168 3783; x_wconf 85' lang='lat' dir='ltr'><strong>Portiana</strong></span> <span class='ocrx_word' id='word_1_503' title='bbox 1202 3748 1401 3785; x_wconf 84' lang='lat' dir='ltr'><strong>coram</strong></span> <span class='ocrx_word' id='word_1_504' title='bbox 1436 3734 1593 3786; x_wconf 91' lang='lat' dir='ltr'><strong>omni</strong></span> <span class='ocrx_word' id='word_1_505' title='bbox 1625 3733 1884 3786; x_wconf 81' lang='lat' dir='ltr'><strong>ﬁdelium</strong></span> <span class='ocrx_word' id='word_1_506' title='bbox 1917 3735 2071 3785; x_wconf 88' lang='lat' dir='ltr'><strong>coetu</strong></span> <span class='ocrx_word' id='word_1_507' title='bbox 2102 3746 2167 3784; x_wconf 90' lang='lat' dir='ltr'><strong>se</strong></span> <span class='ocrx_word' id='word_1_508' title='bbox 2199 3730 2530 3783; x_wconf 90' lang='lat' dir='ltr'><strong>soluturum</strong></span> <span class='ocrx_word' id='word_1_509' title='bbox 2556 3729 2789 3783; x_wconf 83' lang='lat' dir='ltr'><strong>fuerant</strong></span> <span class='ocrx_word' id='word_1_510' title='bbox 2820 3728 3140 3799; x_wconf 89' lang='lat' dir='ltr'><strong>pollicitus.</strong></span> <span class='ocrx_word' id='word_1_511' title='bbox 3169 3729 3501 3800; x_wconf 85' lang='lat' dir='ltr'><strong>Augustius</strong></span> <span class='ocrx_word' id='word_1_512' title='bbox 3536 3730 3703 3782; x_wconf 89' lang='lat' dir='ltr'><strong>vide-</strong></span> 
     </span>
    </p>
   </div>
   <div class='ocr_carea' id='block_1_55' title="bbox 209 3813 3702 3891">
    <p class='ocr_par' dir='ltr' id='par_1_55' title="bbox 209 3813 3702 3891">
     <span class='ocr_line' id='line_1_55' title="bbox 209 3813 3702 3891; baseline 0.001 -22"><span class='ocrx_word' id='word_1_513' title='bbox 209 3813 367 3871; x_wconf 88' lang='lat' dir='ltr'><strong>batur</strong></span> <span class='ocrx_word' id='word_1_514' title='bbox 394 3818 543 3872; x_wconf 89' lang='lat' dir='ltr'><strong>illud</strong></span> <span class='ocrx_word' id='word_1_515' title='bbox 581 3818 856 3887; x_wconf 89' lang='lat' dir='ltr'><strong>spatium,</strong></span> <span class='ocrx_word' id='word_1_516' title='bbox 890 3834 1065 3888; x_wconf 88' lang='lat' dir='ltr'><strong>quam</strong></span> <span class='ocrx_word' id='word_1_517' title='bbox 1097 3824 1158 3872; x_wconf 91' lang='lat' dir='ltr'><strong>ut</strong></span> <span class='ocrx_word' id='word_1_518' title='bbox 1187 3821 1435 3875; x_wconf 88' lang='lat' dir='ltr'><strong>orationi</strong></span> <span class='ocrx_word' id='word_1_519' title='bbox 1473 3822 1542 3874; x_wconf 88' lang='lat' dir='ltr'><strong>de</strong></span> <span class='ocrx_word' id='word_1_520' title='bbox 1584 3821 1765 3874; x_wconf 88' lang='lat' dir='ltr'><strong>rebus</strong></span> <span class='ocrx_word' id='word_1_521' title='bbox 1798 3821 1944 3874; x_wconf 89' lang='lat' dir='ltr'><strong>adeo</strong></span> <span class='ocrx_word' id='word_1_522' title='bbox 1986 3817 2271 3891; x_wconf 85' lang='lat' dir='ltr'><strong>gravibus</strong></span> <span class='ocrx_word' id='word_1_523' title='bbox 2307 3818 2709 3887; x_wconf 66' lang='lat' dir='ltr'><strong>prazparandie</strong></span> <span class='ocrx_word' id='word_1_524' title='bbox 2741 3818 3063 3881; x_wconf 81' lang='lat' dir='ltr'><strong>sufﬁceret,</strong></span> <span class='ocrx_word' id='word_1_525' title='bbox 3102 3814 3352 3870; x_wconf 83' lang='lat' dir='ltr'><strong>maxime</strong></span> <span class='ocrx_word' id='word_1_526' title='bbox 3378 3834 3511 3871; x_wconf 93' lang='lat' dir='ltr'><strong>cum</strong></span> <span class='ocrx_word' id='word_1_527' title='bbox 3541 3819 3702 3871; x_wconf 90' lang='lat' dir='ltr'><strong>veri-</strong></span> 
     </span>
    </p>
   </div>
   <div class='ocr_carea' id='block_1_56' title="bbox 210 3906 3700 3980">
    <p class='ocr_par' dir='ltr' id='par_1_56' title="bbox 210 3906 3700 3980">
     <span class='ocr_line' id='line_1_56' title="bbox 210 3906 3700 3980; baseline 0.001 -25"><span class='ocrx_word' id='word_1_528' title='bbox 210 3906 386 3961; x_wconf 86' lang='lat' dir='ltr'><strong>simile</strong></span> <span class='ocrx_word' id='word_1_529' title='bbox 416 3906 743 3961; x_wconf 84' lang='lat' dir='ltr'><strong>admodum</strong></span> <span class='ocrx_word' id='word_1_530' title='bbox 776 3911 938 3961; x_wconf 89' lang='lat' dir='ltr'><strong>esset</strong></span> <span class='ocrx_word' id='word_1_531' title='bbox 973 3908 1287 3963; x_wconf 68' lang='lat' dir='ltr'><strong>haereticos</strong></span> <span class='ocrx_word' id='word_1_532' title='bbox 1322 3925 1571 3980; x_wconf 85' lang='lat' dir='ltr'><strong>magnos</strong></span> <span class='ocrx_word' id='word_1_533' title='bbox 1612 3924 1857 3962; x_wconf 87' lang='lat' dir='ltr'><strong>numero</strong></span> <span class='ocrx_word' id='word_1_534' title='bbox 1897 3909 1968 3961; x_wconf 90' lang='lat' dir='ltr'><strong>ad</strong></span> <span class='ocrx_word' id='word_1_535' title='bbox 2003 3924 2151 3973; x_wconf 89' lang='lat' dir='ltr'><strong>eam,</strong></span> <span class='ocrx_word' id='word_1_536' title='bbox 2189 3908 2241 3959; x_wconf 88' lang='lat' dir='ltr'><strong>si</strong></span> <span class='ocrx_word' id='word_1_537' title='bbox 2273 3907 2410 3977; x_wconf 90' lang='lat' dir='ltr'><strong>quid</strong></span> <span class='ocrx_word' id='word_1_538' title='bbox 2447 3906 2595 3960; x_wconf 88' lang='lat' dir='ltr'><strong>forte</strong></span> <span class='ocrx_word' id='word_1_539' title='bbox 2633 3906 2826 3959; x_wconf 90' lang='lat' dir='ltr'><strong>minus</strong></span> <span class='ocrx_word' id='word_1_540' title='bbox 2857 3909 3027 3959; x_wconf 89' lang='lat' dir='ltr'><strong>caute</strong></span> <span class='ocrx_word' id='word_1_541' title='bbox 3072 3910 3168 3959; x_wconf 80' lang='lat' dir='ltr'><strong>aut.</strong></span> <span class='ocrx_word' id='word_1_542' title='bbox 3193 3907 3445 3976; x_wconf 81' lang='lat' dir='ltr'><strong>cogitate</strong></span> <span class='ocrx_word' id='word_1_543' title='bbox 3480 3907 3700 3960; x_wconf 90' lang='lat' dir='ltr'><strong>dictum</strong></span> 
     </span>
    </p>
   </div>
   <div class='ocr_carea' id='block_1_57' title="bbox 211 3991 3700 4068">
    <p class='ocr_par' dir='ltr' id='par_1_57' title="bbox 211 3991 3700 4068">
     <span class='ocr_line' id='line_1_57' title="bbox 211 3991 3700 4068; baseline 0.001 -23"><span class='ocrx_word' id='word_1_544' title='bbox 211 3991 458 4060; x_wconf 86' lang='lat' dir='ltr'><strong>haberet,</strong></span> <span class='ocrx_word' id='word_1_545' title='bbox 494 3996 861 4064; x_wconf 84' lang='lat' dir='ltr'><strong>carpendam</strong></span> <span class='ocrx_word' id='word_1_546' title='bbox 892 4000 947 4050; x_wconf 90' lang='lat' dir='ltr'><strong>et</strong></span> <span class='ocrx_word' id='word_1_547' title='bbox 978 3998 1420 4068; x_wconf 87' lang='lat' dir='ltr'><strong>suggillandam</strong></span> <span class='ocrx_word' id='word_1_548' title='bbox 1453 3998 1853 4051; x_wconf 78' lang='lat' dir='ltr'><strong>advolaturus.</strong></span> <span class='ocrx_word' id='word_1_549' title='bbox 1892 3997 2023 4050; x_wconf 88' lang='lat' dir='ltr'><strong>Non</strong></span> <span class='ocrx_word' id='word_1_550' title='bbox 2057 4000 2249 4049; x_wconf 85' lang='lat' dir='ltr'><strong>tamen</strong></span> <span class='ocrx_word' id='word_1_551' title='bbox 2309 3994 2495 4048; x_wconf 87' lang='lat' dir='ltr'><strong>defuit</strong></span> <span class='ocrx_word' id='word_1_552' title='bbox 2546 3994 2901 4048; x_wconf 89' lang='lat' dir='ltr'><strong>Ambrosius</strong></span> <span class='ocrx_word' id='word_1_553' title='bbox 2937 3998 3141 4047; x_wconf 77' lang='lat' dir='ltr'><strong>noster</strong></span> <span class='ocrx_word' id='word_1_554' title='bbox 3182 3995 3310 4048; x_wconf 84' lang='lat' dir='ltr'><strong>suis</strong></span> <span class='ocrx_word' id='word_1_555' title='bbox 3342 3995 3700 4064; x_wconf 86' lang='lat' dir='ltr'><strong>promissis;</strong></span> 
     </span>
    </p>
   </div>
   <div class='ocr_carea' id='block_1_58' title="bbox 208 4083 3699 4154">
    <p class='ocr_par' dir='ltr' id='par_1_58' title="bbox 208 4083 3699 4154">
     <span class='ocr_line' id='line_1_58' title="bbox 208 4083 3699 4154; baseline 0.001 -21"><span class='ocrx_word' id='word_1_556' title='bbox 208 4085 257 4134; x_wconf 86' lang='lat' dir='ltr'><strong>at</strong></span> <span class='ocrx_word' id='word_1_557' title='bbox 283 4099 410 4137; x_wconf 87' lang='lat' dir='ltr'><strong>cum</strong></span> <span class='ocrx_word' id='word_1_558' title='bbox 440 4085 705 4154; x_wconf 88' lang='lat' dir='ltr'><strong>tempori</strong></span> <span class='ocrx_word' id='word_1_559' title='bbox 735 4086 1064 4153; x_wconf 64' lang='lat' dir='ltr'><strong>praestituto</strong></span> <span class='ocrx_word' id='word_1_560' title='bbox 1096 4102 1211 4139; x_wconf 90' lang='lat' dir='ltr'><strong>non</strong></span> <span class='ocrx_word' id='word_1_561' title='bbox 1249 4088 1608 4141; x_wconf 89' lang='lat' dir='ltr'><strong>convenisse</strong></span> <span class='ocrx_word' id='word_1_562' title='bbox 1642 4087 1868 4140; x_wconf 87' lang='lat' dir='ltr'><strong>videret</strong></span> <span class='ocrx_word' id='word_1_563' title='bbox 1900 4087 2256 4139; x_wconf 86' lang='lat' dir='ltr'><strong>memoratos</strong></span> <span class='ocrx_word' id='word_1_564' title='bbox 2296 4083 2547 4149; x_wconf 85' lang='lat' dir='ltr'><strong>aulicos,</strong></span> <span class='ocrx_word' id='word_1_565' title='bbox 2608 4084 2881 4152; x_wconf 89' lang='lat' dir='ltr'><strong>quamvis</strong></span> <span class='ocrx_word' id='word_1_566' title='bbox 2926 4083 3169 4137; x_wconf 85' lang='lat' dir='ltr'><strong>eosdem</strong></span> <span class='ocrx_word' id='word_1_567' title='bbox 3219 4083 3413 4137; x_wconf 91' lang='lat' dir='ltr'><strong>animo</strong></span> <span class='ocrx_word' id='word_1_568' title='bbox 3448 4083 3699 4137; x_wconf 87' lang='lat' dir='ltr'><strong>subdolo</strong></span> 
     </span>
    </p>
   </div>
   <div class='ocr_carea' id='block_1_59' title="bbox 212 4170 3699 4244">
    <p class='ocr_par' dir='ltr' id='par_1_59' title="bbox 212 4170 3699 4244">
     <span class='ocr_line' id='line_1_59' title="bbox 212 4170 3699 4244; baseline 0 -22"><span class='ocrx_word' id='word_1_569' title='bbox 212 4184 414 4224; x_wconf 88' lang='lat' dir='ltr'><strong>moram</strong></span> <span class='ocrx_word' id='word_1_570' title='bbox 444 4173 691 4227; x_wconf 88' lang='lat' dir='ltr'><strong>trahere</strong></span> <span class='ocrx_word' id='word_1_571' title='bbox 724 4174 1152 4242; x_wconf 88' lang='lat' dir='ltr'><strong>suspicaretur,</strong></span> <span class='ocrx_word' id='word_1_572' title='bbox 1188 4179 1250 4228; x_wconf 91' lang='lat' dir='ltr'><strong>ut</strong></span> <span class='ocrx_word' id='word_1_573' title='bbox 1281 4191 1346 4229; x_wconf 91' lang='lat' dir='ltr'><strong>se</strong></span> <span class='ocrx_word' id='word_1_574' title='bbox 1380 4176 1670 4229; x_wconf 89' lang='lat' dir='ltr'><strong>dicentem</strong></span> <span class='ocrx_word' id='word_1_575' title='bbox 1706 4175 2007 4244; x_wconf 89' lang='lat' dir='ltr'><strong>inopinato</strong></span> <span class='ocrx_word' id='word_1_576' title='bbox 2038 4174 2295 4226; x_wconf 87' lang='lat' dir='ltr'><strong>adventu</strong></span> <span class='ocrx_word' id='word_1_577' title='bbox 2328 4170 2771 4237; x_wconf 87' lang='lat' dir='ltr'><strong>conturbarent,</strong></span> <span class='ocrx_word' id='word_1_578' title='bbox 2819 4170 3003 4225; x_wconf 89' lang='lat' dir='ltr'><strong>nihilo</strong></span> <span class='ocrx_word' id='word_1_579' title='bbox 3036 4171 3236 4226; x_wconf 88' lang='lat' dir='ltr'><strong>secius</strong></span> <span class='ocrx_word' id='word_1_580' title='bbox 3294 4174 3488 4225; x_wconf 89' lang='lat' dir='ltr'><strong>tamen</strong></span> <span class='ocrx_word' id='word_1_581' title='bbox 3519 4171 3699 4224; x_wconf 75' lang='lat' dir='ltr'><strong>verba</strong></span> 
     </span>
    </p>
   </div>
   <div class='ocr_carea' id='block_1_60' title="bbox 206 4256 1687 4333">
    <p class='ocr_par' dir='ltr' id='par_1_60' title="bbox 206 4256 1687 4333">
     <span class='ocr_line' id='line_1_60' title="bbox 206 4256 1687 4333; baseline 0.005 -23"><span class='ocrx_word' id='word_1_582' title='bbox 206 4256 384 4313; x_wconf 84' lang='lat' dir='ltr'><strong>facere</strong></span> <span class='ocrx_word' id='word_1_583' title='bbox 414 4261 626 4314; x_wconf 85' lang='lat' dir='ltr'><strong>statim</strong></span> <span class='ocrx_word' id='word_1_584' title='bbox 659 4277 994 4333; x_wconf 84' lang='lat' dir='ltr'><strong>aggressus</strong></span> <span class='ocrx_word' id='word_1_585' title='bbox 1028 4266 1119 4316; x_wconf 91' lang='lat' dir='ltr'><strong>est</strong></span> <span class='ocrx_word' id='word_1_586' title='bbox 1153 4266 1304 4332; x_wconf 85' lang='lat' dir='ltr'><strong>(cap.</strong></span> <span class='ocrx_word' id='word_1_587' title='bbox 1344 4263 1393 4329; x_wconf 90' lang='grc'><strong>1,</strong></span> <span class='ocrx_word' id='word_1_588' title='bbox 1422 4281 1575 4317; x_wconf 81' lang='lat' dir='ltr'><strong>nam.</strong></span> <span class='ocrx_word' id='word_1_589' title='bbox 1613 4264 1687 4333; x_wconf 88' lang='grc'><strong>1).</strong></span> 
     </span>
    </p>
   </div>
   <div class='ocr_carea' id='block_1_61' title="bbox 270 4346 3695 4422">
    <p class='ocr_par' dir='ltr' id='par_1_61' title="bbox 270 4346 3695 4422">
     <span class='ocr_line' id='line_1_61' title="bbox 270 4346 3695 4422; baseline 0 -25"><span class='ocrx_word' id='word_1_590' title='bbox 270 4347 484 4403; x_wconf 74' lang='lat' dir='ltr'><strong>Verum</strong></span> <span class='ocrx_word' id='word_1_591' title='bbox 518 4351 588 4403; x_wconf 83' lang='lat' dir='ltr'><strong>ut</strong></span> <span class='ocrx_word' id='word_1_592' title='bbox 618 4349 770 4419; x_wconf 89' lang='lat' dir='ltr'><strong>ipsis</strong></span> <span class='ocrx_word' id='word_1_593' title='bbox 802 4351 1122 4405; x_wconf 83' lang='lat' dir='ltr'><strong>accedendi</strong></span> <span class='ocrx_word' id='word_1_594' title='bbox 1158 4352 1490 4405; x_wconf 85' lang='lat' dir='ltr'><strong>facultatem</strong></span> <span class='ocrx_word' id='word_1_595' title='bbox 1522 4352 1715 4406; x_wconf 87' lang='lat' dir='ltr'><strong>adhuc</strong></span> <span class='ocrx_word' id='word_1_596' title='bbox 1748 4352 2132 4422; x_wconf 87' lang='lat' dir='ltr'><strong>relinqueret,</strong></span> <span class='ocrx_word' id='word_1_597' title='bbox 2168 4348 2546 4402; x_wconf 87' lang='lat' dir='ltr'><strong>occasionem</strong></span> <span class='ocrx_word' id='word_1_598' title='bbox 2606 4363 2681 4402; x_wconf 85' lang='lat' dir='ltr'><strong>ex</strong></span> <span class='ocrx_word' id='word_1_599' title='bbox 2732 4348 2979 4402; x_wconf 88' lang='lat' dir='ltr'><strong>historia</strong></span> <span class='ocrx_word' id='word_1_600' title='bbox 3030 4348 3207 4401; x_wconf 85' lang='lat' dir='ltr'><strong>oblati</strong></span> <span class='ocrx_word' id='word_1_601' title='bbox 3244 4364 3275 4400; x_wconf 87' lang='lat' dir='ltr'><strong>a</strong></span> <span class='ocrx_word' id='word_1_602' title='bbox 3309 4346 3540 4399; x_wconf 83' lang='lat' dir='ltr'><strong>duobus</strong></span> <span class='ocrx_word' id='word_1_603' title='bbox 3573 4346 3695 4414; x_wconf 87' lang='lat' dir='ltr'><strong>pri-</strong></span> 
     </span>
    </p>
   </div>
   <div class='ocr_carea' id='block_1_62' title="bbox 207 4434 3694 4510">
    <p class='ocr_par' dir='ltr' id='par_1_62' title="bbox 207 4434 3694 4510">
     <span class='ocr_line' id='line_1_62' title="bbox 207 4434 3694 4510; baseline 0.001 -24"><span class='ocrx_word' id='word_1_604' title='bbox 207 4434 307 4489; x_wconf 88' lang='lat' dir='ltr'><strong>mis</strong></span> <span class='ocrx_word' id='word_1_605' title='bbox 338 4435 634 4491; x_wconf 84' lang='lat' dir='ltr'><strong>fratribus</strong></span> <span class='ocrx_word' id='word_1_606' title='bbox 666 4439 966 4505; x_wconf 86' lang='lat' dir='ltr'><strong>sacritlcii,</strong></span> <span class='ocrx_word' id='word_1_607' title='bbox 1002 4456 1133 4510; x_wconf 87' lang='lat' dir='ltr'><strong>quae</strong></span> <span class='ocrx_word' id='word_1_608' title='bbox 1167 4440 1460 4510; x_wconf 87' lang='lat' dir='ltr'><strong>frequenti</strong></span> <span class='ocrx_word' id='word_1_609' title='bbox 1499 4440 1785 4494; x_wconf 78' lang='lat' dir='ltr'><strong>Ecclesiae</strong></span> <span class='ocrx_word' id='word_1_610' title='bbox 1831 4442 2039 4510; x_wconf 61' lang='lat' dir='ltr'><strong>synaxi</strong></span> <span class='ocrx_word' id='word_1_611' title='bbox 2076 4439 2332 4508; x_wconf 84' lang='lat' dir='ltr'><strong>perlecta</strong></span> <span class='ocrx_word' id='word_1_612' title='bbox 2369 4437 2577 4503; x_wconf 86' lang='lat' dir='ltr'><strong>fuerat,</strong></span> <span class='ocrx_word' id='word_1_613' title='bbox 2621 4441 2829 4489; x_wconf 86' lang='lat' dir='ltr'><strong>nactus</strong></span> <span class='ocrx_word' id='word_1_614' title='bbox 2878 4440 3058 4501; x_wconf 88' lang='lat' dir='ltr'><strong>(nam.</strong></span> <span class='ocrx_word' id='word_1_615' title='bbox 3118 4438 3191 4502; x_wconf 71' lang='lat'><strong>:2),</strong></span> <span class='ocrx_word' id='word_1_616' title='bbox 3242 4450 3495 4502; x_wconf 89' lang='lat' dir='ltr'><strong>quonam</strong></span> <span class='ocrx_word' id='word_1_617' title='bbox 3554 4434 3694 4488; x_wconf 91' lang='lat' dir='ltr'><strong>vitio</strong></span> 
     </span>
    </p>
   </div>
   <div class='ocr_carea' id='block_1_63' title="bbox 208 4520 3695 4599">
    <p class='ocr_par' dir='ltr' id='par_1_63' title="bbox 208 4520 3695 4599">
     <span class='ocr_line' id='line_1_63' title="bbox 208 4520 3695 4599; baseline -0.001 -21"><span class='ocrx_word' id='word_1_618' title='bbox 208 4520 353 4578; x_wconf 81' lang='lat' dir='ltr'><strong>Calui</strong></span> <span class='ocrx_word' id='word_1_619' title='bbox 395 4526 768 4580; x_wconf 73' lang='lat' dir='ltr'><strong>sacriﬁcium</strong></span> <span class='ocrx_word' id='word_1_620' title='bbox 800 4528 1078 4582; x_wconf 86' lang='lat' dir='ltr'><strong>infectum</strong></span> <span class='ocrx_word' id='word_1_621' title='bbox 1113 4534 1294 4596; x_wconf 82' lang='lat' dir='ltr'><strong>eSsct,</strong></span> <span class='ocrx_word' id='word_1_622' title='bbox 1330 4530 1535 4599; x_wconf 88' lang='lat' dir='ltr'><strong>paucis</strong></span> <span class='ocrx_word' id='word_1_623' title='bbox 1566 4531 1751 4598; x_wconf 82' lang='lat' dir='ltr'><strong>aperit</strong></span> <span class='ocrx_word' id='word_1_624' title='bbox 1792 4532 1974 4596; x_wconf 86' lang='lat' dir='ltr'><strong>(num.</strong></span> <span class='ocrx_word' id='word_1_625' title='bbox 2010 4528 2042 4581; x_wconf 82' lang='grc'><strong>3</strong></span> <span class='ocrx_word' id='word_1_626' title='bbox 2077 4534 2131 4581; x_wconf 77' lang='lat' dir='ltr'><strong>et</strong></span> <span class='ocrx_word' id='word_1_627' title='bbox 2164 4529 2333 4597; x_wconf 64' lang='lat' dir='ltr'><strong>seq).</strong></span> <span class='ocrx_word' id='word_1_628' title='bbox 2382 4525 2600 4578; x_wconf 85' lang='lat' dir='ltr'><strong>Deinde</strong></span> <span class='ocrx_word' id='word_1_629' title='bbox 2634 4525 2950 4578; x_wconf 70' lang='lat' dir='ltr'><strong>terribilem</strong></span> <span class='ocrx_word' id='word_1_630' title='bbox 2992 4524 3141 4576; x_wconf 83' lang='lat' dir='ltr'><strong>hanc.</strong></span> <span class='ocrx_word' id='word_1_631' title='bbox 3176 4522 3545 4589; x_wconf 58' lang='lat' dir='ltr'><strong>sententiam,</strong></span> <span class='ocrx_word' id='word_1_632' title='bbox 3580 4537 3695 4591; x_wconf 87' lang='lat' dir='ltr'><strong>qua</strong></span> 
     </span>
    </p>
   </div>
   <div class='ocr_carea' id='block_1_64' title="bbox 208 4609 3694 4686">
    <p class='ocr_par' dir='ltr' id='par_1_64' title="bbox 208 4609 3694 4686">
     <span class='ocr_line' id='line_1_64' title="bbox 208 4609 3694 4686; baseline 0.002 -23"><span class='ocrx_word' id='word_1_633' title='bbox 208 4609 294 4666; x_wconf 89' lang='lat' dir='ltr'><strong>ille</strong></span> <span class='ocrx_word' id='word_1_634' title='bbox 322 4614 583 4682; x_wconf 87' lang='lat' dir='ltr'><strong>ipsomet</strong></span> <span class='ocrx_word' id='word_1_635' title='bbox 617 4615 719 4669; x_wconf 89' lang='lat' dir='ltr'><strong>Dei</strong></span> <span class='ocrx_word' id='word_1_636' title='bbox 754 4632 854 4670; x_wconf 88' lang='lat' dir='ltr'><strong>ore</strong></span> <span class='ocrx_word' id='word_1_637' title='bbox 885 4618 1198 4686; x_wconf 86' lang='lat' dir='ltr'><strong>perculsus</strong></span> <span class='ocrx_word' id='word_1_638' title='bbox 1234 4619 1357 4685; x_wconf 82' lang='lat' dir='ltr'><strong>fuit,</strong></span> <span class='ocrx_word' id='word_1_639' title='bbox 1394 4619 1463 4671; x_wconf 86' lang='lat' dir='ltr'><strong>ad</strong></span> <span class='ocrx_word' id='word_1_640' title='bbox 1499 4634 1704 4671; x_wconf 90' lang='lat' dir='ltr'><strong>omnes</strong></span> <span class='ocrx_word' id='word_1_641' title='bbox 1738 4620 1910 4671; x_wconf 90' lang='lat' dir='ltr'><strong>etiam</strong></span> <span class='ocrx_word' id='word_1_642' title='bbox 1951 4616 2266 4671; x_wconf 62' lang='lat' dir='ltr'><strong>hzercticos</strong></span> <span class='ocrx_word' id='word_1_643' title='bbox 2299 4614 2565 4683; x_wconf 87' lang='lat' dir='ltr'><strong>protendi</strong></span> <span class='ocrx_word' id='word_1_644' title='bbox 2615 4613 2785 4664; x_wconf 73' lang='lat' dir='ltr'><strong>docet</strong></span> <span class='ocrx_word' id='word_1_645' title='bbox 2837 4613 2983 4679; x_wconf 75' lang='lat' dir='ltr'><strong>(cap.</strong></span> <span class='ocrx_word' id='word_1_646' title='bbox 3021 4612 3070 4662; x_wconf 65' lang='grc' dir='ltr'><strong>ΞΣ.</strong></span> <span class='ocrx_word' id='word_1_647' title='bbox 3121 4627 3175 4661; x_wconf 88' lang='lat' dir='ltr'><strong>u.</strong></span> <span class='ocrx_word' id='word_1_648' title='bbox 3217 4612 3248 4659; x_wconf 77' lang='lat' dir='ltr'><strong>ti</strong></span> <span class='ocrx_word' id='word_1_649' title='bbox 3282 4616 3337 4661; x_wconf 69' lang='lat' dir='ltr'><strong>ct</strong></span> <span class='ocrx_word' id='word_1_650' title='bbox 3383 4612 3551 4679; x_wconf 69' lang='lat'><strong>307.),</strong></span> <span class='ocrx_word' id='word_1_651' title='bbox 3589 4609 3694 4663; x_wconf 77' lang='lat' dir='ltr'><strong>sed</strong></span> 
     </span>
    </p>
   </div>
   <div class='ocr_carea' id='block_1_65' title="bbox 210 4696 3693 4776">
    <p class='ocr_par' dir='ltr' id='par_1_65' title="bbox 210 4696 3693 4776">
     <span class='ocr_line' id='line_1_65' title="bbox 210 4696 3693 4776; baseline -0.001 -24"><span class='ocrx_word' id='word_1_652' title='bbox 210 4698 488 4770; x_wconf 88' lang='lat' dir='ltr'><strong>imprimis</strong></span> <span class='ocrx_word' id='word_1_653' title='bbox 520 4704 595 4757; x_wconf 87' lang='lat' dir='ltr'><strong>ad</strong></span> <span class='ocrx_word' id='word_1_654' title='bbox 631 4719 757 4771; x_wconf 88' lang='lat' dir='ltr'><strong>eos,</strong></span> <span class='ocrx_word' id='word_1_655' title='bbox 791 4720 1040 4775; x_wconf 89' lang='lat' dir='ltr'><strong>quorum</strong></span> <span class='ocrx_word' id='word_1_656' title='bbox 1075 4708 1289 4761; x_wconf 89' lang='lat' dir='ltr'><strong>seriem</strong></span> <span class='ocrx_word' id='word_1_657' title='bbox 1325 4709 1382 4760; x_wconf 91' lang='lat' dir='ltr'><strong>in</strong></span> <span class='ocrx_word' id='word_1_658' title='bbox 1416 4707 1853 4776; x_wconf 83' lang='lat' dir='ltr'><strong>Apollinaristis</strong></span> <span class='ocrx_word' id='word_1_659' title='bbox 1887 4720 2193 4775; x_wconf 87' lang='lat' dir='ltr'><strong>perperam</strong></span> <span class='ocrx_word' id='word_1_660' title='bbox 2227 4703 2296 4756; x_wconf 86' lang='lat' dir='ltr'><strong>dc</strong></span> <span class='ocrx_word' id='word_1_661' title='bbox 2340 4703 2591 4755; x_wconf 90' lang='lat' dir='ltr'><strong>humana</strong></span> <span class='ocrx_word' id='word_1_662' title='bbox 2624 4700 2844 4752; x_wconf 82' lang='lat' dir='ltr'><strong>Christi</strong></span> <span class='ocrx_word' id='word_1_663' title='bbox 2878 4700 3067 4750; x_wconf 83' lang='lat' dir='ltr'><strong>anima</strong></span> <span class='ocrx_word' id='word_1_664' title='bbox 3103 4698 3497 4751; x_wconf 73' lang='lat' dir='ltr'><strong>sentientibus</strong></span> <span class='ocrx_word' id='word_1_665' title='bbox 3529 4696 3693 4751; x_wconf 87' lang='lat' dir='ltr'><strong>desi-</strong></span> 
     </span>
    </p>
   </div>
   <div class='ocr_carea' id='block_1_66' title="bbox 206 4786 3694 4863">
    <p class='ocr_par' dir='ltr' id='par_1_66' title="bbox 206 4786 3694 4863">
     <span class='ocr_line' id='line_1_66' title="bbox 206 4786 3694 4863; baseline 0 -24"><span class='ocrx_word' id='word_1_666' title='bbox 206 4793 425 4844; x_wconf 88' lang='lat' dir='ltr'><strong>nentem</strong></span> <span class='ocrx_word' id='word_1_667' title='bbox 457 4792 735 4861; x_wconf 81' lang='lat' dir='ltr'><strong>pertexit.</strong></span> <span class='ocrx_word' id='word_1_668' title='bbox 774 4792 1036 4863; x_wconf 89' lang='lat' dir='ltr'><strong>Denique</strong></span> <span class='ocrx_word' id='word_1_669' title='bbox 1069 4795 1368 4848; x_wconf 88' lang='lat' dir='ltr'><strong>auditores</strong></span> <span class='ocrx_word' id='word_1_670' title='bbox 1401 4811 1568 4859; x_wconf 90' lang='lat' dir='ltr'><strong>suos,</strong></span> <span class='ocrx_word' id='word_1_671' title='bbox 1601 4809 1674 4847; x_wconf 90' lang='lat' dir='ltr'><strong>ne</strong></span> <span class='ocrx_word' id='word_1_672' title='bbox 1707 4810 1774 4847; x_wconf 92' lang='lat' dir='ltr'><strong>se</strong></span> <span class='ocrx_word' id='word_1_673' title='bbox 1822 4809 2080 4863; x_wconf 87' lang='lat' dir='ltr'><strong>unquam</strong></span> <span class='ocrx_word' id='word_1_674' title='bbox 2131 4792 2203 4844; x_wconf 88' lang='lat' dir='ltr'><strong>ab</strong></span> <span class='ocrx_word' id='word_1_675' title='bbox 2258 4789 2547 4843; x_wconf 66' lang='lat' dir='ltr'><strong>Ecclesia}</strong></span> <span class='ocrx_word' id='word_1_676' title='bbox 2590 4788 2816 4856; x_wconf 88' lang='lat' dir='ltr'><strong>gremio</strong></span> <span class='ocrx_word' id='word_1_677' title='bbox 2858 4787 3106 4839; x_wconf 80' lang='lat' dir='ltr'><strong>distrahi</strong></span> <span class='ocrx_word' id='word_1_678' title='bbox 3162 4788 3475 4855; x_wconf 79' lang='lat' dir='ltr'><strong>patiantur,</strong></span> <span class='ocrx_word' id='word_1_679' title='bbox 3508 4786 3694 4841; x_wconf 87' lang='lat' dir='ltr'><strong>vehe-</strong></span> 
     </span>
    </p>
   </div>
   <div class='ocr_carea' id='block_1_67' title="bbox 208 4875 3694 4948">
    <p class='ocr_par' dir='ltr' id='par_1_67' title="bbox 208 4875 3694 4948">
     <span class='ocr_line' id='line_1_67' title="bbox 208 4875 3694 4948; baseline 0.001 -20"><span class='ocrx_word' id='word_1_680' title='bbox 208 4883 419 4933; x_wconf 86' lang='lat' dir='ltr'><strong>menter</strong></span> <span class='ocrx_word' id='word_1_681' title='bbox 449 4880 725 4933; x_wconf 87' lang='lat' dir='ltr'><strong>hortatus</strong></span> <span class='ocrx_word' id='word_1_682' title='bbox 757 4882 938 4947; x_wconf 90' lang='lat' dir='ltr'><strong>(num.</strong></span> <span class='ocrx_word' id='word_1_683' title='bbox 983 4881 1097 4948; x_wconf 76' lang='lat' dir='ltr'><strong>t3),</strong></span> <span class='ocrx_word' id='word_1_684' title='bbox 1134 4882 1432 4935; x_wconf 86' lang='lat' dir='ltr'><strong>Christum</strong></span> <span class='ocrx_word' id='word_1_685' title='bbox 1483 4887 1768 4936; x_wconf 62' lang='lat' dir='ltr'><strong>aeternum</strong></span> <span class='ocrx_word' id='word_1_686' title='bbox 1795 4898 1931 4934; x_wconf 88' lang='lat' dir='ltr'><strong>esse</strong></span> <span class='ocrx_word' id='word_1_687' title='bbox 1968 4897 2035 4935; x_wconf 91' lang='lat' dir='ltr'><strong>ac</strong></span> <span class='ocrx_word' id='word_1_688' title='bbox 2068 4894 2206 4933; x_wconf 85' lang='lat' dir='ltr'><strong>vere</strong></span> <span class='ocrx_word' id='word_1_689' title='bbox 2254 4879 2438 4931; x_wconf 89' lang='lat' dir='ltr'><strong>Deum</strong></span> <span class='ocrx_word' id='word_1_690' title='bbox 2476 4877 2767 4929; x_wconf 72' lang='lat' dir='ltr'><strong>adversus</strong></span> <span class='ocrx_word' id='word_1_691' title='bbox 2802 4876 3053 4927; x_wconf 79' lang='lat' dir='ltr'><strong>Arianos</strong></span> <span class='ocrx_word' id='word_1_692' title='bbox 3088 4876 3391 4945; x_wconf 80' lang='lat' dir='ltr'><strong>eleganter</strong></span> <span class='ocrx_word' id='word_1_693' title='bbox 3421 4875 3594 4945; x_wconf 51' lang='lat' dir='ltr'><strong>Juxta</strong></span> <span class='ocrx_word' id='word_1_694' title='bbox 3625 4892 3694 4930; x_wconf 90' lang='lat' dir='ltr'><strong>ac</strong></span> 
     </span>
    </p>
   </div>
   <div class='ocr_carea' id='block_1_68' title="bbox 207 4963 3689 5041">
    <p class='ocr_par' dir='ltr' id='par_1_68' title="bbox 207 4963 3689 5041">
     <span class='ocr_line' id='line_1_68' title="bbox 207 4963 3689 5041; baseline 0 -25"><span class='ocrx_word' id='word_1_695' title='bbox 207 4965 384 5019; x_wconf 86' lang='lat' dir='ltr'><strong>valide</strong></span> <span class='ocrx_word' id='word_1_696' title='bbox 418 4968 632 5037; x_wconf 86' lang='lat' dir='ltr'><strong>probat</strong></span> <span class='ocrx_word' id='word_1_697' title='bbox 663 4970 794 5037; x_wconf 89' lang='lat' dir='ltr'><strong>(cap</strong></span> <span class='ocrx_word' id='word_1_698' title='bbox 823 4970 855 5022; x_wconf 83' lang='lat'><strong>3</strong></span> <span class='ocrx_word' id='word_1_699' title='bbox 889 4972 942 5021; x_wconf 87' lang='lat' dir='ltr'><strong>et</strong></span> <span class='ocrx_word' id='word_1_700' title='bbox 973 4969 1047 5038; x_wconf 75' lang='grc'>4).</span> <span class='ocrx_word' id='word_1_701' title='bbox 1085 4970 1173 5023; x_wconf 86' lang='lat' dir='ltr'><strong>Ab</strong></span> <span class='ocrx_word' id='word_1_702' title='bbox 1209 4970 1302 5023; x_wconf 85' lang='lat' dir='ltr'><strong>his</strong></span> <span class='ocrx_word' id='word_1_703' title='bbox 1335 4971 1408 5023; x_wconf 91' lang='lat' dir='ltr'><strong>ad</strong></span> <span class='ocrx_word' id='word_1_704' title='bbox 1438 4971 1912 5041; x_wconf 40' lang='lat' dir='ltr'><strong>Apollinai&#39;istas,</strong></span> <span class='ocrx_word' id='word_1_705' title='bbox 1966 4983 2215 5037; x_wconf 90' lang='lat' dir='ltr'><strong>quorum</strong></span> <span class='ocrx_word' id='word_1_706' title='bbox 2247 4969 2440 5018; x_wconf 86' lang='lat' dir='ltr'><strong>tamen</strong></span> <span class='ocrx_word' id='word_1_707' title='bbox 2490 4964 2709 5017; x_wconf 90' lang='lat' dir='ltr'><strong>nomini</strong></span> <span class='ocrx_word' id='word_1_708' title='bbox 2753 4963 2959 5032; x_wconf 82' lang='lat' dir='ltr'><strong>parcit,</strong></span> <span class='ocrx_word' id='word_1_709' title='bbox 3016 4965 3380 5018; x_wconf 76' lang='lat' dir='ltr'><strong>c’ouvcrtitur</strong></span> <span class='ocrx_word' id='word_1_710' title='bbox 3426 4967 3575 5034; x_wconf 88' lang='lat' dir='ltr'><strong>(cap.</strong></span> <span class='ocrx_word' id='word_1_711' title='bbox 3614 4966 3689 5033; x_wconf 67' lang='grc'>5),</span> 
     </span>
    </p>
   </div>
   <div class='ocr_carea' id='block_1_69' title="bbox 208 5053 3694 5129">
    <p class='ocr_par' dir='ltr' id='par_1_69' title="bbox 208 5053 3694 5129">
     <span class='ocr_line' id='line_1_69' title="bbox 208 5053 3694 5129; baseline 0 -24"><span class='ocrx_word' id='word_1_712' title='bbox 208 5066 303 5105; x_wconf 87' lang='lat' dir='ltr'><strong>nec</strong></span> <span class='ocrx_word' id='word_1_713' title='bbox 334 5070 453 5108; x_wconf 91' lang='lat' dir='ltr'><strong>non</strong></span> <span class='ocrx_word' id='word_1_714' title='bbox 486 5055 804 5125; x_wconf 84' lang='lat' dir='ltr'><strong>cujusdam</strong></span> <span class='ocrx_word' id='word_1_715' title='bbox 832 5057 967 5110; x_wconf 88' lang='lat' dir='ltr'><strong>libri</strong></span> <span class='ocrx_word' id='word_1_716' title='bbox 990 5060 1309 5128; x_wconf 89' lang='lat' dir='ltr'><strong>auctorem,</strong></span> <span class='ocrx_word' id='word_1_717' title='bbox 1344 5075 1519 5129; x_wconf 89' lang='lat' dir='ltr'><strong>quem</strong></span> <span class='ocrx_word' id='word_1_718' title='bbox 1560 5059 1986 5129; x_wconf 89' lang='lat' dir='ltr'><strong>Apollinarium</strong></span> <span class='ocrx_word' id='word_1_719' title='bbox 2016 5058 2211 5126; x_wconf 91' lang='lat' dir='ltr'><strong>ipsum</strong></span> <span class='ocrx_word' id='word_1_720' title='bbox 2242 5053 2672 5115; x_wconf 79' lang='lat' dir='ltr'><strong>existimamus,</strong></span> <span class='ocrx_word' id='word_1_721' title='bbox 2728 5068 2940 5122; x_wconf 86' lang='lat' dir='ltr'><strong>presso</strong></span> <span class='ocrx_word' id='word_1_722' title='bbox 2992 5069 3226 5123; x_wconf 87' lang='lat' dir='ltr'><strong>quoque</strong></span> <span class='ocrx_word' id='word_1_723' title='bbox 3270 5056 3525 5117; x_wconf 85' lang='lat' dir='ltr'><strong>nomine,</strong></span> <span class='ocrx_word' id='word_1_724' title='bbox 3562 5053 3694 5107; x_wconf 83' lang='lat' dir='ltr'><strong>bla-</strong></span> 
     </span>
    </p>
   </div>
   <div class='ocr_carea' id='block_1_70' title="bbox 211 5140 3691 5217">
    <p class='ocr_par' dir='ltr' id='par_1_70' title="bbox 211 5140 3691 5217">
     <span class='ocr_line' id='line_1_70' title="bbox 211 5140 3691 5217; baseline 0.001 -25"><span class='ocrx_word' id='word_1_725' title='bbox 211 5140 462 5209; x_wconf 74' lang='lat' dir='ltr'><strong>sphemae</strong></span> <span class='ocrx_word' id='word_1_726' title='bbox 497 5145 693 5213; x_wconf 88' lang='lat' dir='ltr'><strong>arguit</strong></span> <span class='ocrx_word' id='word_1_727' title='bbox 722 5144 871 5214; x_wconf 87' lang='lat' dir='ltr'><strong>(cap.</strong></span> <span class='ocrx_word' id='word_1_728' title='bbox 906 5146 958 5213; x_wconf 88' lang='grc'>6,</span> <span class='ocrx_word' id='word_1_729' title='bbox 991 5162 1149 5199; x_wconf 90' lang='lat' dir='ltr'><strong>num.</strong></span> <span class='ocrx_word' id='word_1_730' title='bbox 1184 5145 1295 5215; x_wconf 79' lang='grc'>51).</span> <span class='ocrx_word' id='word_1_731' title='bbox 1330 5147 1564 5215; x_wconf 79' lang='lat' dir='ltr'><strong>Postea,</strong></span> <span class='ocrx_word' id='word_1_732' title='bbox 1608 5163 1734 5217; x_wconf 86' lang='lat' dir='ltr'><strong>cap.</strong></span> <span class='ocrx_word' id='word_1_733' title='bbox 1770 5146 1824 5215; x_wconf 88' lang='grc'><strong>6,</strong></span> <span class='ocrx_word' id='word_1_734' title='bbox 1850 5147 2129 5215; x_wconf 75' lang='lat' dir='ltr'><strong>~retiquos</strong></span> <span class='ocrx_word' id='word_1_735' title='bbox 2179 5141 2518 5196; x_wconf 80' lang='lat' dir='ltr'><strong>earumdem</strong></span> <span class='ocrx_word' id='word_1_736' title='bbox 2549 5156 2785 5193; x_wconf 88' lang='lat' dir='ltr'><strong>errores</strong></span> <span class='ocrx_word' id='word_1_737' title='bbox 2821 5157 3034 5212; x_wconf 89' lang='lat' dir='ltr'><strong>urgere</strong></span> <span class='ocrx_word' id='word_1_738' title='bbox 3076 5158 3357 5213; x_wconf 84' lang='lat' dir='ltr'><strong>pergens,</strong></span> <span class='ocrx_word' id='word_1_739' title='bbox 3390 5144 3492 5197; x_wconf 90' lang='lat' dir='ltr'><strong>ubi</strong></span> <span class='ocrx_word' id='word_1_740' title='bbox 3534 5160 3691 5212; x_wconf 76' lang='lat' dir='ltr'><strong>pra:-</strong></span> 
     </span>
    </p>
   </div>
   <div class='ocr_carea' id='block_1_71' title="bbox 208 5227 3692 5306">
    <p class='ocr_par' dir='ltr' id='par_1_71' title="bbox 208 5227 3692 5306">
     <span class='ocr_line' id='line_1_71' title="bbox 208 5227 3692 5306; baseline 0 -25"><span class='ocrx_word' id='word_1_741' title='bbox 208 5232 419 5284; x_wconf 87' lang='lat' dir='ltr'><strong>monnit</strong></span> <span class='ocrx_word' id='word_1_742' title='bbox 452 5233 608 5285; x_wconf 89' lang='lat' dir='ltr'><strong>inter</strong></span> <span class='ocrx_word' id='word_1_743' title='bbox 635 5248 723 5299; x_wconf 89' lang='lat' dir='ltr'><strong>ca,</strong></span> <span class='ocrx_word' id='word_1_744' title='bbox 758 5249 889 5303; x_wconf 66' lang='lat' dir='ltr'><strong>quin</strong></span> <span class='ocrx_word' id='word_1_745' title='bbox 919 5235 1139 5287; x_wconf 84' lang='lat' dir='ltr'><strong>Christi</strong></span> <span class='ocrx_word' id='word_1_746' title='bbox 1171 5234 1458 5289; x_wconf 90' lang='lat' dir='ltr'><strong>divinitati</strong></span> <span class='ocrx_word' id='word_1_747' title='bbox 1505 5236 1741 5306; x_wconf 89' lang='lat' dir='ltr'><strong>propria</strong></span> <span class='ocrx_word' id='word_1_748' title='bbox 1775 5238 1930 5298; x_wconf 88' lang='lat' dir='ltr'><strong>sunt,</strong></span> <span class='ocrx_word' id='word_1_749' title='bbox 1979 5238 2035 5287; x_wconf 90' lang='lat' dir='ltr'><strong>et</strong></span> <span class='ocrx_word' id='word_1_750' title='bbox 2079 5248 2146 5286; x_wconf 89' lang='lat' dir='ltr'><strong>ea</strong></span> <span class='ocrx_word' id='word_1_751' title='bbox 2180 5245 2311 5300; x_wconf 67' lang='lat' dir='ltr'><strong>quae</strong></span> <span class='ocrx_word' id='word_1_752' title='bbox 2350 5228 2421 5281; x_wconf 90' lang='lat' dir='ltr'><strong>ad</strong></span> <span class='ocrx_word' id='word_1_753' title='bbox 2455 5227 2588 5296; x_wconf 76' lang='lat' dir='ltr'><strong>ejus</strong></span> <span class='ocrx_word' id='word_1_754' title='bbox 2636 5229 2925 5296; x_wconf 89' lang='lat' dir='ltr'><strong>pertinent</strong></span> <span class='ocrx_word' id='word_1_755' title='bbox 2978 5228 3396 5283; x_wconf 75' lang='lat' dir='ltr'><strong>humanitatem</strong></span> <span class='ocrx_word' id='word_1_756' title='bbox 3420 5273 3432 5297; x_wconf 94' lang='lat'><strong>,</strong></span> <span class='ocrx_word' id='word_1_757' title='bbox 3486 5230 3692 5282; x_wconf 87' lang='lat' dir='ltr'><strong>distiu-</strong></span> 
     </span>
    </p>
   </div>
   <div class='ocr_carea' id='block_1_72' title="bbox 210 5316 3689 5396">
    <p class='ocr_par' dir='ltr' id='par_1_72' title="bbox 210 5316 3689 5396">
     <span class='ocr_line' id='line_1_72' title="bbox 210 5316 3689 5396; baseline -0 -26"><span class='ocrx_word' id='word_1_758' title='bbox 210 5319 497 5385; x_wconf 79' lang='lat' dir='ltr'><strong>guendum</strong></span> <span class='ocrx_word' id='word_1_759' title='bbox 533 5336 671 5375; x_wconf 84' lang='lat' dir='ltr'><strong>esse</strong></span> <span class='ocrx_word' id='word_1_760' title='bbox 704 5321 1047 5392; x_wconf 82' lang='lat' dir='ltr'><strong>diligentius</strong></span> <span class='ocrx_word' id='word_1_761' title='bbox 1078 5324 1229 5393; x_wconf 85' lang='lat' dir='ltr'><strong>(cap.</strong></span> <span class='ocrx_word' id='word_1_762' title='bbox 1254 5324 1304 5386; x_wconf 72' lang='grc'><strong>4,</strong></span> <span class='ocrx_word' id='word_1_763' title='bbox 1342 5340 1500 5378; x_wconf 90' lang='lat' dir='ltr'><strong>num.</strong></span> <span class='ocrx_word' id='word_1_764' title='bbox 1536 5325 1605 5379; x_wconf 71' lang='lat' dir='ltr'><strong>E23</strong></span> <span class='ocrx_word' id='word_1_765' title='bbox 1645 5330 1702 5379; x_wconf 82' lang='lat' dir='ltr'><strong>et</strong></span> <span class='ocrx_word' id='word_1_766' title='bbox 1732 5325 1905 5396; x_wconf 52' lang='grc' dir='ltr'>δρψ),</span> <span class='ocrx_word' id='word_1_767' title='bbox 1940 5338 2118 5376; x_wconf 89' lang='lat' dir='ltr'><strong>unum</strong></span> <span class='ocrx_word' id='word_1_768' title='bbox 2158 5336 2188 5373; x_wconf 90' lang='lat' dir='ltr'><strong>e</strong></span> <span class='ocrx_word' id='word_1_769' title='bbox 2224 5317 2542 5386; x_wconf 60' lang='lat' dir='ltr'><strong>praecipuis</strong></span> <span class='ocrx_word' id='word_1_770' title='bbox 2602 5317 2941 5370; x_wconf 89' lang='lat' dir='ltr'><strong>eorumdem</strong></span> <span class='ocrx_word' id='word_1_771' title='bbox 2994 5317 3295 5371; x_wconf 86' lang='lat' dir='ltr'><strong>hominum</strong></span> <span class='ocrx_word' id='word_1_772' title='bbox 3341 5316 3689 5372; x_wconf 85' lang='lat' dir='ltr'><strong>commentis</strong></span> 
     </span>
    </p>
   </div>
   <div class='ocr_carea' id='block_1_73' title="bbox 207 5404 3690 5485">
    <p class='ocr_par' dir='ltr' id='par_1_73' title="bbox 207 5404 3690 5485">
     <span class='ocr_line' id='line_1_73' title="bbox 207 5404 3690 5485; baseline -0.001 -28"><span class='ocrx_word' id='word_1_773' title='bbox 207 5419 312 5473; x_wconf 85' lang='lat' dir='ltr'><strong>quo</strong></span> <span class='ocrx_word' id='word_1_774' title='bbox 363 5408 749 5462; x_wconf 76' lang='lat' dir='ltr'><strong>divinitatem</strong></span> <span class='ocrx_word' id='word_1_775' title='bbox 791 5411 1027 5465; x_wconf 80' lang='lat' dir='ltr'><strong>Domini</strong></span> <span class='ocrx_word' id='word_1_776' title='bbox 1060 5418 1116 5466; x_wconf 79' lang='lat' dir='ltr'><strong>et</strong></span> <span class='ocrx_word' id='word_1_777' title='bbox 1146 5428 1385 5465; x_wconf 68' lang='lat' dir='ltr'><strong>carnem</strong></span> <span class='ocrx_word' id='word_1_778' title='bbox 1424 5414 1595 5467; x_wconf 85' lang='lat' dir='ltr'><strong>unius</strong></span> <span class='ocrx_word' id='word_1_779' title='bbox 1640 5429 1773 5467; x_wconf 81' lang='lat' dir='ltr'><strong>esse</strong></span> <span class='ocrx_word' id='word_1_780' title='bbox 1812 5411 2162 5466; x_wconf 74' lang='lat' dir='ltr'><strong>substantiw</strong></span> <span class='ocrx_word' id='word_1_781' title='bbox 2198 5405 2559 5472; x_wconf 85' lang='lat' dir='ltr'><strong>delirabant,</strong></span> <span class='ocrx_word' id='word_1_782' title='bbox 2596 5405 3006 5458; x_wconf 84' lang='lat' dir='ltr'><strong>invictissimis</strong></span> <span class='ocrx_word' id='word_1_783' title='bbox 3059 5408 3346 5461; x_wconf 88' lang='lat' dir='ltr'><strong>rationum</strong></span> <span class='ocrx_word' id='word_1_784' title='bbox 3379 5404 3690 5485; x_wconf 78' lang='lat' dir='ltr'><strong>momentis</strong></span> 
     </span>
    </p>
   </div>
   <div class='ocr_carea' id='block_1_74' title="bbox 210 5490 3693 5573">
    <p class='ocr_par' dir='ltr' id='par_1_74' title="bbox 210 5490 3693 5573">
     <span class='ocr_line' id='line_1_74' title="bbox 210 5490 3693 5573; baseline -0.001 -27"><span class='ocrx_word' id='word_1_785' title='bbox 210 5490 446 5550; x_wconf 82' lang='lat' dir='ltr'><strong>destruit</strong></span> <span class='ocrx_word' id='word_1_786' title='bbox 478 5497 631 5566; x_wconf 88' lang='lat' dir='ltr'><strong>(cap.</strong></span> <span class='ocrx_word' id='word_1_787' title='bbox 664 5498 717 5562; x_wconf 86' lang='lat'><strong>6,</strong></span> <span class='ocrx_word' id='word_1_788' title='bbox 752 5514 910 5552; x_wconf 91' lang='lat' dir='ltr'><strong>num.</strong></span> <span class='ocrx_word' id='word_1_789' title='bbox 944 5500 1013 5554; x_wconf 81' lang='grc'><strong>49</strong></span> <span class='ocrx_word' id='word_1_790' title='bbox 1045 5508 1102 5555; x_wconf 76' lang='lat' dir='ltr'><strong>et</strong></span> <span class='ocrx_word' id='word_1_791' title='bbox 1136 5503 1287 5573; x_wconf 77' lang='lat' dir='ltr'><strong>seq.)</strong></span> <span class='ocrx_word' id='word_1_792' title='bbox 1326 5517 1337 5556; x_wconf 92' lang='lat'>:</span> <span class='ocrx_word' id='word_1_793' title='bbox 1371 5518 1545 5571; x_wconf 86' lang='lat' dir='ltr'><strong>quam</strong></span> <span class='ocrx_word' id='word_1_794' title='bbox 1592 5502 1652 5555; x_wconf 90' lang='lat' dir='ltr'><strong>in</strong></span> <span class='ocrx_word' id='word_1_795' title='bbox 1690 5517 1816 5556; x_wconf 90' lang='lat' dir='ltr'><strong>rem</strong></span> <span class='ocrx_word' id='word_1_796' title='bbox 1861 5501 2022 5554; x_wconf 90' lang='lat' dir='ltr'><strong>illum</strong></span> <span class='ocrx_word' id='word_1_797' title='bbox 2072 5494 2316 5567; x_wconf 90' lang='lat' dir='ltr'><strong>egregie</strong></span> <span class='ocrx_word' id='word_1_798' title='bbox 2358 5509 2426 5547; x_wconf 86' lang='lat' dir='ltr'><strong>ac</strong></span> <span class='ocrx_word' id='word_1_799' title='bbox 2464 5493 2649 5564; x_wconf 91' lang='lat' dir='ltr'><strong>perite</strong></span> <span class='ocrx_word' id='word_1_800' title='bbox 2706 5492 3020 5547; x_wconf 90' lang='lat' dir='ltr'><strong>admodum</strong></span> <span class='ocrx_word' id='word_1_801' title='bbox 3058 5493 3325 5562; x_wconf 80' lang='lat' dir='ltr'><strong>epistolae</strong></span> <span class='ocrx_word' id='word_1_802' title='bbox 3384 5490 3693 5543; x_wconf 77' lang='lat' dir='ltr'><strong>Athanasil</strong></span> 
     </span>
    </p>
   </div>
   <div class='ocr_carea' id='block_1_75' title="bbox 210 5577 3689 5660">
    <p class='ocr_par' dir='ltr' id='par_1_75' title="bbox 210 5577 3689 5660">
     <span class='ocr_line' id='line_1_75' title="bbox 210 5577 3689 5660; baseline -0.003 -17"><span class='ocrx_word' id='word_1_803' title='bbox 210 5580 410 5643; x_wconf 69' lang='lat' dir='ltr'><strong>(Edita:</strong></span> <span class='ocrx_word' id='word_1_804' title='bbox 441 5585 599 5639; x_wconf 87' lang='lat' dir='ltr'><strong>inter</strong></span> <span class='ocrx_word' id='word_1_805' title='bbox 626 5585 759 5657; x_wconf 84' lang='lat' dir='ltr'><strong>ejus</strong></span> <span class='ocrx_word' id='word_1_806' title='bbox 809 5587 999 5658; x_wconf 88' lang='lat' dir='ltr'><strong>Opera</strong></span> <span class='ocrx_word' id='word_1_807' title='bbox 1028 5593 1083 5643; x_wconf 91' lang='lat' dir='ltr'><strong>et</strong></span> <span class='ocrx_word' id='word_1_808' title='bbox 1112 5590 1265 5660; x_wconf 90' lang='lat' dir='ltr'><strong>apud</strong></span> <span class='ocrx_word' id='word_1_809' title='bbox 1298 5590 1585 5660; x_wconf 86' lang='lat' dir='ltr'><strong>Epiphan.</strong></span> <span class='ocrx_word' id='word_1_810' title='bbox 1620 5590 1836 5644; x_wconf 63' lang='lat' dir='ltr'><strong>haeres.</strong></span> <span class='ocrx_word' id='word_1_811' title='bbox 1862 5589 1974 5657; x_wconf 84' lang='grc' dir='ltr'>ΤΙ),</span> <span class='ocrx_word' id='word_1_812' title='bbox 2010 5587 2083 5641; x_wconf 87' lang='lat' dir='ltr'><strong>ad</strong></span> <span class='ocrx_word' id='word_1_813' title='bbox 2115 5584 2443 5654; x_wconf 77' lang='lat' dir='ltr'><strong>Epictetum</strong></span> <span class='ocrx_word' id='word_1_814' title='bbox 2476 5580 2748 5635; x_wconf 85' lang='lat' dir='ltr'><strong>subsidio</strong></span> <span class='ocrx_word' id='word_1_815' title='bbox 2785 5596 2959 5635; x_wconf 90' lang='lat' dir='ltr'><strong>usum</strong></span> <span class='ocrx_word' id='word_1_816' title='bbox 2992 5577 3446 5649; x_wconf 83' lang='lat' dir='ltr'><strong>afﬁrmarejure</strong></span> <span class='ocrx_word' id='word_1_817' title='bbox 3473 5590 3689 5645; x_wconf 64' lang='lat' dir='ltr'><strong>possu-</strong></span> 
     </span>
    </p>
   </div>
   <div class='ocr_carea' id='block_1_76' title="bbox 212 5662 3688 5750">
    <p class='ocr_par' dir='ltr' id='par_1_76' title="bbox 212 5662 3688 5750">
     <span class='ocr_line' id='line_1_76' title="bbox 212 5662 3688 5750; baseline 0 -26"><span class='ocrx_word' id='word_1_818' title='bbox 212 5682 353 5725; x_wconf 84' lang='lat' dir='ltr'><strong>mus.</strong></span> <span class='ocrx_word' id='word_1_819' title='bbox 385 5674 463 5728; x_wconf 76' lang='lat' dir='ltr'><strong>At</strong></span> <span class='ocrx_word' id='word_1_820' title='bbox 496 5688 608 5730; x_wconf 88' lang='lat' dir='ltr'><strong>nec</strong></span> <span class='ocrx_word' id='word_1_821' title='bbox 637 5673 919 5732; x_wconf 87' lang='lat' dir='ltr'><strong>inferiore</strong></span> <span class='ocrx_word' id='word_1_822' title='bbox 952 5677 1177 5749; x_wconf 84' lang='lat' dir='ltr'><strong>ingenii</strong></span> <span class='ocrx_word' id='word_1_823' title='bbox 1206 5678 1420 5735; x_wconf 87' lang='lat' dir='ltr'><strong>robore</strong></span> <span class='ocrx_word' id='word_1_824' title='bbox 1450 5678 1693 5736; x_wconf 86' lang='lat' dir='ltr'><strong>alteram</strong></span> <span class='ocrx_word' id='word_1_825' title='bbox 1723 5676 1880 5733; x_wconf 87' lang='lat' dir='ltr'><strong>illam</strong></span> <span class='ocrx_word' id='word_1_826' title='bbox 1913 5677 2180 5750; x_wconf 86' lang='lat' dir='ltr'><strong>ipsorum</strong></span> <span class='ocrx_word' id='word_1_827' title='bbox 2219 5670 2577 5743; x_wconf 87' lang='lat' dir='ltr'><strong>opinionem,</strong></span> <span class='ocrx_word' id='word_1_828' title='bbox 2611 5685 2745 5742; x_wconf 83' lang='lat' dir='ltr'><strong>quae</strong></span> <span class='ocrx_word' id='word_1_829' title='bbox 2776 5667 3117 5723; x_wconf 87' lang='lat' dir='ltr'><strong>rationalem</strong></span> <span class='ocrx_word' id='word_1_830' title='bbox 3151 5665 3402 5719; x_wconf 84' lang='lat' dir='ltr'><strong>animam</strong></span> <span class='ocrx_word' id='word_1_831' title='bbox 3437 5662 3688 5724; x_wconf 91' lang='lat' dir='ltr'><strong>Domino</strong></span> 
     </span>
    </p>
   </div>
  </div>
