3964 6168
337 301 455 368 851
1596 290 1603 296 ’
1772 302 1830 368 S.
1890 342 1902 367 Α

2160 303 2331 367 DSII.
3631 313 3725 378 852

337 501 683 575 abrogabat,
719 502 928 560 evertit
958 503 1108 575 (cap.
1140 504 1196 574 7)
1229 519 1240 560 :
1276 519 1452 576 quem
1482 503 1720 575 quidem
1758 520 2021 561 errorem
2051 519 2186 559 cum
2215 503 2567 559 Arianorum
2609 504 2784 559 etiam
2814 504 3004 559 fuisse
3032 504 3364 577 perhibeant
3396 507 3639 580 (August.
3673 512 3733 569 de

334 590 570 647 Haeres.
604 607 657 647 c.
691 593 780 658 55,
813 592 1165 648 Theodoret.
1196 592 1422 649 Haeret.
1457 592 1640 648 fabul.
1666 593 1767 648 lib.
1802 610 1881 662 ιν,
1917 609 2045 663 cap.
2080 593 2155 661 1),
2189 593 2346 664 quod
2376 593 2585 648 isthaec
2608 594 2784 650 iidem
2804 595 3180 665 imperatoris
3204 595 3518 652 cubicularii
3537 599 3734 657 Arianis

334 679 605 750 partibus
634 680 852 736 addicti
881 685 1054 752 atque
1083 682 1325 752 ascripti
1357 680 1748 752 objecissent,
1799 681 1998 735 nullus
2031 680 2357 736 mirabitur.

408 768 521 823 Hic
552 769 783 824 ﬁnierat
812 785 1149 825 sermonem
1179 786 1354 825 suum
1376 770 1586 825 beatus
1616 769 1838 840 praesul
1864 786 1877 837 ;
1912 786 2044 823 cum
2075 770 2498 825 autemlibrum
2531 788 2605 825 ex
2635 787 2706 826 eo
2740 773 3140 841 concinnaret,
3172 771 3379 842 placuit
3414 772 3739 846 difficultatis,

337 874 471 930 quae
501 861 639 929 post
666 859 938 914 eumdem
969 874 1305 914 sermonem
1335 858 1773 929 pronuntiatum
1807 858 1921 912 sibi
1954 857 2142 912 fuerat
2171 859 2495 929 proposita,
2529 860 2885 915 solutionem
2913 861 2985 915 ad
3028 860 3247 915 calcem
3283 860 3521 931 adjicere
3546 863 3671 934 (cap.
3695 864 3739 919 8.

338 952 396 1001 et
428 948 579 1020 seq.)
610 946 755 1003 Cum
785 949 940 1003 enim
971 948 1251 1016 Gratiani,
1311 948 1410 1020 qui
1446 947 1827 1002 Ambrosium
1858 948 1919 1001 in
1951 946 2224 1001 Pontiana
2253 947 2522 1016 basilica,
2571 949 2651 1001 uti
2686 948 2905 1003 dictum
2964 952 3075 1017 est,
3134 948 3312 1003 verba
3353 947 3629 1006 facientem
3653 967 3746 1008 non

336 1035 621 1105 audierat,
663 1035 860 1107 pietati
892 1052 1193 1108 nunquam
1224 1051 1343 1091 non
1367 1036 1789 1090 insidiarentur
1818 1034 2104 1106 haeretici,
2137 1036 2290 1106 apud
2322 1051 2453 1090 cum
2486 1052 2696 1107 magna
2731 1052 2864 1091 cum
2913 1037 3125 1092 fiducia
3169 1036 3523 1108 jactaverunt
3550 1039 3743 1095 Patrem

334 1125 436 1196 qui
468 1126 634 1179 esset
659 1124 982 1196 ingenitus,
1017 1140 1151 1179 cum
1182 1123 1330 1179 Filio
1362 1139 1536 1195 quem
1568 1124 1831 1195 genitum
1863 1124 2117 1195 negabat
2147 1139 2340 1192 nemo,
2372 1124 2645 1195 ejusdem
2676 1125 3027 1179 substantiae
3057 1140 3197 1182 esse
3229 1141 3343 1180 non
3372 1140 3557 1196 posse.
3578 1126 3635 1180 In
3658 1127 3746 1182 hac

333 1212 671 1283 objectione
693 1215 968 1284 tanquam
1002 1212 1063 1267 in
1111 1213 1411 1283 praecipuo
1441 1213 1693 1283 quodam
1727 1212 1965 1266 cardine
1999 1213 2212 1267 Ariana
2245 1213 2500 1268 haeresis
2544 1214 2918 1284 vertebatur,
2968 1214 3450 1285 quemadmodum
3490 1231 3557 1269 ex
3584 1230 3747 1271 eorum

331 1302 433 1373 qui
455 1302 800 1357 catholicam
829 1300 1004 1356 fidem
1035 1300 1323 1372 singulari
1356 1316 1488 1355 cum
1519 1300 1690 1355 laude
1724 1305 2187 1371 propugnarunt,
2218 1301 2388 1355 libris
2419 1301 2825 1381 intelligimus.
2857 1304 3225 1373 Quapropter
3254 1319 3378 1357 eam
3406 1302 3747 1375 objectionem

331 1390 690 1445 Ambrosius
710 1390 784 1444 ab
816 1390 1089 1461 Augusto
1118 1404 1187 1443 ac
1214 1404 1281 1445 se
1311 1389 1549 1444 relatam
1582 1393 1739 1443 tanta
1770 1387 2062 1443 soliditate
2095 1389 2396 1460 expedivit
2424 1391 2486 1444 ut
2515 1389 2663 1444 nihil
2694 1390 2865 1459 plane
2912 1391 3301 1461 relinquatur,
3368 1391 3514 1462 quod
3542 1391 3750 1462 amplius

333 1479 695 1534 desidemus.
730 1479 816 1532 Ad
848 1481 1191 1549 postrenum
1220 1478 1331 1531 alia
1363 1478 1613 1549 quadam
1652 1476 2014 1545 difficultate,
2050 1477 2158 1531 sed
2194 1477 2372 1531 multo
2406 1476 2637 1548 leviori,
2674 1493 2807 1549 qua:
2841 1477 2913 1532 ad
2937 1478 3158 1532 Christi
3179 1479 3629 1550 omnipotentiam
3645 1494 3753 1549 per-

332 1568 497 1637 tinet,
531 1567 823 1635 exsoluta,
865 1566 1018 1621 liber
1048 1565 1340 1619 clauditur
1369 1566 1519 1635 (cap.
1555 1565 1641 1632 10,
1675 1582 1835 1620 num.
1864 1564 1986 1633 111,
2024 1570 2083 1617 et
2105 1565 2275 1635 seq.).

403 1654 698 1712 Caeterum
718 1671 837 1711 non
857 1670 1181 1726 possumus
1203 1655 1346 1726 quin
1369 1654 1480 1708 hoc
1509 1654 1640 1707 loco
1672 1653 2037 1724 prudentiam
2059 1668 2129 1707 ac
2157 1652 2619 1708 moderationem
2648 1656 2838 1709 sancti
2867 1656 3147 1721 antistitis
3182 1656 3349 1711 valde
3372 1656 3720 1728 praedicamus
3743 1671 3757 1725 ς

329 1746 385 1801 is
416 1746 656 1817 quippe,
716 1746 948 1800 tametsi
1007 1744 1342 1798 luctuosum
1374 1742 1624 1797 duorum
1670 1742 2190 1808 cubiculariorum,
2248 1755 2400 1811 quos
2453 1743 2932 1813 memoravimus,
2983 1746 3224 1813 exitum,
3289 1760 3421 1798 cum
3475 1759 3762 1798 sermonem

333 1849 511 1889 suum
540 1833 850 1905 redigeret.
876 1833 935 1886 in
963 1831 1199 1900 librum,
1232 1832 1429 1884 minus
1459 1845 1633 1901 quam
1664 1830 1977 1901 quisquam
2010 1829 2164 1883 alius
2225 1828 2564 1900 ignoraret;
2598 1845 2672 1886 ne
2714 1835 2909 1886 tamen
2941 1832 3060 1887 ullo
3091 1833 3267 1887 modo
3298 1833 3617 1887 crederetur
3640 1847 3767 1887 com-

332 1922 575 1978 motioni
606 1922 783 1977 alicui
819 1921 1152 1992 indulgere,
1185 1919 1409 1973 nullum
1443 1934 1509 1974 ea
1542 1919 1613 1972 de
1646 1934 1709 1973 re
1742 1919 1990 1973 verbum
2020 1916 2138 1971 sibi
2170 1918 2449 1973 excidere
2479 1934 2700 1989 passus
2758 1923 2875 1974 est.
2919 1920 3152 1975 Clarior
3194 1921 3419 1975 exstitit
3471 1920 3563 1975 ille
3602 1934 3765 1989 casus,

334 2028 509 2084 quam
539 2015 601 2067 ut
632 2012 931 2066 omittatur
962 2026 973 2063 :
1009 2008 1117 2063 sed
1141 2024 1274 2062 cum
1302 2005 1593 2061 habeatur
1620 2022 1652 2060 a
1685 2006 1931 2061 Paulino
1960 2006 2098 2061 vitae
2147 2005 2446 2061 Ambrosii
2493 2008 2680 2063 nostri
2739 2008 3027 2064 historico
3075 2010 3383 2081 eleganter
3431 2012 3486 2065 et
3538 2011 3766 2062 accurate

332 2101 671 2172 descriptus
703 2115 836 2155 eum
868 2098 1059 2169 ipsius
1088 2096 1293 2151 verbis
1333 2094 1899 2165 repraesentabimus
1934 2110 1946 2149 :
1987 2117 2009 2141 ιι
2046 2094 2311 2149 Fuerunt
2338 2095 2533 2166 etiam,
2586 2097 2776 2169 inquit
2800 2098 2886 2166 (In
2928 2098 3039 2152 Vit.
3098 2100 3162 2152 S.
3213 2097 3472 2168 Ambr.),
3504 2097 3609 2151 duo
3637 2095 3772 2151 cubi-

334 2191 539 2248 cularii
572 2192 713 2244 tunc
739 2186 1025 2258 temporis
1055 2183 1315 2241 Gratiani
1341 2183 1714 2254 imperatoris
1744 2182 1816 2237 de
1847 2182 2067 2238 hmresi
2098 2183 2470 2248 Arianorum,
2524 2185 2624 2256 qui
2670 2186 3039 2240 tractandam
3090 2187 3386 2258 Episcopo
3434 2185 3773 2258 quaestionem

334 2281 754 2353 proponerent.
789 2277 878 2332 Ad
910 2290 1082 2347 quem
1111 2272 1468 2328 audiendum
1497 2271 1679 2325 altero
1711 2271 1805 2324 die
1852 2271 1924 2324 ad
1956 2270 2262 2326 basilicam
2295 2272 2633 2328 Portianam
2692 2290 2899 2330 omnes
2960 2290 3026 2329 se
3057 2275 3371 2330 adfuturos
3407 2274 3773 2345 promiserant.

334 2369 475 2425 Erat
504 2368 659 2424 enim
692 2366 943 2439 qumstio
975 2365 1046 2419 de
1068 2360 1475 2418 lncarnatione
1506 2359 1759 2414 Domini.
1792 2359 1908 2413 Sed
1959 2359 2075 2414 alio
2109 2360 2203 2413 die
2252 2360 2577 2417 miserandi
2606 2363 2899 2431 homines,
2934 2364 3239 2433 superbiae
3270 2368 3494 2418 tumore
3516 2360 3769 2431 completi,

334 2471 445 2513 nec
476 2469 772 2511 memores
803 2451 1256 2522 promissorum,
1292 2451 1735 2501 contemnentes
1767 2446 1952 2500 Deum
1984 2446 2044 2500 in
2065 2449 2374 2503 sacerdote
2407 2450 2621 2520 ipsius,
2654 2467 2764 2506 nec
2794 2452 2986 2522 plebis
3012 2453 3419 2522 exspectantis
3442 2450 3778 2506 consideran-

333 2549 427 2602 tes
458 2542 738 2616 injuriam
771 2557 784 2597 :
817 2541 1194 2595 immemores
1225 2536 1397 2591 etiam.
1429 2536 1719 2590 dictorum
1764 2534 2225 2604 Dominicorum,
2267 2538 2547 2607 quoniam
2596 2541 2696 2611 qui
2744 2541 3258 2595 scandalizaverit
3311 2557 3479 2595 unum
3517 2556 3592 2594 ex
3633 2537 3778 2592 mini-

335 2634 452 2689 mis
472 2633 633 2701 istis,
658 2635 887 2703 Oportet
912 2634 969 2681 ut
987 2626 1135 2682 mola
1155 2625 1421 2680 asinaria
1444 2623 1590 2679 collo
1620 2623 1751 2696 ejus
1778 2622 2084 2695 alligetur,
2107 2629 2165 2678 et
2187 2624 2573 2696 demergatur
2602 2628 2664 2681 in
2694 2628 3048 2699 profundum
3080 2630 3270 2683 maris
3290 2649 3309 2695 ,-
3357 2627 3781 2697 conscendentes

337 2722 400 2778 in
425 2722 670 2777 rhedam
700 2719 871 2791 quasi
905 2717 1096 2789 gratia
1128 2714 1422 2787 gestandi,
1476 2713 1772 2767 civitatem
1820 2711 2057 2784 egressi
2105 2715 2265 2783 sunt,
2320 2719 2701 2785 exspectante
2741 2718 3074 2787 sacerdote,
3131 2723 3187 2772 et
3236 2718 3410 2790 plebe
3466 2718 3524 2771 in
3569 2714 3785 2771 ecclesia

340 2811 677 2867 constituta.
713 2807 829 2862 Sed
860 2805 1043 2877 hujus
1075 2801 1459 2858 contumaciae
1482 2800 1582 2872 qui
1613 2800 1750 2854 finis
1780 2800 1975 2869 fuerit,
2009 2800 2296 2856 horresco
2326 2804 2615 2859 referens.
2670 2805 2875 2860 Subito
2917 2807 3072 2861 enim
3121 2808 3472 2878 praecipitati
3515 2806 3583 2860 de
3610 2802 3782 2870 rheda,

335 2900 565 2955 animas
596 2897 972 2962 emisserunt,
1005 2896 1178 2965 atque
1201 2905 1450 2961 corpora
1481 2890 1717 2943 illorum
1745 2888 2071 2959 sepulturae
2101 2894 2240 2945 sunt
2269 2892 2500 2947 tradita.
2537 2894 2791 2949 Sanctus
2843 2912 2985 2950 vero
3019 2897 3383 2951 Ambrosius
3415 2912 3547 2951 cum
3576 2895 3782 2965 ignora-

339 2992 431 3045 ret
468 2986 609 3061 quid
641 2986 860 3041 factum
889 2986 1072 3050 esset,
1106 2996 1216 3036 nec
1245 2980 1469 3035 diutius
1498 2980 1707 3049 posset
1735 2977 1968 3048 plebem
1998 2981 2220 3047 tenere,
2254 2981 2588 3037 ascendens
2620 2999 2728 3054 pro
2758 2984 3057 3055 tribunali,
3112 2985 3183 3039 de
3215 2986 3427 3040 eadem
3473 2980 3784 3056 quaestione,

338 3094 473 3151 quae
501 3076 693 3133 fuerat
728 3072 1050 3146 pr0posita,
1084 3083 1420 3125 sermonem
1447 3067 1703 3122 adorsus
1734 3069 1826 3121 est
1854 3066 2061 3121 dicens
2093 3085 2105 3122 :
2143 3068 2435 3133 Debitum,
2471 3070 2720 3140 fratres,
2756 3089 2897 3126 curo
2930 3072 3277 3127 solvendum
3310 3094 3326 3128 :
3359 3072 3470 3129 sed
3506 3072 3790 3126 hesternos

340 3183 505 3224 meos
533 3182 647 3223 non
677 3164 922 3220 invenio
949 3161 1320 3223 creditores;
1371 3160 1428 3212 et
1481 3156 1706 3227 reliqua
1754 3171 1888 3228 qua:
1918 3156 2141 3227 scripta
2183 3158 2412 3213 suntin
2460 3158 2615 3215 libro
2664 3162 2767 3232 qui
2818 3162 2893 3216 de
2942 3161 3370 3218 lncarnatione
3400 3160 3630 3217 Domini
3676 3155 3791 3211 inti-

342 3257 580 3314 tulatur.
628 3279 650 3304 ιι

413 3347 497 3401 Ita
532 3342 834 3413 Paulinus,
868 3340 1043 3413 cujus
1077 3338 1251 3394 etiam
1291 3335 1495 3391 ultima
1523 3332 1705 3389 verba
1742 3332 1877 3388 libri
1907 3332 2207 3389 declarant
2236 3335 2704 3407 inscriptionem.
2739 3339 2905 3393 Hanc
2962 3340 3151 3409 ipsam
3200 3339 3363 3411 apud
3401 3337 3551 3394 alios
3595 3345 3795 3407 quoque

346 3434 695 3506 scriptores,
726 3449 761 3487 a
790 3430 1011 3503 quibus
1043 3428 1249 3485 eadem
1285 3424 1477 3496 opella
1508 3423 1874 3493 temporibus
1903 3424 2127 3478 secutis
2157 3438 2275 3477 non
2305 3424 2434 3480 sine
2466 3428 2971 3483 commendatione
3003 3428 3257 3501 allegata
3292 3431 3385 3483 est
3413 3424 3655 3500 (Synod.
3685 3420 3795 3477 adv.

355 3524 533 3579 Trah.
564 3523 720 3577 lren.
754 3519 984 3576 collect.
1022 3518 1196 3574 Cone.
1232 3514 1435 3569 Baluz.
1473 3519 1531 3567 et
1573 3512 1798 3567 Christ.
1833 3512 1975 3582 Lup.
2011 3518 2069 3567 et
2100 3511 2203 3581 al.)
2234 3514 2562 3583 reperimus
2597 3531 2609 3570 :
2646 3516 2741 3570 cui
2788 3521 3073 3586 prmterea
3123 3517 3401 3571 nonnulli
3431 3513 3726 3586 (Theodor.
3752 3508 3799 3561 in

346 3610 671 3685 Polymor.)
700 3609 1010 3682 adjiciunt,
1045 3611 1251 3661 contra
1279 3600 1769 3675 Apollinaristas.
1820 3599 1953 3655 Non
1991 3599 2305 3655 defuerunt
2352 3603 2545 3672 etiam,
2578 3604 2677 3675 qui
2708 3604 2918 3675 Operis
2950 3606 3198 3659 exordio
3243 3604 3500 3676 permoti
3529 3601 3636 3657 sub
3662 3595 3800 3653 titulo

348 3700 613 3756 sermoni
642 3698 716 3755 de
741 3697 887 3753 Cain
936 3700 996 3751 et
1025 3693 1188 3749 Abel
1213 3692 1449 3747 citatum
1479 3687 1698 3744 vellent
1725 3687 1847 3758 (Ivo
1882 3686 2124 3742 Decret.
2158 3705 2197 3742 ιι
2229 3692 2399 3759 part.,
2453 3708 2505 3745 c.
2554 3692 2587 3747 ’7
2614 3708 2627 3762 ;
2681 3692 2847 3747 Grat.
2884 3695 2957 3749 de
2993 3694 3240 3749 Censeo.
3278 3694 3420 3748 dist.
3452 3693 3528 3763 ‘2).
3560 3689 3668 3746 Sed
3694 3700 3804 3758 pro-

350 3787 506 3844 t‘ecto
537 3786 798 3842 omnium
828 3784 1043 3855 optima
1071 3779 1380 3850 inscriptio
1412 3780 1525 3847 est,
1559 3792 1732 3849 quam
1764 3792 1883 3831 non
1921 3774 2116 3831 solum
2147 3780 2534 3850 manuscripti
2564 3782 2803 3852 plurimi
2830 3799 2900 3837 ac
2932 3782 3368 3854 probatissimi,
3402 3796 3512 3836 nec
3541 3794 3653 3833 non
3673 3774 3803 3829 vete-

351 3890 453 3931 res
484 3872 776 3929 editiones
814 3886 938 3943 praa
978 3884 1045 3924 se
1076 3868 1310 3936 ferunt;
1340 3879 1549 3919 verum
1579 3864 1752 3918 etiam
1783 3878 1960 3935 quam
1990 3863 2208 3919 indicat
2236 3867 2388 3937 (cap.
2422 3868 2475 3937 ’7,
2509 3885 2669 3925 num.
2704 3870 2797 3941 63)
2845 3871 3097 3942 ipsemet
3146 3872 3534 3939 Ambrosius,
3567 3865 3805 3921 nimirum

354 3962 430 4018 de
460 3960 899 4017 lncarnationis
927 3956 1249 4014 Dominieae
1280 3953 1687 4022 Sacramenta,
1730 3952 1879 4021 sive,
1914 3952 1976 4006 ut
2014 3967 2148 4007 cum
2178 3955 2521 4011 auctoribus
2551 3957 2907 4030 quibusdam
2942 3960 3189 4015 Romani
3244 3959 3513 4013 editores
3560 3952 3802 4017 maluere,

353 4050 674 4108 Mysterio.

421 4067 767 4209 afﬁgere
796 4137 868 4193 ad
901 4138 1130 4193 aetatem
1159 4132 1433 4206 ejusdem
1478 4128 1637 4201 libri,
1688 4131 1752 4183 ut
1795 4128 1943 4184 nihil
1983 4129 2202 4185 certius
2253 4134 2345 4186 est
2374 4148 2547 4204 quam
2578 4134 2741 4191 illum
2787 4136 2957 4192 libris
2991 4137 3065 4192 de
3095 4136 3255 4191 Fide
3284 4135 3672 4206 posteriorem
3697 4142 3810 4185 esse

357 4230 538 4303 (ibid.
570 4243 731 4284 num.
764 4225 876 4297 62),
910 4225 987 4280 ita
1046 4239 1165 4280 non
1221 4221 1456 4291 exiguae
1504 4216 1866 4273 difficultatis
1906 4216 2101 4289 fuerit,
2143 4222 2287 4291 quot
2322 4224 2494 4276 annis
2538 4225 2807 4279 eumdem
2846 4224 2907 4278 hi
2954 4224 3414 4296 antcverterint,
3468 4222 3720 4279 definire.

358 4302 435 4375 iis
492 4316 731 4389 quidem
761 4313 1014 4369 citandis
1064 4310 1249 4367 semel
1282 4310 1397 4365 hoc
1433 4309 1495 4362 in
1524 4306 1713 4377 Opere
1745 4320 1953 4361 vocem
2003 4307 2216 4361 dudum
2255 4308 2495 4366 adhibet
2548 4312 2700 4384 (cap.
2741 4313 2794 4382 8,
2830 4330 2989 4367 num.
3036 4313 3124 4383 '19)
3173 4317 3428 4368 sanctus
3462 4302 3812 4367 doctorzsed

359 4405 495 4461 aliis
523 4403 675 4459 locis
698 4401 918 4473 quibus
946 4400 1201 4471 aliquam
1231 4398 1498 4469 ipsorum
1542 4393 1898 4448 mentionem
1946 4393 2102 4464 facit,
2136 4395 2433 4468 ejusmodi
2492 4398 2891 4457 locutionibus
2953 4418 3190 4472 semper
3228 4403 3442 4471 utitur,
3490 4415 3622 4473 qua
3650 4393 3813 4467 signi-

361 4496 538 4550 ficent
570 4493 705 4547 illos
734 4490 926 4546 editos
956 4505 1076 4543 non
1115 4489 1193 4542 ita
1240 4486 1487 4557 pridem.
1547 4483 1962 4537 Verumtamen
2014 4496 2146 4537 cum
2203 4484 2383 4540 iidem
2411 4487 2546 4542 libri
2579 4490 2652 4544 de
2698 4491 2855 4546 Fide
2904 4507 3023 4545 non
3063 4490 3179 4544 nisi
3219 4505 3405 4559 anno,
3448 4491 3511 4543 ut
3541 4489 3812 4542 ostensum

363 4586 456 4638 est
508 4581 614 4637 3'79
660 4578 880 4634 fuerint
934 4576 1213 4643 absoluti,
1264 4573 1562 4628 Paulimus
1612 4585 1756 4625 vero
1789 4569 1902 4625 hoc
1932 4571 2130 4639 ipsum
2166 4570 2349 4642 Opus,
2410 4575 2481 4630 de
2522 4592 2638 4648 quo
2698 4581 2911 4650 agitur,
2961 4580 3284 4649 superstite
3336 4578 3533 4633 adhuc
3570 4573 3813 4631 Gratiano

365 4673 637 4743 Augusto
662 4710 677 4739 ,
717 4667 818 4741 qui
856 4683 1010 4723 anno
1049 4663 1155 4722 383
1183 4665 1303 4719 vita
1334 4662 1572 4717 functus
1605 4662 1716 4729 est,
1752 4659 2051 4715 conditum
2082 4661 2309 4731 tradat;
2342 4678 2457 4718 vox
2488 4665 2701 4720 dudum
2741 4671 2802 4721 ut
2841 4668 2982 4721 illud
3022 4672 3153 4721 ante
3193 4683 3422 4721 annum
3463 4666 3568 4721 38:2
3606 4673 3814 4729 compo-

368 4760 548 4814 situm
572 4758 1061 4827 exstimaremus,
1113 4753 1215 4809 vix
1245 4754 1543 4826 pateretur
1600 4763 1614 4805 :
1666 4750 1822 4804 sicut
1878 4763 1989 4804 nec
2044 4748 2304 4805 Gratiani
2362 4752 2558 4808 obitus
2584 4796 2597 4823 ,
2639 4759 2701 4811 ut
2739 4757 2881 4812 illud
2921 4758 3099 4812 multo
3141 4761 3276 4827 post
3319 4755 3593 4813 eumdem
3631 4760 3815 4805 annum

365 4859 774 4920 rejiceremus.
