3964 6168
1411 212 1669 275 LIBER
1710 213 1821 275 DE
1864 212 2525 279 INCARNATIONE.

837 502 1737 676 SANCTI
1875 507 3094 682 AMBROSII

1413 794 2107 857 MEDIOLANENSIS
2155 796 2543 857 EPISCOPI

323 939 557 1117 ⁸ΒΕ
639 940 1741 1056 INGABNATIONIS
1816 944 2524 1060 DOMINICZE
2599 942 3546 1062 SACBAMENTO

1668 1151 1896 1212 LIBRI
1928 1153 2158 1216 UNUS
2195 1155 2303 1233 (1).

623 1422 761 1485 701
779 1423 862 1486 -3
892 1431 1144 1487 CAPUT
1177 1427 1501 1489 PRIMUM.

258 1534 492 1590 Indicata
525 1536 772 1591 dicendi
800 1538 1126 1605 occasione,
1163 1540 1239 1593 ad
1288 1539 1592 1594 sacriﬁcia
1643 1539 1815 1592 Caini
1844 1545 1903 1593 et

312 1606 509 1681 Abelis
536 1609 771 1681 accedit
801 1609 1179 1681 Ambrosius.
1222 1611 1357 1664 ’l‘am
1398 1611 1538 1681 quid
1577 1611 1638 1663 in
1673 1612 1904 1680 prioris

314 1677 595 1752 oblatione
623 1678 751 1752 _Deo
780 1680 1178 1749 displicuerit.
1214 1677 1504 1752 explorat.
1539 1677 1771 1735 Deinde
1805 1681 1905 1736 ubi

308 1749 523 1823 Abelis
529 1749 932 1823 holocaustum
950 1752 1156 1821 paucis
1187 1749 1475 1823 exposuit.
1506 1768 1781 1823 quosnam
1807 1752 1903 1806 1a-

310 1826 361 1872 ta
387 1820 446 1872 in
480 1819 729 1875 Cainum
763 1819 1303 1891 feriat—sententia,
1341 1819 1531 1876 docet:

310 1925 353 1979 1.
384 1925 677 1995 Debitum,
728 1926 943 1982 fratres
992 1928 1091 1997 (2),
1141 1928 1315 1998 cupio
1369 1928 1744 1996 solvendum,
1796 1930 1905 1983 sed

243 2012 533 2069 hesternos
569 2030 742 2070 meos
773 2031 892 2070 non
922 2017 1162 2070 invenio
1196 2017 1550 2083 creditores,
1601 2018 1716 2071 nisi
1751 2017 1903 2071 forte

241 2101 538 2171 improviso
572 2107 880 2159 conventu
919 2107 1272 2174 putaverunt
1302 2121 1415 2159 nos
1474 2120 1613 2159 esse
1645 2105 1893 2159 turban-

241 2188 363 2244 dos:
398 2191 502 2246 sed
529 2208 837 2263 nunquam
868 2193 1016 2247 fides
1048 2208 1186 2247 vera
1221 2193 1509 2248 turbatur.

302 2279 348 2333 ‘2.
377 2280 574 2350 Itaque
608 2280 749 2334 dum
781 2280 863 2334 illi
895 2280 1145 2334 forsitan
1181 2282 1447 2350 veniunt,
1485 2281 1558 2335 ad
1604 2280 1755 2335 istos
1799 2281 1902 2351 qui

240 2368 504 2438 propositi
524 2372 689 2438 sunt,
710 2368 1096 2423 deﬂectemus
1119 2369 1438 2440 agricolas,
1469 2385 1717 2440 quorum
1731 2369 1896 2437 alter,

241 2455 338 2510 hoc
358 2459 446 2511 est
487 2456 712 2524 Cain,a
744 2456 1039 2511 fructibus
1073 2461 1283 2511 terrae:
1319 2458 1465 2513 alter
1494 2462 1707 2521 autem,
1747 2458 1896 2511 Abel

238 2544 507 2614 videlicet,
533 2561 613 2600 ex
650 2546 964 2616 primitivis
1005 2545 1201 2599 ovium
1226 2562 1468 2600 suarum
1492 2546 1746 2600 hostiam
1780 2546 1898 2600 Do-

242 2633 382 2687 mino
419 2633 636 2688 obtulit
670 2634 945 2704 (Gen.1v,
989 2632 1041 2703 3,
1078 2634 1154 2699 4).
1190 2634 1349 2688 Nihil
1382 2634 1620 2688 invenio
1651 2634 1807 2705 quod
1838 2634 1897 2687 in

239 2721 417 2790 specie
445 2738 763 2778 munerum
794 2722 1243 2792 reprehendam,
1293 2723 1411 2776 nisi
1455 2723 1614 2793 quod
1663 2726 1719 2776 et
1749 2721 1892 2776 Cain
1930 2714 1981 2775 Β
2082 2719 2193 2793 sub
2225 2720 2481 2773 nominis
2501 2719 2837 2773 Christiani
2852 2720 3006 2774 falso
3030 2736 3097 2774 re

233 2825 455 2865 munera
485 2827 599 2866 sua
634 2810 1026 2881 dieplicuisse
1060 2812 1360 2882 cognovit,
1396 2814 1451 2865 et
1482 2810 1769 2865 Dominus
1802 2810 1896 2865 di-

238 2898 341 2953 xit:
377 2922 399 2946 α
433 2899 495 2954 Si
524 2902 693 2955 recte
737 2898 976 2968 otl‘eras,
1027 2903 1187 2954 recte
1233 2902 1427 2954 autem
1474 2914 1592 2954 non
1641 2898 1894 2969 dividas,

236 2988 478 3056 peccasti
508 2988 696 3057 (Ibid.
726 2987 803 3055 Ἳ).
842 3008 863 3035 ι

295 3075 342 3128 3.
375 3076 489 3130 Ubi
532 3077 723 3151 igitur
770 3079 863 3130 est
907 3075 1177 3130 crimen?
1235 3075 1336 3130 ubi
1389 3075 1606 3146 culpa?
1660 3075 1793 3131 Non
1836 3076 1896 3130 in

235 3163 506 3218 oblatione
538 3164 830 3231 muneris,
866 3163 974 3219 sed
1004 3163 1065 3217 in
1100 3163 1419 3218 oblationis
1454 3162 1686 3218 affectu.
1749 3164 1897 3219 Sunt

235 3252 448 3322 quidam
463 3254 567 3324 qui
586 3256 752 3307 recte
774 3252 1158 3321 arbitrantur,
1195 3253 1332 3323 quia
1361 3252 1513 3306 alius
1554 3268 1687 3323 quae
1718 3252 1894 3307 oll‘er-

233 3342 325 3408 ret,
370 3342 675 3414 elegerat:
722 3341 877 3395 alius
909 3357 1042 3412 quae
1093 3341 1304 3394 viliora
1350 3340 1555 3395 habuit
1585 3339 1889 3395 otl‘erebat.

229 3426 329 3483 Sed
353 3446 467 3484 non
497 3433 595 3485 est
627 3431 707 3484 ita
741 3431 916 3500 inops
948 3429 1301 3500 spiritalium
1350 3444 1570 3484 sensus
1603 3429 1662 3484 in
1693 3430 1888 3486 nobis.

234 3519 580 3587 utputemus
635 3520 775 3589 quia
807 3518 1095 3573 Dominus
1156 3518 1462 3588 corporale
1509 3518 1888 3588 sacriﬁcium,

234 3620 335 3659 non
388 3606 662 3677 spiritale
693 3607 1020 3678 quaerebat.
1078 3606 1149 3660 Et
1194 3607 1327 3660 ideo
1379 3605 1619 3675 addidit,
1656 3607 1892 3678 quiesce

235 3692 443 3764 (lbid.).
476 3695 854 3750 tolerabilius
886 3695 1238 3766 signiﬁcans
1267 3694 1567 3748 abstinere
1624 3710 1656 3747 a
1689 3710 1891 3749 mune-

233 3779 380 3836 ribus
409 3783 777 3851 deferendis,
830 3799 1007 3854 quam
1053 3783 1275 3837 inﬁdeli
1307 3781 1504 3836 studio
1550 3798 1765 3837 munus
1797 3782 1890 3837 of-

235 3866 390 3925 ferre.
423 3871 536 3937 Qui
559 3871 720 3926 enim
761 3872 957 3925 nescit
985 3871 1270 3937 dividere,
1306 3870 1496 3923 nescit
1525 3869 1886 3941 dijudicare:

1932 1410 1989 1469 Α
2021 1428 2086 1481 lit
2109 1431 2413 1497 peccatum
2433 1430 2632 1485 mundi
2651 1429 2840 1501 (Joan.
2864 1448 2902 1500 1,
2923 1430 3035 1500 29).
3065 1453 3087 1478 »
3116 1429 3285 1484 Unde
3308 1429 3365 1484 et
3385 1428 3457 1483 de
3479 1396 3687 1499 primi-

2020 1517 2158 1571 tivis
2179 1518 2405 1585 obtulit,
2432 1522 2494 1572 ut
2512 1519 2973 1590 primogenitum
3004 1519 3366 1590 designaret.
3417 1516 3689 1572 Ostendit

2021 1620 2167 1676 ergo
2225 1622 2431 1660 verum
2487 1607 2844 1661 sacriﬁcium
2873 1623 2986 1662 nos
3043 1607 3295 1671 futuros,
3360 1606 3433 1661 de
3464 1605 3685 1677 quibus

2018 1693 2312 1762 Propheta
2367 1695 2494 1749 ait:
2561 1718 2582 1741 ‹‹
2645 1695 2865 1750 Ai‘i‘erte
2923 1696 3170 1749 Domino
3225 1695 3380 1750 filios
3439 1695 3688 1749 arietum

2020 1781 2206 1847 (Psal.
2232 1799 2438 1851 xxvm,
2466 1783 2538 1852 1),
2568 1803 2591 1832 ν
2619 1785 2944 1855 meritoque
2968 1784 3073 1839 Dei
3092 1783 3320 1854 judicio
3340 1782 3688 1853 comproba-

2018 1872 2109 1924 tur
2139 1871 2235 1939 (4).

2087 1959 2139 2011 5.
2174 1959 2258 2011 Illi
2290 1962 2485 2014 autem
2532 1961 2847 2030 reprobate
2900 1961 3135 2028 dicitur,
3173 1962 3450 2034 quiesce:
3509 1975 3687 2032 quam

2014 2049 2153 2116 puto
2176 2048 2512 2117 generalem
2539 2048 2597 2102 in
2624 2064 2830 2104 omnes
2854 2052 3018 2104 extra
3049 2049 3378 2104 Ecclesiam
3400 2048 3686 2103 constitu-

2012 2138 2108 2187 tos
2140 2134 2313 2188 latam
2362 2151 2499 2190 esse
2559 2137 2948 2204 sententiam;
3011 2137 3325 2192 multorum
3372 2136 3529 2191 enim
3586 2136 3684 2190 hic

2016 2222 2266 2293 ﬁguram
2299 2239 2476 2278 cerno
2509 2225 2857 2294 p0pulorum
2888 2226 2965 2293 (5)
2992 2240 3006 2294 ;
3040 2241 3194 2296 quos
3225 2224 3422 2279 divina
3451 2226 3686 2279 senten-

2016 2311 2093 2364 tia
2125 2312 2589 2381 comprehendit,
2648 2328 2899 2382 quorum
2931 2312 2990 2367 in
3047 2313 3148 2368 illo
3194 2312 3338 2369 Cain
3390 2312 3514 2385 jam
3541 2314 3681 2369 tunc

2013 2414 2255 2453 munera
2287 2399 2562 2455 refutavit
2594 2401 2766 2471 (σοι).
2801 2417 2879 2471 iv,
2914 2402 2990 2472 5).

2658 2524 2909 2579 CAPUT
2965 2524 3033 2579 Ιῐ.

2012 2648 2160 2702 Post
2185 2654 2526 2702 enumerata
2583 2649 2748 2703 varia
2779 2649 3073 2703 hominum
3100 2664 3363 2773 lqenera,
3416 2650 3515 2721 qui
3543 2648 3678 2704 fere

2082 2719 2193 2771 sub
2225 2720 2481 2773 nominis
2501 2719 2837 2773 Christiani
2852 2720 3006 2773 falso
3030 2736 3097 2773 re
3125 2721 3317 2773 ainine
3336 2720 3675 2773 Ecclesiam

3125 2720 3317 2774 emine
3336 2720 3675 2775 Ecclesium

2082 2790 2440 2858 lacerantes,
2492 2798 2830 2845 memoratae
2880 2792 3198 2845 sententiae
3243 2790 3488 2846 obnox1i
3516 2796 3673 2846 sunt.

2081 2862 2355 2985 deonct
2388 2862 2863 2932 quemadmodum
2889 2862 3061 2917 nobis
3080 2861 3432 2918 declinanda
3460 2862 3542 2917 sit
3574 2876 3678 2918 ea-

2124 2946 2213 2985 em
2243 2933 2567 2985 sententia.

2124 2946 2213 2986 em
2243 2933 2567 2986 sententia.

2079 3073 2131 3127 6.
2156 3073 2462 3128 Generalis
2482 3075 2639 3128 cnim
2672 3073 2801 3128 haec
2832 3074 2890 3127 in
2922 3074 3101 3145 impio
3142 3090 3349 3130 omnes
3382 3074 3676 3130 sententia

2008 3164 2118 3215 est.
2153 3162 2353 3232 Itaque
2387 3162 2439 3216 si
2489 3163 2734 3216 Iudaeus
2785 3161 3008 3229 offerat,
3059 3163 3159 3234 qui
3191 3163 3374 3217 tilium
3420 3162 3676 3235 virginis

2008 3249 2209 3304 Mariae
2241 3266 2274 3304 a
2306 3252 2476 3304 Patre
2509 3250 2630 3305 Deo
2664 3252 2918 3321 separat,
2971 3250 3188 3305 dicitur
3215 3250 3306 3305 ei:
3362 3272 3385 3297 α
3420 3250 3481 3306 Si
3513 3254 3674 3307 recte

2009 3338 2247 3409 offeras,
2280 3355 2399 3393 non
2430 3341 2623 3393 autem
2646 3343 2806 3394 recte
2829 3338 3081 3410 dividas,
3104 3339 3398 3411 peccasti:
3427 3338 3673 3411 quiesce

2009 3427 2179 3496 (Ibid.
2212 3427 2287 3495 7).
2325 3447 2347 3476 .

2075 3516 2127 3569 '7.
2197 3515 2260 3569 Si
2318 3513 2521 3570 offerat
2578 3515 3003 3586 Eunomianus,
3062 3517 3163 3588 qui
3217 3532 3292 3573 ex
3350 3516 3670 3588 impietatis

2004 3604 2239 3658 Arianae
2265 3603 2421 3657 fonte
2444 3605 2857 3674 progrediens,
2882 3605 3232 3660 redundanti
3261 3605 3525 3676 perfidia
3541 3621 3670 3661 sum

2004 3692 2221 3747 labitur
2242 3708 2431 3761 coeno,
2458 3694 2898 3764 generationem
2921 3694 3160 3764 Christi,
3185 3710 3317 3766 qua:
3335 3710 3519 3765 super
3546 3710 3670 3750 om-

2003 3781 2099 3835 nia
2117 3783 2227 3849 est,
2253 3796 2539 3835 asserens
2561 3796 2636 3835 ex
2666 3782 3061 3853 philosophiae
3090 3783 3506 3838 traditionibus
3541 3783 3669 3839 col-

2001 3868 2336 3939 ligendam:
2373 3884 2504 3922 cum
2537 3870 2736 3940 utique
2785 3870 2899 3924 alia
2941 3874 3343 3926 creaturarum
3391 3873 3468 3927 sit
3496 3872 3666 3942 ratio,

234 3959 497 4026 spiritalis
527 3963 729 4015 autem
770 3959 1057 4030 dijudicat
1089 3960 1286 4013 omnia
1335 3958 1383 4028 (Ι
1411 3959 1546 4013 Cor.
1581 3975 1643 4029 ιι,
1676 3958 1786 4029 15).
1820 3959 1891 4014 Et
1925 3961 1974 4022 C
1999 3956 2113 4010 alio
2136 3960 2501 4012 secretorum
2524 3958 2780 4028 potentia
2803 3959 3136 4015 divinorum
3163 3976 3177 4029 ;
3203 3960 3389 4031 etipsi
3414 3960 3663 4017 dicitur:

232 4044 346 4101 ideo
375 4049 678 4104 Abraham
737 4048 1098 4103 sacriﬁcium
1137 4048 1295 4119 quod
1350 4045 1653 4115 oti'erebat,
1688 4048 1889 4101 divisit

232 4133 384 4201 (Gen.
416 4154 517 4206 xv,
553 4138 667 4206 10).

291 4224 337 4277 4.
368 4224 552 4280 Scivit
585 4225 762 4280 etiam
821 4225 971 4280 Abel
1002 4225 1289 4293 dividere,
1322 4224 1418 4294 qui
1466 4240 1541 4278 ex
1571 4223 1887 4294 primitivis

234 4312 409 4367 ovium
443 4314 659 4369 obtulit
688 4313 1049 4368 sacrificium
1078 4312 1255 4384 (Gcn.
1291 4329 1369 4383 iv,
1402 4312 1479 4381 4),
1514 4312 1738 4367 docens
1770 4328 1889 4367 non

233 4401 383 4456 terrae
413 4418 662 4457 munera
689 4402 978 4472 placitura
1010 4402 1152 4470 Deo,
1187 4417 1321 4472 quae
1382 4401 1890 4471 degeneraverant

234 4478 362 4544 704
387 4490 446 4544 in
490 4494 828 4560 peccatore,
867 4490 972 4544 sed
1022 4506 1090 4544 ea
1122 4489 1180 4542 in
1212 4488 1433 4559 quibus
1486 4488 1669 4542 divini
1699 4488 1888 4558 gratia

234 4579 476 4647 mysterii
508 4578 838 4651 refulgeret
866 4579 965 4647 (4).
1000 4577 1383 4648 Prophetavit
1412 4577 1608 4648 itaque
1639 4592 1753 4632 nos
1782 4593 1889 4648 per

234 4667 557 4732 passionem
616 4666 911 4722 Dominia
961 4667 1132 4737 culpa
1164 4681 1302 4721 esse
1351 4665 1750 4735 redimendos,
1814 4666 1886 4721 de

232 4766 331 4821 quo
359 4756 645 4827 scriptum
668 4759 799 4811 est:
838 4778 859 4803 «ι
895 4755 1049 4811 Ecce
1081 4770 1276 4827 agnus
1309 4754 1435 4824 Dei,
1469 4769 1609 4809 ecce
1641 4754 1739 4825 qui
1771 4754 1886 4808 tol-

315 4893 363 4968 l)
389 4896 661 4968 Scriptus
692 4913 788 4951 an.
822 4897 969 4951 circ.
999 4896 1124 4951 382.

311 4967 360 5035 Ξ)
388 4968 468 5021 lta
489 4965 605 5023 vet.
633 4968 771 5022 edit.
812 4972 868 5022 et
899 4968 1101 5037 plures
1143 4983 1314 5034 mss.,
1359 4965 1477 5020 nisi
1508 4966 1665 5036 quod
1704 4987 1724 5013 α
1760 4966 1884 5020 fra-

232 5036 324 5103 tre,
359 5062 378 5084 -
411 5042 471 5092 in
503 5039 704 5093 multis
736 5054 854 5092 non
886 5036 1169 5103 habetur;
1202 5040 1339 5093 edit.
1374 5038 1544 5091 Rom.
1574 5039 1631 5091 et
1660 5037 1758 5090 alii
1788 5038 1886 5091 ali-

233 5112 353 5228 quot
382 5125 555 5232 mites,
594 5131 615 5158 σι
650 5109 867 5165 fratres
899 5124 1080 5165 curo:
1119 5133 1139 5156 »
1176 5111 1394 5173 caeteri,
1437 5129 1460 5155 ιι
1493 5106 1714 5163 fratres
1746 5123 1880 5162 cre-

268 5192 317 5233 o.
352 5200 372 5227 ι
406 5196 436 5233 e
467 5197 519 5233 c.

296 5219 371 5315 (3)
576 5250 816 5322 aliquot,
855 5274 875 5298 ‹ι
903 5251 1099 5306 divina
1132 5251 1319 5324 gratia
1365 5249 1667 5322 mysteriis
1696 5249 1882 5305 reful-

236 5323 602 5465 setlﬁttlmnes
622 5392 771 5465 edit.
806 5409 875 5448 ac
905 5409 1053 5448 mss.
1096 5393 1274 5465 longe
1307 5393 1581 5461 plurimi:
1640 5414 1662 5439 α
1697 5392 1883 5465 Meri-

234 5459 391 5534 teque
412 5462 756 5534 Deijudicio
781 5459 1230 5534 comprobatur:
1250 5459 1427 5534 quam
1459 5464 1827 5527 sententiam,
1858 5485 1879 5511 ιι

239 5532 338 5585 etc.
397 5533 498 5607 alii
544 5532 745 5589 autem
801 5532 1088 5603 non—nulli,
1156 5532 1548 5607 «Meritoque
1597 5535 1711 5607 hoc
1770 5534 1883 5587 dici

244 5603 657 5676 comprobatur,
725 5621 901 5678 quam
970 5605 1342 5676 sententiam,
1409 5603 1604 5661 feto.
1662 5606 1884 5661 Locum

2005 4068 2025 4094 α
2061 4046 2119 4099 Si
2154 4048 2312 4100 recte
2345 4045 2584 4115 otl‘eras,
2619 4063 2737 4101 non
2786 4051 2945 4103 recte
2996 4054 3191 4103 autem
3236 4048 3489 4119 dividas,
3522 4064 3665 4120 pec-

2000 4134 2142 4188 casti
2168 4150 2179 4189 :
2215 4150 2478 4204 quiesce.
2520 4158 2540 4182 η

2067 4222 2118 4276 8.
2145 4222 2372 4278 Dicitur
2402 4223 2514 4277 hoc
2548 4223 2905 4295 Sabelliano,
2940 4227 3040 4296 qui
3073 4226 3303 4283 Patrem
3334 4227 3663 4298 Filiumque

1997 4311 2323 4365 confundit.
2349 4311 2705 4367 Diciturhoc
2738 4314 3128 4382 Marcionitie,
3162 4317 3263 4387 qui
3294 4315 3472 4370 alium
3502 4316 3665 4384 putat

1995 4401 2181 4454 Deum
2204 4400 2362 4468 novi,
2386 4401 2563 4454 alium
2592 4402 2810 4456 veteris
2840 4395 2985 4456 705
3016 4404 3395 4457 Testamenti.
3438 4403 3665 4458 Dicitur

1994 4488 2106 4542 hoc
2158 4488 2482 4543 Manichaee
2540 4493 2595 4542 et
2626 4489 2954 4558 Valentino,
3005 4492 3104 4560 qui
3136 4507 3252 4546 non
3311 4494 3665 4561 putaverunt

1989 4577 2291 4631 veritatem
2323 4577 2518 4630 carnis
2570 4577 2841 4631 humanae
2884 4593 2916 4630 a
2947 4577 3182 4633 Christo
3225 4594 3364 4634 esse
3396 4594 3656 4652 suscep-

1993 4669 2127 4718 tam.
2162 4665 2382 4719 Paulus
2412 4680 2648 4735 quoque
2683 4665 3105 4719 Samosatenus
3139 4670 3196 4721 et
3230 4666 3524 4723 Basilides
3582 4668 3662 4741 (6)

1994 4754 2055 4807 in
2085 4753 2350 4808 eamdem
2381 4753 2689 4807 sententiae
2722 4757 2881 4807 sorte
2914 4758 3317 4811 numerantur.

1990 4911 2132 4969 vero
2164 4911 2237 4969 ei:
2266 4909 2383 4948 uno
2416 4893 2620 4949 codice
2642 4895 2791 4949 Vict.
2818 4896 3052 4952 duobus
3070 4897 3237 4969 Colb,
3262 4901 3319 4955 et
3342 4915 3459 4956 uno
3481 4901 3658 4959 Sorb.

1990 4966 2377 5021 restituimus.

1991 5108 2008 5161 l
2062 5039 2139 5105 (5)
2171 5037 2315 5090 Mss.
2350 5036 2591 5108 aliquot,
2629 5058 2650 5087 α
2688 5036 2947 5093 futurum
2980 5054 3160 5096 cerno
3192 5042 3428 5098 turbam
3475 5060 3661 5116 popu-

2014 5123 2202 5161 orum.
2242 5128 2263 5155 ι

2014 5123 2202 5162 orum.
2242 5128 2263 5155 ι

2063 5178 2138 5245 (6)
2162 5177 2376 5252 Paulus
2400 5177 2690 5252 Samosat.
2724 5180 3046 5252 Christum,
3079 5187 3141 5237 ut
3170 5200 3203 5238 a
3239 5185 3414 5240 nobis
3445 5181 3659 5242 obser-

1990 5254 2187 5326 vatum
2217 5249 2318 5303 lib.
2351 5266 2424 5326 _v_
2445 5250 2517 5303 de
2576 5250 2911 5326 l_"1_'de,_cap.
2943 5254 3006 5326 Δ8,
3033 5249 3040 5252 ⁷
3068 5271 3227 5309 num.
3263 5256 3385 5326 105,
3445 5273 3659 5325 purum

1992 5320 2288 5375 hominem
2344 5320 2534 5376 fuisse
2592 5320 3058 5391 blaspheirabat,
3111 5320 3512 5381 tametsi'non
3547 5327 3659 5382 iret

1992 5391 2221 5445 inﬁcias
2244 5391 2501 5446 Verbum
2534 5393 2592 5446 in
2625 5409 2694 5447 eo
2728 5394 2989 5449 divinum
3008 5396 3331 5451 habitasse.
3364 5396 3656 5452 Basilides

1992 5478 2134 5516 vero
2202 5478 2437 5517 carnem
2512 5464 2749 5518 Christo
2829 5467 3181 5521 attribuebat
3256 5466 3656 5523 tantummodo

1993 5534 2445 5605 phantasticam,
2469 5535 2793 5603 cujusloco
2814 5536 3110 5590 Simonem
3138 5538 3486 5605 Cyr-ensum,
3524 5552 3652 5605 cap.

1994 5605 2071 5659 tis
2094 5619 2161 5657 ac
2181 5604 2410 5660 delusis
2435 5606 2777 5663 Judaeorum
2799 5607 3010 5676 oculis,
3046 5607 3207 5663 cruci
3230 5605 3473 5663 aftlxum
3505 5604 3658 5663 deli-
