3964 6168
333 252 457 322 855

1777 267 1844 329 S.
1887 265 2327 333 AMBROSII.

3619 279 3716 355 856

408 457 462 550 9.
496 454 779 550 Similiter
825 472 1062 550 quoque
1094 457 1366 550 ejusdem
1397 464 1708 520 sententiae
1739 467 2003 522 auctori-
2043 455 2099 518 Α
2131 476 2584 542 persequuntur.
2619 473 2923 546 Siquidem
2969 477 3082 532 sub
3136 477 3366 548 cptione
3394 481 3464 550 (9)
3503 487 3718 544 nominis

335 547 452 600 tate
499 546 866 613 damnantur,
919 549 1021 618 qui
1082 549 1448 605 divinitatem
1500 555 1691 608 sancti
1751 555 2008 624 Spiritus

336 638 706 706 negaverunt
737 636 834 704 (7).
887 637 1003 691 Alii
1035 639 1189 693 enim
1239 640 1479 710 quidam
1523 643 1615 696 vel
1655 645 2005 700 Arianorum

336 723 549 792 Judaei,
585 723 679 778 vel
715 725 918 778 Ariani
950 731 1087 780 sunt
1119 723 1500 799 Judzcorum;
1551 732 1688 802 quia
1735 733 1890 786 sicut
1922 734 2006 786 illi

337 811 550 866 Filium
581 827 614 865 a
651 812 838 879 Patre,
867 814 946 867 ita
977 818 1033 869 et
1062 815 1165 869 isti
1193 816 1476 886 Spiritum
1506 835 1540 872 a
1572 819 1694 875 Deo
1753 821 1923 876 Patre
1957 813 2017 877 et

337 899 487 954 Filio
529 901 634 954 Dei
665 905 963 972 separant.

419 988 506 1044 19.
541 988 771 1052 Novato
823 1006 1058 1062 quoque
1105 995 1160 1046 et
1209 991 1434 1049 Donato
1479 998 1534 1050 et
1580 995 1854 1052 omnibus
1913 999 2015 1070 qui

345 1077 624 1132 scindere
660 1093 878 1146 corpus
914 1079 1200 1136 Ecclesiae
1233 1083 1580 1154 gestierunt,
1611 1085 1830 1140 viritim
1863 1087 2014 1140 dici-

338 1169 470 1222 tur:
517 1188 539 1214 «
577 1165 637 1220 Si
672 1170 832 1220 recte
884 1167 1121 1239 offeras,
1172 1176 1331 1226 recte
1375 1177 1567 1227 autem
1610 1189 1726 1228 non
1758 1175 2012 1245 dividas,

347 1255 637 1326 peccasti.
693 1275 715 1306 ››
768 1255 1054 1312 Ecclesiae
1101 1260 1256 1314 enim
1303 1262 1662 1316 sacriﬁcium
1711 1267 1822 1331 est,
1854 1265 2014 1335 quod

343 1342 592 1414 affertur
623 1343 766 1414 Deo,
799 1345 871 1398 ad
904 1361 1076 1416 quam
1108 1348 1326 1403 Paulus
1358 1349 1537 1404 dixit:
1577 1351 1887 1407 «Obsecro
1918 1369 2016 1407 au-

350 1435 468 1488 tem
497 1448 635 1502 vos,
668 1433 903 1500 fratres,
943 1451 1050 1504 per
1078 1437 1547 1493 misericordiam
1597 1440 1702 1494 Dei
1734 1441 2018 1496 exhibere

349 1537 602 1592 corpora
635 1525 831 1576 vestra
862 1523 1116 1578 hostiam
1149 1525 1365 1593 vivam,
1401 1529 1684 1595 sanctam,
1736 1530 1855 1584 Deo
1887 1529 2018 1599 pla-

352 1613 584 1665 centem
617 1611 807 1678 (Rom.
842 1628 944 1681 xu,
978 1613 1052 1682 1).
1091 1636 1112 1661 ι»
1157 1615 1305 1669 Male
1349 1630 1494 1688 ergo
1528 1617 1886 1672 sacriﬁcium
1917 1619 2014 1672 di-

352 1700 644 1767 viserunt,
680 1699 966 1756 Ecclesiae
997 1703 1258 1757 membra
1281 1704 1615 1760 lacerando.

2129 559 2444 615 Christiani
2470 568 2524 616 et
2547 565 2798 633 quadam
2822 567 3216 636 nuncupativa
3251 567 3376 622 fidei
3395 575 3722 642 germanitate

2129 651 2583 720 parricidalibus
2615 653 2832 724 gladiis
2873 671 2983 708 nos
3022 655 3135 724 (10)
3168 657 3397 725 cupiunt
3423 659 3720 732 vulnerare;

2129 741 2264 809 quia
2286 743 2598 794 conversio
2620 746 2820 796 nostra
2843 743 2913 796 ad
2936 760 3040 798 eos
3059 750 3149 798 est
3174 746 3308 814 (ll),
3335 753 3386 800 et
3407 747 3726 807 dominantur

2128 829 2302 882 nobis
2335 829 2392 882 in
2425 830 2648 884 saeculo
2679 836 3043 900 peccatores.
3081 833 3359 888 Peccator
3385 835 3528 890 enim
3569 838 3724 892 domi-

2129 921 2300 971 natur
2328 919 2388 971 in
2417 919 2660 980 saeculo,
2689 919 2894 990 justus
2927 921 2985 974 in
3019 922 3122 976 Dei
3155 938 3358 993 regno.

2203 1005 2287 1060 l3.
2310 1005 2637 1061 Caveamus
2660 1009 2838 1079 igitur
2859 1025 2932 1062 ne
2957 1010 3090 1080 quis
3116 1026 3226 1064 nos
3259 1028 3289 1063 a
3314 1011 3566 1069 cubiculo
3597 1016 3730 1087 regis

2129 1093 2488 1164 zeterni(t9.),
2522 1099 2578 1149 et
2607 1113 2637 1149 a
2671 1101 2903 1151 secreto
2936 1100 3140 1153 matris
3178 1099 3456 1155 Ecclesiae
3499 1118 3732 1173 separare

2130 1186 2392 1250 conetur,
2419 1184 2488 1236 ad
2513 1184 2667 1253 quod
2703 1184 2796 1238 illa
2820 1186 3011 1239 anima
3055 1187 3113 1253 in
3135 1189 3392 1242 Ilanticis
3423 1191 3734 1246 canticorum

2127 1270 2386 1324 Verbum
2411 1271 2512 1324 Dei
2539 1288 2604 1325 se
2631 1273 3034 1329 introduxisse
3057 1277 3354 1346 signiﬁcat
3385 1277 3564 1344 (Cant.
3585 1297 3655 1345 ιιι,
3673 1281 3734 1350 ll).

2130 1350 2275 1412 ’706
2308 1359 2634 1414 Caveamus
2668 1377 2739 1415 ne
2770 1378 2801 1415 a
2834 1364 2968 1416 sinu
2998 1365 3211 1431 Patris,
3250 1369 3305 1418 et
3340 1367 3575 1436 quodam
3601 1371 3736 1424 utero

2130 1450 2392 1516 paterno,
2427 1464 2775 1520 arcanisque
2835 1455 3058 1506 naturae
3092 1453 3476 1507 substantiam
3497 1456 3742 1527 unigeniti

2130 1535 2260 1590 Filii
2292 1553 2656 1606 separemus,
2691 1539 3013 1610 verbisque
3045 1540 3139 1593 bis
3173 1543 3390 1612 quibus
3414 1544 3614 1597 veritas
3635 1561 3742 1598 sus-

2132 1630 2315 1694 ceptae
2347 1625 2766 1682 incarnationis
2798 1630 3100 1694 astruitur,
3151 1631 3369 1684 divinae
3426 1634 3744 1703 generationi

2129 1713 2476 1785 praeiudicia
2535 1716 2752 1770 inferre
2811 1719 3198 1787 meditemur;
3261 1735 3334 1773 ne
3400 1723 3456 1774 et
3522 1725 3748 1776 nostrum

425 1786 512 1843 11.
543 1788 681 1894 11128
703 1805 938 1894 quoque
972 1793 1241 1894 percellit
1273 1793 1716 1892 istasententia,
1749 1795 1849 1866 qui
1884 1797 2014 1850 ani-
2055 1829 2108 1894 Β
2132 1803 2305 1856 alicui
2339 1804 2596 1860 dicatur:
2635 1828 2657 1852 ιι
2696 1805 2754 1859 Si
2789 1810 2947 1860 recte
2979 1807 3219 1876 olTeras,
3257 1813 3416 1862 recte
3452 1812 3629 1863 autem
3654 1825 3749 1864 non

350 1893 506 1932 mam
537 1877 950 1933 rationabilem
993 1880 1066 1934 ab
1116 1881 1536 1936 incarnationis
1589 1883 1909 1939 Dominicae
1944 1885 2020 1955 (8)

350 1969 685 2039 segregant
706 1971 1096 2036 sacramento,
1121 1973 1386 2024 naturam
1406 1971 1662 2025 hominis
1683 1972 1756 2026 ab
1787 1973 2024 2028 homine

355 2069 635 2124 separare
667 2056 995 2126 cupientes.
1032 2056 1103 2111 Et
1135 2057 1231 2112 isti
1266 2057 1524 2114 fortasse
1583 2063 1744 2114 recte
1773 2061 2027 2116 offerunt

362 2143 670 2198 Trinitati:
705 2145 812 2198 sed
842 2146 1125 2200 rationem
1173 2147 1448 2202 nesciunt
1495 2153 1720 2204 naturae
1751 2148 2026 2206 humana)

358 2231 695 2304 divinaeque
725 2233 1130 2306 distinguere;
1185 2236 1289 2290 Dei
1322 2237 1478 2290 enim
1526 2237 1782 2308 simplex
1824 2244 2027 2293 natura

369 2323 482 2390 est,
503 2321 680 2376 homo
697 2337 769 2376 ex
789 2323 983 2376 anima
1005 2324 1339 2378 rationabili
1356 2329 1586 2380 constat
1607 2329 1662 2380 et
1683 2343 1950 2398 corpore.
1966 2328 2028 2382 Si

367 2407 613 2464 alterum
641 2411 836 2478 tollas,
885 2414 1066 2466 totam
1092 2416 1360 2467 naturam
1403 2413 1662 2469 hominis
1703 2417 2024 2471 sustulisti.

436 2498 524 2552 12.
545 2499 855 2554 Adversus
899 2515 1104 2555 omnes
1137 2501 1316 2572 igitur
1335 2502 1602 2557 haereses
1639 2505 1715 2558 ita
1740 2506 2031 2560 sententia

365 2587 476 2656 est,
501 2603 634 2658 quae
669 2587 928 2643 fraterno
968 2589 1224 2659 nomine,
1257 2605 1374 2644 non
1407 2591 1662 2646 fraterne
1697 2592 2026 2648 Ecclesium

365 2729 1342 2804 rabat__quemadmodumauctor
1388 2736 1478 2787 est
1534 2734 1796 2790 lrenaeus
1845 2734 1949 2789 lib.
1989 2753 2028 2804 ι,

369 2799 506 2854 adv.
537 2799 838 2872 Heereses,
893 2816 1018 2869 cap.
1065 2802 1171 2871 23;
1233 2803 1616 2872 Epiphanius,
1671 2807 1890 2860 haeresi
1935 2806 2003 2860 ‘24

369 2886 532 2943 num.
563 2870 708 2943 3.7et
735 2875 1004 2943 postieos
1036 2873 1154 2925 alii.
1209 2870 1376 2928 Unde
1425 2876 1852 2943 Theodoretus,
1887 2877 2002 2930 dial

371 2942 424 3003 2.
461 2957 594 3011 pag.
628 2941 716 3006 52,
751 2942 992 2996 eosdem
1027 2943 1342 2998 Basilidem
1373 2949 1427 2998 et
1477 2941 1924 3000 Samosatenum
1958 2949 2016 3000 in

373 3012 606 3086 duobus
629 3011 1040 3068 haereticorum
1073 3015 1403 3083 ordinibus,
1429 3018 1528 3086 qui
1559 3019 1807 3071 adversa
1837 3018 2026 3072 fronte

373 3083 528 3158 inter
555 3098 622 3137 se
653 3088 1293 3158 pugnent,renumerat.
1337 3083 1478 3150 Quae
1511 3089 1692 3158 igitur
1723 3105 1899 3142 causa
1933 3105 2032 3156 po-

372 3156 483 3229 t_uit
512 3169 650 3229 esse
686 3155 1021 3229 Ambrosio,
1075 3161 1135 3229 ut
1185 3159 1336 3211 inter
1378 3175 1443 3211 sc
1495 3155 1885 3229 conjungcret
1918 3155 2031 3212 tam

375 3226 737 3298 dissidentes
759 3227 787 3280 ‘?
821 3225 1035 3280 Verum
1078 3227 1332 3282 fortasse
1383 3245 1499 3282 non
1531 3225 1767 3298 propter
1803 3232 2034 3298 Opinio-

375 3313 535 3362 num,
557 3297 664 3350 sed
688 3302 926 3367 propter
945 3300 1277 3363 sentcntiae,
1303 3299 1358 3352 id
1384 3305 1494 3363 est,
1520 3297 2028 3355 concleinnatiouis

376 3367 821 3422 similitudinem
844 3369 1096 3438 copulati
1119 3374 1276 3423 sunt.
1301 3370 1628 3424 Possumus
1663 3376 1852 3423 tamen
1884 3373 2037 3426 inter

373 3439 686 3510 utriusque
731 3439 1005 3510 dogmata
1054 3440 1192 3494 illud
1227 3440 1527 3494 afﬁnitatis
1569 3441 2032 3509 deprehendere,

376 3509 535 3580 quod
566 3524 641 3564 ex
671 3509 872 3581 eorum
931 3513 1122 3564 mente
1159 3511 1411 3565 Verbum
1460 3515 1558 3566 aut
1615 3513 1774 3566 Deus
1819 3529 2034 3581 passus

376 3583 722 3652 mortuusve
753 3580 870 3634 dici
917 3597 1284 3652 nequaquam
1325 3585 1586 3651 poterat;
1637 3599 1768 3636 cum
1800 3580 1947 3637 alter
1978 3585 2036 3636 in

376 3650 613 3724 Christo
646 3667 845 3705 veram
879 3650 1114 3705 carnem
1130 3650 1263 3706 “non
1291 3650 1662 3724 agnosceret,
1698 3654 1845 3707 alter
1876 3655 1934 3707 in
1965 3670 2034 3708 eo

377 3721 808 3792 hypostaticam
853 3727 1095 3793 negaret
1141 3721 1438 3790 unionem,
1499 3729 1597 3778 aut
1656 3725 1826 3778 etiam
1889 3726 2036 3778 duas

379 3808 672 3862 personas
721 3793 1042 3848 induceret.
1077 3795 1194 3848 Sed
1223 3811 1356 3848 cum
1389 3796 1498 3848 hoc
1533 3796 1796 3849 ultimum
1829 3796 2038 3849 litteris

381 3862 736 3932 quibusdam
773 3864 1036 3933 Dionysii
1066 3865 1234 3919 Alex.
1271 3867 1503 3931 nitatur,
1538 3882 1671 3936 qum
1705 3871 1842 3920 sunt
1873 3867 2044 3921 cadu-

381 3948 468 3987 ca
501 3937 916 4007 suspectaeque
965 3937 1348 4004 auctoritatis,
1401 3936 1540 3988 illud
1581 3941 1855 4007 tanquam
1906 3954 2036 3990 cer-

380 4007 525 4075 tum,
563 4007 626 4075 et
649 4004 1014 4072 exploratum
1073 4021 1189 4058 non
1248 4007 1650 4075 proponimus.
1702 4004 1829 4071 Qua
1872 4009 1942 4062 de
1977 4023 2038 4062 re

380 4074 567 4128 adisis
598 4073 943 4128 Garuerium
977 4075 1214 4130 dissert.
1249 4073 1272 4130 1
1310 4073 1382 4130 de
1435 4077 1591 4132 Haer.
1624 4082 1679 4132 et
1719 4077 1886 4132 libris
1919 4080 2039 4134 Ne-

385 4145 576 4212 storii,
616 4145 1014 4200 Alexandrum
1046 4146 1194 4200 Saec.
1230 4163 1311 4208 ιιι,
1345 4163 1400 4216 p.
1438 4147 1488 4201 1.

452 4216 530 4284 (Ἴ)
591 4216 1158 4300 Ιζιιεξιιιηεζοιιιθοιιρε
1207 4217 1498 4300 intelligo,
1560 4220 1616 4300 eat
1661 4233 1778 4300 eos
1838 4222 2041 4300 contra

381 4303 535 4361 quos
566 4287 701 4361 editi
739 4291 876 4340 sunt
907 4289 1250 4356 superiores
1291 4287 1424 4361 libri
1457 4288 1794 4361 άθβρίνὶιιι
1815 4297 2037 4344 sancto.

453 4357 532 4429 (8)
563 4359 848 4430 Designat
879 4363 1204 4413 sectatores
1238 4359 1580 4428 Apollinarii
1607 4357 2039 4428 ‘Laodicensis,

426 4432 507 4500 ui,
532 4432 592 4484 ut
614 4429 1010 4500 Hieronymus
1041 4430 1097 4483 in
1145 4429 1363 4484 Chron.
1415 4431 1487 4484 ad
1535 4447 1670 4484 ann.
1705 4431 1808 4485 379
1839 4433 2042 4500 prodi-

426 4447 507 4500 ιιι,
532 4447 592 4484 ιιι
614 4447 1010 4500 hieronymus
1041 4447 1097 4483 ιιι
1145 4447 1363 4484 unron.
1415 4447 1487 4484 au
1535 4447 1670 4484 ann.
1705 4447 1808 4485 διυ
1839 4447 2039 4500 proui-

383 4447 485 4568 dit,
525 4522 548 4553 α
576 4500 897 4571 jactatione
931 4501 1150 4572 ingenii
1183 4502 1472 4571 quosdam
1513 4515 1750 4556 errores
1785 4503 2039 4570 pertina-

385 4574 531 4628 citer
558 4587 938 4640 asseverans,
976 4573 1251 4625 haeresim
1294 4573 1388 4626 sui
1420 4573 1675 4626 nominis
1723 4574 2040 4626 suscitavit

384 4659 562 4715 quam
609 4644 920 4715 Damasus,
975 4643 1171 4696 habito
1223 4645 1425 4697 Romae
1477 4643 1746 4710 concilio,
1797 4645 2040 4697 damna-

384 4713 487 4768 vit.
544 4738 565 4762 η
631 4713 776 4784 Ejus
821 4718 1014 4768 autem
1070 4729 1144 4767 ex
1189 4715 1492 4768 erroribus
1551 4715 1886 4783 praecipuus
1947 4715 2042 4767 hic

387 4787 530 4851 erat,
582 4785 738 4853 quod
772 4785 1030 4839 Verbum
1062 4801 1179 4838 non
1211 4787 1460 4838 animam
1493 4802 1624 4838 cum
1656 4800 1830 4838 carne
1863 4785 2042 4838 simul

388 4855 784 4923 assumpisse,
819 4859 874 4908 at
907 4856 1098 4924 ipsum
1131 4859 1288 4908 carni
1330 4857 1540 4910 animae
1588 4857 1776 4908 vicem
1812 4857 2045 4924 praesti-

388 4927 539 4998 tisse
570 4926 978 4998 contendebat,
1027 4927 1515 4996 quemadmodum
1559 4942 1925 4998 cognoscere
1957 4930 2048 4980 est

389 5011 467 5051 ex
495 4995 783 5065 Gregorio
817 4995 1086 5050 Nazianz.
1121 4998 1291 5066 epist.
1325 4998 1396 5050 ad
1437 4995 1676 5051 Cledon.
1713 4999 2046 5066 Augustino

391 5067 466 5122 de
494 5067 726 5120 Haeres.
749 5081 874 5134 cap.
900 5068 988 5134 55,
1017 5067 1260 5121 Leontio
1299 5068 1493 5122 Bizan.
1521 5071 1645 5122 Act.
1687 5085 1761 5133 1v,
1799 5069 2050 5121 Vincen-

389 5139 471 5192 tio
524 5135 734 5208 Lyrin.
771 5135 1091 5208 Common.
1127 5139 1178 5202 1,
1230 5154 1356 5208 cap.
1418 5140 1500 5199 t7,
1557 5140 1796 5194 Socrate
1855 5139 1954 5192 lib.
2011 5156 2049 5191 ιι

390 5207 818 5280 Hist._E'ccles.
857 5223 983 5276 cap.
1028 5207 1117 5269 46,
1155 5207 1328 5262 Vales
1378 5211 1514 5264 edit.
1565 5211 1816 5280 aliisque
1867 5211 2047 5280 pluri-

389 5281 526 5336 bus.
551 5278 659 5343 Qui
682 5281 876 5332 tamen
897 5281 1172 5333 auctores
1205 5281 1377 5334 etiam
1423 5281 1679 5336 indicant
1716 5278 1891 5336 istum
1922 5281 2046 5335 hae-

392 5351 759 5408 resiarcham
803 5350 1174 5420 postmodum
1224 5352 1474 5406 animam
1525 5352 1759 5406 Christo
1805 5369 2050 5406 conces-

393 5425 574 5488 sisse,
609 5423 716 5476 sed
765 5424 957 5476 mente
1002 5438 1109 5476 seu
1157 5423 1377 5477 ratione
1428 5424 1782 5491 destitutam,
1835 5425 1892 5476 id
1937 5428 2046 5492 cst,

393 5494 738 5549 sensitivam
788 5497 1008 5548 tantum
1053 5494 1264 5547 anima:
1315 5497 1571 5561 partem;
1633 5495 1786 5546 unde
1837 5495 2048 5548 Suidas

391 5581 510 5620 non
541 5565 777 5636 illepide
821 5564 881 5620 in
923 5579 1070 5636 voce
1125 5586 1146 5612 «
1196 5563 1588 5636 Apollinaris:
1640 5563 1748 5636 llic
1789 5579 2045 5636 carnem,

391 5637 602 5706 inquit,
645 5633 842 5691 anima
887 5635 1056 5691 vituli
1104 5634 1411 5704 praeditam
1467 5633 1838 5703 assumpisse
1885 5635 2048 5706 dicc-

392 5705 494 5766 bat
528 5705 860 5780 Deminum,
920 5707 1175 5762 mentem
1224 5720 1366 5760 vero
1401 5707 1664 5760 nostram
1695 5718 1814 5760 non
1863 5705 2050 5760 admi-

2011 2848 2025 2875 ἱ

2133 1892 2386 1960 dividas,
2411 1894 2689 1962 peccasti,
2711 1895 2987 1964 quiesce;
3026 1919 3046 1943 »ι
3076 1897 3186 1949 hoc
3211 1900 3304 1950 est
3329 1913 3341 1952 :
3379 1896 3441 1951 Si
3458 1897 3752 1952 nesciamus

2135 1983 2515 2052 quaepropria
2551 1987 2688 2036 sunt
2723 1983 3046 2038 divinitatis
3083 1989 3322 2039 (eterna;
3350 1987 3756 2040 incarnationis-

2135 2085 2248 2140 que
2281 2071 2686 2140 distinguere;
2721 2073 2770 2125 si
2805 2078 3129 2126 creatorem
3172 2091 3306 2128 cum
3357 2075 3485 2128 suis
3516 2074 3756 2144 operibus

2137 2158 2548 2228 conferamus;
2579 2161 2630 2213 si
2663 2164 2962 2215 auctorem
2994 2165 3326 2231 temporum
3361 2163 3618 2216 dicamus
3657 2178 3758 2217 003-

2134 2247 2301 2317 pisse
2331 2250 2466 2316 post
2497 2252 2777 2318 tempora.
2813 2250 3017 2320 Neque
3049 2251 3202 2304 enim
3231 2254 3429 2322 potest
3449 2252 3571 2306 ﬁeri
3599 2254 3654 2306 ut
3677 2267 3762 2323 per

2137 2351 2312 2408 quem
2342 2340 2480 2391 sunt
2509 2337 2724 2408 omnia,
2757 2339 2835 2392 sit
2865 2355 3020 2394 unus
3055 2355 3128 2394 ex
3160 2341 3464 2395 omnibus.

2783 2463 3033 2518 CAPUT
3076 2465 3167 2520 ΙΙΙ.

2141 2586 2228 2641 Iis
2247 2587 2344 2658 qui
2356 2587 3013 2643 Joannistcstimonium
3040 2589 3112 2643 de
3140 2589 3662 2644 l’cz'bizcternitate
3675 2603 3766 2641 non

2144 2731 2322 2784 sisse.
2361 2753 2382 2776 »
2413 2730 2572 2783 Alias
2605 2735 2886 2799 praeterea
2919 2731 3074 2784 idem
3105 2735 3480 2786 commentus
3522 2734 3610 2784 est
3637 2731 3768 2782 circa

2143 2801 2604 2872 incarnationem
2636 2819 2846 2870 pravas
2881 2804 3211 2871 opiniones,
3266 2803 3340 2856 de
3374 2803 3588 2872 quibus
3645 2800 3772 2872 infra

2146 2889 2271 2944 cap.
2304 2871 2356 2926 6.
2391 2872 2451 2924 Id
2511 2889 2654 2941 ergo
2689 2889 2866 2926 unum
2927 2874 3018 2926 hic
3051 2871 3456 2944 adjungemus
3515 2875 3692 2941 ipsum
3719 2871 3775 2924 de

2145 2943 2425 2996 Trinitate
2458 2959 2690 3012 quoque
2723 2945 2874 2996 haud
2922 2944 3210 2996 catholico
3252 2943 3456 2998 sensu
3505 2945 3773 2997 statuisse.

2145 3014 2293 3068 Nam
2312 3014 2636 3084 Gregorius
2662 3015 2900 3068 Naziau.
2929 3017 3098 3084 epist.
3140 3016 3184 3081 1,
3223 3017 3299 3068 ad
3336 3015 3596 3076 (Hedera,
3627 3013 3690 3067 ab
3720 3026 3776 3066 eo

2146 3086 2488 3138 Trinitatem
2518 3102 2591 3138 ex
2617 3103 2848 3155 magno,
2878 3087 3084 3154 majori
3117 3091 3172 3138 et
3209 3089 3469 3139 maximo
3511 3084 3778 3154 composi-

2147 3160 2262 3208 tam
2296 3157 2433 3225 tingi
2467 3157 2686 3210 diserte
2735 3157 2923 3221 docet,
2961 3158 3015 3226 iu
3065 3172 3180 3226 quo
3214 3173 3352 3210 οιι.ιι
3403 3157 3778 3226 Theodoretus

2146 3227 2246 3280 lib.
2288 3226 2582 3298 lVfImI'Ol
2619 3227 2799 3280 fabul.
2835 3243 2960 3293 cap.
2997 3225 3028 3276 8
3063 3232 3311 3281 secutus
3362 3229 3666 3298 reperitur.
3698 3225 3784 3298 Ba;

2149 3299 2320 3352 silius
2352 3297 2595 3365 insuper
2641 3299 2810 3365 epist.
2858 3299 2925 3350 ὑί)
2971 3299 3240 3352 eumdem
3296 3293 3618 3363 insimulat,
3651 3293 3783 3365 quod

2147 3384 2437 3437 personas
2494 3363 2793 3421 Trinitatis
2838 3369 2990 3421 inter
3041 3384 3107 3422 se
3165 3369 3600 3423 confunderet:
3647 3363 3782 3437 quod

2147 3434 2320 3493 etiam
2351 3439 2608 3508 legimus
2638 3439 2791 3509 apud
2821 3439 3255 3492 'I‘heodoretum
3290 3440 3430 3494 loco
3465 3434 3788 3492 citato—Sed

2147 3514 2539 3580 praeterquam
2558 3511 2710 3580 quod
2736 3511 2889 3562 idem
2915 3510 3169 3563 Basilius
3206 3511 3387 3579 epist.
3433 3511 3536 3564 293
3571 3522 3786 3562 accusa-

2147 3582 2366 3634 tionem
2415 3581 2563 3633 hanc
2599 3582 2744 3634 forte
2777 3581 2848 3634 ab
2899 3580 3032 3650 ejus
3071 3581 3447 3635 adversariis
3495 3580 3788 3650 profectam

2148 3651 2426 3714 insinuat,
2460 3668 2592 3705 eum
2624 3651 2944 3704 defendunt
2975 3651 3326 3704 Vincentius
3351 3652 3516 3705 Lirin
3547 3656 3602 3705 et
3633 3651 3790 3704 Leon-

2149 3723 2266 3776 tius
2300 3723 2514 3791 Bysan.
2551 3722 2646 3774 cit.
2680 3722 2849 3775 locis.
2885 3721 3110 3784 Quibus
3151 3723 3288 3774 addi
3323 3726 3523 3792 potest
3570 3719 3789 3790 Epipha-

2150 3794 2285 3846 nius
2316 3793 2533 3846 haaresi
2591 3792 3048 3864 77.nbiiV'italis
3109 3793 3556 3864 Apollinaristaa
3618 3792 3790 3864 dispu-

2148 3865 2426 3917 tationem
2484 3864 2775 3917 adversus
2829 3863 3128 3916 Paulinum
3188 3863 3490 3931 referens,
3525 3864 3656 3916 huic
3705 3863 3790 3912 Sa-

2149 3935 2467 3988 bcllianum
2487 3935 2697 4004 dogma
2721 3935 2793 3987 ab
2813 3950 2882 3987 eo
2902 3933 3196 4004 cbjectum
3223 3939 3450 3998 narrat,
3488 3933 3636 4004 quod
3668 3943 3789 4004 sane

2151 4021 2447 4074 nunquam
2474 4001 2735 4070 fecisset,
2773 4006 2821 4056 si
2849 4001 2994 4073 ipsc'
3008 4005 3224 4058 Sabelli
3261 4001 3650 4073 opinion—ibus
3677 4001 3796 4074 fuise

2152 4081 2241 4130 set.
2273 4073 2562 4128 addictus.
2596 4078 2708 4129 Sed
2748 4077 2992 4143 ipsemet
3026 4076 3391 4129 Ambrosius
3427 4077 3575 4129 satis
3607 4073 3796 4126 indicat

2151 4147 2604 4216 Apollinarislas
2649 4163 2916 4200 errorum
2963 4146 3506 4219 circaq'l‘rinitatem
3556 4145 3663 4199 sibi
3687 4155 3792 4219 non

2150 4213 2386 4272 omnino
2419 4233 2556 4270 esse
2589 4221 2922 4286 suspectos,
2956 4217 3189 4286 quando
3223 4217 3556 4285 subnectit,
3593 4239 3615 4262 α
3649 4213 3796 4286 etisti

2153 4289 2409 4342 fortasse
2444 4293 2599 4341 recte
2635 4284 2885 4340 offerunt
2917 4284 3202 4341 Trinitati.
3241 4311 3268 4336 ν
3306 4284 3548 4350 Quibus
3593 4284 3798 4356 quidem

2150 4360 2353 4412 verbis
2385 4375 2417 4411 a
2451 4375 2516 4412 se
2546 4374 2662 4412 non
2713 4359 2985 4422 Ariauos,
3020 4359 3119 4426 qui
3151 4363 3207 4411 et
3256 4359 3378 4424 ipsi
3433 4353 3682 4411 animam
3708 4353 3797 4426 bu:

2153 4447 2381 4483 manam
2413 4445 2446 4482 a
2501 4429 2736 4482 Christo
2785 4420 3150 4498 assumptum
3213 4420 3656 4496 inliciebantur,
3712 4420 3800 4477 sed

2073 4526 2130 4594 Β
2159 4500 2960 4594 Αριρξίιὶιιωυὶεἲειῇιόοῗὶςιιῑινὶ,
2997 4504 3144 4552 satis
3175 4501 3483 4594 exprimit.

2223 4573 2488 4639 (9)ltom.
2523 4571 2659 4623 edit.
2695 4575 2750 4624 et
2780 4566 2946 4638 pauci
3003 4586 3171 4634 mss.,
3221 4593 3242 4616 «
3286 4571 3409 4623 sub
3462 4568 3742 4640 opinione.
3775 4584 3791 4608 ι·

2153 4647 2249 4696 vet
2281 4635 2414 4695 edit.
2453 4658 2583 4694 cum
2631 4642 2760 4693 aliis
2786 4635 3214 4710 frequentiss”
3271 4663 3294 4687 α
3337 4643 3456 4694 sub
3493 4635 3732 4710 optione.
3777 4653 3794 4678 ι

2153 4714 2285 4766 Non
2319 4713 2683 4765 incommode
2711 4729 2724 4779 ;
2760 4708 3110 4784 idem—cnim
3143 4718 3232 4784 est
3255 4727 3339 4784 ac
3392 4713 3509 4764 sub
3543 4708 3796 4784 electione

2154 4774 2988 4853 adoptationcmquenominis
3021 4783 3368 4850 Christiani,
3409 4782 3567 4852 quod
3591 4779 3669 4833 illi
3697 4774 3794 4830 sibi

2156 4855 2306 4908 falso
2339 4859 2392 4907 et
2423 4854 2750 4907 adulterino
2783 4853 2946 4906 titulo
2979 4856 3306 4921 imponunt.

2225 4926 2338 4994 (10)
2370 4925 2514 4978 Mss.
2541 4941 2656 4978 non
2681 4925 2870 4994 pauci,
2898 4946 2918 4971 α
2945 4923 3410 4992 parricidalibus
3441 4923 3594 4977 odiis
3627 4932 3744 4984 nos,
3777 4933 3793 4958 ι

2155 5000 2264 5050 etc.

2227 5065 2338 5136 (11)
2357 5066 2483 5120 Vet.
2509 5066 2645 5120 edit.
2672 5082 2802 5119 cum
2821 5065 3027 5134 paucis
3044 5081 3211 5129 mss.,
3237 5084 3258 5112 κ
3282 5064 3607 5118 conversio
3621 5060 3796 5136 nostra

2154 5154 2186 5191 a
2211 5133 2330 5192 Deo
2355 5141 2480 5192 est:
2517 5162 2537 5184 n
2571 5140 2736 5191 ttom.
2763 5133 2895 5189 cum
2931 5137 3182 5205 reliquis
3220 5137 3422 5204 magis
3463 5133 3796 5205 apposite,...

2161 5232 2183 5256 «
2209 5211 2278 5262 ad
2298 5224 2402 5262 eos
2425 5211 2549 5274 est;
2586 5231 2606 5255 η
2643 5207 2920 5261 alluditur
2959 5209 3172 5276 quippe
3221 5207 3296 5258 ad
3331 5207 3479 5286 illud
3516 5207 3653 5286 Gen.
3678 5212 3796 5286 cap.

2156 5306 2236 5354 ιιι,
2284 5305 2444 5342 vers.
2501 5287 2586 5352 16,
2639 5287 2962 5340 secundum
2997 5287 3171 5350 LXX,
3237 5287 3330 5335 mi
3377 5283 3502 5355 πρὸς
3543 5282 3626 5334 τὸν
3666 5279 3799 5344 ἀνδρα

2156 5387 2247 5419 σῦν
2269 5369 2297 5423 ἡ
2322 5368 2599 5439 obtegi-pejor,
2634 5383 2746 5426 σου,
2774 5385 2860 5416 και
2882 5361 3032 5423 αὐτ-ὗς
3054 5383 3144 5414 σω
3167 5364 3450 5434 κνριεύτει,
3679 5429 3689 5439 ο

2228 5439 2340 5506 (12)
2363 5437 2491 5492 Non
2519 5441 2826 5490 itm-nuslc
2850 5437 3051 5489 alludit
3072 5437 3141 5488 ad
3185 5437 3548 5506 cubiculum
3569 5437 3794 5499 regium.

2155 5503 2396 5580 prOpter
2419 5511 2550 5582 illos
2574 5509 2800 5562 scilicet
2823 5509 3123 5582 imperato:
3145 5507 3192 5582 is
3218 5503 3797 5582 cubicularios,quos

2157 5576 2292 5634 huic
2327 5581 2631 5648 scriptioni
2667 5596 2902 5633 causam
2937 5578 3268 5647 praebuisse
3316 5579 3375 5630 in
3408 5576 3796 5632 Admonitione

2157 5651 2606 5708 decluravimus.
2886 5649 2892 5656 ’
