4090 6174
202 317 325 385 857

1390 318 1647 381 LIBER
1684 319 1794 381 DE
1838 318 2494 383 INCARNATIONE.

3535 324 3657 392 858

274 521 638 593 reciperent,
675 519 991 593 increpitis
1020 538 1035 573 :
1091 536 1225 593 nec“
1249 536 1358 573 non
1407 520 1640 573 laudato
1673 521 1872 573 eodem
1900 518 1945 579 A
1989 521 2223 588 cipium,
2259 537 2289 572 a
2320 537 2435 591 quo
2467 537 2635 575 omne
2667 522 3021 593 principium
3048 540 3163 579 non
3196 524 3389 581 solum
3417 527 3642 582 creatu-

274 590 669 662 evaugelista,
731 590 912 644 locum
974 592 1291 660 expendit:
1356 608 1462 660 quo
1520 609 1628 644 non
1688 593 1869 644 solum

286 662 956 716 Verbiaetermtalemdi
969 663 1384 731 vinitatmnque
1399 663 1631 731 signari
1656 665 1835 713 trav/il
1854 682 1869 723 ;

272 734 382 786 sed
415 736 594 786 etiam
633 750 711 787 ex
740 734 832 785 his
866 733 1068 785 eadem
1110 734 1170 784 in
1215 732 1401 785 Patre
1444 734 1731 784 attributa
1766 734 1871 783 (le-

272 804 643 863 monstrari;
692 803 1048 872 Corporeum
1086 803 1145 853 in
1202 802 1390 855 Verbo
1429 804 1581 855 nihil
1605 806 1870 869 cog/Hann

272 875 406 928 dum
432 893 450 937 ;
486 880 544 927 et
565 891 730 944 quam
745 876 833 926 vis
850 874 979 939 ejus
1000 881 1265 926 naturam
1292 874 1529 925 un’uime
1553 876 1713 941 capia
1730 891 1867 935 mus,

271 944 558 998 sufﬁcere
592 944 765 998 nobis
793 945 1017 997 debere
1042 944 1299 1015 Joannis
1318 946 1747 1012 auctoritatem,
1776 947 1872 1015 qui

270 1016 551 1087 quomodo
595 1015 844 1069 Verbum
877 1016 1116 1078 viderit,
1152 1014 1507 1085 explicatur.

272 1156 360 1211 14.
403 1157 556 1211 Nolo
615 1157 788 1210 nobis
850 1156 1143 1223 credatur,
1203 1156 1506 1225 Scriptura
1568 1157 1865 1210 recitatur.

199 1244 334 1299 Non
357 1261 470 1317 ego
490 1247 667 1300 dicoa
696 1261 784 1299 me
817 1246 952 1315 quia
990 1267 1010 1291 α
1045 1247 1102 1297 in
1133 1246 1419 1314 principio
1452 1250 1575 1299 erat
1610 1246 1869 1297 Verbum

201 1333 393 1402 (ἄορι).
430 1352 466 1400 ι,
495 1335 564 1403 1),
594 1359 614 1381 ››
639 1335 745 1388 sed
764 1335 937 1387 audio
964 1349 976 1387 :
1013 1350 1129 1387 non
1166 1350 1277 1404 ego
1297 1335 1538 1404 aﬂingo,
1564 1335 1666 1386 sed
1699 1335 1864 1403 lego;

201 1424 363 1492 quod
398 1438 603 1476 omnes
637 1424 909 1494 legimus,
946 1424 1051 1476 sed
1082 1440 1197 1475 non
1220 1440 1424 1475 omnes
1458 1424 1864 1489 intelligimus.

200 1510 447 1564 Etcum
485 1512 713 1581 legitur,
764 1512 1036 1564 audimus
1089 1528 1314 1579 omnes,
1365 1515 1420 1565 et
1466 1528 1581 1563 non
1627 1512 1869 1563 audiunt

201 1614 457 1653 omnes:
496 1622 516 1645 α
548 1600 940 1653 Incrassatum
962 1605 1049 1652 est
1073 1601 1225 1652 enim
1248 1600 1774 1669 corquorumdam,
1814 1605 1869 1652 et

198 1703 380 1741 aures
412 1704 611 1741 eorum
637 1691 895 1757 graviter
925 1689 1232 1741 audierunt
1262 1690 1417 1756 (Act.
1445 1706 1649 1755 xxvui,
1676 1688 1763 1755 27)
1793 1705 1805 1753 ς
1844 1711 1864 1734 η

198 1791 378 1829 aures
412 1776 641 1829 scilicet
698 1777 995 1831 interioris
1028 1777 1293 1830 affectus.
1332 1779 1461 1831 Non
1522 1779 1675 1830 enim
1734 1794 1868 1829 caro

1988 626 2202 673 rarum,
2238 612 2339 662 sed
2376 614 2548 664 etiam
2578 613 2997 681 cogitationum
3028 618 3364 669 nostrarum
3386 615 3645 670 omnium

1987 700 2384 767 pra-venitur?

2061 804 2144 856 l7.
2184 808 2394 873 Aperte
2428 807 2620 875 itaque
2654 808 3069 876 sempiternam
3112 807 3472 862 divinitatem
3512 808 3645 880 ejus

1989 898 2365 959 expresserat
2394 910 2403 947 :
2458 896 2560 947 sed
2596 901 2785 948 tamen
2817 912 2887 949 ne
2928 897 3061 965 quis
3093 913 3125 949 a
3160 897 3326 951 Patre
3358 898 3646 952 divideret

1990 980 2167 1033 Verbi
2198 984 2597 1048 (etcrnitatcm,
2634 989 2692 1036 ut
2739 985 2998 1037 eamdem
3051 985 3428 1039 crederemus
3466 986 3644 1039 Verbi

1990 1084 2125 1121 esse
2158 1087 2287 1139 qua}
2326 1071 2512 1123 Patris
2544 1077 2652 1132 est,
2685 1073 2879 1125 bonus
2912 1073 3007 1126 ille
3050 1074 3309 1141 piscator
3337 1074 3642 1145 adjunxit:

1993 1180 2012 1202 «ι
2056 1157 2121 1209 lit
2150 1159 2401 1211 Verbum
2437 1164 2559 1213 erat
2602 1161 2753 1228 apud
2806 1161 2987 1213 Deum
3036 1162 3227 1226 (Joan.
3262 1180 3298 1231 ι,
3334 1163 3405 1231 1).
3444 1185 3465 1209 n
3520 1163 3647 1216 Hoc

1988 1246 2138 1315 quod
2166 1248 2408 1312 dixerat,
2428 1248 2513 1300 sic
2538 1250 2947 1301 mstimandum
2963 1252 3077 1303 est:
3110 1273 3131 1296 α
3159 1251 3295 1304 Erat
3311 1251 3587 1318 Verbum,
3620 1274 3641 1298 ιι

1986 1336 2279 1402 quomodo
2314 1341 2435 1387 erat
2469 1338 2680 1403 l’atcr;
2741 1338 3016 1407 quoniam
3048 1354 3179 1391 cum
3211 1340 3379 1392 Patre
3411 1342 3553 1405 erat,
3588 1340 3645 1392 et

1984 1420 2039 1472 in
2080 1423 2244 1474 Patre
2277 1428 2418 1490 erat,
2448 1430 2499 1476 et
2532 1427 2679 1493 apud
2721 1428 2945 1479 l‘atrem
2977 1431 3099 1479 erat
3131 1442 3383 1497 semper.
3419 1427 3643 1496 Nempe

1984 1512 2276 1578 quomodo
2328 1512 2398 1565 de
2447 1514 2612 1566 Patre
2664 1514 2938 1584 legimus,
2977 1534 2999 1564 α
3056 1520 3216 1585 erat;
3256 1534 3278 1565 »
3342 1517 3417 1568 ita
3469 1518 3524 1569 et
3573 1510 3644 1568 de

1986 1598 2178 1651 Verbo
2212 1599 2486 1669 legimus,
2525 1623 2545 1650 ι(
2584 1607 2726 1655 erat.
2769 1624 2789 1651 ν

2053 1704 2138 1757 18.
2172 1706 2317 1768 Quid
2352 1707 2643 1760 discernis
2678 1709 3169 1779 intellectum,qui
3201 1726 3317 1763 non
3350 1709 3644 1763 discernis

1981 1793 2284 1846 auditum?
2320 1794 2493 1848 Verbi
2526 1812 2662 1850 esse
2693 1798 2845 1866 apud
2874 1798 3099 1851 Patrem
3125 1802 3252 1852 est:
3288 1799 3477 1852 Patris
3503 1814 3642 1852 esse

198 1868 423 1935 peccat,
452 1880 583 1935 quae
607 1881 778 1919 suum
812 1869 1010 1918 servat
1042 1866 1321 1931 ofﬁcium,
1342 1870 1415 1933 ~et
1464 1867 1670 1934 recipit
1701 1867 1866 1918 audi-

1988 1897 2113 1934 cum
2162 1882 2356 1936 Verbo
2400 1888 2529 1952 est;
2589 1885 2840 1954 legimus
2900 1886 3055 1939 enim
3115 1886 3250 1956 quia
3300 1910 3321 1933 «
3387 1887 3644 1941 Verbum

196 1956 341 2021 tum,
376 1954 485 2007 sed
507 1954 739 2007 animus
763 1955 891 2022 puri
914 1955 1149 2007 auditus
1172 1953 1284 2022 (l3)
1312 1971 1529 2023 pravus
1555 1955 1866 2023 interpres,

198 2042 297 2112 qui
332 2046 569 2095 recusat
599 2043 802 2096 audire
850 2059 981 2112 qua}
1022 2044 1314 2110 dicuntur,
1366 2043 1695 2112 intelligere
1739 2060 1870 2111 qua)

196 2129 497 2201 leguntur.
547 2130 696 2195 Quid
756 2147 933 2184 aures
996 2136 1271 2200 tanquam
1328 2147 1461 2183 cera
1514 2135 1570 2183 et
1630 2132 1870 2200 plumbo

197 2218 495 2286 clauditis,
531 2223 587 2273 et
616 2223 807 2273 tamen
857 2220 1158 2273 Dominica
1218 2220 1502 2272 beneﬁcia
1561 2223 1616 2271 ct
1676 2220 1869 2272 ofticia

195 2310 424 2361 naturae
456 2323 571 2361 non
606 2308 852 2377 potestis
887 2308 1202 2361 excludere
1227 2310 1253 2361 Ξ)
1284 2308 1515 2360 Auditis
1548 2307 1732 2373 inviti,
1769 2324 1868 2360 au-

200 2395 342 2449 ditis
376 2395 747 2449 fastidientes
776 2411 786 2449 :
835 2397 1072 2465 auditis,
1100 2412 1171 2450 ne
1201 2396 1357 2466 quod
1393 2411 1509 2450 non
1540 2397 1863 2465 audieritis,

195 2498 490 2537 excusare
522 2486 791 2554 possitis.

277 2583 428 2644 707
464 2591 546 2644 15.
592 2592 821 2645 Auditis
866 2607 1009 2661 ergo
1062 2607 1195 2644 cum
1242 2592 1495 2659 legitur:
1555 2614 1576 2635 ‹‹
1612 2592 1672 2643 ln
1704 2592 1868 2659 prin-

200 2679 359 2748 cipio
393 2684 518 2733 erat
560 2680 817 2733 Verbum
868 2681 1055 2745 (Joan.
1091 2697 1127 2747 ι,
1163 2680 1234 2747 1).
1273 2703 1292 2727 ιι
1329 2680 1472 2741 Quis
1523 2680 1633 2732 hoc
1684 2681 1871 2733 dicit?

200 2767 470 2821 Joannes
495 2768 695 2837 utique
719 2769 813 2821 ille
830 2770 1118 2837 piscator:
1154 2769 1257 2821 sed
1286 2785 1399 2821 non
1420 2769 1588 2837 quasi
1614 2769 1872 2837 piscator

202 2854 317 2909 hoc
354 2857 515 2921 dicit,
553 2858 655 2909 sed
690 2858 858 2926 quasi
894 2857 1130 2908 humani
1161 2857 1423 2924 piscator
1452 2856 1695 2909 allectus
1724 2872 1736 2925 ;
1769 2857 1867 2926 qui

188 2943 313 3014 jam
348 2960 467 2997 non
519 2944 720 3012 pisces
771 2949 1025 3013 caperet,
1077 2945 1179 2997 sed
1230 2944 1500 2997 homines
1546 2945 1870 2997 vivificaret

193 3033 363 3100 (Luc.
398 3049 455 3097 v,
494 3033 599 3091 10).
638 3032 768 3085 Non
800 3049 973 3085 suum
1024 3038 1134 3100 est,
1170 3034 1326 3103 quod
1369 3030 1545 3087 dicit:
1598 3034 1702 3086 sed
1735 3034 1867 3101 ejus

193 3122 293 3191 qui
333 3121 667 3173 viviticandi
702 3122 753 3174 ei
785 3122 982 3174 tribuit
1016 3126 1381 3189 potestatem.
1418 3121 1684 3173 Piscator
1714 3122 1867 3173 enim

193 3208 370 3278 ipsis,
396 3225 549 3278 quos
569 3214 700 3261 ante
720 3210 1003 3277 capiebat,
1024 3210 1290 3277 piscibus
1309 3210 1651 3263 taciturnior
1668 3215 1785 3262 erat
1808 3225 1820 3275 ;
1844 3229 1863 3256 υ

194 3301 246 3351 et
280 3314 440 3349 Circa
473 3298 671 3350 divina
722 3299 997 3367 mysteria
1050 3299 1238 3366 inagis
1286 3302 1500 3364 mutus,
1552 3298 1652 3367 qui
1702 3298 1867 3349 vocis

194 3402 326 3440 suae
361 3386 665 3440 nesciebat
697 3391 995 3440 auctorem
1022 3402 1032 3439 ε
1067 3387 1172 3439 sed
1207 3387 1535 3438 vivitieatus
1568 3402 1599 3438 a
1629 3385 1865 3438 Christo

190 3490 407 3528 vocem
466 3475 687 3528 audivit
743 3475 801 3527 in
861 3476 1116 3544 Joanne,
1196 3475 1454 3527 Verbum
1512 3474 1751 3546 agnovit
1804 3475 1864 3526 in

192 3563 457 3617 Christo.

266 3668 357 3722 16.
412 3668 481 3722 Et
526 3652 658 3724 ideo
713 3670 924 3739 plenus
976 3670 1195 3738 Spiritu
1247 3674 1473 3738 sancto,
1528 3670 1627 3740 qui
1687 3668 1867 3722 sciret

192 3757 553 3826 principium
576 3772 692 3810 nou
728 3760 1011 3827 temporis
1045 3775 1203 3823 esse,
1231 3760 1333 3811 sel
1372 3775 1549 3827 supra
1584 3763 1862 3826 tempora,

196 3847 435 3915 reliquit
468 3847 707 3913 sarcula,
760 3850 819 3915 et
860 3849 1192 3899 ascendens
1226 3848 1436 3915 spiritu
1476 3862 1657 3915 super
1697 3864 1865 3899 omne

193 3935 573 4004 principium,
608 3936 716 3988 ait:
758 3959 778 3981 α
816 3936 875 3988 lu
910 3936 1194 4004 principio
1228 3942 1347 3988 erat
1386 3936 1658 4001 Verbum,
1692 3962 1710 3982 η
1755 3936 1865 3989 hoc

194 4028 306 4091 est,
346 4028 644 4077 remaneat
675 4024 929 4090 coelum;
964 4025 1222 4077 nondum
1263 4026 1417 4077 enim
1458 4029 1600 4092 erat,
1630 4026 1863 4094 quando

200 4134 222 4155 α
264 4113 326 4164 in
380 4112 669 4181 principio
720 4116 843 4165 erat
896 4113 1173 4165 Verbum.
1216 4136 1236 4158 ι)
1295 4114 1442 4165 Nam
1499 4114 1607 4165 etsi
1653 4114 1864 4167 CLClUIIl

195 4198 373 4253 habet
420 4201 794 4269 principium,
846 4202 1002 4253 Deus
1040 4217 1155 4253 non
1198 4201 1390 4253 liabet.
1448 4202 1711 4271 Denique
1747 4224 1766 4247 ‹.
1806 4204 1865 4254 in

194 4288 489 4357 principio
524 4287 660 4341 fecit
696 4289 850 4341 Deus
887 4288 1097 4341 coelum
1132 4292 1185 4341 et
1216 4294 1427 4341 terram
1454 4290 1623 4355 (Gen.
1662 4308 1695 4349 ι,
1736 4290 1803 4355 1).
1843 4314 1861 4334 η

197 4376 369 4429 Aliud
404 4381 514 4441 est,
558 4400 578 4424 α
617 4377 784 4431 fecit:
826 4399 847 4423 υ
898 4377 1051 4431 aliud
1086 4381 1194 4441 est,
1257 4402 1275 4424 ‹‹
1314 4381 1454 4430 erat.
1497 4402 1517 4423 ››
1572 4380 1735 4441 Quod
1783 4382 1861 4445 tit,

196 4464 437 4534 incipit:
500 4467 655 4535 quod
705 4470 846 4532 erat,
905 4468 1261 4535 principium
1323 4484 1436 4518 nou
1478 4468 1708 4535 accipit,
1760 4469 1865 4519 sed

193 4554 505 4622 praevenit.
572 4555 929 4609 Remaneant
980 4557 1149 4607 etiam
1206 4559 1487 4623 teiizpora,
1543 4557 1675 4625 quia
1736 4561 1948 4649 pristD

197 4643 415 4695 ccelum
450 4647 729 4711 tempora.
763 4645 1117 4697 llemaneant
1142 4646 1311 4697 etiam
1336 4644 1527 4714 angeli
1553 4649 1605 4697 et
1628 4646 1866 4697 aic'nan-

194 4731 313 4800 geli
341 4731 477 4797 (qi-’1).
523 4731 585 4783 Εἰ
621 4732 668 4783 si
704 4732 1052 4800 principium
1086 4749 1287 4785 eorum
1309 4750 1423 4785 non
1456 4733 1715 4797 invenio,
1745 4738 1866 4786 erat

195 4822 391 4873 tamen
443 4820 675 4889 quando
724 4836 841 4872 non
891 4826 1072 4873 erant.
1122 4822 1251 4873 Non
1312 4826 1477 4874 erant
1518 4823 1707 4885 enim,
1767 4823 1864 4889 qui

195 4907 515 4977 aliquando
566 4911 888 4977 cmperunt.
942 4909 1001 4961 Si
1062 4925 1205 4978 ergo
1260 4911 1611 4979 principium
1663 4926 1867 4961 eorum

195 4995 467 5049 invenire
529 5014 644 5050 non
704 5013 971 5066 possum,
1038 5015 1189 5067 quos
1251 5002 1472 5050 certum
1520 5000 1609 5049 ert
1650 4998 1865 5049 habere

194 5086 576 5154 principium,
610 5087 903 5155 quomodo
928 5104 1175 5155 possum
1200 5086 1378 5139 Verbi
1402 5087 1663 5139 invenire
1704 5088 1867 5154 prin-

268 5226 385 5291 (13)
416 5227 661 5289 Quidam
695 5244 866 5293 mss,
911 5254 930 5274 u
971 5229 1074 5281 sed
1122 5229 1354 5282 animus
1391 5229 1520 5282 duri
1552 5230 1805 5283 auditus.
1842 5254 1862 5275 υ

270 5298 385 5355 (lii
408 5298 488 5351 De
517 5304 775 5364 tempore
796 5316 911 5367 quo
930 5301 1120 5368 angeli
1151 5302 1326 5351 creati
1358 5302 1538 5363 tuere,
1580 5302 1866 5367 Augusti-

194 5382 337 5433 nus,
372 5369 472 5421 lib.
508 5385 564 5421 XI
604 5370 686 5422 Ile
721 5369 900 5423 Civil.
940 5372 1063 5428 Hei,
1102 5387 1261 5438 corp.
1290 5374 1320 5423 υ
1370 5377 1424 5423 et
1468 5374 1553 5426 :33.
1610 5390 1713 5423 nec
1754 5390 1866 5422 non

194 5438 299 5490 lib.
340 5456 440 5505 xu,
475 5455 523 5492 c.
564 5440 647 5505 15,
684 5440 850 5493 fusse
884 5442 1159 5508 disputat,
1199 5442 1299 5491 sed
1341 5443 1569 5493 laudent
1604 5460 1636 5493 It
1667 5461 1714 5492 »ιι
1754 5444 1804 5493 ni
1855 5444 1867 5492 ἰ

193 5509 536 5581 dubitanter
558 5514 828 5579 magistri
853 5512 1293 5581 suicxcinplum
1328 5513 1601 5571 imitatus,
1644 5514 1863 5564 detiuit.

264 5580 377 5639 (15)
402 5580 534 5634 Gill.
570 5586 627 5636 et
668 5583 835 5636 item.
862 5584 997 5636 edit.
1038 5580 1167 5636 cum
1211 5600 1321 5635 uno
1356 5587 1451 5634 aut
1492 5584 1673 5635 altero
1718 5601 1859 5635 mss.

198 5672 218 5695 ι
259 5666 336 5702 ne
369 5652 573 5706 etilli:
615 5654 850 5706 Amerl).
886 5657 940 5706 et
975 5654 1138 5707 liras.
1177 5671 1308 5706 cum
1342 5654 1473 5707 aliis
1524 5655 1700 5707 multo
1735 5654 1865 5721 plli-

196 5721 398 5791 ribus,
438 5746 459 5767 «ι
495 5739 568 5778 ne
601 5724 741 5777 tibi:
782 5747 802 5770 υ
855 5725 1065 5779 melius
1122 5726 1218 5779 alii
1268 5741 1435 5794 mss,
1480 5725 1615 5778 licet
1647 5726 1864 5796 exiguo

1982 1977 2105 2023 erat
2137 1974 2285 2040 apud
2324 1973 2526 2026 Deum.
2568 1997 2588 2019 ι»
2642 1975 2837 2042 Itaque
2868 1974 2921 2026 si
2966 1975 3290 2028 secundum
3331 1978 3487 2028 tuam
3521 1975 3648 2044 opi-

1980 2061 2212 2112 nionem
2248 2062 2559 2130 aliquando
2592 2078 2708 2114 non
2738 2066 2880 2125 erat,
2934 2078 3078 2133 ergo
3129 2063 3455 2116 secundum
3484 2067 3641 2116 tuam

1981 2150 2313 2216 Opinionem
2350 2153 2403 2201 et
2453 2152 2503 2200 is
2553 2150 2610 2201 in
2647 2150 2935 2218 principio
2961 2166 3077 2203 non
3106 2155 3248 2216 erat,
3281 2151 3433 2219 apud
3463 2166 3638 2220 quem

1981 2242 2104 2290 erat
2134 2238 2410 2291 Verbum.
2444 2239 2557 2290 l’er
2590 2238 2845 2290 Verbum
2864 2239 3018 2290 enim
3036 2238 3229 2305 audio,
3250 2254 3356 2306 per
3384 2238 3641 2292 Verbum

1978 2325 2243 2394 intelligo
2303 2327 2435 2394 quia
2498 2327 2653 2377 Deus
2710 2329 2852 2378 erat.
2908 2325 3056 2378 Nam
3107 2326 3159 2378 si
3218 2325 3642 2394 sempiternum

1982 2413 2236 2466 Verbum
2272 2430 2407 2466 esse
2442 2414 2768 2481 credidero,
2803 2413 2959 2482 quod
2991 2414 3208 2481 credo;
3250 2428 3367 2467 non
3398 2428 3645 2483 possum

1980 2503 2050 2555 de
2106 2502 2292 2555 Patris
2336 2503 2656 2554 {L‘lCt'iiltulB
2702 2501 2988 2569 dubitare,
3024 2502 3197 2572 cujus
3248 2505 3505 2556 aeternus
3556 2505 3648 2556 est

1980 2590 2185 2643 Filius.
2223 2592 2283 2643 Si
2315 2591 2690 2658 temporalem
2724 2590 3163 2661 generationem
3186 2590 3632 2660 ejusexistimo,

1980 2678 2183 2747 incipit
2206 2680 2679 2731 communitatem
2712 2679 2928 2731 habere
2962 2678 3315 2746 nobiscum;
3348 2682 3409 2731 ut
3438 2680 3643 2733 videa-

1980 2771 2071 2819 tur
2108 2769 2274 2819 l'atcr
2296 2768 2737 2835 esseceepisse:
2775 2768 2879 2820 sed
2912 2767 2963 2819 si
2996 2768 3067 2820 de
3102 2768 3274 2820 Patre
3307 2782 3423 2820 non
3455 2767 3641 2821 ambi-

1979 2858 2094 2925 gis,
2131 2871 2208 2925 qu
2236 2876 2263 2906 u
2299 2857 2557 2923 incipere
2590 2871 2727 2908 esse
2760 2857 2863 2908 Dei
2896 2872 3011 2909 non
3044 2859 3175 2922 est;
3220 2856 3290 2909 de
3326 2856 3493 2909 Patre
3527 2871 3644 2909 non

1978 2945 2253 3013 ambigis,
2288 2946 2423 3014 quia
2464 2945 2561 2997 Dei
2593 2949 2683 2997 cst
2715 2946 3132 3013 sempiternam
3164 2944 3381 2997 habere
3414 2944 3641 3014 perfec-

1976 3034 2228 3099 tionem;
2274 3049 2342 3085 ne
2378 3033 2523 3086 fozte
2557 3050 2667 3085 usu
2709 3033 3006 3086 sermonis
3054 3032 3341 3086 labereris
3373 3032 3637 3101 humani,

1979 3112 2124 3173 7033
2166 3122 2301 3173 dum
2350 3121 2607 3174 Verbum
2643 3120 2790 3174 dicis
2836 3124 2892 3174 et
2945 3120 3174 3189 Filium,
3210 3120 3343 3173 ideo
3386 3120 3642 3175 addidit:

1902 3236 1953 3299 Ο
1982 3230 2001 3257 α
2042 3210 2103 3260 lit
2139 3211 2296 3261 Deus
2330 3214 2450 3262 erat
2487 3210 2741 3261 Verbum
2776 3208 2999 3277 (Ibid).
3038 3232 3059 3254 ι»

2054 3298 2132 3350 it).
2184 3299 2367 3350 Ilabct
2418 3299 2611 3366 utique
2662 3298 2819 3367 quod
2868 3298 3055 3363 Pater,
3100 3297 3234 3366 quia
3286 3296 3444 3349 Deus
3494 3298 3639 3350 erat.

1975 3385 2277 3448 Quomodo
2311 3387 2491 3453 liuius
2526 3402 2709 3456 negas
2744 3385 3147 3451 aeternitatem,
3174 3384 3268 3437 cui
3301 3400 3480 3437 unum
3512 3398 3645 3438 cum

1976 3474 2144 3526 Patre
2182 3476 2277 3527 Dei
2315 3491 2523 3527 nomen
2557 3476 2686 3528 est?
2717 3474 2847 3527 Non
2878 3477 2933 3526 te
2966 3489 3151 3527 sonus
3185 3474 3391 3542 capiat,
3428 3472 3640 3525 simili—

1974 3563 2231 3632 tudoque
2266 3564 2597 3629 sermonis;
2637 3562 2793 3615 aliud
2839 3562 3093 3614 Verbum
3143 3564 3252 3628 est,
3300 3560 3457 3631 quod
3488 3564 3640 3615 tem-

1974 3666 2115 3719 pora
2152 3652 2341 3713 habet,
2377 3652 2527 3720 quod
2555 3651 2800 3721 syllabis
2826 3649 3465 3719 eolligiturlitterisque
3489 3664 3643 3703 com-

1975 3742 2243 3809 ponitur:
2281 3757 2392 3792 non
2444 3741 2553 3792 tale
2614 3739 2869 3792 Verbum
2928 3738 3136 3807 Filius,
3189 3737 3325 3809 quia
3354 3752 3472 3791 non
3504 3736 3637 3791 talis

1978 3836 2061 3882 est
2096 3831 2269 3881 Pater
2302 3829 2497 3882 Verbi.

2049 3938 2132 3987 2t).
2166 3936 2497 3987 Cavendum
2533 3950 2675 4002 ergo
2734 3950 2805 3987 ne
2837 3936 2892 3987 et
2948 3933 3026 3985 ibi
3087 3932 3192 4001 (l5)
3249 3933 3635 4002 quaestionem

1975 4026 2141 4077 vocis
2177 4024 2500 4092 corporalis
2550 4024 2855 4075 videamur
2901 4022 3197 4092 ingerere.
3244 4021 3638 4091 Incorporeus

1975 4119 2065 4166 est
2102 4116 2292 4177 Deus;
2338 4128 2545 4164 vocem
2586 4114 2785 4180 utique
2831 4111 3220 4179 incorporeus
3272 4109 3639 4179 corporalem

1976 4218 2089 4254 non
2125 4202 2316 4253 habet.
2354 4203 2414 4253 Si
2448 4217 2558 4252 vox
2593 4200 2917 4267 corporalis
2948 4216 3064 4252 non
3097 4201 3189 4251 est
3218 4198 3278 4251 in
3300 4198 3489 4265 Patre,
3527 4212 3661 4252 nec.

1978 4290 2161 4343 Filius
2199 4290 2451 4343 Verbum
2488 4292 2579 4342 est
2633 4289 2958 4358 corporale.
2993 4288 3053 4341 Si
3114 4302 3331 4355 corpus
3378 4286 3437 4339 in
3470 4286 3639 4340 Patre

1977 4396 2091 4431 nm
2126 4383 2233 4443 est,
2268 4394 2378 4430 nec
2428 4381 2659 4446 tempus
2711 4377 2765 4429 in
2821 4377 2987 4429 Patre
3040 4378 3149 4428 est.
3186 4375 3243 4427 Si
3302 4378 3533 4442 tempus
3582 4374 3643 4426 in

1978 4467 2145 4519 Patre
2168 4483 2279 4519 non
2306 4473 2413 4531 cst,
2443 4469 2638 4534 utique
2664 4482 2769 4518 nec
2802 4466 2857 4517 in
2889 4464 3081 4517 Verbo
3106 4466 3215 4515 est.
3242 4462 3406 4526 Quod
3432 4460 3637 4514 sinul-

1975 4554 2029 4606 lu
2061 4574 2091 4607 η
2124 4557 2349 4623 ςπὶνὶρῖἱ
2384 4561 2611 4619 tempus
2638 4557 2693 4606 in
2720 4554 2932 4611 Verbo.
2962 4568 3067 4603 nec
3109 4565 3388 4603 numerus
3415 4551 3635 4617 utique,

1978 4662 2083 4697 nec
2129 4647 2345 4713 gradu;
2386 4645 2555 4696 Verbi
2602 4659 2631 4695 e
2676 4650 2710 4694 t.
2746 4642 2888 4703 Quia
2930 4642 2981 4691 si
3017 4654 3299 4691 numerus
3332 4638 3389 4689 in
3422 4636 3637 4703 Verbo,

1978 4750 2121 4799 ergo
2158 4736 2331 4786 iuul'a
2366 4733 2565 4783 verba.
2601 4732 2659 4781 Si
2720 4730 2893 4781 multa
2945 4727 3145 4791 verba,
3180 4725 3342 4777 multi
3401 4728 3456 4778 et
3513 4724 3642 4779 filii.

1978 4825 2088 4876 Sed
2124 4838 2299 4875 unum
2338 4822 2590 4873 Vcrbu‘n
2625 4822 2734 4882 est,
2770 4816 2925 4886 quod
2984 4820 3037 4867 et
3097 4814 3344 4884 gradum
3383 4813 3643 4867 excludit

1978 4916 2032 4964 et
2064 4925 2402 4963 rmmerum:
2443 4924 2617 4959 unum
2652 4904 2976 4957 secundum
3009 4907 3293 4956 naturam.

2048 4999 2136 5051 ‘21.
2176 5001 2259 5049 .\'c
2292 4998 2533 5065 ([llit‘l‘ilO
2580 4994 2912 5063 cujusmodi
2964 4996 3247 5045 naturam.
3285 4990 3503 5045 Nescio
3537 4988 3646 5057 (16)

1979 5089 2157 5139 multo
2194 5088 2401 5138 luctus
2437 5083 2930 5152 lio.'.q‘ir1:nscio.
2960 5081 3083 5133 lloc
3108 5081 3297 5133 solum
3320 5079 3471 5133 bene
3491 5079 3643 5147 scio,

1981 5246 2245 5293 Πιιῖιμηιω,
2288 5254 2307 5273 α
2345 5244 2415 5282 ne
2450 5231 2503 5280 et
2554 5226 2651 5289 ibi,
2694 5246 2714 5274 ν
2766 5226 2876 5278 hoc
2931 5227 3040 5287 est,
3090 5224 3145 5275 in
3197 5222 3443 5276 Joannis
3488 5223 3639 5276 loco.

1985 5302 2127 5353 l'lur~
2150 5318 2215 5349 us
2246 5317 2382 5350 vero
2410 5316 2511 5366 pro
2538 5324 2555 5345 ‹‹
2582 5298 2883 5348 videamur
2906 5297 3198 5365 ingerere,
3234 5319 3252 5339 υ
3275 5295 3430 5366 quod
3465 5296 3556 5346 est
3585 5294 3643 5344 in

1982 5373 2211 5423 cuni-iis
2244 5373 2379 5421 edit.
2410 5364 2479 5420 ac.
2514 5370 2812 5436 plerisque
2865 5364 3032 5435 mss},
3069 5366 3287 5418 habent
3337 5364 3433 5416 alii
3494 5379 3644 5416 non-

1981 5444 2143 5503 nulli,
2184 5474 2197 5483 υ
2244 5443 2542 5493 κξεῑρειπιιῖ·
2576 5440 2810 5490 inferre.
2854 5462 2873 5484 η

2053 5514 2161 5565 itii;
2200 5512 2339 5563 .‘d~s.
2377 5513 2614 5579 aliquot,
2654 5532 2674 5557 α
2713 5509 2931 5577 Qutqrit
2965 5508 3073 5579 iste
3109 5504 3442 5579 cujusmodi
3474 5503 3646 5579 natu-

1982 5600 2041 5635 ra
2074 5602 2123 5635 ηε.
2167 5584 2402 5643 Nescio,
2440 5571 2664 5646 ni‘st'io,
2705 5571 2874 5633 ncte.
2920 5577 3148 5651 Itegliqui
3184 5581 3240 5628 et
3271 5588 3476 5651 omnes
3506 5571 3643 5626 edit.

1981 5654 2131 5705 intcr
2153 5673 2216 5705 se
2245 5655 2641 5711 consentiunt,
2671 5652 2785 5703 nisi
2816 5650 2970 5717 quod
3001 5649 3090 5701 lltB
3120 5649 3485 5717 cum‘paueis
3506 5657 3653 5717 mss.

1986 5748 2005 5770 υ
2072 5726 2419 5796 huiusmodi
2458 5748 2477 5771 ι»
2513 5711 2868 5793 praeferunt,
2930 5718 3029 5773 ubi
3090 5717 3150 5769 in
3208 5711 3340 5768 aliis
3382 5711 3653 5785 pluribus
