3964 6168
164 293 262 362 861

167 492 223 534 es
246 469 463 530 Christus
488 462 670 519 Filius
698 462 803 517 Dei
831 460 953 515 vivi
985 459 1161 530 (Ibid.
1191 459 1318 529 16);
1358 479 1380 509 »
1433 458 1590 512 hunc
1641 473 1743 512 so-
1777 482 1831 545 Α
1863 418 2043 509 cei-9':

166 565 261 621 lum
284 573 379 618 non
403 552 673 610 immerito
701 551 978 607 laudavit.

215 687 281 745 28.
318 682 454 753 Ergo
497 678 752 733 Joannes
802 676 960 743 dicit,
1013 675 1224 728 Petrus
1266 673 1424 740 dicit,
1470 672 1743 724 Christus

162 771 388 849 probavit,
420 771 469 824 et
494 769 551 822 tu
580 781 699 821 non
727 766 966 836 probas,
994 764 1208 818 Ariane
1228 764 1257 816 ‘2
1287 762 1411 815 Nec
1446 761 1655 813 Joanni
1691 762 1745 812 et

160 866 293 920 Petro
330 860 481 930 putas
524 869 663 909 esse
711 853 1090 919 credendum,
1133 866 1285 921 quos
1318 850 1409 902 vel
1441 849 1605 901 solos
1639 862 1742 915 pro

164 946 436 1007 testimonio
462 942 662 1017 gloria)
690 957 817 996 sua:
849 942 1134 995 Dominus
1155 942 1359 993 noster
1381 939 1558 992 Jesus
1580 935 1745 987 Chri-

162 1043 263 1096 stus
286 1036 344 1091 ad
370 1033 609 1090 omnium
638 1030 814 1086 fidem
836 1028 1401 1084 crediditabundaro
1420 1029 1446 1079 ἱ)
1484 1024 1743 1092 Denique

159 1125 291 1200 quasi
330 1123 391 1178 ad
416 1120 807 1177 testimonium
851 1119 1072 1173 veteris
1106 1121 1162 1172 et
1198 1118 1338 1171 novi
1385 1112 1745 1168 Testamcnti

158 1215 344 1286 Moyses
369 1226 486 1266 cum
514 1209 641 1264 Elia
678 1208 1014 1274 asciscitur,
1071 1222 1204 1260 cum
1256 1206 1483 1259 Joanne
1532 1203 1745 1254 Petrus

154 1304 424 1375 frequenter
449 1298 755 1352 adhibetur
783 1296 1020 1363 (Matth.
1057 1312 1197 1363 xvu,
1236 1294 1285 1362 l,
1321 1294 1397 1361 3).

208 1407 278 1464 29.
303 1409 480 1462 Petrus
507 1403 669 1472 dicit,
713 1402 793 1456 Tu
823 1419 889 1457 es
916 1401 1155 1471 (Matth.
1190 1416 1310 1466 XVI,
1346 1399 1433 1465 ¹16)
1461 1415 1473 1467 ς
1508 1413 1624 1451 non
1658 1396 1743 1447 di-

155 1499 253 1553 cit:
279 1496 350 1549 Tu
375 1508 488 1548 esse
517 1491 774 1561 coepisti.
812 1482 958 1544 710
1008 1491 1215 1543 Petrus
1265 1488 1405 1542 dicit
1438 1503 1448 1541 :
1503 1509 1524 1532 α
1561 1487 1646 1538 Tu
1680 1501 1745 1538 es

159 1585 311 1640 Filius
338 1582 453 1637 Dei:
491 1604 510 1628 ι»
544 1596 666 1634 non
698 1579 836 1633 dicit
867 1595 879 1634 :
914 1579 1002 1632 Tu
1031 1594 1097 1631 es
1128 1580 1416 1631 creatura.
1452 1575 1609 1627 Dixit
1632 1575 1744 1627 hoc

155 1674 380 1729 Joannes.
428 1670 482 1724 Si
523 1669 721 1723 adhuc
750 1683 869 1722 non
899 1666 1222 1734 credidisti,
1257 1666 1393 1735 quia
1427 1680 1542 1716 non
1578 1662 1749 1714 intel-

154 1760 307 1816 lexisti
350 1759 679 1829 mysterium
724 1772 905 1826 supra
957 1755 1305 1825 sapientiam
1352 1750 1751 1806 recumbentis

1231 277 1489 340 LIBER
1531 276 1641 338 DE
1682 272 2346 337 INCARNATIONE.

3408 260 3527 328 862

2097 456 2267 508 Nunc
2315 468 2486 508 nemo
2537 467 2628 506 me
2681 450 2897 521 vincat,
2949 463 3107 504 nunc
3154 461 3302 501 meai
3330 446 3531 515 partes

1864 546 2038 609 sunt;
2093 544 2278 596 debeo
2328 557 2713 611 compensare
2758 539 2916 610 quod
2959 537 3135 605 tacui,
3182 535 3355 589 debet
3384 548 3526 604 pro-

1871 649 2042 685 cesse
2074 633 2225 701 quod
2262 633 2416 684 silui.
2456 632 2683 698 Lingua
2716 644 2843 681 mea
2895 643 3012 680 non
3059 625 3234 679 habet
3278 623 3483 692 spinas
3523 635 3536 676 :

1866 722 1995 773 sine
2032 722 2443 787 impedimento
2479 720 2625 771 iides
2658 718 2830 770 debet
2862 716 3046 768 exire.
3083 714 3230 766 Dum
3261 711 3359 764 alii
3410 726 3536 764 cm-

1864 826 2023 877 num,
2077 810 2283 861 alienae
2338 809 2492 873 licet,
2543 806 2783 875 prolatae
2824 807 3017 856 tamen
3047 800 3362 870 impietatis
3393 814 3531 853 eva-

1867 902 2057 965 cuant,
2093 899 2189 966 qui
2224 902 2321 949 aut
2346 897 2549 961 Ellam,
2572 892 3022 957 autJeremiam,
3057 881 3195 943 711
3236 891 3334 941 aut
3354 903 3535 942 unum

1866 1002 1936 1039 ex
1961 988 2263 1054 prophetis
2287 984 2586 1037 Christum
2612 997 2749 1035 esse
2774 982 3049 1033 dixerunt
3069 977 3303 1047 (Ibid);
3329 974 3535 1029 habuit

1865 1076 2016 1126 enim
2071 1075 2180 1125 ista
2230 1090 2347 1124 vox
2399 1088 2647 1133 coenam,
2702 1069 2905 1122 habuit
2954 1068 3065 1120 ista
3111 1081 3230 1119 vox
3280 1065 3534 1134 spinas:

1865 1163 2000 1215 dum
2032 1162 2148 1228 alii,
2184 1162 2441 1230 inquam,
2476 1161 2587 1213 hoc
2620 1160 2815 1212 lavant
2850 1171 3079 1210 caenum
3127 1151 3263 1224 (23),
3309 1153 3447 1205 dum
3479 1151 3540 1204 in

1864 1251 1995 1302 aliis
2029 1251 2355 1301 enodantur
2403 1249 2493 1301 ha)
2545 1249 2754 1316 spinae,
2805 1261 2925 1298 vox
2954 1245 3156 1297 nostra
3188 1241 3394 1295 Filium
3425 1237 3534 1294 Dei

1865 1338 2162 1392 Christum
2198 1338 2459 1389 resultet.
2500 1336 2637 1388 Mihi
2672 1350 2855 1403 purus
2891 1335 2981 1386 est
3020 1345 3240 1399 sermo,
3274 1327 3372 1382 cui
3400 1326 3537 1381 nul-

1866 1426 1955 1477 las
1987 1427 2188 1492 spinas
2222 1441 2510 1494 expressa
2540 1424 2776 1493 reliquit
2800 1422 3091 1489 impietas.

1935 1514 2022 1566 33.
2063 1514 2168 1566 Hie
2202 1518 2293 1566 est
2323 1529 2465 1583 ergo
2502 1514 2710 1565 Petrus
2743 1511 2839 1580 qui
2876 1506 3183 1578 respondit
3212 1520 3319 1575 pro
3353 1504 3537 1558 caete-

1864 1602 1949 1654 ris
1998 1603 2304 1670 apostolis,
2356 1602 2472 1653 imo
2509 1617 2631 1669 prae
2668 1600 2902 1652 steteris
2936 1597 3114 1665 (Ibid.
3153 1594 3240 1662 16)
3268 1610 3281 1662 ;
3314 1595 3371 1647 et
3402 1592 3537 1646 ideo

1866 1690 2309 1742 fundamentum
2356 1690 2588 1756 dicitur,
2637 1689 2773 1757 quia
2818 1687 2983 1739 novit
3024 1699 3142 1737 non
3173 1682 3367 1736 solum
3396 1694 3543 1750 pro-

1865 1782 2077 1845 prium,
2112 1779 2216 1831 sed
2249 1778 2420 1829 etiam
2455 1791 2765 1829 commune
2798 1788 3062 1827 servare.
3114 1770 3265 1824 Huic
3305 1768 3536 1838 astipu-

152 1849 296 1912 (Joan.
349 1864 455 1913 xm,
512 1846 631 1914 23),
689 1844 961 1915 repetivit
1023 1844 1249 1896 Petrus.
1302 1839 1750 1895 Commendavit

1940 1883 2018 1918 us
2067 1870 2159 1919 est
2210 1866 2320 1931 (22/4)
2372 1864 2666 1930 Christus,
2709 1863 2995 1916 revelavit
3031 1861 3224 1913 Pater.
3261 1857 3411 1911 Nam
3441 1856 3543 1926 qui

153 1941 404 2007 utramque
423 1934 714 2001 Christus,
735 1933 981 1987 alterum
998 1932 1244 2003 judicio,
1266 1931 1511 1984 alterum
1536 1930 1753 1996 myste-

152 2027 248 2094 rio;
288 2025 337 2079 id
373 2024 515 2078 enim
561 2023 808 2090 addidit,
859 2025 922 2075 ut
965 2022 1203 2092 legeres
1253 2019 1409 2089 quod
1445 2018 1502 2069 in
1536 2015 1755 2069 Christi

150 2117 336 2184 pectore
361 2112 753 2178 recumbebat,
789 2113 845 2165 et
874 2110 1239 2180 intelliget-es
1273 2108 1429 2178 quod
1470 2106 1607 2176 ejus
1655 2120 1754 2156 ca—

149 2206 241 2273 put,
270 2203 449 2273 inquo
477 2200 805 2271 principale
851 2199 1112 2253 omnium
1162 2212 1447 2251 sensuum
1499 2197 1609 2262 est,
1654 2209 1750 2245 ar—

151 2306 261 2345 cano
301 2291 533 2362 quodam
583 2289 892 2359 sapientiae
958 2286 1314 2356 replebatur.
1368 2284 1482 2337 Sed
1536 2284 1587 2335 si
1638 2298 1756 2334 non

150 2383 284 2448 putas
305 2379 737 2450 intelligendum
781 2392 919 2431 esse
972 2375 1340 2444 mysterium,
1395 2372 1605 2424 saltem
1638 2369 1757 2423 noli

147 2467 432 2538 impugnare
475 2467 790 2537 judicium.
837 2464 1136 2517 Laudatur
1180 2464 1415 2527 Petrus,
1467 2459 1604 2529 quia
1654 2457 1757 2509 Dei

148 2553 314 2608 Filium
358 2556 619 2622 credidit,
675 2568 849 2625 quem
901 2552 1135 2605 videbat
1164 2566 1177 2617 ς
1212 2550 1347 2619 quia
1378 2563 1443 2600 se
1475 2548 1545 2599 ab
1578 2549 1758 2613 impe-

145 2642 432 2712 ritte-plebis
462 2643 717 2698 rudibus
766 2641 960 2695 adhuc
1011 2638 1388 2707 opinionibus
1421 2635 1755 2702 separabat.

147 2730 359 2803 Denique
388 2748 514 2787 cum
544 2731 986 2801 interrogasset
1020 2727 1324 2793 Dominus,
1376 2725 1514 2794 quid
1566 2721 1759 2775 homi-
1809 2762 1814 2767 .

147 2833 227 2873 nes
263 2819 325 2875 de
362 2820 502 2876 Filio
550 2818 817 2875 hominis
865 2818 1245 2884 aestimarent,
1294 2828 1427 2867 cum
1466 2813 1762 2865 diceretur

142 2907 265 2980 vulgi
291 2910 591 2965 sententia.
630 2908 844 2962 Petrus
874 2905 1124 2960 tacebat.

196 3031 265 3087 30.
294 3033 466 3089 Taces
495 3049 669 3106 ergo,
703 3031 930 3097 Simon,
964 3032 1020 3084 et
1049 3025 1557 3097 respondentibus
1606 3022 1759 3090 aliis,

142 3119 327 3186 (Matth.
359 3138 474 3190 xv1,
510 3121 647 3191 14);
679 3121 872 3174 adhuc
905 3122 1068 3172 taces
1092 3133 1225 3170 cum
1249 3117 1376 3185 ipse
1401 3115 1487 3167 sis
1512 3113 1758 3182 primus,

1864 1970 2064 2005 veram
2113 1954 2557 2023 generationem
2613 1952 2871 2020 loquitur
2923 1948 3135 2018 Patris,
3168 1962 3202 2001 a
3233 1946 3402 2000 Patre
3439 1958 3542 1998 as-

1867 2040 2143 2111 sumpsit,
2178 2057 2295 2095 non
2328 2040 2582 2110 sumpsit
2611 2055 2686 2093 ex
2716 2053 2914 2092 carne.

2520 2162 2772 2216 CAPUT
2811 2161 2880 2214 V.

1866 2272 2074 2326 Fidem
2117 2273 2265 2324 hanc
2298 2269 2586 2323 Ecclesia;
2622 2267 3066 2320 fundamentum
3086 2276 3221 2317 esse
3243 2276 3310 2316 ac
3333 2258 3533 2314 valere

1938 2344 2230 2397 adversus
2254 2356 2453 2393 omnes
2478 2342 2760 2405 lic'Ul'C'SC‘S,
2801 2338 2931 2406 quia
2957 2336 3018 2387 in
3046 2333 3289 2406 Christo
3328 2331 3391 2385 di
3402 2331 3533 2406 vina

1940 2414 2119 2465 simul
2147 2420 2201 2465 et
2244 2414 2489 2463 humana
2523 2399 2836 2477 generatio
2874 2406 3163 2477 creditur.
3209 2399 3542 2477 Duas_illas

1937 2486 2361 2553 generationes
2403 2472 2658 2533 intibam
2694 2479 2950 2553 sibi_non
2974 2474 3217 2553 officere
3242 2493 3258 2527 .'
3280 2472 3390 2526 sed
3414 2486 3540 2551 quae

1940 2542 2013 2607 ad
2048 2564 2348 2623 uti-mirque
2376 2547 2912 2623 pertumnt,_salva
2948 2546 3124 2623 etiam
3161 2542 3536 2623 irrpassione

1942 2642 2006 2677 ac
2031 2614 2329 2694 sepultura
2358 2614 2667 2673 mansisse.
2693 2620 2827 2694 Non
2853 2633 2995 2686 ergo
3014 2614 3400 2694 infirmitates
3417 2626 3543 2665 cor-

1936 2682 2107 2765 poris:
2139 2695 2447 2765 divin/"triti
2477 2682 3074 2765 attribuendasfeum
3108 2686 3231 2738 limo
3263 2700 3294 2765 ᾳ
3326 2682 3449 2737 loco
3482 2685 3542 2734 et

1948 2759 2207 2836 ιωιψωυ
2231 2764 2494 2817 absoluta
2518 2764 2597 2836 sit
2618 2782 2633 2813 :
2660 2768 2716 2836 et.
2742 2758 2895 2836 Iri/ii]
2916 2758 3033 2836 nisi
3064 2754 3384 2809 secundum
3414 2766 3541 2806 car-

1944 2830 2075 2891 nea}
2091 2838 2219 2906 puli
2234 2838 2492 2906 potuerit
2534 2832 2781 2885 Verbum
2806 2830 2866 2883 a'i
2881 2830 3092 2881 vinum.

1944 2962 2031 3016 3i.
2067 2962 2242 3014 Fides
2275 2975 2418 3027 ergo
2454 2959 2543 3009 est
2579 2954 2865 3008 Ecclesiae
2899 2951 3385 3005 fundamentum:
3424 2959 3546 3000 non

1876 3053 2027 3105 enim
2076 3052 2145 3101 de
2196 3062 2370 3100 carne
2416 3046 2589 3111 Petri,
2624 3043 2728 3096 sed
2761 3042 2831 3095 de
2864 3041 2978 3093 ﬁde
3010 3040 3229 3092 dictum
3259 3039 3371 3104 est,
3404 3036 3544 3106 quia

1875 3145 2058 3209 porta:
2090 3137 2295 3190 mortis
2327 3136 2379 3187 ei
2413 3149 2528 3187 non
2560 3130 2967 3201 praevalebunt
2998 3125 3189 3195 (Ibid.
3235 3124 3336 3192 18)
3380 3138 3393 3177 :
3436 3121 3547 3177 sed

142 3221 214 3278 qm
245 3213 394 3264 etiam
425 3226 543 3265 non
578 3210 986 3279 intermgatus
1018 3207 1391 3276 intermgas;
1427 3218 1533 3254 nec
1568 3205 1759 3292 “nios”
1793 3203 1843 3263 Ο
1878 3203 2180 3282 confessio
2233 3224 2374 3292 vicit
2425 3222 2741 3274 infernum.
2798 3218 2867 3270 Et
2911 3217 3040 3269 hanc
3093 3211 3396 3267 confessio
3427 3225 3546 3265 non

145 3311 197 3351 ne
219 3298 653 3368 reprehenderis
695 3314 728 3351 a
770 3297 1040 3364 Domino,
1082 3295 1219 3364 quia
1265 3308 1384 3345 non
1428 3289 1760 3358 respondes

148 3382 523 3459 interroganti?
572 3386 739 3453 Ideo,
790 3385 998 3455 inquit,
1050 3398 1166 3436 non
1213 3380 1579 3449 respondeo,
1629 3375 1763 3445 quia

146 3487 235 3527 non
270 3474 596 3549 interrogor
636 3489 856 3541 meam,
913 3472 1021 3526 sed
1066 3471 1315 3523 alienam
1372 3466 1761 3531 sententiam;

145 3557 235 3631 legi
259 3564 396 3618 enim
428 3581 439 3618 :
486 3585 511 3615 ι
547 3563 629 3619 Ut
648 3579 780 3623 ,non
811 3562 1086 3632 loquatur
1117 3574 1185 3613 os
1220 3573 1413 3611 meum
1443 3570 1619 3623 opera
1654 3552 1763 3605 ho-

146 3650 322 3704 minum
346 3651 529 3721 (PsaI.
566 3668 698 3721 xvx,
728 3651 785 3721 4)
807 3667 820 3717 ;
846 3672 868 3700 ι
905 3664 1055 3719 opus
1079 3651 1273 3700 autem
1298 3649 1387 3699 est
1408 3643 1767 3713 perfidorum

148 3737 373 3804 perﬁdiae
389 3741 738 3811 praedicare.
759 3739 920 3810 Ergo
942 3742 1108 3791 taceo
1127 3735 1340 3801 adhuc,
1358 3733 1492 3803 quia
1508 3732 1766 3784 nondum

146 3823 187 3877 id
224 3828 359 3897 quod
408 3830 607 3884 sentio
657 3827 992 3898 interrogat
1029 3841 1041 3879 :
1076 3840 1193 3878 non
1225 3823 1522 3892 proferam
1569 3818 1764 3885 labiis,

148 3916 267 3982 quod
285 3917 504 3973 animus
526 3933 653 3973 non
673 3915 965 3987 probavit.
993 3913 1113 3967 Erit
1143 3917 1372 3980 tempus
1396 3908 1627 3979 quando
1652 3922 1771 3959 res-

146 4002 402 4069 pondeam.
438 4005 869 4076 Interrogabor
899 4006 955 4057 et
986 4003 1114 4071 ipse
1147 4000 1286 4070 quid
1319 3998 1589 4064 sentiam,
1634 3999 1770 4047 tunc

148 4088 335 4146 demum
350 4094 731 4165 respondebo
752 4092 907 4163 quod
932 4106 1126 4144 meum
1150 4091 1269 4155 est;
1294 4103 1484 4139 meum
1509 4086 1599 4137 est
1617 4083 1772 4136 enim

148 4174 282 4234 ﬁdem
306 4179 481 4253 loqui,
515 4182 798 4253 pietatem
829 4193 1125 4247 asserere,
1153 4175 1401 4247 gratiam
1424 4173 1768 4243 praedicare.

199 4280 270 4338 3t.
298 4286 423 4342 Non
452 4289 643 4360 igitur
672 4287 844 4358 quasi
875 4285 1106 4356 pigrior
1135 4298 1339 4344 sensu,
1374 4295 1522 4332 voce
1552 4277 1775 4331 tardior

149 4368 280 4442 tacet,
300 4390 403 4430 nec
422 4376 598 4447 quasi
627 4374 977 4428 fastidiosus
997 4370 1189 4425 differt
1206 4368 1372 4423 vocis
1389 4368 1771 4435 obsequium:

152 4459 231 4513 Sed
254 4465 412 4532 quasi
444 4469 660 4519 cautus
690 4462 1018 4533 periculum
1041 4458 1309 4529 vulgaris
1336 4456 1631 4525 opinionis
1656 4453 1777 4506 evi-

1875 3334 2049 3371 unain
2084 3314 2359 3368 haeresim
2392 3310 2681 3375 exclusit;
2715 3322 2847 3360 nam
2882 3319 3013 3358 eum
3046 3300 3319 3356 Ecclesia
3342 3296 3542 3352 multis

1877 3411 2151 3475 tanquam
2184 3404 2338 3455 bona
2369 3399 2538 3452 navis
2573 3396 2851 3450 ﬂuctibus
2900 3407 3061 3461 saepe
3112 3389 3410 3455 tundatur,
3442 3384 3546 3439 ad-

1878 3474 2093 3547 versus
2126 3506 2330 3545 omnes
2361 3489 2626 3541 hmreses
2657 3484 2831 3537 debet
2861 3480 3058 3534 valere
3090 3477 3380 3532 Ecclesiae
3410 3474 3545 3529 fun-

1880 3584 2234 3637 daz‘nentum.

1948 3674 2035 3723 35.
2074 3670 2212 3721 Dies
2248 3681 2337 3719 me
2372 3665 2545 3717 citius
2578 3659 2878 3727 defecerit,
2906 3671 3082 3727 quam
3104 3653 3341 3709 nomina
3365 3652 3550 3706 haereo

1880 3761 2130 3813 ticorum
2151 3756 2637 3821 diversarumque
2660 3752 2955 3803 sectarum
2983 3761 2997 3814 ;
3021 3744 3314 3798 adversus
3337 3754 3546 3795 omnes

1882 3852 2073 3901 tamen
2108 3844 2405 3916 generalis
2439 3842 2550 3894 ista
2574 3843 2663 3892 est
2687 3838 2855 3904 ﬁdes,
2882 3835 3018 3905 quia
3038 3832 3316 3886 Christus
3334 3832 3427 3884 est
3444 3827 3550 3882 Dei

1884 3937 2093 4001 Filius,
2129 3938 2183 3986 et
2219 3931 2618 3999 sempiternus
2652 3942 2724 3979 ex
2759 3926 2948 3991 Patre,
2984 3927 3039 3976 et
3078 3924 3250 3975 natus
3275 3934 3347 3973 ex
3368 3915 3552 3971 Maria

1885 4024 2150 4093 Virgine.
2185 4020 2368 4083 Quem
2408 4019 2574 4087 quasi
2610 4017 2910 4086 gigantem
2933 4012 3178 4063 sanctus
3204 4006 3387 4061 David
3408 4018 3549 4075 pro-

1884 4113 2055 4181 pheta
2091 4109 2394 4175 describit,
2429 4122 2496 4160 eo
2530 4104 2687 4176 quod
2719 4101 2991 4156 biformis
3024 4097 3398 4169 geminaeque
3440 4108 3549 4147 na-

1884 4206 2030 4255 tur-.e
2061 4215 2216 4252 unus
2250 4199 2326 4249 sit
2357 4210 2608 4249 consors
2640 4190 2964 4246 divinitatis
3006 4191 3062 4241 et
3100 4184 3369 4255 corporis
3404 4197 3417 4237 :
3452 4180 3555 4252 qui

1892 4312 1913 4335 «ι
1962 4292 2241 4357 tanquam
2284 4299 2545 4354 sponsus
2573 4324 2586 4351 ,
2628 4280 2961 4350 procedens
3001 4276 3074 4330 de
3111 4273 3366 4328 thalamo
3406 4283 3551 4337 suo,

1887 4376 2204 4431 exsultavit
2280 4378 2554 4442 tanquam
2629 4369 2804 4439 gigas
2862 4365 2935 4418 ad
2992 4360 3342 4416 currendam
3397 4357 3555 4409 viam

1888 4465 2074 4534 (Psal.
2101 4481 2266 4516 xviii.
2300 4463 2374 4527 6).
2405 4484 2426 4508 »
2471 4460 2743 4528 Sponsus
2784 4454 2994 4507 animae
3034 4448 3361 4504 secundum
3403 4444 3553 4498 Ver-

153 4546 209 4599 ίδί
233 4550 348 4621 (ΞΞ),
378 4554 479 4625 qui
512 4552 846 4624 periculum
879 4565 996 4604 non
1028 4547 1284 4603 evitabat
1316 4545 1543 4597 salutis.
1596 4543 1761 4595 Deni-

1939 4569 2060 4607 um:
2107 4553 2279 4623 gigas
2317 4554 2522 4614 terrae,
2578 4546 2715 4615 quia
2765 4556 2912 4595 usus
2952 4536 3143 4592 nostri
3182 4533 3377 4589 officia
3415 4546 3554 4602 per-

151 4649 236 4704 que
278 4640 332 4694 in
376 4640 818 4711 posterioribus
865 4639 1052 4693 habes
1093 4636 1229 4706 quia
1261 4633 1521 4688 exsilivit
1554 4648 1584 4685 e
1619 4632 1773 4698 navi,

153 4724 540 4784 ntoccarreret
573 4728 821 4783 Domino
854 4726 1091 4795 (Matth.
1117 4740 1236 4793 xiv,
1272 4722 1383 4791 29),
1420 4737 1536 4774 non
1567 4720 1775 4790 gloriae

153 4813 380 4887 cupidus,
412 4819 523 4874 sed
557 4817 910 4873 obedientiae
940 4816 1355 4885 praematurus.

201 4917 276 4976 ³2.
321 4922 429 4979 Hic
472 4940 625 4997 ergo
674 4924 773 4996 qui
802 4926 935 4978 ante
972 4920 1275 4986 reticebat,
1308 4919 1370 4971 ut
1400 4916 1636 4971 doceret
1667 4928 1777 4967 nos

153 5009 275 5075 (ἰηοά
294 5011 609 5083 impiorum
631 5028 740 5068 nec
762 5012 1010 5066 verbum
1041 5008 1362 5063 debeamus
1392 5006 1631 5058 iterare:
1659 5002 1775 5067 hic,

156 5092 370 5169 inquam,
401 5101 507 5155 ubi
542 5101 764 5155 audivit
797 5117 809 5156 ;
860 5122 882 5147 ιι
918 5098 1039 5153 Vos
1068 5100 1261 5152 autem
1292 5094 1431 5165 quid
1465 5110 1552 5145 me
1584 5091 1779 5144 dicitis

152 5180 350 5248 (Matth.
365 5205 488 5255 xw,
510 5187 635 5260 i5)?
654 5211 676 5237 π
705 5188 900 5244 statim
922 5187 1038 5241 loci
1061 5201 1179 5240 non
1200 5186 1509 5238 immemor
1527 5181 1640 5249 sui,
1667 5180 1782 5249 pri-

154 5275 332 5330 matum
369 5278 497 5351 egit
540 5298 559 5332 :
604 5279 917 5349 primatum
958 5273 1360 5330 confessionis
1401 5271 1622 5340 utique,
1668 5284 1784 5323 non

154 5356 401 5435 honoris;
449 5367 767 5439 primatum
796 5365 952 5435 ﬁdei,
988 5380 1105 5419 non
1138 5357 1383 5417 ordinis.
1421 5361 1546 5413 l-Ioc
1578 5362 1668 5411 est
1700 5358 1784 5410 di-

207 5503 305 5587 (Ξὲ)
330 5507 479 5563 Mss.
513 5510 755 5587 aliquot,
793 5532 829 5587 τί.
852 5512 1060 5587 cantus
1108 5504 1451 5587 periculurn.
1488 5502 1780 5587 \‘ulgares

156 5571 429 5655 opiniones
468 5571 678 5655 evitat.
732 5571 753 5655 ᾗ
810 5580 965 5655 infra
1009 5571 1149 5634 vero
1198 5576 1333 5630 edit.
1390 5575 1557 5629 Hom.
1616 5571 1780 5639 sola,

163 5664 179 5687 ι
205 5650 257 5701 in
283 5650 699 5707 superioribus
732 5653 939 5707 habes.
980 5676 999 5699 ιι

208 5713 309 5793 (ἳθ)
334 5713 581 5780 Ᾱωοιδι).
610 5727 666 5782 et
696 5723 865 5782 Erae.
910 5726 966 5780 et
1008 5738 1156 5779 mss.
1199 5716 1484 5789 nonnulli,
1525 5738 1545 5762 ‹‹
1581 5714 1642 5769 in
1673 5715 1783 5767 hoc

1892 4621 2158 4707 currens,
2185 4621 2335 4692 ﬁcum
2378 4639 2536 4689 Deus
2578 4646 2816 4700 semper
2845 4629 3008 4682 esset
3046 4627 3329 4690 aeternus,
3371 4621 3558 4674 incar-

1891 4730 2145 4783 nationis
2187 4728 2553 4781 sacrmncnta
2594 4718 2893 4786 suscepit,
2957 4729 3075 4768 non
3115 4711 3386 4780 divisus,
3448 4707 3558 4764 sed

1892 4835 2067 4883 unus,
2110 4819 2249 4887 quia
2289 4820 2599 4880 utrumque
2639 4822 2796 4861 unus
2822 4847 2837 4874 ,
2879 4806 2936 4859 et
2974 4816 3128 4856 unus
3168 4800 3229 4854 in
3267 4802 3556 4869 utroque,

1894 4908 2005 4959 hoc
2066 4908 2194 4973 est,
2254 4902 2348 4955 vel
2404 4899 2705 4952 divinitate
2756 4893 2853 4948 vel
2911 4903 3205 4960 corpore:
3247 4903 3366 4943 non
3405 4886 3563 4942 enim

1894 4996 2040 5048 alter
2079 5010 2153 5046 ex
2194 4992 2392 5057 Putxc,
2434 4988 2581 5041 alter
2619 5001 2695 5039 ex
2734 4980 3009 5053 Virgine,
3052 4977 3161 5034 sed
3199 4976 3354 5031 idem
3391 4975 3562 5030 aliter

1896 5102 1965 5139 ex
2010 5086 2202 5149 Patre,
2244 5079 2412 5131 aliter
2452 5093 2524 5129 ex
2564 5072 2817 5145 virgine.

1965 5172 2052 5226 36.
2090 5167 2400 5223 Generatio
2442 5161 2807 5237 generationi
2859 5174 2977 5215 non
3027 5154 3414 5228 praejudicat,
3453 5167 3563 5208 nec

1898 5278 2034 5316 caro
2058 5257 2377 5324 divinitati;
2415 5254 2548 5325 quia
2582 5267 2690 5306 nec
2714 5250 2936 5322 pignus
2962 5248 3142 5316 Patri,
3163 5260 3272 5300 nec
3292 5242 3564 5297 voluntas

1894 5349 2183 5421 passioni,
2221 5362 2327 5399 nee
2360 5344 2567 5414 passio
2603 5338 2906 5393 voluntati.
2940 5337 3100 5391 Idem
3130 5333 3286 5388 enim
3315 5328 3568 5401 patieba-

1897 5494 2093 5547 labant
2124 5504 2355 5544 coenam
2382 5504 2392 5542 :
2433 5510 2451 5533 ιι
2480 5484 2611 5541 Gill.
2647 5485 2702 5537 et
2726 5483 2919 5548 Rom,
2958 5477 3057 5531 «in
3086 5475 3198 5528 hoc
3220 5470 3417 5548 lavant
3440 5481 3565 5521 coe-

1898 5582 2055 5629 num,
2088 5587 2107 5609 η
2132 5564 2237 5615 sed
2264 5561 2471 5613 melius
2498 5560 2557 5611 in
2580 5572 2729 5629 mss:
2748 5541 3018 5629 pluribus
3040 5548 3100 5629 in
3119 5541 3423 5629 omittitur.

1967 5615 2078 5708 (ἐξ)
2111 5633 2391 5688 Nonnulli
2422 5646 2589 5697 mss.,
2629 5650 2648 5673 α
2682 5615 2833 5679 Huic
2862 5616 3210 5675 atl‘abulatus
3241 5615 3350 5666 est.
3390 5630 3412 5657 »
