  <div class='ocr_page' id='page_1' title='image "/cluster/home/n/w/nwhite01/storage/ocr_20150623/16/hvd.32044096580444/437.png"; bbox 0 0 3964 6168; ppageno 0'>
   <div class='ocr_carea' id='block_1_1' title="bbox 509 258 628 322">
    <p class='ocr_par' dir='ltr' id='par_1_1' title="bbox 509 258 628 322">
     <span class='ocr_line' id='line_1_1' title="bbox 509 258 628 322; baseline -0.008 0"><span class='ocrx_word' id='word_1_1' title='bbox 509 258 628 322; x_wconf 87' lang='lat'><strong>863</strong></span> 
     </span>
    </p>
   </div>
   <div class='ocr_carea' id='block_1_2' title="bbox 512 444 2256 524">
    <p class='ocr_par' dir='ltr' id='par_1_2' title="bbox 512 444 2256 524">
     <span class='ocr_line' id='line_1_2' title="bbox 512 444 2256 524; baseline -0.003 -14"><span class='ocrx_word' id='word_1_2' title='bbox 512 457 628 522; x_wconf 84' lang='lat' dir='ltr'><strong>tur,</strong></span> <span class='ocrx_word' id='word_1_3' title='bbox 662 457 718 509; x_wconf 89' lang='lat' dir='ltr'><strong>et</strong></span> <span class='ocrx_word' id='word_1_4' title='bbox 749 469 866 509; x_wconf 92' lang='lat' dir='ltr'><strong>non</strong></span> <span class='ocrx_word' id='word_1_5' title='bbox 896 454 1225 524; x_wconf 89' lang='lat' dir='ltr'><strong>patiebatur</strong></span> <span class='ocrx_word' id='word_1_6' title='bbox 1255 469 1268 510; x_wconf 94' lang='lat'><strong>:</strong></span> <span class='ocrx_word' id='word_1_7' title='bbox 1302 455 1683 521; x_wconf 89' lang='lat' dir='ltr'><strong>moriebatur,</strong></span> <span class='ocrx_word' id='word_1_8' title='bbox 1717 456 1770 508; x_wconf 91' lang='lat' dir='ltr'><strong>et</strong></span> <span class='ocrx_word' id='word_1_9' title='bbox 1805 469 1920 508; x_wconf 89' lang='lat' dir='ltr'><strong>non</strong></span> <span class='ocrx_word' id='word_1_10' title='bbox 1955 451 2172 506; x_wconf 89' lang='lat' dir='ltr'><strong>morie-</strong></span> <span class='ocrx_word' id='word_1_11' title='bbox 2207 444 2256 511; x_wconf 65' lang='grc' dir='ltr'><strong>Α</strong></span> 
     </span>
    </p>
   </div>
   <div class='ocr_carea' id='block_1_3' title="bbox 511 541 2174 613">
    <p class='ocr_par' dir='ltr' id='par_1_3' title="bbox 511 541 2174 613">
     <span class='ocr_line' id='line_1_3' title="bbox 511 541 2174 613; baseline -0.002 -15"><span class='ocrx_word' id='word_1_12' title='bbox 511 543 686 598; x_wconf 81' lang='lat' dir='ltr'><strong>batur</strong></span> <span class='ocrx_word' id='word_1_13' title='bbox 705 541 845 612; x_wconf 73' lang='lat'><strong>(15):</strong></span> <span class='ocrx_word' id='word_1_14' title='bbox 871 544 1286 613; x_wconf 77' lang='lat' dir='ltr'><strong>sepeliebatur,</strong></span> <span class='ocrx_word' id='word_1_15' title='bbox 1312 547 1367 597; x_wconf 93' lang='lat' dir='ltr'><strong>et</strong></span> <span class='ocrx_word' id='word_1_16' title='bbox 1385 559 1501 597; x_wconf 93' lang='lat' dir='ltr'><strong>non</strong></span> <span class='ocrx_word' id='word_1_17' title='bbox 1525 543 1955 612; x_wconf 77' lang='lat' dir='ltr'><strong>sepeliebatur:</strong></span> <span class='ocrx_word' id='word_1_18' title='bbox 1981 557 2174 595; x_wconf 79' lang='lat' dir='ltr'><strong>resur-</strong></span> 
     </span>
    </p>
   </div>
   <div class='ocr_carea' id='block_1_4' title="bbox 515 631 2174 704">
    <p class='ocr_par' dir='ltr' id='par_1_4' title="bbox 515 631 2174 704">
     <span class='ocr_line' id='line_1_4' title="bbox 515 631 2174 704; baseline -0.002 -20"><span class='ocrx_word' id='word_1_19' title='bbox 515 631 710 704; x_wconf 87' lang='lat' dir='ltr'><strong>gebat,</strong></span> <span class='ocrx_word' id='word_1_20' title='bbox 762 635 818 685; x_wconf 90' lang='lat' dir='ltr'><strong>et</strong></span> <span class='ocrx_word' id='word_1_21' title='bbox 868 647 985 685; x_wconf 92' lang='lat' dir='ltr'><strong>non</strong></span> <span class='ocrx_word' id='word_1_22' title='bbox 1033 632 1424 702; x_wconf 86' lang='lat' dir='ltr'><strong>resurgebat;</strong></span> <span class='ocrx_word' id='word_1_23' title='bbox 1456 632 1590 702; x_wconf 84' lang='lat' dir='ltr'>quia</span> <span class='ocrx_word' id='word_1_24' title='bbox 1624 647 1840 699; x_wconf 89' lang='lat' dir='ltr'><strong>corpus</strong></span> <span class='ocrx_word' id='word_1_25' title='bbox 1871 632 2174 700; x_wconf 89' lang='lat' dir='ltr'><strong>proprium</strong></span> 
     </span>
    </p>
   </div>
   <div class='ocr_carea' id='block_1_5' title="bbox 513 717 2172 790">
    <p class='ocr_par' dir='ltr' id='par_1_5' title="bbox 513 717 2172 790">
     <span class='ocr_line' id='line_1_5' title="bbox 513 717 2172 790; baseline -0.001 -18"><span class='ocrx_word' id='word_1_26' title='bbox 513 718 876 773; x_wconf 76' lang='lat' dir='ltr'><strong>suscitabat:</strong></span> <span class='ocrx_word' id='word_1_27' title='bbox 911 719 1046 790; x_wconf 83' lang='lat' dir='ltr'><strong>quia</strong></span> <span class='ocrx_word' id='word_1_28' title='bbox 1077 721 1234 790; x_wconf 92' lang='lat' dir='ltr'><strong>quod</strong></span> <span class='ocrx_word' id='word_1_29' title='bbox 1267 720 1498 785; x_wconf 82' lang='lat' dir='ltr'><strong>cecidit,</strong></span> <span class='ocrx_word' id='word_1_30' title='bbox 1531 719 1643 772; x_wconf 89' lang='lat' dir='ltr'><strong>hoc</strong></span> <span class='ocrx_word' id='word_1_31' title='bbox 1675 720 1936 788; x_wconf 79' lang='lat' dir='ltr'><strong>resurgit</strong></span> <span class='ocrx_word' id='word_1_32' title='bbox 1968 733 1980 772; x_wconf 86' lang='lat'><strong>:</strong></span> <span class='ocrx_word' id='word_1_33' title='bbox 2017 717 2172 788; x_wconf 90' lang='lat' dir='ltr'><strong>quod</strong></span> 
     </span>
    </p>
   </div>
   <div class='ocr_carea' id='block_1_6' title="bbox 515 807 2176 878">
    <p class='ocr_par' dir='ltr' id='par_1_6' title="bbox 515 807 2176 878">
     <span class='ocr_line' id='line_1_6' title="bbox 515 807 2176 878; baseline -0.002 -18"><span class='ocrx_word' id='word_1_34' title='bbox 515 821 632 860; x_wconf 92' lang='lat' dir='ltr'><strong>non</strong></span> <span class='ocrx_word' id='word_1_35' title='bbox 664 807 894 876; x_wconf 85' lang='lat' dir='ltr'><strong>cecidit,</strong></span> <span class='ocrx_word' id='word_1_36' title='bbox 919 823 1037 861; x_wconf 93' lang='lat' dir='ltr'><strong>non</strong></span> <span class='ocrx_word' id='word_1_37' title='bbox 1058 807 1341 878; x_wconf 78' lang='lat' dir='ltr'><strong>resurgit.</strong></span> <span class='ocrx_word' id='word_1_38' title='bbox 1369 807 1746 878; x_wconf 78' lang='lat' dir='ltr'><strong>Resurgebat</strong></span> <span class='ocrx_word' id='word_1_39' title='bbox 1767 807 1947 877; x_wconf 78' lang='lat' dir='ltr'><strong>igitur</strong></span> <span class='ocrx_word' id='word_1_40' title='bbox 1969 821 2176 858; x_wconf 83' lang='lat' dir='ltr'><strong>secun-</strong></span> 
     </span>
    </p>
   </div>
   <div class='ocr_carea' id='block_1_7' title="bbox 514 894 2174 966">
    <p class='ocr_par' dir='ltr' id='par_1_7' title="bbox 514 894 2174 966">
     <span class='ocr_line' id='line_1_7' title="bbox 514 894 2174 966; baseline -0.001 -18"><span class='ocrx_word' id='word_1_41' title='bbox 514 894 651 948; x_wconf 90' lang='lat' dir='ltr'><strong>dum</strong></span> <span class='ocrx_word' id='word_1_42' title='bbox 683 910 940 963; x_wconf 91' lang='lat' dir='ltr'><strong>carnem,</strong></span> <span class='ocrx_word' id='word_1_43' title='bbox 964 912 1097 966; x_wconf 68' lang='lat' dir='ltr'><strong>quae</strong></span> <span class='ocrx_word' id='word_1_44' title='bbox 1119 899 1345 950; x_wconf 90' lang='lat' dir='ltr'><strong>mortua</strong></span> <span class='ocrx_word' id='word_1_45' title='bbox 1364 896 1724 949; x_wconf 86' lang='lat' dir='ltr'><strong>resurrexit:</strong></span> <span class='ocrx_word' id='word_1_46' title='bbox 1749 911 1863 947; x_wconf 91' lang='lat' dir='ltr'><strong>non</strong></span> <span class='ocrx_word' id='word_1_47' title='bbox 1889 909 2174 964; x_wconf 87' lang='lat' dir='ltr'><strong>resurge-</strong></span> 
     </span>
    </p>
   </div>
   <div class='ocr_carea' id='block_1_8' title="bbox 511 982 2174 1056">
    <p class='ocr_par' dir='ltr' id='par_1_8' title="bbox 511 982 2174 1056">
     <span class='ocr_line' id='line_1_8' title="bbox 511 982 2174 1056; baseline -0.001 -19"><span class='ocrx_word' id='word_1_48' title='bbox 511 982 610 1037; x_wconf 90' lang='lat' dir='ltr'><strong>bat</strong></span> <span class='ocrx_word' id='word_1_49' title='bbox 632 985 959 1038; x_wconf 90' lang='lat' dir='ltr'><strong>secundum</strong></span> <span class='ocrx_word' id='word_1_50' title='bbox 983 984 1258 1054; x_wconf 88' lang='lat' dir='ltr'><strong>Verbum,</strong></span> <span class='ocrx_word' id='word_1_51' title='bbox 1293 984 1448 1056; x_wconf 89' lang='lat' dir='ltr'><strong>quod</strong></span> <span class='ocrx_word' id='word_1_52' title='bbox 1481 1001 1595 1038; x_wconf 89' lang='lat' dir='ltr'><strong>non</strong></span> <span class='ocrx_word' id='word_1_53' title='bbox 1631 983 1955 1037; x_wconf 90' lang='lat' dir='ltr'><strong>resolutum</strong></span> <span class='ocrx_word' id='word_1_54' title='bbox 1988 983 2174 1036; x_wconf 82' lang='lat' dir='ltr'><strong>fuerat</strong></span> 
     </span>
    </p>
   </div>
   <div class='ocr_carea' id='block_1_9' title="bbox 511 1071 1921 1142">
    <p class='ocr_par' dir='ltr' id='par_1_9' title="bbox 511 1071 1921 1142">
     <span class='ocr_line' id='line_1_9' title="bbox 511 1071 1921 1142; baseline 0.001 -17"><span class='ocrx_word' id='word_1_55' title='bbox 511 1071 572 1126; x_wconf 92' lang='lat' dir='ltr'><strong>in</strong></span> <span class='ocrx_word' id='word_1_56' title='bbox 597 1075 830 1142; x_wconf 89' lang='lat' dir='ltr'><strong>terram,</strong></span> <span class='ocrx_word' id='word_1_57' title='bbox 870 1072 976 1126; x_wconf 91' lang='lat' dir='ltr'><strong>sed</strong></span> <span class='ocrx_word' id='word_1_58' title='bbox 997 1073 1146 1142; x_wconf 89' lang='lat' dir='ltr'><strong>apud</strong></span> <span class='ocrx_word' id='word_1_59' title='bbox 1174 1073 1356 1127; x_wconf 91' lang='lat' dir='ltr'><strong>Deum</strong></span> <span class='ocrx_word' id='word_1_60' title='bbox 1379 1089 1615 1142; x_wconf 87' lang='lat' dir='ltr'><strong>semper</strong></span> <span class='ocrx_word' id='word_1_61' title='bbox 1633 1072 1921 1126; x_wconf 86' lang='lat' dir='ltr'><strong>manebat.</strong></span> 
     </span>
    </p>
   </div>
   <div class='ocr_carea' id='block_1_10' title="bbox 582 1159 2174 1230">
    <p class='ocr_par' dir='ltr' id='par_1_10' title="bbox 582 1159 2174 1230">
     <span class='ocr_line' id='line_1_10' title="bbox 582 1159 2174 1230; baseline -0.001 -16"><span class='ocrx_word' id='word_1_62' title='bbox 582 1159 670 1214; x_wconf 84' lang='lat'><strong>8&#39;7.</strong></span> <span class='ocrx_word' id='word_1_63' title='bbox 697 1160 855 1230; x_wconf 88' lang='lat' dir='ltr'><strong>Ergo</strong></span> <span class='ocrx_word' id='word_1_64' title='bbox 877 1165 933 1214; x_wconf 91' lang='lat' dir='ltr'><strong>et</strong></span> <span class='ocrx_word' id='word_1_65' title='bbox 955 1161 1312 1215; x_wconf 89' lang='lat' dir='ltr'><strong>moriebatur</strong></span> <span class='ocrx_word' id='word_1_66' title='bbox 1334 1161 1660 1215; x_wconf 90' lang='lat' dir='ltr'><strong>secundum</strong></span> <span class='ocrx_word' id='word_1_67' title='bbox 1683 1163 1904 1214; x_wconf 69' lang='lat' dir='ltr'><strong>nosti-aa</strong></span> <span class='ocrx_word' id='word_1_68' title='bbox 1927 1174 2174 1228; x_wconf 89' lang='lat' dir='ltr'><strong>suscep-</strong></span> 
     </span>
    </p>
   </div>
   <div class='ocr_carea' id='block_1_11' title="bbox 513 1241 2173 1319">
    <p class='ocr_par' dir='ltr' id='par_1_11' title="bbox 513 1241 2173 1319">
     <span class='ocr_line' id='line_1_11' title="bbox 513 1241 2173 1319; baseline 0 -17"><span class='ocrx_word' id='word_1_69' title='bbox 513 1247 731 1303; x_wconf 88' lang='lat' dir='ltr'><strong>tionem</strong></span> <span class='ocrx_word' id='word_1_70' title='bbox 765 1241 912 1304; x_wconf 79' lang='grc'><strong>712</strong></span> <span class='ocrx_word' id='word_1_71' title='bbox 943 1253 1188 1319; x_wconf 84' lang='lat' dir='ltr'><strong>naturae,</strong></span> <span class='ocrx_word' id='word_1_72' title='bbox 1223 1253 1278 1304; x_wconf 90' lang='lat' dir='ltr'><strong>et</strong></span> <span class='ocrx_word' id='word_1_73' title='bbox 1305 1266 1422 1304; x_wconf 91' lang='lat' dir='ltr'><strong>non</strong></span> <span class='ocrx_word' id='word_1_74' title='bbox 1451 1251 1812 1304; x_wconf 90' lang='lat' dir='ltr'><strong>moriebatur</strong></span> <span class='ocrx_word' id='word_1_75' title='bbox 1847 1249 2173 1302; x_wconf 85' lang='lat' dir='ltr'><strong>secundum</strong></span> 
     </span>
    </p>
   </div>
   <div class='ocr_carea' id='block_1_12' title="bbox 515 1337 2172 1408">
    <p class='ocr_par' dir='ltr' id='par_1_12' title="bbox 515 1337 2172 1408">
     <span class='ocr_line' id='line_1_12' title="bbox 515 1337 2172 1408; baseline -0.001 -18"><span class='ocrx_word' id='word_1_76' title='bbox 515 1341 750 1392; x_wconf 61' lang='lat' dir='ltr'><strong>aeternae</strong></span> <span class='ocrx_word' id='word_1_77' title='bbox 778 1338 1170 1392; x_wconf 88' lang='lat' dir='ltr'><strong>substantiam</strong></span> <span class='ocrx_word' id='word_1_78' title='bbox 1196 1339 1330 1393; x_wconf 70' lang='lat' dir='ltr'><strong>vita)</strong></span> <span class='ocrx_word' id='word_1_79' title='bbox 1365 1353 1378 1392; x_wconf 92' lang='lat'><strong>:</strong></span> <span class='ocrx_word' id='word_1_80' title='bbox 1413 1342 1467 1392; x_wconf 91' lang='lat' dir='ltr'><strong>et</strong></span> <span class='ocrx_word' id='word_1_81' title='bbox 1498 1337 2172 1408; x_wconf 88' lang='lat' dir='ltr'><strong>patiebatur-secundum</strong></span> 
     </span>
    </p>
   </div>
   <div class='ocr_carea' id='block_1_13' title="bbox 515 1426 2170 1496">
    <p class='ocr_par' dir='ltr' id='par_1_13' title="bbox 515 1426 2170 1496">
     <span class='ocr_line' id='line_1_13' title="bbox 515 1426 2170 1496; baseline -0.001 -16"><span class='ocrx_word' id='word_1_82' title='bbox 515 1426 784 1496; x_wconf 89' lang='lat' dir='ltr'><strong>corporis</strong></span> <span class='ocrx_word' id='word_1_83' title='bbox 802 1428 1272 1496; x_wconf 85' lang='lat' dir='ltr'><strong>susceptionem;</strong></span> <span class='ocrx_word' id='word_1_84' title='bbox 1296 1431 1356 1481; x_wconf 88' lang='lat' dir='ltr'><strong>ut</strong></span> <span class='ocrx_word' id='word_1_85' title='bbox 1373 1427 1636 1495; x_wconf 87' lang='lat' dir='ltr'><strong>suscepti</strong></span> <span class='ocrx_word' id='word_1_86' title='bbox 1662 1426 1928 1492; x_wconf 90' lang='lat' dir='ltr'><strong>corporis</strong></span> <span class='ocrx_word' id='word_1_87' title='bbox 1951 1426 2170 1479; x_wconf 90' lang='lat' dir='ltr'><strong>veritas</strong></span> 
     </span>
    </p>
   </div>
   <div class='ocr_carea' id='block_1_14' title="bbox 513 1515 2172 1585">
    <p class='ocr_par' dir='ltr' id='par_1_14' title="bbox 513 1515 2172 1585">
     <span class='ocr_line' id='line_1_14' title="bbox 513 1515 2172 1585; baseline -0.001 -17"><span class='ocrx_word' id='word_1_88' title='bbox 513 1515 892 1570; x_wconf 85' lang='lat' dir='ltr'><strong>crederetur:</strong></span> <span class='ocrx_word' id='word_1_89' title='bbox 926 1519 983 1569; x_wconf 93' lang='lat' dir='ltr'><strong>et</strong></span> <span class='ocrx_word' id='word_1_90' title='bbox 1014 1531 1129 1569; x_wconf 90' lang='lat' dir='ltr'><strong>non</strong></span> <span class='ocrx_word' id='word_1_91' title='bbox 1162 1515 1489 1585; x_wconf 89' lang='lat' dir='ltr'><strong>patiebatur</strong></span> <span class='ocrx_word' id='word_1_92' title='bbox 1509 1515 1836 1568; x_wconf 90' lang='lat' dir='ltr'><strong>secundum</strong></span> <span class='ocrx_word' id='word_1_93' title='bbox 1859 1515 2037 1568; x_wconf 89' lang='lat' dir='ltr'><strong>Verbi</strong></span> <span class='ocrx_word' id='word_1_94' title='bbox 2061 1515 2172 1567; x_wconf 93' lang='lat' dir='ltr'><strong>im-</strong></span> 
     </span>
    </p>
   </div>
   <div class='ocr_carea' id='block_1_15' title="bbox 512 1603 2170 1674">
    <p class='ocr_par' dir='ltr' id='par_1_15' title="bbox 512 1603 2170 1674">
     <span class='ocr_line' id='line_1_15' title="bbox 512 1603 2170 1674; baseline 0.001 -19"><span class='ocrx_word' id='word_1_95' title='bbox 512 1603 860 1672; x_wconf 89' lang='lat' dir='ltr'><strong>passibilem</strong></span> <span class='ocrx_word' id='word_1_96' title='bbox 887 1603 1270 1672; x_wconf 86' lang='lat' dir='ltr'><strong>divinitatem,</strong></span> <span class='ocrx_word' id='word_1_97' title='bbox 1299 1604 1454 1674; x_wconf 90' lang='lat' dir='ltr'><strong>quod</strong></span> <span class='ocrx_word' id='word_1_98' title='bbox 1495 1605 1671 1658; x_wconf 88' lang='lat' dir='ltr'><strong>totius</strong></span> <span class='ocrx_word' id='word_1_99' title='bbox 1699 1618 1914 1656; x_wconf 83' lang='lat' dir='ltr'><strong>exsors</strong></span> <span class='ocrx_word' id='word_1_100' title='bbox 1947 1603 2170 1656; x_wconf 88' lang='lat' dir='ltr'><strong>doloris</strong></span> 
     </span>
    </p>
   </div>
   <div class='ocr_carea' id='block_1_16' title="bbox 513 1691 2172 1762">
    <p class='ocr_par' dir='ltr' id='par_1_16' title="bbox 513 1691 2172 1762">
     <span class='ocr_line' id='line_1_16' title="bbox 513 1691 2172 1762; baseline -0.001 -16"><span class='ocrx_word' id='word_1_101' title='bbox 513 1697 626 1746; x_wconf 92' lang='lat' dir='ltr'><strong>est.</strong></span> <span class='ocrx_word' id='word_1_102' title='bbox 649 1691 910 1762; x_wconf 86' lang='lat' dir='ltr'><strong>Denique</strong></span> <span class='ocrx_word' id='word_1_103' title='bbox 933 1692 1087 1746; x_wconf 91' lang='lat' dir='ltr'><strong>idem</strong></span> <span class='ocrx_word' id='word_1_104' title='bbox 1105 1693 1368 1746; x_wconf 87' lang='lat' dir='ltr'><strong>dicebat:</strong></span> <span class='ocrx_word' id='word_1_105' title='bbox 1398 1714 1419 1738; x_wconf 77' lang='grc' dir='ltr'>«ι</span> <span class='ocrx_word' id='word_1_106' title='bbox 1448 1692 1626 1757; x_wconf 89' lang='lat' dir='ltr'><strong>Deus,</strong></span> <span class='ocrx_word' id='word_1_107' title='bbox 1650 1691 1808 1744; x_wconf 90' lang='lat' dir='ltr'><strong>Deus</strong></span> <span class='ocrx_word' id='word_1_108' title='bbox 1833 1707 2021 1758; x_wconf 88' lang='lat' dir='ltr'><strong>meus,</strong></span> <span class='ocrx_word' id='word_1_109' title='bbox 2045 1707 2172 1744; x_wconf 90' lang='lat' dir='ltr'><strong>res-</strong></span> 
     </span>
    </p>
   </div>
   <div class='ocr_carea' id='block_1_17' title="bbox 508 1778 2166 1850">
    <p class='ocr_par' dir='ltr' id='par_1_17' title="bbox 508 1778 2166 1850">
     <span class='ocr_line' id='line_1_17' title="bbox 508 1778 2166 1850; baseline -0.001 -18"><span class='ocrx_word' id='word_1_110' title='bbox 508 1778 640 1850; x_wconf 86' lang='lat' dir='ltr'><strong>pice</strong></span> <span class='ocrx_word' id='word_1_111' title='bbox 664 1779 721 1833; x_wconf 92' lang='lat' dir='ltr'><strong>in</strong></span> <span class='ocrx_word' id='word_1_112' title='bbox 743 1795 837 1833; x_wconf 84' lang='lat' dir='ltr'><strong>me</strong></span> <span class='ocrx_word' id='word_1_113' title='bbox 861 1795 873 1834; x_wconf 91' lang='lat'><strong>:</strong></span> <span class='ocrx_word' id='word_1_114' title='bbox 899 1795 1082 1850; x_wconf 91' lang='lat' dir='ltr'><strong>quare</strong></span> <span class='ocrx_word' id='word_1_115' title='bbox 1109 1796 1202 1834; x_wconf 88' lang='lat' dir='ltr'><strong>me</strong></span> <span class='ocrx_word' id='word_1_116' title='bbox 1234 1779 1305 1834; x_wconf 92' lang='lat' dir='ltr'><strong>de</strong></span> <span class='ocrx_word' id='word_1_117' title='bbox 1331 1779 1620 1848; x_wconf 80' lang='lat' dir='ltr'><strong>reliquisti</strong></span> <span class='ocrx_word' id='word_1_118' title='bbox 1649 1778 1836 1845; x_wconf 81' lang='lat' dir='ltr'><strong>(Psal.</strong></span> <span class='ocrx_word' id='word_1_119' title='bbox 1868 1793 1989 1846; x_wconf 78' lang='lat' dir='ltr'><strong>xxi,</strong></span> <span class='ocrx_word' id='word_1_120' title='bbox 2023 1779 2120 1846; x_wconf 73' lang='lat'><strong>‘2)?</strong></span> <span class='ocrx_word' id='word_1_121' title='bbox 2146 1799 2166 1826; x_wconf 74' lang='grc' dir='ltr'><strong>υ</strong></span> 
     </span>
    </p>
   </div>
   <div class='ocr_carea' id='block_1_18' title="bbox 507 1866 2169 1939">
    <p class='ocr_par' dir='ltr' id='par_1_18' title="bbox 507 1866 2169 1939">
     <span class='ocr_line' id='line_1_18' title="bbox 507 1866 2169 1939; baseline -0.001 -18"><span class='ocrx_word' id='word_1_122' title='bbox 507 1868 644 1939; x_wconf 87' lang='lat' dir='ltr'><strong>quia</strong></span> <span class='ocrx_word' id='word_1_123' title='bbox 667 1866 994 1922; x_wconf 91' lang='lat' dir='ltr'><strong>secundum</strong></span> <span class='ocrx_word' id='word_1_124' title='bbox 1027 1883 1264 1921; x_wconf 88' lang='lat' dir='ltr'><strong>carnem</strong></span> <span class='ocrx_word' id='word_1_125' title='bbox 1296 1869 1538 1920; x_wconf 91' lang='lat' dir='ltr'><strong>relictus</strong></span> <span class='ocrx_word' id='word_1_126' title='bbox 1567 1871 1675 1927; x_wconf 80' lang='lat' dir='ltr'><strong>est,</strong></span> <span class='ocrx_word' id='word_1_127' title='bbox 1711 1867 1812 1937; x_wconf 90' lang='lat' dir='ltr'><strong>qui</strong></span> <span class='ocrx_word' id='word_1_128' title='bbox 1839 1867 2169 1921; x_wconf 90' lang='lat' dir='ltr'><strong>secundum</strong></span> 
     </span>
    </p>
   </div>
   <div class='ocr_carea' id='block_1_19' title="bbox 509 1955 1872 2026">
    <p class='ocr_par' dir='ltr' id='par_1_19' title="bbox 509 1955 1872 2026">
     <span class='ocr_line' id='line_1_19' title="bbox 509 1955 1872 2026; baseline -0.003 -16"><span class='ocrx_word' id='word_1_129' title='bbox 509 1955 869 2010; x_wconf 84' lang='lat' dir='ltr'><strong>divinitatem</strong></span> <span class='ocrx_word' id='word_1_130' title='bbox 891 1971 1000 2010; x_wconf 93' lang='lat' dir='ltr'><strong>nec</strong></span> <span class='ocrx_word' id='word_1_131' title='bbox 1023 1955 1218 2010; x_wconf 86' lang='lat' dir='ltr'><strong>deseri</strong></span> <span class='ocrx_word' id='word_1_132' title='bbox 1241 1955 1443 2026; x_wconf 90' lang='lat' dir='ltr'><strong>potuit,</strong></span> <span class='ocrx_word' id='word_1_133' title='bbox 1470 1971 1578 2008; x_wconf 92' lang='lat' dir='ltr'><strong>nec</strong></span> <span class='ocrx_word' id='word_1_134' title='bbox 1601 1955 1872 2026; x_wconf 85' lang='lat' dir='ltr'><strong>relinqui.</strong></span> 
     </span>
    </p>
   </div>
   <div class='ocr_carea' id='block_1_20' title="bbox 579 2043 2170 2114">
    <p class='ocr_par' dir='ltr' id='par_1_20' title="bbox 579 2043 2170 2114">
     <span class='ocr_line' id='line_1_20' title="bbox 579 2043 2170 2114; baseline 0 -18"><span class='ocrx_word' id='word_1_135' title='bbox 579 2043 669 2098; x_wconf 86' lang='lat'><strong>38.</strong></span> <span class='ocrx_word' id='word_1_136' title='bbox 703 2044 859 2098; x_wconf 90' lang='lat' dir='ltr'><strong>Idem</strong></span> <span class='ocrx_word' id='word_1_137' title='bbox 893 2044 1067 2098; x_wconf 89' lang='lat' dir='ltr'><strong>etiam</strong></span> <span class='ocrx_word' id='word_1_138' title='bbox 1092 2044 1262 2098; x_wconf 91' lang='lat' dir='ltr'><strong>dicit:</strong></span> <span class='ocrx_word' id='word_1_139' title='bbox 1294 2066 1315 2091; x_wconf 76' lang='grc' dir='ltr'>«ι</span> <span class='ocrx_word' id='word_1_140' title='bbox 1346 2044 1549 2114; x_wconf 86' lang='lat' dir='ltr'><strong>Longe</strong></span> <span class='ocrx_word' id='word_1_141' title='bbox 1571 2060 1604 2096; x_wconf 89' lang='lat' dir='ltr'><strong>a</strong></span> <span class='ocrx_word' id='word_1_142' title='bbox 1627 2044 1815 2098; x_wconf 88' lang='lat' dir='ltr'><strong>salute</strong></span> <span class='ocrx_word' id='word_1_143' title='bbox 1838 2058 1964 2097; x_wconf 89' lang='lat' dir='ltr'><strong>mea</strong></span> <span class='ocrx_word' id='word_1_144' title='bbox 1986 2043 2170 2096; x_wconf 88' lang='lat' dir='ltr'><strong>verba</strong></span> 
     </span>
    </p>
   </div>
   <div class='ocr_carea' id='block_1_21' title="bbox 509 2131 2166 2200">
    <p class='ocr_par' dir='ltr' id='par_1_21' title="bbox 509 2131 2166 2200">
     <span class='ocr_line' id='line_1_21' title="bbox 509 2131 2166 2200; baseline -0.002 -14"><span class='ocrx_word' id='word_1_145' title='bbox 509 2131 858 2186; x_wconf 89' lang='lat' dir='ltr'><strong>delictorum</strong></span> <span class='ocrx_word' id='word_1_146' title='bbox 883 2147 1146 2186; x_wconf 90' lang='lat' dir='ltr'><strong>meorum</strong></span> <span class='ocrx_word' id='word_1_147' title='bbox 1176 2131 1398 2200; x_wconf 82' lang='lat' dir='ltr'><strong>(Ibid.),</strong></span> <span class='ocrx_word' id='word_1_148' title='bbox 1433 2152 1454 2178; x_wconf 81' lang='grc'><strong>»</strong></span> <span class='ocrx_word' id='word_1_149' title='bbox 1491 2132 1602 2184; x_wconf 87' lang='lat' dir='ltr'><strong>hoc</strong></span> <span class='ocrx_word' id='word_1_150' title='bbox 1626 2134 1718 2184; x_wconf 89' lang='lat' dir='ltr'><strong>est</strong></span> <span class='ocrx_word' id='word_1_151' title='bbox 1743 2147 1861 2184; x_wconf 90' lang='lat' dir='ltr'><strong>non</strong></span> <span class='ocrx_word' id='word_1_152' title='bbox 1883 2131 2166 2200; x_wconf 89' lang='lat' dir='ltr'><strong>capiatur,</strong></span> 
     </span>
    </p>
   </div>
   <div class='ocr_carea' id='block_1_22' title="bbox 508 2218 2170 2291">
    <p class='ocr_par' dir='ltr' id='par_1_22' title="bbox 508 2218 2170 2291">
     <span class='ocr_line' id='line_1_22' title="bbox 508 2218 2170 2291; baseline -0.001 -19"><span class='ocrx_word' id='word_1_153' title='bbox 508 2220 609 2291; x_wconf 85' lang='lat' dir='ltr'><strong>qui</strong></span> <span class='ocrx_word' id='word_1_154' title='bbox 636 2220 797 2274; x_wconf 85' lang='lat' dir='ltr'><strong>audit</strong></span> <span class='ocrx_word' id='word_1_155' title='bbox 825 2235 838 2274; x_wconf 91' lang='lat'><strong>:</strong></span> <span class='ocrx_word' id='word_1_156' title='bbox 876 2241 897 2266; x_wconf 75' lang='grc' dir='ltr'>α</span> <span class='ocrx_word' id='word_1_157' title='bbox 925 2218 1115 2283; x_wconf 86' lang='lat' dir='ltr'><strong>Quare</strong></span> <span class='ocrx_word' id='word_1_158' title='bbox 1145 2235 1237 2274; x_wconf 91' lang='lat' dir='ltr'><strong>me</strong></span> <span class='ocrx_word' id='word_1_159' title='bbox 1266 2219 1635 2288; x_wconf 89' lang='lat' dir='ltr'><strong>dereliquisti</strong></span> <span class='ocrx_word' id='word_1_160' title='bbox 1656 2220 1684 2272; x_wconf 85' lang='lat'><strong>‘?</strong></span> <span class='ocrx_word' id='word_1_161' title='bbox 1705 2241 1726 2266; x_wconf 75' lang='grc' dir='ltr'><strong>ι</strong></span> <span class='ocrx_word' id='word_1_162' title='bbox 1759 2218 2170 2288; x_wconf 86' lang='lat' dir='ltr'><strong>scdintelligat</strong></span> 
     </span>
    </p>
   </div>
   <div class='ocr_carea' id='block_1_23' title="bbox 443 2307 2170 2382">
    <p class='ocr_par' dir='ltr' id='par_1_23' title="bbox 443 2307 2170 2382">
     <span class='ocr_line' id='line_1_23' title="bbox 443 2307 2170 2382; baseline -0.001 -21"><span class='ocrx_word' id='word_1_163' title='bbox 443 2377 452 2382; x_wconf 93' lang='lat'>_</span> <span class='ocrx_word' id='word_1_164' title='bbox 507 2308 666 2379; x_wconf 93' lang='lat' dir='ltr'><strong>quod</strong></span> <span class='ocrx_word' id='word_1_165' title='bbox 698 2307 1025 2362; x_wconf 89' lang='lat' dir='ltr'><strong>secundum</strong></span> <span class='ocrx_word' id='word_1_166' title='bbox 1048 2323 1282 2362; x_wconf 89' lang='lat' dir='ltr'><strong>carnem</strong></span> <span class='ocrx_word' id='word_1_167' title='bbox 1314 2308 1424 2360; x_wconf 87' lang='lat' dir='ltr'><strong>ista</strong></span> <span class='ocrx_word' id='word_1_168' title='bbox 1456 2308 1744 2374; x_wconf 86' lang='lat' dir='ltr'><strong>dicantur,</strong></span> <span class='ocrx_word' id='word_1_169' title='bbox 1771 2323 1904 2377; x_wconf 83' lang='lat' dir='ltr'><strong>quae</strong></span> <span class='ocrx_word' id='word_1_170' title='bbox 1926 2307 2102 2378; x_wconf 86' lang='lat' dir='ltr'><strong>longe</strong></span> <span class='ocrx_word' id='word_1_171' title='bbox 2136 2322 2170 2359; x_wconf 87' lang='lat' dir='ltr'><strong>a</strong></span> 
     </span>
    </p>
   </div>
   <div class='ocr_carea' id='block_1_24' title="bbox 505 2395 2169 2466">
    <p class='ocr_par' dir='ltr' id='par_1_24' title="bbox 505 2395 2169 2466">
     <span class='ocr_line' id='line_1_24' title="bbox 505 2395 2169 2466; baseline -0.001 -17"><span class='ocrx_word' id='word_1_172' title='bbox 505 2395 866 2466; x_wconf 86' lang='lat' dir='ltr'><strong>plenitudine</strong></span> <span class='ocrx_word' id='word_1_173' title='bbox 889 2396 1210 2450; x_wconf 83' lang='lat' dir='ltr'><strong>divinitatis</strong></span> <span class='ocrx_word' id='word_1_174' title='bbox 1233 2396 1422 2449; x_wconf 88' lang='lat' dir='ltr'><strong>aliena</strong></span> <span class='ocrx_word' id='word_1_175' title='bbox 1445 2399 1600 2448; x_wconf 90' lang='lat' dir='ltr'><strong>sunt.</strong></span> <span class='ocrx_word' id='word_1_176' title='bbox 1627 2395 1828 2448; x_wconf 84' lang='lat' dir='ltr'><strong>Aliena</strong></span> <span class='ocrx_word' id='word_1_177' title='bbox 1854 2398 1992 2448; x_wconf 91' lang='lat' dir='ltr'><strong>sunt</strong></span> <span class='ocrx_word' id='word_1_178' title='bbox 2013 2396 2169 2448; x_wconf 90' lang='lat' dir='ltr'><strong>enim</strong></span> 
     </span>
    </p>
   </div>
   <div class='ocr_carea' id='block_1_25' title="bbox 503 2483 2168 2553">
    <p class='ocr_par' dir='ltr' id='par_1_25' title="bbox 503 2483 2168 2553">
     <span class='ocr_line' id='line_1_25' title="bbox 503 2483 2168 2553; baseline 0 -17"><span class='ocrx_word' id='word_1_179' title='bbox 503 2498 537 2536; x_wconf 90' lang='lat' dir='ltr'><strong>a</strong></span> <span class='ocrx_word' id='word_1_180' title='bbox 569 2483 691 2537; x_wconf 93' lang='lat' dir='ltr'><strong>Deo</strong></span> <span class='ocrx_word' id='word_1_181' title='bbox 723 2484 902 2538; x_wconf 91' lang='lat' dir='ltr'><strong>verba</strong></span> <span class='ocrx_word' id='word_1_182' title='bbox 931 2484 1302 2550; x_wconf 89' lang='lat' dir='ltr'><strong>dilectorum,</strong></span> <span class='ocrx_word' id='word_1_183' title='bbox 1333 2485 1470 2553; x_wconf 89' lang='lat' dir='ltr'><strong>quia</strong></span> <span class='ocrx_word' id='word_1_184' title='bbox 1500 2483 1688 2536; x_wconf 89' lang='lat' dir='ltr'><strong>aliena</strong></span> <span class='ocrx_word' id='word_1_185' title='bbox 1722 2487 1858 2536; x_wconf 90' lang='lat' dir='ltr'><strong>sunt</strong></span> <span class='ocrx_word' id='word_1_186' title='bbox 1880 2487 1934 2537; x_wconf 92' lang='lat' dir='ltr'><strong>et</strong></span> <span class='ocrx_word' id='word_1_187' title='bbox 1956 2483 2168 2537; x_wconf 85' lang='lat' dir='ltr'><strong>delicta</strong></span> 
     </span>
    </p>
   </div>
   <div class='ocr_carea' id='block_1_26' title="bbox 502 2571 2162 2641">
    <p class='ocr_par' dir='ltr' id='par_1_26' title="bbox 502 2571 2162 2641">
     <span class='ocr_line' id='line_1_26' title="bbox 502 2571 2162 2641; baseline -0.001 -17"><span class='ocrx_word' id='word_1_188' title='bbox 502 2572 823 2625; x_wconf 84' lang='lat' dir='ltr'><strong>verborum</strong></span> <span class='ocrx_word' id='word_1_189' title='bbox 865 2586 879 2626; x_wconf 93' lang='lat'><strong>:</strong></span> <span class='ocrx_word' id='word_1_190' title='bbox 929 2572 1037 2625; x_wconf 89' lang='lat' dir='ltr'><strong>sed</strong></span> <span class='ocrx_word' id='word_1_191' title='bbox 1083 2571 1359 2641; x_wconf 89' lang='lat' dir='ltr'><strong>quoniam</strong></span> <span class='ocrx_word' id='word_1_192' title='bbox 1407 2571 1616 2625; x_wconf 88' lang='lat' dir='ltr'><strong>delicta</strong></span> <span class='ocrx_word' id='word_1_193' title='bbox 1665 2572 1854 2625; x_wconf 90' lang='lat' dir='ltr'><strong>aliena</strong></span> <span class='ocrx_word' id='word_1_194' title='bbox 1898 2572 2162 2641; x_wconf 86' lang='lat' dir='ltr'><strong>suscepi,</strong></span> 
     </span>
    </p>
   </div>
   <div class='ocr_carea' id='block_1_27' title="bbox 504 2659 2165 2730">
    <p class='ocr_par' dir='ltr' id='par_1_27' title="bbox 504 2659 2165 2730">
     <span class='ocr_line' id='line_1_27' title="bbox 504 2659 2165 2730; baseline 0.001 -18"><span class='ocrx_word' id='word_1_195' title='bbox 504 2659 678 2712; x_wconf 86' lang='lat' dir='ltr'><strong>etiam</strong></span> <span class='ocrx_word' id='word_1_196' title='bbox 709 2659 1057 2713; x_wconf 90' lang='lat' dir='ltr'><strong>delictorum</strong></span> <span class='ocrx_word' id='word_1_197' title='bbox 1087 2659 1414 2713; x_wconf 90' lang='lat' dir='ltr'><strong>alienorum</strong></span> <span class='ocrx_word' id='word_1_198' title='bbox 1447 2660 1627 2714; x_wconf 87' lang='lat' dir='ltr'><strong>verba</strong></span> <span class='ocrx_word' id='word_1_199' title='bbox 1657 2661 1896 2730; x_wconf 86' lang='lat' dir='ltr'><strong>suscepi</strong></span> <span class='ocrx_word' id='word_1_200' title='bbox 1921 2675 1936 2728; x_wconf 85' lang='lat'><strong>;</strong></span> <span class='ocrx_word' id='word_1_201' title='bbox 1968 2663 2030 2714; x_wconf 94' lang='lat' dir='ltr'><strong>ut</strong></span> <span class='ocrx_word' id='word_1_202' title='bbox 2059 2660 2165 2714; x_wconf 88' lang='lat' dir='ltr'><strong>de-</strong></span> 
     </span>
    </p>
   </div>
   <div class='ocr_carea' id='block_1_28' title="bbox 505 2745 2164 2818">
    <p class='ocr_par' dir='ltr' id='par_1_28' title="bbox 505 2745 2164 2818">
     <span class='ocr_line' id='line_1_28' title="bbox 505 2745 2164 2818; baseline 0.001 -18"><span class='ocrx_word' id='word_1_203' title='bbox 505 2745 776 2800; x_wconf 90' lang='lat' dir='ltr'><strong>relictum</strong></span> <span class='ocrx_word' id='word_1_204' title='bbox 822 2762 913 2801; x_wconf 90' lang='lat' dir='ltr'><strong>me</strong></span> <span class='ocrx_word' id='word_1_205' title='bbox 959 2762 992 2800; x_wconf 87' lang='lat' dir='ltr'><strong>a</strong></span> <span class='ocrx_word' id='word_1_206' title='bbox 1037 2747 1211 2800; x_wconf 84' lang='lat' dir='ltr'><strong>Patre</strong></span> <span class='ocrx_word' id='word_1_207' title='bbox 1261 2747 1381 2802; x_wconf 92' lang='lat' dir='ltr'><strong>Deo</strong></span> <span class='ocrx_word' id='word_1_208' title='bbox 1431 2763 1571 2802; x_wconf 90' lang='lat' dir='ltr'><strong>esse</strong></span> <span class='ocrx_word' id='word_1_209' title='bbox 1619 2747 1828 2817; x_wconf 91' lang='lat' dir='ltr'><strong>dicam,</strong></span> <span class='ocrx_word' id='word_1_210' title='bbox 1877 2748 1981 2818; x_wconf 88' lang='lat' dir='ltr'><strong>qui</strong></span> <span class='ocrx_word' id='word_1_211' title='bbox 2009 2747 2164 2818; x_wconf 89' lang='lat' dir='ltr'><strong>apud</strong></span> 
     </span>
    </p>
   </div>
   <div class='ocr_carea' id='block_1_29' title="bbox 505 2831 1140 2904">
    <p class='ocr_par' dir='ltr' id='par_1_29' title="bbox 505 2831 1140 2904">
     <span class='ocr_line' id='line_1_29' title="bbox 505 2831 1140 2904; baseline 0.003 -18"><span class='ocrx_word' id='word_1_212' title='bbox 505 2831 691 2887; x_wconf 92' lang='lat' dir='ltr'><strong>Deum</strong></span> <span class='ocrx_word' id='word_1_213' title='bbox 721 2848 958 2904; x_wconf 88' lang='lat' dir='ltr'><strong>semper</strong></span> <span class='ocrx_word' id='word_1_214' title='bbox 987 2850 1140 2888; x_wconf 90' lang='lat' dir='ltr'><strong>sum.</strong></span> 
     </span>
    </p>
   </div>
   <div class='ocr_carea' id='block_1_30' title="bbox 575 2921 2163 2994">
    <p class='ocr_par' dir='ltr' id='par_1_30' title="bbox 575 2921 2163 2994">
     <span class='ocr_line' id='line_1_30' title="bbox 575 2921 2163 2994; baseline 0.002 -20"><span class='ocrx_word' id='word_1_215' title='bbox 575 2921 664 2976; x_wconf 88' lang='lat'><strong>39.</strong></span> <span class='ocrx_word' id='word_1_216' title='bbox 699 2921 836 2976; x_wconf 90' lang='lat' dir='ltr'><strong>Erat</strong></span> <span class='ocrx_word' id='word_1_217' title='bbox 865 2923 1045 2994; x_wconf 78' lang='lat' dir='ltr'><strong>igitur</strong></span> <span class='ocrx_word' id='word_1_218' title='bbox 1074 2923 1420 2978; x_wconf 89' lang='lat' dir='ltr'><strong>immortalis</strong></span> <span class='ocrx_word' id='word_1_219' title='bbox 1452 2924 1510 2978; x_wconf 91' lang='lat' dir='ltr'><strong>in</strong></span> <span class='ocrx_word' id='word_1_220' title='bbox 1542 2926 1747 2992; x_wconf 91' lang='lat' dir='ltr'><strong>morte,</strong></span> <span class='ocrx_word' id='word_1_221' title='bbox 1773 2923 2163 2994; x_wconf 89' lang='lat' dir='ltr'><strong>impassibilis</strong></span> 
     </span>
    </p>
   </div>
   <div class='ocr_carea' id='block_1_31' title="bbox 501 3011 2163 3084">
    <p class='ocr_par' dir='ltr' id='par_1_31' title="bbox 501 3011 2163 3084">
     <span class='ocr_line' id='line_1_31' title="bbox 501 3011 2163 3084; baseline 0.001 -19"><span class='ocrx_word' id='word_1_222' title='bbox 501 3011 562 3065; x_wconf 87' lang='lat' dir='ltr'><strong>in</strong></span> <span class='ocrx_word' id='word_1_223' title='bbox 593 3011 894 3082; x_wconf 88' lang='lat' dir='ltr'><strong>passione.</strong></span> <span class='ocrx_word' id='word_1_224' title='bbox 934 3011 1162 3066; x_wconf 89' lang='lat' dir='ltr'><strong>Etenim</strong></span> <span class='ocrx_word' id='word_1_225' title='bbox 1194 3015 1364 3084; x_wconf 89' lang='lat' dir='ltr'><strong>quasi</strong></span> <span class='ocrx_word' id='word_1_226' title='bbox 1396 3013 1582 3068; x_wconf 90' lang='lat' dir='ltr'><strong>Deum</strong></span> <span class='ocrx_word' id='word_1_227' title='bbox 1623 3029 1741 3067; x_wconf 90' lang='lat' dir='ltr'><strong>non</strong></span> <span class='ocrx_word' id='word_1_228' title='bbox 1773 3013 1926 3082; x_wconf 91' lang='lat' dir='ltr'><strong>cepit</strong></span> <span class='ocrx_word' id='word_1_229' title='bbox 1957 3013 2163 3066; x_wconf 91' lang='lat' dir='ltr'><strong>mortis</strong></span> 
     </span>
    </p>
   </div>
   <div class='ocr_carea' id='block_1_32' title="bbox 502 3101 2162 3172">
    <p class='ocr_par' dir='ltr' id='par_1_32' title="bbox 502 3101 2162 3172">
     <span class='ocr_line' id='line_1_32' title="bbox 502 3101 2162 3172; baseline -0.002 -16"><span class='ocrx_word' id='word_1_230' title='bbox 502 3115 784 3167; x_wconf 66' lang='lat' dir='ltr'><strong>erumna,</strong></span> <span class='ocrx_word' id='word_1_231' title='bbox 828 3103 885 3155; x_wconf 92' lang='lat' dir='ltr'><strong>et</strong></span> <span class='ocrx_word' id='word_1_232' title='bbox 921 3102 1192 3156; x_wconf 87' lang='lat' dir='ltr'><strong>eumdem</strong></span> <span class='ocrx_word' id='word_1_233' title='bbox 1223 3102 1392 3172; x_wconf 88' lang='lat' dir='ltr'><strong>quasi</strong></span> <span class='ocrx_word' id='word_1_234' title='bbox 1428 3102 1723 3156; x_wconf 89' lang='lat' dir='ltr'><strong>hominem</strong></span> <span class='ocrx_word' id='word_1_235' title='bbox 1745 3101 1972 3156; x_wconf 89' lang='lat' dir='ltr'><strong>inferna</strong></span> <span class='ocrx_word' id='word_1_236' title='bbox 1993 3101 2162 3154; x_wconf 90' lang='lat' dir='ltr'><strong>vide-</strong></span> 
     </span>
    </p>
   </div>
   <div class='ocr_carea' id='block_1_33' title="bbox 1949 251 2163 342">
    <p class='ocr_par' dir='ltr' id='par_1_33' title="bbox 1949 253 2163 315">
     <span class='ocr_line' id='line_1_33' title="bbox 1949 253 2163 315; baseline -0.005 0"><span class='ocrx_word' id='word_1_237' title='bbox 1949 254 2014 315; x_wconf 90' lang='lat' dir='ltr'><strong>S.</strong></span> <span class='ocrx_word' id='word_1_238' title='bbox 2077 253 2163 315; x_wconf 72' lang='lat' dir='ltr'><strong>All</strong></span> 
     </span>
    </p>
   </div>
   <div class='ocr_carea' id='block_1_34' title="bbox 2293 251 3824 342">
    <p class='ocr_par' dir='ltr' id='par_1_34' title="bbox 2293 251 3824 342">
     <span class='ocr_line' id='line_1_34' title="bbox 2293 251 3824 342; baseline -0.001 -27"><span class='ocrx_word' id='word_1_239' title='bbox 2293 251 2526 317; x_wconf 56' lang='lat' dir='ltr'><strong>KOSII.</strong></span> <span class='ocrx_word' id='word_1_240' title='bbox 2791 275 2803 285; x_wconf 66' lang='grc' dir='ltr'><strong>ο</strong></span> <span class='ocrx_word' id='word_1_241' title='bbox 3742 275 3824 342; x_wconf 63' lang='lat'><strong>864</strong></span> 
     </span>
    </p>
   </div>
   <div class='ocr_carea' id='block_1_35' title="bbox 2369 451 3826 541">
    <p class='ocr_par' dir='ltr' id='par_1_35' title="bbox 2369 451 3826 541">
     <span class='ocr_line' id='line_1_35' title="bbox 2369 451 3826 541; baseline 0.017 -37"><span class='ocrx_word' id='word_1_242' title='bbox 2369 451 2457 541; x_wconf 70' lang='grc'><strong>41.</strong></span> <span class='ocrx_word' id='word_1_243' title='bbox 2485 451 2604 507; x_wconf 88' lang='lat' dir='ltr'><strong>Cur</strong></span> <span class='ocrx_word' id='word_1_244' title='bbox 2627 452 2913 508; x_wconf 88' lang='lat' dir='ltr'><strong>divinitati</strong></span> <span class='ocrx_word' id='word_1_245' title='bbox 2942 455 3238 510; x_wconf 88' lang='lat' dir='ltr'><strong>attributis</strong></span> <span class='ocrx_word' id='word_1_246' title='bbox 3258 473 3519 516; x_wconf 73' lang='lat' dir='ltr'><strong>aarnmnas</strong></span> <span class='ocrx_word' id='word_1_247' title='bbox 3541 470 3772 541; x_wconf 86' lang='lat' dir='ltr'><strong>corporis,</strong></span> <span class='ocrx_word' id='word_1_248' title='bbox 3789 481 3826 528; x_wconf 82' lang='lat' dir='ltr'><strong>et</strong></span> 
     </span>
    </p>
   </div>
   <div class='ocr_carea' id='block_1_36' title="bbox 2297 540 3829 614">
    <p class='ocr_par' dir='ltr' id='par_1_36' title="bbox 2297 540 3829 614">
     <span class='ocr_line' id='line_1_36' title="bbox 2297 540 3829 614; baseline 0.013 -21"><span class='ocrx_word' id='word_1_249' title='bbox 2297 540 2592 594; x_wconf 82' lang='lat' dir='ltr'><strong>inﬁrmum</strong></span> <span class='ocrx_word' id='word_1_250' title='bbox 2623 542 2846 595; x_wconf 89' lang='lat' dir='ltr'><strong>doloris</strong></span> <span class='ocrx_word' id='word_1_251' title='bbox 2879 543 3117 597; x_wconf 86' lang='lat' dir='ltr'><strong>humani</strong></span> <span class='ocrx_word' id='word_1_252' title='bbox 3149 548 3206 599; x_wconf 89' lang='lat' dir='ltr'><strong>et</strong></span> <span class='ocrx_word' id='word_1_253' title='bbox 3227 546 3423 602; x_wconf 75' lang='lat' dir='ltr'><strong>divinae</strong></span> <span class='ocrx_word' id='word_1_254' title='bbox 3444 555 3697 610; x_wconf 85' lang='lat' dir='ltr'><strong>connectis</strong></span> <span class='ocrx_word' id='word_1_255' title='bbox 3717 565 3829 614; x_wconf 80' lang='lat' dir='ltr'><strong>natu-</strong></span> 
     </span>
    </p>
   </div>
   <div class='ocr_carea' id='block_1_37' title="bbox 2297 630 3827 710">
    <p class='ocr_par' dir='ltr' id='par_1_37' title="bbox 2297 630 3827 710">
     <span class='ocr_line' id='line_1_37' title="bbox 2297 630 3827 710; baseline 0.012 -28"><span class='ocrx_word' id='word_1_256' title='bbox 2297 646 2380 682; x_wconf 89' lang='lat' dir='ltr'><strong>rae</strong></span> <span class='ocrx_word' id='word_1_257' title='bbox 2402 631 2430 682; x_wconf 70' lang='grc' dir='ltr'><strong>ἱ)</strong></span> <span class='ocrx_word' id='word_1_258' title='bbox 2469 652 2490 676; x_wconf 75' lang='grc' dir='ltr'>«ι</span> <span class='ocrx_word' id='word_1_259' title='bbox 2530 630 2699 683; x_wconf 86' lang='lat' dir='ltr'><strong>Nune</strong></span> <span class='ocrx_word' id='word_1_260' title='bbox 2731 631 2941 698; x_wconf 90' lang='lat' dir='ltr'><strong>anima,</strong></span> <span class='ocrx_word' id='word_1_261' title='bbox 2975 633 3182 702; x_wconf 88' lang='lat' dir='ltr'><strong>inquit,</strong></span> <span class='ocrx_word' id='word_1_262' title='bbox 3217 649 3337 687; x_wconf 88' lang='lat' dir='ltr'><strong>mea</strong></span> <span class='ocrx_word' id='word_1_263' title='bbox 3373 637 3574 693; x_wconf 87' lang='lat' dir='ltr'><strong>turbata</strong></span> <span class='ocrx_word' id='word_1_264' title='bbox 3599 647 3673 696; x_wconf 91' lang='lat' dir='ltr'><strong>est</strong></span> <span class='ocrx_word' id='word_1_265' title='bbox 3695 646 3827 710; x_wconf 81' lang='lat' dir='ltr'><strong>(Joan.</strong></span> 
     </span>
    </p>
   </div>
   <div class='ocr_carea' id='block_1_38' title="bbox 2296 717 3833 798">
    <p class='ocr_par' dir='ltr' id='par_1_38' title="bbox 2296 717 3833 798">
     <span class='ocr_line' id='line_1_38' title="bbox 2296 717 3833 798; baseline 0.012 -30"><span class='ocrx_word' id='word_1_266' title='bbox 2296 734 2398 784; x_wconf 77' lang='grc' dir='ltr'>χιι,</span> <span class='ocrx_word' id='word_1_267' title='bbox 2425 717 2534 785; x_wconf 76' lang='lat'><strong>‘27).</strong></span> <span class='ocrx_word' id='word_1_268' title='bbox 2565 739 2587 764; x_wconf 79' lang='grc' dir='ltr'>ι)</span> <span class='ocrx_word' id='word_1_269' title='bbox 2616 719 2823 771; x_wconf 88' lang='lat' dir='ltr'><strong>Anima</strong></span> <span class='ocrx_word' id='word_1_270' title='bbox 2847 719 3076 772; x_wconf 87' lang='lat' dir='ltr'><strong>turbata</strong></span> <span class='ocrx_word' id='word_1_271' title='bbox 3111 725 3220 789; x_wconf 86' lang='lat' dir='ltr'><strong>est,</strong></span> <span class='ocrx_word' id='word_1_272' title='bbox 3256 738 3367 776; x_wconf 92' lang='lat' dir='ltr'><strong>non</strong></span> <span class='ocrx_word' id='word_1_273' title='bbox 3396 725 3833 798; x_wconf 85' lang='lat' dir='ltr'><strong>sapientia;immu-</strong></span> 
     </span>
    </p>
   </div>
   <div class='ocr_carea' id='block_1_39' title="bbox 2295 805 3834 878">
    <p class='ocr_par' dir='ltr' id='par_1_39' title="bbox 2295 805 3834 878">
     <span class='ocr_line' id='line_1_39' title="bbox 2295 805 3834 878; baseline 0.012 -20"><span class='ocrx_word' id='word_1_274' title='bbox 2295 805 2497 858; x_wconf 86' lang='lat' dir='ltr'><strong>tabilis</strong></span> <span class='ocrx_word' id='word_1_275' title='bbox 2525 805 2678 859; x_wconf 88' lang='lat' dir='ltr'><strong>enim</strong></span> <span class='ocrx_word' id='word_1_276' title='bbox 2703 808 2974 862; x_wconf 86' lang='lat' dir='ltr'><strong>manebat</strong></span> <span class='ocrx_word' id='word_1_277' title='bbox 3008 809 3313 878; x_wconf 88' lang='lat' dir='ltr'><strong>sapientia,</strong></span> <span class='ocrx_word' id='word_1_278' title='bbox 3347 813 3444 864; x_wconf 88' lang='lat' dir='ltr'><strong>etsi</strong></span> <span class='ocrx_word' id='word_1_279' title='bbox 3477 814 3834 876; x_wconf 85' lang='lat' dir='ltr'><strong>circumdaretur</strong></span> 
     </span>
    </p>
   </div>
   <div class='ocr_carea' id='block_1_40' title="bbox 2296 893 3837 961">
    <p class='ocr_par' dir='ltr' id='par_1_40' title="bbox 2296 893 3837 961">
     <span class='ocr_line' id='line_1_40' title="bbox 2296 893 3837 961; baseline 0.012 -17"><span class='ocrx_word' id='word_1_280' title='bbox 2296 893 2511 946; x_wconf 90' lang='lat' dir='ltr'><strong>amictu</strong></span> <span class='ocrx_word' id='word_1_281' title='bbox 2533 895 2750 948; x_wconf 84' lang='lat' dir='ltr'><strong>carnis.</strong></span> <span class='ocrx_word' id='word_1_282' title='bbox 2791 895 2935 948; x_wconf 89' lang='lat' dir='ltr'><strong>Nam</strong></span> <span class='ocrx_word' id='word_1_283' title='bbox 2959 897 3018 948; x_wconf 91' lang='lat' dir='ltr'><strong>in</strong></span> <span class='ocrx_word' id='word_1_284' title='bbox 3047 897 3143 950; x_wconf 90' lang='lat' dir='ltr'><strong>illa</strong></span> <span class='ocrx_word' id='word_1_285' title='bbox 3171 899 3329 952; x_wconf 89' lang='lat' dir='ltr'><strong>servi</strong></span> <span class='ocrx_word' id='word_1_286' title='bbox 3353 899 3519 954; x_wconf 82' lang='lat' dir='ltr'><strong>forma</strong></span> <span class='ocrx_word' id='word_1_287' title='bbox 3544 907 3646 956; x_wconf 87' lang='lat' dir='ltr'><strong>erat</strong></span> <span class='ocrx_word' id='word_1_288' title='bbox 3662 909 3758 960; x_wconf 80' lang='lat' dir='ltr'><strong>veri</strong></span> <span class='ocrx_word' id='word_1_289' title='bbox 3773 908 3837 961; x_wconf 88' lang='lat' dir='ltr'><strong>lu-</strong></span> 
     </span>
    </p>
   </div>
   <div class='ocr_carea' id='block_1_41' title="bbox 2297 981 3836 1056">
    <p class='ocr_par' dir='ltr' id='par_1_41' title="bbox 2297 981 3836 1056">
     <span class='ocr_line' id='line_1_41' title="bbox 2297 981 3836 1056; baseline 0.01 -22"><span class='ocrx_word' id='word_1_290' title='bbox 2297 981 2472 1034; x_wconf 89' lang='lat' dir='ltr'><strong>minis</strong></span> <span class='ocrx_word' id='word_1_291' title='bbox 2496 983 2794 1050; x_wconf 90' lang='lat' dir='ltr'><strong>plenitudo</strong></span> <span class='ocrx_word' id='word_1_292' title='bbox 2821 999 2832 1036; x_wconf 93' lang='lat'><strong>:</strong></span> <span class='ocrx_word' id='word_1_293' title='bbox 2869 987 2924 1038; x_wconf 87' lang='lat' dir='ltr'><strong>et</strong></span> <span class='ocrx_word' id='word_1_294' title='bbox 2956 1000 3089 1038; x_wconf 91' lang='lat' dir='ltr'><strong>cum</strong></span> <span class='ocrx_word' id='word_1_295' title='bbox 3121 1001 3186 1038; x_wconf 90' lang='lat' dir='ltr'><strong>se</strong></span> <span class='ocrx_word' id='word_1_296' title='bbox 3219 986 3536 1056; x_wconf 84' lang='lat' dir='ltr'><strong>exinanivit,</strong></span> <span class='ocrx_word' id='word_1_297' title='bbox 3565 989 3720 1046; x_wconf 87' lang='lat' dir='ltr'><strong>lumen</strong></span> <span class='ocrx_word' id='word_1_298' title='bbox 3737 1001 3836 1050; x_wconf 86' lang='lat' dir='ltr'><strong>erat.</strong></span> 
     </span>
    </p>
   </div>
   <div class='ocr_carea' id='block_1_42' title="bbox 2297 1069 3840 1141">
    <p class='ocr_par' dir='ltr' id='par_1_42' title="bbox 2297 1069 3840 1141">
     <span class='ocr_line' id='line_1_42' title="bbox 2297 1069 3840 1141; baseline 0.009 -19"><span class='ocrx_word' id='word_1_299' title='bbox 2297 1069 2561 1141; x_wconf 88' lang='lat' dir='ltr'><strong>Denique</strong></span> <span class='ocrx_word' id='word_1_300' title='bbox 2594 1071 2824 1124; x_wconf 88' lang='lat' dir='ltr'><strong>dicebat</strong></span> <span class='ocrx_word' id='word_1_301' title='bbox 2860 1087 2872 1126; x_wconf 94' lang='lat'><strong>:</strong></span> <span class='ocrx_word' id='word_1_302' title='bbox 2917 1094 2936 1120; x_wconf 77' lang='grc' dir='ltr'>α</span> <span class='ocrx_word' id='word_1_303' title='bbox 2976 1073 3286 1127; x_wconf 81' lang='lat' dir='ltr'><strong>Ambulate</strong></span> <span class='ocrx_word' id='word_1_304' title='bbox 3316 1075 3442 1128; x_wconf 91' lang='lat' dir='ltr'><strong>dum</strong></span> <span class='ocrx_word' id='word_1_305' title='bbox 3475 1075 3647 1132; x_wconf 85' lang='lat' dir='ltr'><strong>lumen</strong></span> <span class='ocrx_word' id='word_1_306' title='bbox 3673 1081 3840 1136; x_wconf 78' lang='lat' dir='ltr'><strong>habetis</strong></span> 
     </span>
    </p>
   </div>
   <div class='ocr_carea' id='block_1_43' title="bbox 2299 1157 3841 1233">
    <p class='ocr_par' dir='ltr' id='par_1_43' title="bbox 2299 1157 3841 1233">
     <span class='ocr_line' id='line_1_43' title="bbox 2299 1157 3841 1233; baseline 0.008 -23"><span class='ocrx_word' id='word_1_307' title='bbox 2299 1157 2487 1226; x_wconf 84' lang='lat' dir='ltr'><strong>(Joan.</strong></span> <span class='ocrx_word' id='word_1_308' title='bbox 2520 1176 2622 1226; x_wconf 85' lang='lat' dir='ltr'><strong>xu,</strong></span> <span class='ocrx_word' id='word_1_309' title='bbox 2656 1160 2766 1228; x_wconf 77' lang='grc'><strong>35).</strong></span> <span class='ocrx_word' id='word_1_310' title='bbox 2803 1181 2823 1206; x_wconf 72' lang='grc' dir='ltr'><strong>ιι</strong></span> <span class='ocrx_word' id='word_1_311' title='bbox 2865 1159 2934 1213; x_wconf 89' lang='lat' dir='ltr'><strong>Et</strong></span> <span class='ocrx_word' id='word_1_312' title='bbox 2965 1161 3198 1230; x_wconf 90' lang='lat' dir='ltr'><strong>quando</strong></span> <span class='ocrx_word' id='word_1_313' title='bbox 3222 1163 3280 1215; x_wconf 91' lang='lat' dir='ltr'><strong>in</strong></span> <span class='ocrx_word' id='word_1_314' title='bbox 3309 1167 3480 1218; x_wconf 71' lang='lat' dir='ltr'><strong>monte</strong></span> <span class='ocrx_word' id='word_1_315' title='bbox 3507 1164 3615 1233; x_wconf 83' lang='lat' dir='ltr'><strong>fuit,</strong></span> <span class='ocrx_word' id='word_1_316' title='bbox 3635 1168 3680 1220; x_wconf 87' lang='lat' dir='ltr'><strong>in</strong></span> <span class='ocrx_word' id='word_1_317' title='bbox 3699 1170 3841 1223; x_wconf 84' lang='lat' dir='ltr'><strong>umbra</strong></span> 
     </span>
    </p>
   </div>
   <div class='ocr_carea' id='block_1_44' title="bbox 2297 1247 3842 1322">
    <p class='ocr_par' dir='ltr' id='par_1_44' title="bbox 2297 1247 3842 1322">
     <span class='ocr_line' id='line_1_44' title="bbox 2297 1247 3842 1322; baseline 0.007 -23"><span class='ocrx_word' id='word_1_318' title='bbox 2297 1262 2413 1299; x_wconf 89' lang='lat' dir='ltr'><strong>non</strong></span> <span class='ocrx_word' id='word_1_319' title='bbox 2441 1250 2583 1301; x_wconf 89' lang='lat' dir='ltr'><strong>erat.</strong></span> <span class='ocrx_word' id='word_1_320' title='bbox 2617 1247 2879 1318; x_wconf 87' lang='lat' dir='ltr'><strong>Denique</strong></span> <span class='ocrx_word' id='word_1_321' title='bbox 2913 1251 3086 1302; x_wconf 89' lang='lat' dir='ltr'><strong>etiam</strong></span> <span class='ocrx_word' id='word_1_322' title='bbox 3117 1249 3175 1304; x_wconf 91' lang='lat' dir='ltr'><strong>in</strong></span> <span class='ocrx_word' id='word_1_323' title='bbox 3206 1249 3429 1306; x_wconf 88' lang='lat' dir='ltr'><strong>inferno</strong></span> <span class='ocrx_word' id='word_1_324' title='bbox 3458 1253 3642 1322; x_wconf 87' lang='lat' dir='ltr'><strong>positis</strong></span> <span class='ocrx_word' id='word_1_325' title='bbox 3659 1255 3842 1310; x_wconf 64' lang='lat' dir='ltr'><strong>vitain-</strong></span> 
     </span>
    </p>
   </div>
   <div class='ocr_carea' id='block_1_45' title="bbox 2296 1334 3844 1398">
    <p class='ocr_par' dir='ltr' id='par_1_45' title="bbox 2296 1334 3844 1398">
     <span class='ocr_line' id='line_1_45' title="bbox 2296 1334 3844 1398; baseline 0.007 -11"><span class='ocrx_word' id='word_1_326' title='bbox 2296 1350 2429 1388; x_wconf 86' lang='lat' dir='ltr'><strong>men</strong></span> <span class='ocrx_word' id='word_1_327' title='bbox 2454 1334 2730 1389; x_wconf 77' lang='lat' dir='ltr'><strong>fundebat</strong></span> <span class='ocrx_word' id='word_1_328' title='bbox 2755 1340 3011 1392; x_wconf 65' lang='lat' dir='ltr'><strong>mternae.</strong></span> <span class='ocrx_word' id='word_1_329' title='bbox 3040 1339 3325 1392; x_wconf 87' lang='lat' dir='ltr'><strong>Radiabat</strong></span> <span class='ocrx_word' id='word_1_330' title='bbox 3346 1341 3504 1394; x_wconf 88' lang='lat' dir='ltr'><strong>etiam</strong></span> <span class='ocrx_word' id='word_1_331' title='bbox 3527 1342 3628 1396; x_wconf 82' lang='lat' dir='ltr'><strong>illic</strong></span> <span class='ocrx_word' id='word_1_332' title='bbox 3649 1342 3728 1396; x_wconf 81' lang='lat' dir='ltr'><strong>lux</strong></span> <span class='ocrx_word' id='word_1_333' title='bbox 3751 1361 3844 1398; x_wconf 74' lang='lat' dir='ltr'><strong>vela</strong></span> 
     </span>
    </p>
   </div>
   <div class='ocr_carea' id='block_1_46' title="bbox 2297 1423 3845 1494">
    <p class='ocr_par' dir='ltr' id='par_1_46' title="bbox 2297 1423 3845 1494">
     <span class='ocr_line' id='line_1_46' title="bbox 2297 1423 3845 1494; baseline 0.006 -18"><span class='ocrx_word' id='word_1_334' title='bbox 2297 1423 2624 1492; x_wconf 85' lang='lat' dir='ltr'><strong>sapientiae,</strong></span> <span class='ocrx_word' id='word_1_335' title='bbox 2661 1423 3023 1478; x_wconf 88' lang='lat' dir='ltr'><strong>illuminabat</strong></span> <span class='ocrx_word' id='word_1_336' title='bbox 3063 1425 3384 1494; x_wconf 85' lang='lat' dir='ltr'><strong>infernum,</strong></span> <span class='ocrx_word' id='word_1_337' title='bbox 3419 1429 3517 1482; x_wconf 88' lang='lat' dir='ltr'><strong>sed</strong></span> <span class='ocrx_word' id='word_1_338' title='bbox 3553 1429 3740 1484; x_wconf 83' lang='lat' dir='ltr'><strong>inferno</strong></span> <span class='ocrx_word' id='word_1_339' title='bbox 3767 1448 3845 1486; x_wconf 87' lang='lat' dir='ltr'><strong>non</strong></span> 
     </span>
    </p>
   </div>
   <div class='ocr_carea' id='block_1_47' title="bbox 2298 1511 3849 1587">
    <p class='ocr_par' dir='ltr' id='par_1_47' title="bbox 2298 1511 3849 1587">
     <span class='ocr_line' id='line_1_47' title="bbox 2298 1511 3849 1587; baseline 0.006 -24"><span class='ocrx_word' id='word_1_340' title='bbox 2298 1511 2696 1565; x_wconf 84' lang='lat' dir='ltr'><strong>claudebatur.</strong></span> <span class='ocrx_word' id='word_1_341' title='bbox 2731 1511 2874 1576; x_wconf 92' lang='lat' dir='ltr'><strong>Quis</strong></span> <span class='ocrx_word' id='word_1_342' title='bbox 2907 1514 3061 1568; x_wconf 90' lang='lat' dir='ltr'><strong>enim</strong></span> <span class='ocrx_word' id='word_1_343' title='bbox 3091 1515 3260 1569; x_wconf 90' lang='lat' dir='ltr'><strong>locus</strong></span> <span class='ocrx_word' id='word_1_344' title='bbox 3291 1519 3380 1569; x_wconf 85' lang='lat' dir='ltr'><strong>est</strong></span> <span class='ocrx_word' id='word_1_345' title='bbox 3407 1517 3849 1587; x_wconf 70' lang='lat' dir='ltr'><strong>sapientiae90eni-</strong></span> 
     </span>
    </p>
   </div>
   <div class='ocr_carea' id='block_1_48' title="bbox 2295 1599 3848 1671">
    <p class='ocr_par' dir='ltr' id='par_1_48' title="bbox 2295 1599 3848 1671">
     <span class='ocr_line' id='line_1_48' title="bbox 2295 1599 3848 1671; baseline 0.005 -19"><span class='ocrx_word' id='word_1_346' title='bbox 2295 1615 2408 1668; x_wconf 92' lang='lat' dir='ltr'><strong>que</strong></span> <span class='ocrx_word' id='word_1_347' title='bbox 2447 1600 2585 1652; x_wconf 85' lang='lat' dir='ltr'><strong>dicit</strong></span> <span class='ocrx_word' id='word_1_348' title='bbox 2615 1599 2818 1670; x_wconf 82' lang='lat' dir='ltr'><strong>justus</strong></span> <span class='ocrx_word' id='word_1_349' title='bbox 2854 1616 2866 1654; x_wconf 94' lang='lat'><strong>:</strong></span> <span class='ocrx_word' id='word_1_350' title='bbox 2913 1624 2934 1647; x_wconf 73' lang='grc' dir='ltr'><strong>σε</strong></span> <span class='ocrx_word' id='word_1_351' title='bbox 2972 1603 3269 1671; x_wconf 84' lang='lat' dir='ltr'><strong>Sapientia</strong></span> <span class='ocrx_word' id='word_1_352' title='bbox 3311 1608 3492 1658; x_wconf 90' lang='lat' dir='ltr'><strong>autem</strong></span> <span class='ocrx_word' id='word_1_353' title='bbox 3518 1606 3650 1660; x_wconf 90' lang='lat' dir='ltr'><strong>unde</strong></span> <span class='ocrx_word' id='word_1_354' title='bbox 3683 1608 3848 1661; x_wconf 75' lang='lat' dir='ltr'><strong>inventa</strong></span> 
     </span>
    </p>
   </div>
   <div class='ocr_carea' id='block_1_49' title="bbox 2296 1687 3852 1760">
    <p class='ocr_par' dir='ltr' id='par_1_49' title="bbox 2296 1687 3852 1760">
     <span class='ocr_line' id='line_1_49' title="bbox 2296 1687 3852 1760; baseline 0.005 -20"><span class='ocrx_word' id='word_1_355' title='bbox 2296 1689 2435 1740; x_wconf 80' lang='lat' dir='ltr'><strong>est?</strong></span> <span class='ocrx_word' id='word_1_356' title='bbox 2455 1687 2598 1751; x_wconf 89' lang='lat' dir='ltr'><strong>Quis</strong></span> <span class='ocrx_word' id='word_1_357' title='bbox 2621 1691 2813 1741; x_wconf 88' lang='lat' dir='ltr'><strong>autem</strong></span> <span class='ocrx_word' id='word_1_358' title='bbox 2839 1689 3005 1743; x_wconf 89' lang='lat' dir='ltr'><strong>locus</strong></span> <span class='ocrx_word' id='word_1_359' title='bbox 3035 1695 3126 1744; x_wconf 90' lang='lat' dir='ltr'><strong>est</strong></span> <span class='ocrx_word' id='word_1_360' title='bbox 3149 1691 3478 1760; x_wconf 72' lang='lat' dir='ltr'><strong>disciplinae</strong></span> <span class='ocrx_word' id='word_1_361' title='bbox 3495 1695 3521 1746; x_wconf 68' lang='grc' dir='ltr'><strong>ἱ)</strong></span> <span class='ocrx_word' id='word_1_362' title='bbox 3539 1693 3713 1747; x_wconf 86' lang='lat' dir='ltr'><strong>Nescit</strong></span> <span class='ocrx_word' id='word_1_363' title='bbox 3731 1694 3852 1748; x_wconf 87' lang='lat' dir='ltr'><strong>homo</strong></span> 
     </span>
    </p>
   </div>
   <div class='ocr_carea' id='block_1_50' title="bbox 2295 1775 3850 1850">
    <p class='ocr_par' dir='ltr' id='par_1_50' title="bbox 2295 1775 3850 1850">
     <span class='ocr_line' id='line_1_50' title="bbox 2295 1775 3850 1850; baseline 0.005 -23"><span class='ocrx_word' id='word_1_364' title='bbox 2295 1775 2450 1828; x_wconf 88' lang='lat' dir='ltr'><strong>viam</strong></span> <span class='ocrx_word' id='word_1_365' title='bbox 2484 1775 2638 1845; x_wconf 87' lang='lat' dir='ltr'><strong>ejus,</strong></span> <span class='ocrx_word' id='word_1_366' title='bbox 2684 1793 2791 1830; x_wconf 90' lang='lat' dir='ltr'><strong>nec</strong></span> <span class='ocrx_word' id='word_1_367' title='bbox 2829 1778 3062 1832; x_wconf 89' lang='lat' dir='ltr'><strong>inventa</strong></span> <span class='ocrx_word' id='word_1_368' title='bbox 3105 1782 3198 1832; x_wconf 92' lang='lat' dir='ltr'><strong>est</strong></span> <span class='ocrx_word' id='word_1_369' title='bbox 3233 1779 3389 1834; x_wconf 88' lang='lat' dir='ltr'><strong>inter</strong></span> <span class='ocrx_word' id='word_1_370' title='bbox 3416 1781 3657 1836; x_wconf 86' lang='lat' dir='ltr'><strong>homines</strong></span> <span class='ocrx_word' id='word_1_371' title='bbox 3689 1804 3706 1831; x_wconf 77' lang='grc' dir='ltr'><strong>ι</strong></span> <span class='ocrx_word' id='word_1_372' title='bbox 3737 1783 3850 1850; x_wconf 79' lang='lat' dir='ltr'><strong>(Job.</strong></span> 
     </span>
    </p>
   </div>
   <div class='ocr_carea' id='block_1_51' title="bbox 2296 1861 2746 1931">
    <p class='ocr_par' dir='ltr' id='par_1_51' title="bbox 2296 1861 2746 1931">
     <span class='ocr_line' id='line_1_51' title="bbox 2296 1861 2746 1931; baseline 0.002 -15"><span class='ocrx_word' id='word_1_373' title='bbox 2296 1880 2500 1930; x_wconf 82' lang='lat' dir='ltr'><strong>xxvm,</strong></span> <span class='ocrx_word' id='word_1_374' title='bbox 2527 1861 2612 1930; x_wconf 65' lang='lat'><strong>1’2,</strong></span> <span class='ocrx_word' id='word_1_375' title='bbox 2640 1864 2746 1931; x_wconf 80' lang='lat' dir='ltr'><strong>i3).</strong></span> 
     </span>
    </p>
   </div>
   <div class='ocr_carea' id='block_1_52' title="bbox 2375 1944 3854 2026">
    <p class='ocr_par' dir='ltr' id='par_1_52' title="bbox 2375 1944 3854 2026">
     <span class='ocr_line' id='line_1_52' title="bbox 2375 1944 3854 2026; baseline 0.003 -20"><span class='ocrx_word' id='word_1_376' title='bbox 2375 1944 2522 2006; x_wconf 87' lang='lat'><strong>713</strong></span> <span class='ocrx_word' id='word_1_377' title='bbox 2562 1951 2648 2006; x_wconf 69' lang='lat'><strong>4&#39;2.</strong></span> <span class='ocrx_word' id='word_1_378' title='bbox 2693 1953 2850 2024; x_wconf 85' lang='lat' dir='ltr'><strong>Ergo</strong></span> <span class='ocrx_word' id='word_1_379' title='bbox 2883 1970 2991 2008; x_wconf 89' lang='lat' dir='ltr'><strong>nec</strong></span> <span class='ocrx_word' id='word_1_380' title='bbox 3023 1955 3083 2009; x_wconf 92' lang='lat' dir='ltr'><strong>in</strong></span> <span class='ocrx_word' id='word_1_381' title='bbox 3113 1957 3404 2026; x_wconf 91' lang='lat' dir='ltr'><strong>tempore,</strong></span> <span class='ocrx_word' id='word_1_382' title='bbox 3439 1973 3540 2010; x_wconf 90' lang='lat' dir='ltr'><strong>nec</strong></span> <span class='ocrx_word' id='word_1_383' title='bbox 3573 1957 3624 2010; x_wconf 91' lang='lat' dir='ltr'><strong>in</strong></span> <span class='ocrx_word' id='word_1_384' title='bbox 3651 1958 3754 2011; x_wconf 94' lang='lat' dir='ltr'><strong>loco</strong></span> <span class='ocrx_word' id='word_1_385' title='bbox 3783 1958 3854 2011; x_wconf 80' lang='lat' dir='ltr'><strong>Sa-</strong></span> 
     </span>
    </p>
   </div>
   <div class='ocr_carea' id='block_1_53' title="bbox 2294 2040 3856 2117">
    <p class='ocr_par' dir='ltr' id='par_1_53' title="bbox 2294 2040 3856 2117">
     <span class='ocr_line' id='line_1_53' title="bbox 2294 2040 3856 2117; baseline 0.003 -25"><span class='ocrx_word' id='word_1_386' title='bbox 2294 2040 2509 2110; x_wconf 82' lang='lat' dir='ltr'><strong>pientia</strong></span> <span class='ocrx_word' id='word_1_387' title='bbox 2535 2045 2644 2110; x_wconf 89' lang='lat' dir='ltr'><strong>est,</strong></span> <span class='ocrx_word' id='word_1_388' title='bbox 2670 2041 2823 2095; x_wconf 90' lang='lat' dir='ltr'><strong>unde</strong></span> <span class='ocrx_word' id='word_1_389' title='bbox 2852 2046 2908 2095; x_wconf 88' lang='lat' dir='ltr'><strong>et</strong></span> <span class='ocrx_word' id='word_1_390' title='bbox 2929 2047 3159 2114; x_wconf 88' lang='lat' dir='ltr'><strong>tempus</strong></span> <span class='ocrx_word' id='word_1_391' title='bbox 3189 2061 3330 2099; x_wconf 90' lang='lat' dir='ltr'><strong>esse</strong></span> <span class='ocrx_word' id='word_1_392' title='bbox 3357 2046 3630 2117; x_wconf 75' lang='lat' dir='ltr'><strong>significat</strong></span> <span class='ocrx_word' id='word_1_393' title='bbox 3655 2045 3856 2114; x_wconf 66' lang='lat' dir='ltr'><strong>(27).Sed</strong></span> 
     </span>
    </p>
   </div>
   <div class='ocr_carea' id='block_1_54' title="bbox 2293 2129 3859 2204">
    <p class='ocr_par' dir='ltr' id='par_1_54' title="bbox 2293 2129 3859 2204">
     <span class='ocr_line' id='line_1_54' title="bbox 2293 2129 3859 2204; baseline 0.003 -22"><span class='ocrx_word' id='word_1_394' title='bbox 2293 2129 2588 2199; x_wconf 91' lang='lat' dir='ltr'><strong>quomodo</strong></span> <span class='ocrx_word' id='word_1_395' title='bbox 2607 2129 2663 2183; x_wconf 92' lang='lat' dir='ltr'><strong>in</strong></span> <span class='ocrx_word' id='word_1_396' title='bbox 2687 2133 2968 2200; x_wconf 90' lang='lat' dir='ltr'><strong>tempore,</strong></span> <span class='ocrx_word' id='word_1_397' title='bbox 2990 2147 3122 2201; x_wconf 63' lang='lat' dir='ltr'><strong>quas</strong></span> <span class='ocrx_word' id='word_1_398' title='bbox 3146 2133 3204 2185; x_wconf 94' lang='lat' dir='ltr'><strong>in</strong></span> <span class='ocrx_word' id='word_1_399' title='bbox 3223 2134 3509 2203; x_wconf 79' lang='lat' dir='ltr'><strong>principio</strong></span> <span class='ocrx_word' id='word_1_400' title='bbox 3528 2136 3859 2204; x_wconf 59' lang='lat' dir='ltr'><strong>eratﬁlquomo-</strong></span> 
     </span>
    </p>
   </div>
   <div class='ocr_carea' id='block_1_55' title="bbox 2294 2217 3860 2293">
    <p class='ocr_par' dir='ltr' id='par_1_55' title="bbox 2294 2217 3860 2293">
     <span class='ocr_line' id='line_1_55' title="bbox 2294 2217 3860 2293; baseline 0.001 -23"><span class='ocrx_word' id='word_1_401' title='bbox 2294 2218 2368 2270; x_wconf 91' lang='lat' dir='ltr'><strong>do</strong></span> <span class='ocrx_word' id='word_1_402' title='bbox 2393 2217 2451 2269; x_wconf 92' lang='lat' dir='ltr'><strong>in</strong></span> <span class='ocrx_word' id='word_1_403' title='bbox 2473 2217 2622 2284; x_wconf 73' lang='lat' dir='ltr'><strong>loro,</strong></span> <span class='ocrx_word' id='word_1_404' title='bbox 2655 2233 2786 2288; x_wconf 64' lang='lat' dir='ltr'><strong>quae</strong></span> <span class='ocrx_word' id='word_1_405' title='bbox 2808 2219 2959 2288; x_wconf 87' lang='lat' dir='ltr'><strong>apud</strong></span> <span class='ocrx_word' id='word_1_406' title='bbox 2985 2219 3167 2272; x_wconf 91' lang='lat' dir='ltr'><strong>Deum</strong></span> <span class='ocrx_word' id='word_1_407' title='bbox 3190 2225 3316 2274; x_wconf 75' lang='lat' dir='ltr'><strong>erat</strong></span> <span class='ocrx_word' id='word_1_408' title='bbox 3334 2223 3362 2274; x_wconf 70' lang='grc' dir='ltr'><strong>ἱ)</strong></span> <span class='ocrx_word' id='word_1_409' title='bbox 3396 2221 3715 2293; x_wconf 90' lang='lat' dir='ltr'><strong>Unigenitus</strong></span> <span class='ocrx_word' id='word_1_410' title='bbox 3732 2219 3860 2274; x_wconf 84' lang='lat' dir='ltr'><strong>Filias</strong></span> 
     </span>
    </p>
   </div>
   <div class='ocr_carea' id='block_1_56' title="bbox 2294 2305 3863 2379">
    <p class='ocr_par' dir='ltr' id='par_1_56' title="bbox 2294 2305 3863 2379">
     <span class='ocr_line' id='line_1_56' title="bbox 2294 2305 3863 2379; baseline 0.002 -21"><span class='ocrx_word' id='word_1_411' title='bbox 2294 2305 2345 2358; x_wconf 91' lang='lat' dir='ltr'><strong>si</strong></span> <span class='ocrx_word' id='word_1_412' title='bbox 2371 2305 2674 2374; x_wconf 85' lang='lat' dir='ltr'><strong>quaeritur,</strong></span> <span class='ocrx_word' id='word_1_413' title='bbox 2700 2306 2758 2358; x_wconf 90' lang='lat' dir='ltr'><strong>in</strong></span> <span class='ocrx_word' id='word_1_414' title='bbox 2781 2306 2917 2359; x_wconf 92' lang='lat' dir='ltr'><strong>sinu</strong></span> <span class='ocrx_word' id='word_1_415' title='bbox 2948 2306 3138 2360; x_wconf 88' lang='lat' dir='ltr'><strong>Patris</strong></span> <span class='ocrx_word' id='word_1_416' title='bbox 3170 2309 3514 2379; x_wconf 89' lang='lat' dir='ltr'><strong>evangelico</strong></span> <span class='ocrx_word' id='word_1_417' title='bbox 3539 2309 3720 2378; x_wconf 86' lang='lat' dir='ltr'><strong>spiritu</strong></span> <span class='ocrx_word' id='word_1_418' title='bbox 3745 2324 3863 2376; x_wconf 80' lang='lat' dir='ltr'><strong>repe-</strong></span> 
     </span>
    </p>
   </div>
   <div class='ocr_carea' id='block_1_57' title="bbox 2292 2392 3866 2466">
    <p class='ocr_par' dir='ltr' id='par_1_57' title="bbox 2292 2392 3866 2466">
     <span class='ocr_line' id='line_1_57' title="bbox 2292 2392 3866 2466; baseline 0.002 -20"><span class='ocrx_word' id='word_1_419' title='bbox 2292 2392 2460 2446; x_wconf 90' lang='lat' dir='ltr'><strong>ritur.</strong></span> <span class='ocrx_word' id='word_1_420' title='bbox 2487 2393 2762 2463; x_wconf 87' lang='lat' dir='ltr'><strong>Nunquid</strong></span> <span class='ocrx_word' id='word_1_421' title='bbox 2786 2393 2980 2447; x_wconf 90' lang='lat' dir='ltr'><strong>sinum</strong></span> <span class='ocrx_word' id='word_1_422' title='bbox 3002 2395 3196 2449; x_wconf 90' lang='lat' dir='ltr'><strong>Patris</strong></span> <span class='ocrx_word' id='word_1_423' title='bbox 3218 2396 3416 2450; x_wconf 92' lang='lat' dir='ltr'><strong>locum</strong></span> <span class='ocrx_word' id='word_1_424' title='bbox 3438 2398 3634 2466; x_wconf 88' lang='lat' dir='ltr'><strong>putatis</strong></span> <span class='ocrx_word' id='word_1_425' title='bbox 3650 2398 3674 2450; x_wconf 70' lang='lat'><strong>‘3</strong></span> <span class='ocrx_word' id='word_1_426' title='bbox 3690 2396 3745 2450; x_wconf 84' lang='lat' dir='ltr'><strong>Et</strong></span> <span class='ocrx_word' id='word_1_427' title='bbox 3761 2411 3866 2466; x_wconf 57' lang='lat' dir='ltr'><strong>quae</strong></span> 
     </span>
    </p>
   </div>
   <div class='ocr_carea' id='block_1_58' title="bbox 2292 2481 3869 2555">
    <p class='ocr_par' dir='ltr' id='par_1_58' title="bbox 2292 2481 3869 2555">
     <span class='ocr_line' id='line_1_58' title="bbox 2292 2481 3869 2555; baseline 0 -21"><span class='ocrx_word' id='word_1_428' title='bbox 2292 2481 2422 2534; x_wconf 82' lang='lat' dir='ltr'><strong>ritis</strong></span> <span class='ocrx_word' id='word_1_429' title='bbox 2455 2481 2747 2551; x_wconf 88' lang='lat' dir='ltr'><strong>quomodo</strong></span> <span class='ocrx_word' id='word_1_430' title='bbox 2780 2485 2910 2534; x_wconf 89' lang='lat' dir='ltr'><strong>nata</strong></span> <span class='ocrx_word' id='word_1_431' title='bbox 2940 2483 3036 2550; x_wconf 91' lang='lat' dir='ltr'><strong>sit,</strong></span> <span class='ocrx_word' id='word_1_432' title='bbox 3063 2499 3194 2537; x_wconf 92' lang='lat' dir='ltr'><strong>cum</strong></span> <span class='ocrx_word' id='word_1_433' title='bbox 3228 2485 3386 2538; x_wconf 90' lang='lat' dir='ltr'><strong>dicat</strong></span> <span class='ocrx_word' id='word_1_434' title='bbox 3418 2485 3757 2555; x_wconf 89' lang='lat' dir='ltr'><strong>propheticus</strong></span> <span class='ocrx_word' id='word_1_435' title='bbox 3781 2485 3869 2535; x_wconf 79' lang='lat' dir='ltr'><strong>vir:</strong></span> 
     </span>
    </p>
   </div>
   <div class='ocr_carea' id='block_1_59' title="bbox 2298 2569 3867 2642">
    <p class='ocr_par' dir='ltr' id='par_1_59' title="bbox 2298 2569 3867 2642">
     <span class='ocr_line' id='line_1_59' title="bbox 2298 2569 3867 2642; baseline 0 -22"><span class='ocrx_word' id='word_1_436' title='bbox 2298 2590 2319 2616; x_wconf 76' lang='grc' dir='ltr'>α</span> <span class='ocrx_word' id='word_1_437' title='bbox 2348 2569 2552 2622; x_wconf 85' lang='lat' dir='ltr'><strong>Nescit</strong></span> <span class='ocrx_word' id='word_1_438' title='bbox 2575 2569 2748 2624; x_wconf 88' lang='lat' dir='ltr'><strong>homo</strong></span> <span class='ocrx_word' id='word_1_439' title='bbox 2773 2570 2926 2623; x_wconf 87' lang='lat' dir='ltr'><strong>viam</strong></span> <span class='ocrx_word' id='word_1_440' title='bbox 2962 2570 3145 2642; x_wconf 79' lang='lat' dir='ltr'><strong>ejus?</strong></span> <span class='ocrx_word' id='word_1_441' title='bbox 3174 2595 3195 2617; x_wconf 77' lang='grc' dir='ltr'>ιν</span> <span class='ocrx_word' id='word_1_442' title='bbox 3237 2573 3310 2626; x_wconf 78' lang='lat' dir='ltr'><strong>Et</strong></span> <span class='ocrx_word' id='word_1_443' title='bbox 3340 2573 3648 2626; x_wconf 88' lang='lat' dir='ltr'><strong>secundum</strong></span> <span class='ocrx_word' id='word_1_444' title='bbox 3668 2571 3867 2625; x_wconf 85' lang='lat' dir='ltr'><strong>homines</strong></span> 
     </span>
    </p>
   </div>
   <div class='ocr_carea' id='block_1_60' title="bbox 2294 2656 3874 2731">
    <p class='ocr_par' dir='ltr' id='par_1_60' title="bbox 2294 2656 3874 2731">
     <span class='ocr_line' id='line_1_60' title="bbox 2294 2656 3874 2731; baseline 0.001 -21"><span class='ocrx_word' id='word_1_445' title='bbox 2294 2659 2485 2710; x_wconf 92' lang='lat' dir='ltr'><strong>ortum</strong></span> <span class='ocrx_word' id='word_1_446' title='bbox 2506 2656 2640 2728; x_wconf 89' lang='lat' dir='ltr'><strong>ejus</strong></span> <span class='ocrx_word' id='word_1_447' title='bbox 2669 2658 2994 2728; x_wconf 67' lang='lat' dir='ltr'><strong>aestimatis,</strong></span> <span class='ocrx_word' id='word_1_448' title='bbox 3022 2675 3155 2713; x_wconf 87' lang='lat' dir='ltr'><strong>cum</strong></span> <span class='ocrx_word' id='word_1_449' title='bbox 3187 2660 3304 2714; x_wconf 82' lang='lat' dir='ltr'><strong>Job</strong></span> <span class='ocrx_word' id='word_1_450' title='bbox 3327 2661 3480 2715; x_wconf 90' lang='lat' dir='ltr'><strong>dicat</strong></span> <span class='ocrx_word' id='word_1_451' title='bbox 3501 2661 3644 2731; x_wconf 90' lang='lat' dir='ltr'><strong>quod</strong></span> <span class='ocrx_word' id='word_1_452' title='bbox 3662 2660 3786 2713; x_wconf 85' lang='lat' dir='ltr'><strong>inter</strong></span> <span class='ocrx_word' id='word_1_453' title='bbox 3799 2659 3874 2712; x_wconf 87' lang='lat' dir='ltr'><strong>ho-</strong></span> 
     </span>
    </p>
   </div>
   <div class='ocr_carea' id='block_1_61' title="bbox 2291 2745 3874 2814">
    <p class='ocr_par' dir='ltr' id='par_1_61' title="bbox 2291 2745 3874 2814">
     <span class='ocr_line' id='line_1_61' title="bbox 2291 2745 3874 2814; baseline -0.001 -16"><span class='ocrx_word' id='word_1_454' title='bbox 2291 2745 2484 2799; x_wconf 90' lang='lat' dir='ltr'><strong>mines</strong></span> <span class='ocrx_word' id='word_1_455' title='bbox 2507 2761 2626 2800; x_wconf 91' lang='lat' dir='ltr'><strong>non</strong></span> <span class='ocrx_word' id='word_1_456' title='bbox 2644 2745 2720 2800; x_wconf 93' lang='lat' dir='ltr'><strong>sit</strong></span> <span class='ocrx_word' id='word_1_457' title='bbox 2737 2746 2972 2801; x_wconf 89' lang='lat' dir='ltr'><strong>inventa</strong></span> <span class='ocrx_word' id='word_1_458' title='bbox 3005 2749 3032 2800; x_wconf 68' lang='grc' dir='ltr'><strong>ἱ)</strong></span> <span class='ocrx_word' id='word_1_459' title='bbox 3064 2747 3134 2800; x_wconf 87' lang='lat' dir='ltr'><strong>Et</strong></span> <span class='ocrx_word' id='word_1_460' title='bbox 3165 2752 3416 2802; x_wconf 89' lang='lat' dir='ltr'><strong>mortem</strong></span> <span class='ocrx_word' id='word_1_461' title='bbox 3435 2748 3674 2802; x_wconf 89' lang='lat' dir='ltr'><strong>tribuitis</strong></span> <span class='ocrx_word' id='word_1_462' title='bbox 3696 2746 3874 2814; x_wconf 86' lang='lat' dir='ltr'><strong>Sapien-</strong></span> 
     </span>
    </p>
   </div>
   <div class='ocr_carea' id='block_1_62' title="bbox 2289 2833 3878 2905">
    <p class='ocr_par' dir='ltr' id='par_1_62' title="bbox 2289 2833 3878 2905">
     <span class='ocr_line' id='line_1_62' title="bbox 2289 2833 3878 2905; baseline 0 -19"><span class='ocrx_word' id='word_1_463' title='bbox 2289 2833 2408 2901; x_wconf 66' lang='lat' dir='ltr'><strong>tiae,</strong></span> <span class='ocrx_word' id='word_1_464' title='bbox 2431 2833 2502 2888; x_wconf 90' lang='lat' dir='ltr'><strong>de</strong></span> <span class='ocrx_word' id='word_1_465' title='bbox 2521 2849 2636 2905; x_wconf 87' lang='lat' dir='ltr'><strong>qua</strong></span> <span class='ocrx_word' id='word_1_466' title='bbox 2662 2857 2683 2880; x_wconf 78' lang='grc' dir='ltr'><strong>ιι</strong></span> <span class='ocrx_word' id='word_1_467' title='bbox 2709 2835 2969 2905; x_wconf 80' lang='lat' dir='ltr'><strong>abyssus</strong></span> <span class='ocrx_word' id='word_1_468' title='bbox 2991 2836 3168 2891; x_wconf 91' lang='lat' dir='ltr'><strong>dicit:</strong></span> <span class='ocrx_word' id='word_1_469' title='bbox 3196 2837 3334 2891; x_wconf 80' lang='lat' dir='ltr'><strong>Non</strong></span> <span class='ocrx_word' id='word_1_470' title='bbox 3357 2841 3450 2892; x_wconf 89' lang='lat' dir='ltr'><strong>est</strong></span> <span class='ocrx_word' id='word_1_471' title='bbox 3469 2839 3526 2891; x_wconf 91' lang='lat' dir='ltr'><strong>in</strong></span> <span class='ocrx_word' id='word_1_472' title='bbox 3551 2852 3636 2891; x_wconf 89' lang='lat' dir='ltr'><strong>me</strong></span> <span class='ocrx_word' id='word_1_473' title='bbox 3665 2851 3678 2904; x_wconf 84' lang='lat'><strong>;</strong></span> <span class='ocrx_word' id='word_1_474' title='bbox 3703 2839 3750 2890; x_wconf 90' lang='lat' dir='ltr'><strong>et</strong></span> <span class='ocrx_word' id='word_1_475' title='bbox 3765 2849 3878 2888; x_wconf 77' lang='lat' dir='ltr'><strong>mare</strong></span> 
     </span>
    </p>
   </div>
   <div class='ocr_carea' id='block_1_63' title="bbox 2291 2921 3877 2993">
    <p class='ocr_par' dir='ltr' id='par_1_63' title="bbox 2291 2921 3877 2993">
     <span class='ocr_line' id='line_1_63' title="bbox 2291 2921 3877 2993; baseline -0.001 -18"><span class='ocrx_word' id='word_1_476' title='bbox 2291 2921 2431 2975; x_wconf 90' lang='lat' dir='ltr'><strong>dicit</strong></span> <span class='ocrx_word' id='word_1_477' title='bbox 2452 2939 2462 2975; x_wconf 96' lang='lat'><strong>:</strong></span> <span class='ocrx_word' id='word_1_478' title='bbox 2487 2922 2620 2976; x_wconf 87' lang='lat' dir='ltr'><strong>Non</strong></span> <span class='ocrx_word' id='word_1_479' title='bbox 2637 2926 2728 2976; x_wconf 91' lang='lat' dir='ltr'><strong>est</strong></span> <span class='ocrx_word' id='word_1_480' title='bbox 2751 2940 2976 2978; x_wconf 78' lang='lat' dir='ltr'><strong>mecura</strong></span> <span class='ocrx_word' id='word_1_481' title='bbox 3000 2925 3176 2991; x_wconf 83' lang='lat' dir='ltr'><strong>(Ibid.</strong></span> <span class='ocrx_word' id='word_1_482' title='bbox 3205 2925 3295 2993; x_wconf 71' lang='grc'><strong>14)</strong></span> <span class='ocrx_word' id='word_1_483' title='bbox 3314 2927 3342 2980; x_wconf 68' lang='grc' dir='ltr'><strong>Ε)</strong></span> <span class='ocrx_word' id='word_1_484' title='bbox 3369 2947 3390 2975; x_wconf 71' lang='grc' dir='ltr'><strong>ι</strong></span> <span class='ocrx_word' id='word_1_485' title='bbox 3416 2926 3542 2980; x_wconf 87' lang='lat' dir='ltr'><strong>Non</strong></span> <span class='ocrx_word' id='word_1_486' title='bbox 3559 2925 3685 2978; x_wconf 91' lang='lat' dir='ltr'><strong>dicit</strong></span> <span class='ocrx_word' id='word_1_487' title='bbox 3703 2923 3877 2985; x_wconf 76' lang='lat' dir='ltr'><strong>cmlum,</strong></span> 
     </span>
    </p>
   </div>
   <div class='ocr_carea' id='block_1_64' title="bbox 2289 3009 3876 3082">
    <p class='ocr_par' dir='ltr' id='par_1_64' title="bbox 2289 3009 3876 3082">
     <span class='ocr_line' id='line_1_64' title="bbox 2289 3009 3876 3082; baseline 0 -19"><span class='ocrx_word' id='word_1_488' title='bbox 2289 3009 2424 3064; x_wconf 91' lang='lat' dir='ltr'><strong>Non</strong></span> <span class='ocrx_word' id='word_1_489' title='bbox 2447 3013 2537 3065; x_wconf 91' lang='lat' dir='ltr'><strong>est</strong></span> <span class='ocrx_word' id='word_1_490' title='bbox 2559 3010 2618 3065; x_wconf 91' lang='lat' dir='ltr'><strong>in</strong></span> <span class='ocrx_word' id='word_1_491' title='bbox 2640 3027 2753 3077; x_wconf 89' lang='lat' dir='ltr'><strong>me,</strong></span> <span class='ocrx_word' id='word_1_492' title='bbox 2784 3012 2889 3066; x_wconf 87' lang='lat' dir='ltr'><strong>sed</strong></span> <span class='ocrx_word' id='word_1_493' title='bbox 2923 3035 2944 3059; x_wconf 78' lang='grc' dir='ltr'>ιε</span> <span class='ocrx_word' id='word_1_494' title='bbox 2969 3013 3231 3082; x_wconf 78' lang='lat' dir='ltr'><strong>abyssus</strong></span> <span class='ocrx_word' id='word_1_495' title='bbox 3255 3015 3420 3081; x_wconf 91' lang='lat' dir='ltr'><strong>dicit,</strong></span> <span class='ocrx_word' id='word_1_496' title='bbox 3445 3015 3574 3068; x_wconf 88' lang='lat' dir='ltr'><strong>Non</strong></span> <span class='ocrx_word' id='word_1_497' title='bbox 3593 3015 3676 3068; x_wconf 88' lang='lat' dir='ltr'><strong>est</strong></span> <span class='ocrx_word' id='word_1_498' title='bbox 3699 3012 3746 3064; x_wconf 89' lang='lat' dir='ltr'><strong>in</strong></span> <span class='ocrx_word' id='word_1_499' title='bbox 3763 3025 3876 3064; x_wconf 47' lang='lat' dir='ltr'><strong>me»</strong></span> 
     </span>
    </p>
   </div>
   <div class='ocr_carea' id='block_1_65' title="bbox 2293 3098 3884 3170">
    <p class='ocr_par' dir='ltr' id='par_1_65' title="bbox 2293 3098 3884 3170">
     <span class='ocr_line' id='line_1_65' title="bbox 2293 3098 3884 3170; baseline 0 -18"><span class='ocrx_word' id='word_1_500' title='bbox 2293 3098 2426 3153; x_wconf 90' lang='lat' dir='ltr'><strong>Non</strong></span> <span class='ocrx_word' id='word_1_501' title='bbox 2459 3099 2615 3154; x_wconf 91' lang='lat' dir='ltr'><strong>enim</strong></span> <span class='ocrx_word' id='word_1_502' title='bbox 2645 3100 2888 3170; x_wconf 80' lang='lat' dir='ltr'><strong>abysso,</strong></span> <span class='ocrx_word' id='word_1_503' title='bbox 2925 3103 3029 3154; x_wconf 91' lang='lat' dir='ltr'><strong>sed</strong></span> <span class='ocrx_word' id='word_1_504' title='bbox 3053 3103 3212 3157; x_wconf 88' lang='lat' dir='ltr'><strong>Patri</strong></span> <span class='ocrx_word' id='word_1_505' title='bbox 3249 3104 3439 3158; x_wconf 87' lang='lat' dir='ltr'><strong>dixit:</strong></span> <span class='ocrx_word' id='word_1_506' title='bbox 3467 3126 3489 3150; x_wconf 77' lang='grc' dir='ltr'>οι</span> <span class='ocrx_word' id='word_1_507' title='bbox 3518 3104 3576 3157; x_wconf 89' lang='lat' dir='ltr'><strong>In</strong></span> <span class='ocrx_word' id='word_1_508' title='bbox 3599 3116 3778 3156; x_wconf 89' lang='lat' dir='ltr'><strong>manus</strong></span> <span class='ocrx_word' id='word_1_509' title='bbox 3795 3102 3884 3150; x_wconf 85' lang='lat' dir='ltr'><strong>tuas</strong></span> 
     </span>
    </p>
   </div>
   <div class='ocr_carea' id='block_1_66' title="bbox 495 3170 3881 3261">
    <p class='ocr_par' dir='ltr' id='par_1_66' title="bbox 495 3170 3881 3261">
     <span class='ocr_line' id='line_1_66' title="bbox 495 3170 3881 3261; baseline -0.001 -17"><span class='ocrx_word' id='word_1_510' title='bbox 495 3193 651 3244; x_wconf 86' lang='lat' dir='ltr'><strong>runt.</strong></span> <span class='ocrx_word' id='word_1_511' title='bbox 677 3189 941 3261; x_wconf 89' lang='lat' dir='ltr'><strong>Denique</strong></span> <span class='ocrx_word' id='word_1_512' title='bbox 967 3211 988 3237; x_wconf 81' lang='grc' dir='ltr'>α</span> <span class='ocrx_word' id='word_1_513' title='bbox 1011 3190 1206 3244; x_wconf 91' lang='lat' dir='ltr'><strong>emisit</strong></span> <span class='ocrx_word' id='word_1_514' title='bbox 1228 3170 1756 3261; x_wconf 76' lang='lat' dir='ltr'><strong>spiritum(.tlattli.</strong></span> <span class='ocrx_word' id='word_1_515' title='bbox 1783 3207 1965 3256; x_wconf 85' lang='lat' dir='ltr'><strong>xxvu,</strong></span> <span class='ocrx_word' id='word_1_516' title='bbox 1989 3190 2100 3259; x_wconf 82' lang='grc'><strong>50),</strong></span> <span class='ocrx_word' id='word_1_517' title='bbox 2131 3214 2152 3236; x_wconf 84' lang='lat'><strong>»</strong></span> <span class='ocrx_word' id='word_1_518' title='bbox 2193 3170 2243 3237; x_wconf 83' lang='lat' dir='ltr'><strong>C</strong></span> <span class='ocrx_word' id='word_1_519' title='bbox 2291 3188 2638 3242; x_wconf 89' lang='lat' dir='ltr'><strong>commendo</strong></span> <span class='ocrx_word' id='word_1_520' title='bbox 2673 3189 2946 3258; x_wconf 88' lang='lat' dir='ltr'><strong>spiritum</strong></span> <span class='ocrx_word' id='word_1_521' title='bbox 2985 3205 3179 3244; x_wconf 86' lang='lat' dir='ltr'><strong>meum</strong></span> <span class='ocrx_word' id='word_1_522' title='bbox 3216 3193 3385 3260; x_wconf 84' lang='lat' dir='ltr'><strong>(Luc.</strong></span> <span class='ocrx_word' id='word_1_523' title='bbox 3418 3209 3578 3258; x_wconf 74' lang='grc' dir='ltr'>χχιιι,</span> <span class='ocrx_word' id='word_1_524' title='bbox 3617 3189 3713 3243; x_wconf 69' lang='grc' dir='ltr'><strong>46ῖ.</strong></span> <span class='ocrx_word' id='word_1_525' title='bbox 3741 3209 3760 3236; x_wconf 70' lang='grc' dir='ltr'><strong>ι</strong></span> <span class='ocrx_word' id='word_1_526' title='bbox 3788 3187 3881 3255; x_wconf 80' lang='lat' dir='ltr'><strong>Ipsa</strong></span> 
     </span>
    </p>
   </div>
   <div class='ocr_carea' id='block_1_67' title="bbox 496 3279 2160 3349">
    <p class='ocr_par' dir='ltr' id='par_1_67' title="bbox 496 3279 2160 3349">
     <span class='ocr_line' id='line_1_67' title="bbox 496 3279 2160 3349; baseline 0 -17"><span class='ocrx_word' id='word_1_527' title='bbox 496 3281 555 3332; x_wconf 89' lang='lat' dir='ltr'><strong>et</strong></span> <span class='ocrx_word' id='word_1_528' title='bbox 579 3282 770 3333; x_wconf 91' lang='lat' dir='ltr'><strong>tamen</strong></span> <span class='ocrx_word' id='word_1_529' title='bbox 802 3279 976 3348; x_wconf 84' lang='lat' dir='ltr'><strong>quasi</strong></span> <span class='ocrx_word' id='word_1_530' title='bbox 1003 3279 1222 3333; x_wconf 90' lang='lat' dir='ltr'><strong>arbiter</strong></span> <span class='ocrx_word' id='word_1_531' title='bbox 1242 3279 1493 3333; x_wconf 87' lang='lat' dir='ltr'><strong>exuendi</strong></span> <span class='ocrx_word' id='word_1_532' title='bbox 1517 3279 2001 3349; x_wconf 88' lang='lat' dir='ltr'><strong>suscipiendique</strong></span> <span class='ocrx_word' id='word_1_533' title='bbox 2025 3294 2160 3332; x_wconf 91' lang='lat' dir='ltr'><strong>cor-</strong></span> 
     </span>
    </p>
   </div>
   <div class='ocr_carea' id='block_1_68' title="bbox 493 3366 2160 3437">
    <p class='ocr_par' dir='ltr' id='par_1_68' title="bbox 493 3366 2160 3437">
     <span class='ocr_line' id='line_1_68' title="bbox 493 3366 2160 3437; baseline 0 -17"><span class='ocrx_word' id='word_1_534' title='bbox 493 3367 681 3437; x_wconf 89' lang='lat' dir='ltr'><strong>poris,</strong></span> <span class='ocrx_word' id='word_1_535' title='bbox 702 3367 898 3421; x_wconf 89' lang='lat' dir='ltr'><strong>emisit</strong></span> <span class='ocrx_word' id='word_1_536' title='bbox 916 3367 1208 3436; x_wconf 90' lang='lat' dir='ltr'><strong>spiritum,</strong></span> <span class='ocrx_word' id='word_1_537' title='bbox 1239 3382 1358 3420; x_wconf 91' lang='lat' dir='ltr'><strong>non</strong></span> <span class='ocrx_word' id='word_1_538' title='bbox 1385 3367 1601 3420; x_wconf 88' lang='lat' dir='ltr'><strong>amisit.</strong></span> <span class='ocrx_word' id='word_1_539' title='bbox 1623 3366 1924 3421; x_wconf 90' lang='lat' dir='ltr'><strong>Pendebat</strong></span> <span class='ocrx_word' id='word_1_540' title='bbox 1947 3367 2006 3420; x_wconf 91' lang='lat' dir='ltr'><strong>in</strong></span> <span class='ocrx_word' id='word_1_541' title='bbox 2028 3381 2160 3420; x_wconf 90' lang='lat' dir='ltr'><strong>cru-</strong></span> 
     </span>
    </p>
   </div>
   <div class='ocr_carea' id='block_1_69' title="bbox 496 3455 2158 3526">
    <p class='ocr_par' dir='ltr' id='par_1_69' title="bbox 496 3455 2158 3526">
     <span class='ocr_line' id='line_1_69' title="bbox 496 3455 2158 3526; baseline 0 -18"><span class='ocrx_word' id='word_1_542' title='bbox 496 3469 584 3524; x_wconf 88' lang='lat' dir='ltr'><strong>ce,</strong></span> <span class='ocrx_word' id='word_1_543' title='bbox 621 3458 680 3509; x_wconf 92' lang='lat' dir='ltr'><strong>et</strong></span> <span class='ocrx_word' id='word_1_544' title='bbox 705 3455 900 3510; x_wconf 90' lang='lat' dir='ltr'><strong>omnia</strong></span> <span class='ocrx_word' id='word_1_545' title='bbox 935 3455 1361 3521; x_wconf 80' lang='lat' dir='ltr'><strong>commovebat.</strong></span> <span class='ocrx_word' id='word_1_546' title='bbox 1387 3455 1698 3510; x_wconf 88' lang='lat' dir='ltr'><strong>Tremebat</strong></span> <span class='ocrx_word' id='word_1_547' title='bbox 1721 3455 1960 3526; x_wconf 87' lang='lat' dir='ltr'><strong>inligno</strong></span> <span class='ocrx_word' id='word_1_548' title='bbox 1983 3470 2158 3526; x_wconf 90' lang='lat' dir='ltr'><strong>quem</strong></span> 
     </span>
    </p>
   </div>
   <div class='ocr_carea' id='block_1_70' title="bbox 490 3542 2160 3613">
    <p class='ocr_par' dir='ltr' id='par_1_70' title="bbox 490 3542 2160 3613">
     <span class='ocr_line' id='line_1_70' title="bbox 490 3542 2160 3613; baseline 0.001 -17"><span class='ocrx_word' id='word_1_549' title='bbox 490 3544 651 3597; x_wconf 90' lang='lat' dir='ltr'><strong>totus</strong></span> <span class='ocrx_word' id='word_1_550' title='bbox 669 3543 954 3598; x_wconf 90' lang='lat' dir='ltr'><strong>tremebat</strong></span> <span class='ocrx_word' id='word_1_551' title='bbox 971 3542 1067 3596; x_wconf 91' lang='lat' dir='ltr'><strong>hic</strong></span> <span class='ocrx_word' id='word_1_552' title='bbox 1089 3543 1365 3598; x_wconf 91' lang='lat' dir='ltr'><strong>mundus.</strong></span> <span class='ocrx_word' id='word_1_553' title='bbox 1388 3542 1524 3596; x_wconf 87' lang='lat' dir='ltr'><strong>Erat</strong></span> <span class='ocrx_word' id='word_1_554' title='bbox 1546 3544 1658 3596; x_wconf 92' lang='lat' dir='ltr'><strong>iter</strong></span> <span class='ocrx_word' id='word_1_555' title='bbox 1673 3543 1983 3613; x_wconf 89' lang='lat' dir='ltr'><strong>supplicia,</strong></span> <span class='ocrx_word' id='word_1_556' title='bbox 2005 3543 2160 3597; x_wconf 85' lang='lat' dir='ltr'><strong>exci-</strong></span> 
     </span>
    </p>
   </div>
   <div class='ocr_carea' id='block_1_71' title="bbox 490 3631 2152 3703">
    <p class='ocr_par' dir='ltr' id='par_1_71' title="bbox 490 3631 2152 3703">
     <span class='ocr_line' id='line_1_71' title="bbox 490 3631 2152 3703; baseline -0.001 -18"><span class='ocrx_word' id='word_1_557' title='bbox 490 3631 689 3702; x_wconf 88' lang='lat' dir='ltr'><strong>piebat</strong></span> <span class='ocrx_word' id='word_1_558' title='bbox 723 3631 967 3686; x_wconf 87' lang='lat' dir='ltr'><strong>vulnera</strong></span> <span class='ocrx_word' id='word_1_559' title='bbox 1004 3631 1110 3701; x_wconf 74' lang='lat'><strong>(26</strong></span> <span class='ocrx_word' id='word_1_560' title='bbox 1133 3633 1187 3702; x_wconf 88' lang='lat'><strong>),.</strong></span> <span class='ocrx_word' id='word_1_561' title='bbox 1213 3634 1271 3686; x_wconf 92' lang='lat' dir='ltr'><strong>et</strong></span> <span class='ocrx_word' id='word_1_562' title='bbox 1310 3647 1560 3703; x_wconf 82' lang='lat' dir='ltr'><strong>regnum</strong></span> <span class='ocrx_word' id='word_1_563' title='bbox 1596 3631 1838 3686; x_wconf 84' lang='lat' dir='ltr'><strong>caeleste</strong></span> <span class='ocrx_word' id='word_1_564' title='bbox 1879 3631 2152 3686; x_wconf 86' lang='lat' dir='ltr'><strong>donabat.</strong></span> 
     </span>
    </p>
   </div>
   <div class='ocr_carea' id='block_1_72' title="bbox 494 3717 2158 3791">
    <p class='ocr_par' dir='ltr' id='par_1_72' title="bbox 494 3717 2158 3791">
     <span class='ocr_line' id='line_1_72' title="bbox 494 3717 2158 3791; baseline 0.001 -19"><span class='ocrx_word' id='word_1_565' title='bbox 494 3717 806 3773; x_wconf 87' lang='lat' dir='ltr'><strong>Peccatum</strong></span> <span class='ocrx_word' id='word_1_566' title='bbox 829 3718 1089 3773; x_wconf 89' lang='lat' dir='ltr'><strong>omnium</strong></span> <span class='ocrx_word' id='word_1_567' title='bbox 1115 3719 1326 3789; x_wconf 88' lang='lat' dir='ltr'><strong>factus,</strong></span> <span class='ocrx_word' id='word_1_568' title='bbox 1349 3723 1588 3789; x_wconf 89' lang='lat' dir='ltr'><strong>peccata</strong></span> <span class='ocrx_word' id='word_1_569' title='bbox 1612 3720 1852 3791; x_wconf 82' lang='lat' dir='ltr'><strong>generis</strong></span> <span class='ocrx_word' id='word_1_570' title='bbox 1881 3719 2158 3773; x_wconf 88' lang='lat' dir='ltr'><strong>abluebat</strong></span> 
     </span>
    </p>
   </div>
   <div class='ocr_carea' id='block_1_73' title="bbox 495 3805 2154 3876">
    <p class='ocr_par' dir='ltr' id='par_1_73' title="bbox 495 3805 2154 3876">
     <span class='ocr_line' id='line_1_73' title="bbox 495 3805 2154 3876; baseline 0.001 -16"><span class='ocrx_word' id='word_1_571' title='bbox 495 3805 756 3860; x_wconf 86' lang='lat' dir='ltr'><strong>humani.</strong></span> <span class='ocrx_word' id='word_1_572' title='bbox 785 3807 1090 3861; x_wconf 88' lang='lat' dir='ltr'><strong>Postremo</strong></span> <span class='ocrx_word' id='word_1_573' title='bbox 1118 3811 1384 3862; x_wconf 89' lang='lat' dir='ltr'><strong>mortuus</strong></span> <span class='ocrx_word' id='word_1_574' title='bbox 1407 3812 1518 3876; x_wconf 89' lang='lat' dir='ltr'><strong>est,</strong></span> <span class='ocrx_word' id='word_1_575' title='bbox 1550 3813 1604 3862; x_wconf 91' lang='lat' dir='ltr'><strong>et</strong></span> <span class='ocrx_word' id='word_1_576' title='bbox 1626 3809 1889 3863; x_wconf 90' lang='lat' dir='ltr'><strong>secundo</strong></span> <span class='ocrx_word' id='word_1_577' title='bbox 1909 3812 1964 3862; x_wconf 93' lang='lat' dir='ltr'><strong>et</strong></span> <span class='ocrx_word' id='word_1_578' title='bbox 1986 3808 2154 3862; x_wconf 89' lang='lat' dir='ltr'><strong>tertio</strong></span> 
     </span>
    </p>
   </div>
   <div class='ocr_carea' id='block_1_74' title="bbox 495 3893 2155 3965">
    <p class='ocr_par' dir='ltr' id='par_1_74' title="bbox 495 3893 2155 3965">
     <span class='ocr_line' id='line_1_74' title="bbox 495 3893 2155 3965; baseline 0.002 -18"><span class='ocrx_word' id='word_1_579' title='bbox 495 3893 804 3947; x_wconf 86' lang='lat' dir='ltr'><strong>exsultans</strong></span> <span class='ocrx_word' id='word_1_580' title='bbox 833 3896 1007 3964; x_wconf 91' lang='lat' dir='ltr'><strong>atque</strong></span> <span class='ocrx_word' id='word_1_581' title='bbox 1039 3909 1225 3948; x_wconf 89' lang='lat' dir='ltr'><strong>ovans</strong></span> <span class='ocrx_word' id='word_1_582' title='bbox 1253 3896 1406 3963; x_wconf 91' lang='lat' dir='ltr'><strong>dico,</strong></span> <span class='ocrx_word' id='word_1_583' title='bbox 1443 3899 1710 3950; x_wconf 89' lang='lat' dir='ltr'><strong>mortuus</strong></span> <span class='ocrx_word' id='word_1_584' title='bbox 1744 3900 1870 3965; x_wconf 87' lang='lat' dir='ltr'><strong>est;</strong></span> <span class='ocrx_word' id='word_1_585' title='bbox 1905 3899 1967 3950; x_wconf 89' lang='lat' dir='ltr'><strong>ut</strong></span> <span class='ocrx_word' id='word_1_586' title='bbox 1997 3896 2155 3950; x_wconf 88' lang='lat' dir='ltr'><strong>illius</strong></span> 
     </span>
    </p>
   </div>
   <div class='ocr_carea' id='block_1_75' title="bbox 492 3981 1388 4037">
    <p class='ocr_par' dir='ltr' id='par_1_75' title="bbox 492 3981 1388 4037">
     <span class='ocr_line' id='line_1_75' title="bbox 492 3981 1388 4037; baseline 0.003 -3"><span class='ocrx_word' id='word_1_587' title='bbox 492 3995 656 4034; x_wconf 89' lang='lat' dir='ltr'><strong>mors</strong></span> <span class='ocrx_word' id='word_1_588' title='bbox 678 3981 794 4034; x_wconf 90' lang='lat' dir='ltr'><strong>vita</strong></span> <span class='ocrx_word' id='word_1_589' title='bbox 817 3982 983 4035; x_wconf 77' lang='lat' dir='ltr'><strong>fieret</strong></span> <span class='ocrx_word' id='word_1_590' title='bbox 1007 3986 1388 4037; x_wconf 88' lang='lat' dir='ltr'><strong>mortuorum.</strong></span> 
     </span>
    </p>
   </div>
   <div class='ocr_carea' id='block_1_76' title="bbox 565 4068 2154 4140">
    <p class='ocr_par' dir='ltr' id='par_1_76' title="bbox 565 4068 2154 4140">
     <span class='ocr_line' id='line_1_76' title="bbox 565 4068 2154 4140; baseline 0.001 -18"><span class='ocrx_word' id='word_1_591' title='bbox 565 4068 654 4123; x_wconf 83' lang='lat'><strong>40.</strong></span> <span class='ocrx_word' id='word_1_592' title='bbox 678 4068 792 4123; x_wconf 91' lang='lat' dir='ltr'><strong>Sed</strong></span> <span class='ocrx_word' id='word_1_593' title='bbox 820 4084 929 4123; x_wconf 88' lang='lat' dir='ltr'><strong>nec</strong></span> <span class='ocrx_word' id='word_1_594' title='bbox 955 4070 1296 4140; x_wconf 88' lang='lat' dir='ltr'><strong>sepulcrum</strong></span> <span class='ocrx_word' id='word_1_595' title='bbox 1323 4071 1561 4140; x_wconf 88' lang='lat' dir='ltr'><strong>quidem</strong></span> <span class='ocrx_word' id='word_1_596' title='bbox 1591 4071 1724 4140; x_wconf 85' lang='lat' dir='ltr'><strong>ejus</strong></span> <span class='ocrx_word' id='word_1_597' title='bbox 1748 4071 2030 4126; x_wconf 88' lang='lat' dir='ltr'><strong>miraculo</strong></span> <span class='ocrx_word' id='word_1_598' title='bbox 2054 4087 2154 4124; x_wconf 90' lang='lat' dir='ltr'><strong>ca-</strong></span> 
     </span>
    </p>
   </div>
   <div class='ocr_carea' id='block_1_77' title="bbox 494 4157 2156 4230">
    <p class='ocr_par' dir='ltr' id='par_1_77' title="bbox 494 4157 2156 4230">
     <span class='ocr_line' id='line_1_77' title="bbox 494 4157 2156 4230; baseline 0.001 -18"><span class='ocrx_word' id='word_1_599' title='bbox 494 4159 602 4212; x_wconf 88' lang='lat' dir='ltr'><strong>ret.</strong></span> <span class='ocrx_word' id='word_1_600' title='bbox 627 4157 777 4211; x_wconf 85' lang='lat' dir='ltr'><strong>Nam</strong></span> <span class='ocrx_word' id='word_1_601' title='bbox 799 4173 932 4211; x_wconf 91' lang='lat' dir='ltr'><strong>cum</strong></span> <span class='ocrx_word' id='word_1_602' title='bbox 955 4162 1118 4212; x_wconf 91' lang='lat' dir='ltr'><strong>esset</strong></span> <span class='ocrx_word' id='word_1_603' title='bbox 1141 4163 1355 4212; x_wconf 90' lang='lat' dir='ltr'><strong>unctus</strong></span> <span class='ocrx_word' id='word_1_604' title='bbox 1372 4174 1406 4211; x_wconf 89' lang='lat' dir='ltr'><strong>a</strong></span> <span class='ocrx_word' id='word_1_605' title='bbox 1422 4159 1665 4228; x_wconf 82' lang='lat' dir='ltr'><strong>Joseph,</strong></span> <span class='ocrx_word' id='word_1_606' title='bbox 1699 4163 1754 4213; x_wconf 90' lang='lat' dir='ltr'><strong>et</strong></span> <span class='ocrx_word' id='word_1_607' title='bbox 1785 4159 1843 4212; x_wconf 91' lang='lat' dir='ltr'><strong>in</strong></span> <span class='ocrx_word' id='word_1_608' title='bbox 1870 4159 2004 4230; x_wconf 91' lang='lat' dir='ltr'><strong>ejus</strong></span> <span class='ocrx_word' id='word_1_609' title='bbox 2029 4175 2156 4214; x_wconf 88' lang='lat' dir='ltr'><strong>mo-</strong></span> 
     </span>
    </p>
   </div>
   <div class='ocr_carea' id='block_1_78' title="bbox 493 4245 2156 4324">
    <p class='ocr_par' dir='ltr' id='par_1_78' title="bbox 493 4245 2156 4324">
     <span class='ocr_line' id='line_1_78' title="bbox 493 4245 2156 4324; baseline 0.001 -23"><span class='ocrx_word' id='word_1_610' title='bbox 493 4248 774 4301; x_wconf 90' lang='lat' dir='ltr'><strong>numento</strong></span> <span class='ocrx_word' id='word_1_611' title='bbox 796 4245 1248 4324; x_wconf 76' lang='lat' dir='ltr'><strong>sepultus(Luc.</strong></span> <span class='ocrx_word' id='word_1_612' title='bbox 1274 4263 1439 4314; x_wconf 87' lang='lat' dir='ltr'><strong>xxm,</strong></span> <span class='ocrx_word' id='word_1_613' title='bbox 1461 4247 1570 4315; x_wconf 85' lang='lat'><strong>53),</strong></span> <span class='ocrx_word' id='word_1_614' title='bbox 1601 4263 1754 4301; x_wconf 87' lang='lat' dir='ltr'><strong>novo</strong></span> <span class='ocrx_word' id='word_1_615' title='bbox 1791 4262 1968 4317; x_wconf 89' lang='lat' dir='ltr'><strong>opere</strong></span> <span class='ocrx_word' id='word_1_616' title='bbox 2004 4263 2156 4319; x_wconf 91' lang='lat' dir='ltr'><strong>quo-</strong></span> 
     </span>
    </p>
   </div>
   <div class='ocr_carea' id='block_1_79' title="bbox 491 4333 2154 4404">
    <p class='ocr_par' dir='ltr' id='par_1_79' title="bbox 491 4333 2154 4404">
     <span class='ocr_line' id='line_1_79' title="bbox 491 4333 2154 4404; baseline 0.001 -16"><span class='ocrx_word' id='word_1_617' title='bbox 491 4333 625 4388; x_wconf 89' lang='lat' dir='ltr'><strong>dam</strong></span> <span class='ocrx_word' id='word_1_618' title='bbox 659 4335 790 4404; x_wconf 91' lang='lat' dir='ltr'><strong>ipse</strong></span> <span class='ocrx_word' id='word_1_619' title='bbox 818 4333 1132 4388; x_wconf 84' lang='lat' dir='ltr'><strong>defunctus</strong></span> <span class='ocrx_word' id='word_1_620' title='bbox 1165 4334 1576 4388; x_wconf 82' lang='lat' dir='ltr'><strong>defunctorum</strong></span> <span class='ocrx_word' id='word_1_621' title='bbox 1609 4335 1882 4404; x_wconf 79' lang='lat' dir='ltr'><strong>sepulcra</strong></span> <span class='ocrx_word' id='word_1_622' title='bbox 1917 4352 2154 4390; x_wconf 85' lang='lat' dir='ltr'><strong>resera-</strong></span> 
     </span>
    </p>
   </div>
   <div class='ocr_carea' id='block_1_80' title="bbox 490 4421 2154 4493">
    <p class='ocr_par' dir='ltr' id='par_1_80' title="bbox 490 4421 2154 4493">
     <span class='ocr_line' id='line_1_80' title="bbox 490 4421 2154 4493; baseline 0 -15"><span class='ocrx_word' id='word_1_623' title='bbox 490 4421 621 4478; x_wconf 90' lang='lat' dir='ltr'><strong>bat:</strong></span> <span class='ocrx_word' id='word_1_624' title='bbox 649 4426 707 4478; x_wconf 90' lang='lat' dir='ltr'><strong>et</strong></span> <span class='ocrx_word' id='word_1_625' title='bbox 727 4437 944 4492; x_wconf 90' lang='lat' dir='ltr'><strong>corpus</strong></span> <span class='ocrx_word' id='word_1_626' title='bbox 971 4423 1206 4493; x_wconf 89' lang='lat' dir='ltr'><strong>quidem</strong></span> <span class='ocrx_word' id='word_1_627' title='bbox 1234 4421 1369 4493; x_wconf 86' lang='lat' dir='ltr'><strong>ejus</strong></span> <span class='ocrx_word' id='word_1_628' title='bbox 1397 4421 1633 4492; x_wconf 87' lang='lat' dir='ltr'><strong>jacebat</strong></span> <span class='ocrx_word' id='word_1_629' title='bbox 1657 4424 1713 4476; x_wconf 92' lang='lat' dir='ltr'><strong>in</strong></span> <span class='ocrx_word' id='word_1_630' title='bbox 1743 4425 2003 4492; x_wconf 83' lang='lat' dir='ltr'><strong>tumulo;</strong></span> <span class='ocrx_word' id='word_1_631' title='bbox 2028 4425 2154 4493; x_wconf 88' lang='lat' dir='ltr'><strong>ipse</strong></span> 
     </span>
    </p>
   </div>
   <div class='ocr_carea' id='block_1_81' title="bbox 491 4511 2227 4590">
    <p class='ocr_par' dir='ltr' id='par_1_81' title="bbox 491 4511 2227 4590">
     <span class='ocr_line' id='line_1_81' title="bbox 491 4511 2227 4590; baseline 0 -24"><span class='ocrx_word' id='word_1_632' title='bbox 491 4515 687 4566; x_wconf 86' lang='lat' dir='ltr'><strong>autem</strong></span> <span class='ocrx_word' id='word_1_633' title='bbox 708 4511 860 4566; x_wconf 90' lang='lat' dir='ltr'><strong>inter</strong></span> <span class='ocrx_word' id='word_1_634' title='bbox 887 4516 1152 4565; x_wconf 90' lang='lat' dir='ltr'><strong>mortuos</strong></span> <span class='ocrx_word' id='word_1_635' title='bbox 1183 4511 1352 4578; x_wconf 90' lang='lat' dir='ltr'><strong>liber,</strong></span> <span class='ocrx_word' id='word_1_636' title='bbox 1387 4511 1801 4566; x_wconf 87' lang='lat' dir='ltr'><strong>remissionem</strong></span> <span class='ocrx_word' id='word_1_637' title='bbox 1834 4514 1894 4566; x_wconf 88' lang='lat' dir='ltr'><strong>in</strong></span> <span class='ocrx_word' id='word_1_638' title='bbox 1925 4513 2154 4567; x_wconf 89' lang='lat' dir='ltr'><strong>inferno</strong></span> <span class='ocrx_word' id='word_1_639' title='bbox 2181 4530 2227 4590; x_wconf 83' lang='grc' dir='ltr'>ο</span> 
     </span>
    </p>
   </div>
   <div class='ocr_carea' id='block_1_82' title="bbox 489 4599 2154 4672">
    <p class='ocr_par' dir='ltr' id='par_1_82' title="bbox 489 4599 2154 4672">
     <span class='ocr_line' id='line_1_82' title="bbox 489 4599 2154 4672; baseline 0 -18"><span class='ocrx_word' id='word_1_640' title='bbox 489 4601 724 4670; x_wconf 89' lang='lat' dir='ltr'><strong>positis,</strong></span> <span class='ocrx_word' id='word_1_641' title='bbox 751 4599 944 4654; x_wconf 87' lang='lat' dir='ltr'><strong>soluta</strong></span> <span class='ocrx_word' id='word_1_642' title='bbox 966 4599 1172 4654; x_wconf 89' lang='lat' dir='ltr'><strong>mortis</strong></span> <span class='ocrx_word' id='word_1_643' title='bbox 1195 4600 1348 4671; x_wconf 88' lang='lat' dir='ltr'><strong>lege,</strong></span> <span class='ocrx_word' id='word_1_644' title='bbox 1374 4599 1645 4654; x_wconf 86' lang='lat' dir='ltr'><strong>donabat.</strong></span> <span class='ocrx_word' id='word_1_645' title='bbox 1673 4600 1810 4654; x_wconf 87' lang='lat' dir='ltr'><strong>Erat</strong></span> <span class='ocrx_word' id='word_1_646' title='bbox 1840 4617 1984 4672; x_wconf 86' lang='lat' dir='ltr'><strong>ergo</strong></span> <span class='ocrx_word' id='word_1_647' title='bbox 2018 4618 2154 4655; x_wconf 87' lang='lat' dir='ltr'><strong>caro</strong></span> 
     </span>
    </p>
   </div>
   <div class='ocr_carea' id='block_1_83' title="bbox 494 4687 2155 4759">
    <p class='ocr_par' dir='ltr' id='par_1_83' title="bbox 494 4687 2155 4759">
     <span class='ocr_line' id='line_1_83' title="bbox 494 4687 2155 4759; baseline 0.001 -18"><span class='ocrx_word' id='word_1_648' title='bbox 494 4687 628 4757; x_wconf 89' lang='lat' dir='ltr'><strong>ejus</strong></span> <span class='ocrx_word' id='word_1_649' title='bbox 660 4689 720 4741; x_wconf 91' lang='lat' dir='ltr'><strong>in</strong></span> <span class='ocrx_word' id='word_1_650' title='bbox 756 4692 1153 4758; x_wconf 85' lang='lat' dir='ltr'><strong>monumento,</strong></span> <span class='ocrx_word' id='word_1_651' title='bbox 1189 4689 1294 4742; x_wconf 87' lang='lat' dir='ltr'><strong>sed</strong></span> <span class='ocrx_word' id='word_1_652' title='bbox 1329 4689 1520 4742; x_wconf 83' lang='lat' dir='ltr'><strong>virtus</strong></span> <span class='ocrx_word' id='word_1_653' title='bbox 1561 4690 1694 4759; x_wconf 90' lang='lat' dir='ltr'><strong>ejus</strong></span> <span class='ocrx_word' id='word_1_654' title='bbox 1741 4689 2092 4758; x_wconf 84' lang='lat' dir='ltr'><strong>operabatur</strong></span> <span class='ocrx_word' id='word_1_655' title='bbox 2125 4705 2155 4743; x_wconf 93' lang='lat' dir='ltr'><strong>e</strong></span> 
     </span>
    </p>
   </div>
   <div class='ocr_carea' id='block_1_84' title="bbox 495 4775 2152 4847">
    <p class='ocr_par' dir='ltr' id='par_1_84' title="bbox 495 4775 2152 4847">
     <span class='ocr_line' id='line_1_84' title="bbox 495 4775 2152 4847; baseline 0.002 -20"><span class='ocrx_word' id='word_1_656' title='bbox 495 4775 1106 4830; x_wconf 72' lang='lat' dir='ltr'><strong>cmlo.0stendebatur</strong></span> <span class='ocrx_word' id='word_1_657' title='bbox 1122 4777 1397 4831; x_wconf 90' lang='lat' dir='ltr'><strong>omnibus</strong></span> <span class='ocrx_word' id='word_1_658' title='bbox 1415 4792 1520 4847; x_wconf 90' lang='lat' dir='ltr'><strong>per</strong></span> <span class='ocrx_word' id='word_1_659' title='bbox 1542 4778 1809 4846; x_wconf 90' lang='lat' dir='ltr'><strong>corporis</strong></span> <span class='ocrx_word' id='word_1_660' title='bbox 1829 4778 2152 4846; x_wconf 87' lang='lat' dir='ltr'><strong>veritatem,</strong></span> 
     </span>
    </p>
   </div>
   <div class='ocr_carea' id='block_1_85' title="bbox 493 4861 2152 4934">
    <p class='ocr_par' dir='ltr' id='par_1_85' title="bbox 493 4861 2152 4934">
     <span class='ocr_line' id='line_1_85' title="bbox 493 4861 2152 4934; baseline 0.002 -19"><span class='ocrx_word' id='word_1_661' title='bbox 493 4861 632 4932; x_wconf 89' lang='lat' dir='ltr'><strong>quia</strong></span> <span class='ocrx_word' id='word_1_662' title='bbox 670 4878 786 4917; x_wconf 89' lang='lat' dir='ltr'><strong>non</strong></span> <span class='ocrx_word' id='word_1_663' title='bbox 823 4879 959 4918; x_wconf 91' lang='lat' dir='ltr'><strong>caro</strong></span> <span class='ocrx_word' id='word_1_664' title='bbox 997 4867 1121 4918; x_wconf 90' lang='lat' dir='ltr'><strong>erat</strong></span> <span class='ocrx_word' id='word_1_665' title='bbox 1159 4864 1437 4934; x_wconf 81' lang='lat' dir='ltr'><strong>Verbum,</strong></span> <span class='ocrx_word' id='word_1_666' title='bbox 1477 4865 1584 4919; x_wconf 90' lang='lat' dir='ltr'><strong>sed</strong></span> <span class='ocrx_word' id='word_1_667' title='bbox 1621 4881 1757 4918; x_wconf 90' lang='lat' dir='ltr'><strong>caro</strong></span> <span class='ocrx_word' id='word_1_668' title='bbox 1795 4869 1918 4918; x_wconf 91' lang='lat' dir='ltr'><strong>erat</strong></span> <span class='ocrx_word' id='word_1_669' title='bbox 1953 4865 2152 4920; x_wconf 89' lang='lat' dir='ltr'><strong>Verbi.</strong></span> 
     </span>
    </p>
   </div>
   <div class='ocr_carea' id='block_1_86' title="bbox 493 4947 2155 5022">
    <p class='ocr_par' dir='ltr' id='par_1_86' title="bbox 493 4947 2155 5022">
     <span class='ocr_line' id='line_1_86' title="bbox 493 4947 2155 5022; baseline 0.002 -19"><span class='ocrx_word' id='word_1_670' title='bbox 493 4947 643 5003; x_wconf 89' lang='lat' dir='ltr'><strong>Caro</strong></span> <span class='ocrx_word' id='word_1_671' title='bbox 665 4950 900 5020; x_wconf 90' lang='lat' dir='ltr'><strong>quidem</strong></span> <span class='ocrx_word' id='word_1_672' title='bbox 923 4953 1183 5022; x_wconf 87' lang='lat' dir='ltr'><strong>gustavit</strong></span> <span class='ocrx_word' id='word_1_673' title='bbox 1206 4957 1471 5019; x_wconf 90' lang='lat' dir='ltr'><strong>mortem,</strong></span> <span class='ocrx_word' id='word_1_674' title='bbox 1503 4954 1606 5007; x_wconf 90' lang='lat' dir='ltr'><strong>sed</strong></span> <span class='ocrx_word' id='word_1_675' title='bbox 1632 4953 2020 5022; x_wconf 85' lang='lat' dir='ltr'><strong>impassibilis</strong></span> <span class='ocrx_word' id='word_1_676' title='bbox 2051 4955 2155 5007; x_wconf 85' lang='lat' dir='ltr'><strong>Dei</strong></span> 
     </span>
    </p>
   </div>
   <div class='ocr_carea' id='block_1_87' title="bbox 493 5038 2152 5112">
    <p class='ocr_par' dir='ltr' id='par_1_87' title="bbox 493 5038 2152 5112">
     <span class='ocr_line' id='line_1_87' title="bbox 493 5038 2152 5112; baseline 0.005 -24"><span class='ocrx_word' id='word_1_677' title='bbox 493 5038 683 5090; x_wconf 88' lang='lat' dir='ltr'><strong>virtus</strong></span> <span class='ocrx_word' id='word_1_678' title='bbox 709 5053 721 5092; x_wconf 92' lang='lat'><strong>:</strong></span> <span class='ocrx_word' id='word_1_679' title='bbox 747 5041 803 5090; x_wconf 92' lang='lat' dir='ltr'><strong>et</strong></span> <span class='ocrx_word' id='word_1_680' title='bbox 823 5039 876 5091; x_wconf 91' lang='lat' dir='ltr'><strong>si</strong></span> <span class='ocrx_word' id='word_1_681' title='bbox 898 5042 1058 5094; x_wconf 87' lang='lat' dir='ltr'><strong>exuit</strong></span> <span class='ocrx_word' id='word_1_682' title='bbox 1081 5056 1318 5111; x_wconf 86' lang='lat' dir='ltr'><strong>corpus,</strong></span> <span class='ocrx_word' id='word_1_683' title='bbox 1344 5041 1568 5096; x_wconf 88' lang='lat' dir='ltr'><strong>nullum</strong></span> <span class='ocrx_word' id='word_1_684' title='bbox 1590 5046 1783 5096; x_wconf 88' lang='lat' dir='ltr'><strong>tamen</strong></span> <span class='ocrx_word' id='word_1_685' title='bbox 1805 5042 1876 5096; x_wconf 89' lang='lat' dir='ltr'><strong>de</strong></span> <span class='ocrx_word' id='word_1_686' title='bbox 1905 5057 2152 5112; x_wconf 89' lang='lat' dir='ltr'><strong>corpore</strong></span> 
     </span>
    </p>
   </div>
   <div class='ocr_carea' id='block_1_88' title="bbox 494 5123 933 5182">
    <p class='ocr_par' dir='ltr' id='par_1_88' title="bbox 494 5123 933 5182">
     <span class='ocr_line' id='line_1_88' title="bbox 494 5123 933 5182; baseline 0.005 -3"><span class='ocrx_word' id='word_1_687' title='bbox 494 5123 618 5180; x_wconf 93' lang='lat' dir='ltr'><strong>Deo</strong></span> <span class='ocrx_word' id='word_1_688' title='bbox 642 5125 933 5182; x_wconf 82' lang='lat' dir='ltr'><strong>Jamnum.</strong></span> 
     </span>
    </p>
   </div>
   <div class='ocr_carea' id='block_1_89' title="bbox 565 5321 2154 5397">
    <p class='ocr_par' dir='ltr' id='par_1_89' title="bbox 565 5321 2154 5397">
     <span class='ocr_line' id='line_1_89' title="bbox 565 5321 2154 5397; baseline 0.003 -23"><span class='ocrx_word' id='word_1_689' title='bbox 565 5321 678 5397; x_wconf 72' lang='lat'><strong>(2-5)</strong></span> <span class='ocrx_word' id='word_1_690' title='bbox 699 5321 1056 5397; x_wconf 73' lang='lat' dir='ltr'><strong>Athanasius</strong></span> <span class='ocrx_word' id='word_1_691' title='bbox 1075 5323 1321 5392; x_wconf 88' lang='lat' dir='ltr'><strong>epistola</strong></span> <span class='ocrx_word' id='word_1_692' title='bbox 1345 5324 1765 5397; x_wconf 12' lang='lat' dir='ltr'><strong>ardiEpictetum</strong></span> <span class='ocrx_word' id='word_1_693' title='bbox 1785 5343 1915 5397; x_wconf 76' lang='lat' dir='ltr'><strong>quae</strong></span> <span class='ocrx_word' id='word_1_694' title='bbox 1935 5326 2154 5396; x_wconf 88' lang='lat' dir='ltr'><strong>reperi-</strong></span> 
     </span>
    </p>
   </div>
   <div class='ocr_carea' id='block_1_90' title="bbox 492 5392 2150 5472">
    <p class='ocr_par' dir='ltr' id='par_1_90' title="bbox 492 5392 2150 5472">
     <span class='ocr_line' id='line_1_90' title="bbox 492 5392 2150 5472; baseline 0.002 -26"><span class='ocrx_word' id='word_1_695' title='bbox 492 5395 586 5446; x_wconf 93' lang='lat' dir='ltr'><strong>tur</strong></span> <span class='ocrx_word' id='word_1_696' title='bbox 604 5393 760 5472; x_wconf 64' lang='lat' dir='ltr'><strong>inter</strong></span> <span class='ocrx_word' id='word_1_697' title='bbox 775 5392 909 5472; x_wconf 82' lang='lat' dir='ltr'><strong>ejus</strong></span> <span class='ocrx_word' id='word_1_698' title='bbox 931 5393 1138 5472; x_wconf 72' lang='lat' dir='ltr'><strong>Opera,</strong></span> <span class='ocrx_word' id='word_1_699' title='bbox 1161 5399 1216 5448; x_wconf 90' lang='lat' dir='ltr'><strong>et</strong></span> <span class='ocrx_word' id='word_1_700' title='bbox 1237 5396 1390 5472; x_wconf 78' lang='lat' dir='ltr'><strong>apud</strong></span> <span class='ocrx_word' id='word_1_701' title='bbox 1422 5392 2042 5463; x_wconf 42' lang='lat' dir='ltr'><strong>Epiphanium—hwl‘cs.</strong></span> <span class='ocrx_word' id='word_1_702' title='bbox 2061 5398 2150 5472; x_wconf 59' lang='lat'><strong>77,</strong></span> 
     </span>
    </p>
   </div>
   <div class='ocr_carea' id='block_1_91' title="bbox 491 5465 2148 5555">
    <p class='ocr_par' dir='ltr' id='par_1_91' title="bbox 491 5465 2148 5555">
     <span class='ocr_line' id='line_1_91' title="bbox 491 5465 2148 5555; baseline 0.005 -31"><span class='ocrx_word' id='word_1_703' title='bbox 491 5474 578 5555; x_wconf 50' lang='grc' dir='ltr'><strong>ταὶ</strong></span> <span class='ocrx_word' id='word_1_704' title='bbox 599 5465 656 5530; x_wconf 79' lang='grc' dir='ltr'><strong>ἧν</strong></span> <span class='ocrx_word' id='word_1_705' title='bbox 670 5467 975 5555; x_wconf 63' lang='grc' dir='ltr'><strong>παράδοξον,</strong></span> <span class='ocrx_word' id='word_1_706' title='bbox 995 5465 1074 5555; x_wconf 56' lang='grc' dir='ltr'><strong>ὅτι</strong></span> <span class='ocrx_word' id='word_1_707' title='bbox 1095 5471 1246 5533; x_wconf 79' lang='grc' dir='ltr'><strong>αὐτὸς</strong></span> <span class='ocrx_word' id='word_1_708' title='bbox 1267 5468 1325 5531; x_wconf 77' lang='grc' dir='ltr'>ἧν</span> <span class='ocrx_word' id='word_1_709' title='bbox 1346 5473 1371 5526; x_wconf 86' lang='grc' dir='ltr'><strong><em>ὁ</em></strong></span> <span class='ocrx_word' id='word_1_710' title='bbox 1391 5475 1599 5555; x_wconf 51' lang='grc' dir='ltr'>πάσχον</span> <span class='ocrx_word' id='word_1_711' title='bbox 1620 5477 1707 5555; x_wconf 55' lang='lat' dir='ltr'><strong>uagi</strong></span> <span class='ocrx_word' id='word_1_712' title='bbox 1727 5476 1795 5546; x_wconf 78' lang='grc' dir='ltr'>μὴ</span> <span class='ocrx_word' id='word_1_713' title='bbox 1815 5477 2008 5548; x_wconf 80' lang='grc' dir='ltr'><strong>πάχον,</strong></span> <span class='ocrx_word' id='word_1_714' title='bbox 2039 5465 2148 5532; x_wconf 46' lang='lat' dir='ltr'><strong>etc:</strong></span> 
     </span>
    </p>
   </div>
   <div class='ocr_carea' id='block_1_92' title="bbox 491 5543 2149 5613">
    <p class='ocr_par' dir='ltr' id='par_1_92' title="bbox 491 5543 2149 5613">
     <span class='ocr_line' id='line_1_92' title="bbox 491 5543 2149 5613; baseline 0.003 -16"><span class='ocrx_word' id='word_1_715' title='bbox 491 5543 684 5604; x_wconf 89' lang='lat' dir='ltr'><strong>locum</strong></span> <span class='ocrx_word' id='word_1_716' title='bbox 733 5543 928 5613; x_wconf 88' lang='lat' dir='ltr'><strong>ipsum</strong></span> <span class='ocrx_word' id='word_1_717' title='bbox 973 5545 1067 5598; x_wconf 88' lang='lat' dir='ltr'><strong>adi</strong></span> <span class='ocrx_word' id='word_1_718' title='bbox 1115 5548 1171 5598; x_wconf 89' lang='lat' dir='ltr'><strong>et</strong></span> <span class='ocrx_word' id='word_1_719' title='bbox 1219 5561 1350 5599; x_wconf 88' lang='lat' dir='ltr'><strong>cum</strong></span> <span class='ocrx_word' id='word_1_720' title='bbox 1396 5543 1933 5602; x_wconf 60' lang='lat' dir='ltr'><strong>hoCAmbn‘isian&#39;o</strong></span> <span class='ocrx_word' id='word_1_721' title='bbox 1993 5565 2149 5602; x_wconf 84' lang='lat' dir='ltr'><strong>com-</strong></span> 
     </span>
    </p>
   </div>
   <div class='ocr_carea' id='block_1_93' title="bbox 495 5629 670 5700">
    <p class='ocr_par' dir='ltr' id='par_1_93' title="bbox 495 5629 670 5700">
     <span class='ocr_line' id='line_1_93' title="bbox 495 5629 670 5700; baseline 0.023 -32"><span class='ocrx_word' id='word_1_722' title='bbox 495 5629 670 5700; x_wconf 83' lang='lat' dir='ltr'><strong>pone.</strong></span> 
     </span>
    </p>
   </div>
   <div class='ocr_carea' id='block_1_94' title="bbox 2287 3275 3884 3349">
    <p class='ocr_par' dir='ltr' id='par_1_94' title="bbox 2287 3275 3884 3349">
     <span class='ocr_line' id='line_1_94' title="bbox 2287 3275 3884 3349; baseline -0.002 -20"><span class='ocrx_word' id='word_1_723' title='bbox 2287 3275 2479 3329; x_wconf 91' lang='lat' dir='ltr'><strong>anima</strong></span> <span class='ocrx_word' id='word_1_724' title='bbox 2508 3276 2620 3331; x_wconf 90' lang='lat' dir='ltr'><strong>etsi</strong></span> <span class='ocrx_word' id='word_1_725' title='bbox 2649 3276 2757 3331; x_wconf 84' lang='lat' dir='ltr'><strong>fuit</strong></span> <span class='ocrx_word' id='word_1_726' title='bbox 2784 3277 2843 3330; x_wconf 89' lang='lat' dir='ltr'><strong>in</strong></span> <span class='ocrx_word' id='word_1_727' title='bbox 2879 3278 3120 3348; x_wconf 72' lang='lat' dir='ltr'><strong>abysso,</strong></span> <span class='ocrx_word' id='word_1_728' title='bbox 3149 3278 3272 3349; x_wconf 88' lang='lat' dir='ltr'><strong>jam</strong></span> <span class='ocrx_word' id='word_1_729' title='bbox 3303 3296 3423 3335; x_wconf 91' lang='lat' dir='ltr'><strong>non</strong></span> <span class='ocrx_word' id='word_1_730' title='bbox 3455 3284 3546 3334; x_wconf 89' lang='lat' dir='ltr'><strong>est</strong></span> <span class='ocrx_word' id='word_1_731' title='bbox 3567 3295 3581 3348; x_wconf 84' lang='lat'><strong>;</strong></span> <span class='ocrx_word' id='word_1_732' title='bbox 3605 3278 3724 3348; x_wconf 90' lang='lat' dir='ltr'><strong>quia</strong></span> <span class='ocrx_word' id='word_1_733' title='bbox 3744 3275 3884 3342; x_wconf 84' lang='lat' dir='ltr'><strong>scrip-</strong></span> 
     </span>
    </p>
   </div>
   <div class='ocr_carea' id='block_1_95' title="bbox 2285 3361 3883 3439">
    <p class='ocr_par' dir='ltr' id='par_1_95' title="bbox 2285 3361 3883 3439">
     <span class='ocr_line' id='line_1_95' title="bbox 2285 3361 3883 3439; baseline -0.004 -21"><span class='ocrx_word' id='word_1_734' title='bbox 2285 3369 2409 3418; x_wconf 92' lang='lat' dir='ltr'><strong>tum</strong></span> <span class='ocrx_word' id='word_1_735' title='bbox 2432 3367 2554 3420; x_wconf 89' lang='lat' dir='ltr'><strong>est:</strong></span> <span class='ocrx_word' id='word_1_736' title='bbox 2584 3387 2606 3412; x_wconf 75' lang='grc' dir='ltr'>«ι</span> <span class='ocrx_word' id='word_1_737' title='bbox 2633 3364 2920 3429; x_wconf 87' lang='lat' dir='ltr'><strong>Quoniam</strong></span> <span class='ocrx_word' id='word_1_738' title='bbox 2943 3383 3060 3420; x_wconf 91' lang='lat' dir='ltr'><strong>non</strong></span> <span class='ocrx_word' id='word_1_739' title='bbox 3085 3367 3396 3439; x_wconf 91' lang='lat' dir='ltr'><strong>relinques</strong></span> <span class='ocrx_word' id='word_1_740' title='bbox 3415 3369 3657 3421; x_wconf 89' lang='lat' dir='ltr'><strong>animam</strong></span> <span class='ocrx_word' id='word_1_741' title='bbox 3681 3377 3830 3418; x_wconf 87' lang='lat' dir='ltr'><strong>meam</strong></span> <span class='ocrx_word' id='word_1_742' title='bbox 3846 3361 3883 3412; x_wconf 91' lang='lat' dir='ltr'><strong>in</strong></span> 
     </span>
    </p>
   </div>
   <div class='ocr_carea' id='block_1_96' title="bbox 2286 3450 3887 3521">
    <p class='ocr_par' dir='ltr' id='par_1_96' title="bbox 2286 3450 3887 3521">
     <span class='ocr_line' id='line_1_96' title="bbox 2286 3450 3887 3521; baseline 0 -15"><span class='ocrx_word' id='word_1_743' title='bbox 2286 3451 2540 3521; x_wconf 78' lang='lat' dir='ltr'><strong>inferno,</strong></span> <span class='ocrx_word' id='word_1_744' title='bbox 2566 3468 2676 3508; x_wconf 90' lang='lat' dir='ltr'><strong>nec</strong></span> <span class='ocrx_word' id='word_1_745' title='bbox 2697 3453 2868 3509; x_wconf 88' lang='lat' dir='ltr'><strong>dabis</strong></span> <span class='ocrx_word' id='word_1_746' title='bbox 2899 3460 3168 3510; x_wconf 89' lang='lat' dir='ltr'><strong>sanctum</strong></span> <span class='ocrx_word' id='word_1_747' title='bbox 3200 3460 3373 3511; x_wconf 90' lang='lat' dir='ltr'><strong>tuum</strong></span> <span class='ocrx_word' id='word_1_748' title='bbox 3406 3457 3604 3510; x_wconf 84' lang='lat' dir='ltr'><strong>videre</strong></span> <span class='ocrx_word' id='word_1_749' title='bbox 3633 3450 3887 3521; x_wconf 86' lang='lat' dir='ltr'><strong>corruptio-</strong></span> 
     </span>
    </p>
   </div>
   <div class='ocr_carea' id='block_1_97' title="bbox 2285 3539 2942 3613">
    <p class='ocr_par' dir='ltr' id='par_1_97' title="bbox 2285 3539 2942 3613">
     <span class='ocr_line' id='line_1_97' title="bbox 2285 3539 2942 3613; baseline 0.005 -19"><span class='ocrx_word' id='word_1_750' title='bbox 2285 3556 2421 3595; x_wconf 89' lang='lat' dir='ltr'><strong>nem</strong></span> <span class='ocrx_word' id='word_1_751' title='bbox 2440 3539 2628 3610; x_wconf 84' lang='lat' dir='ltr'><strong>(Psal.</strong></span> <span class='ocrx_word' id='word_1_752' title='bbox 2654 3559 2752 3596; x_wconf 85' lang='lat' dir='ltr'><strong>xv.</strong></span> <span class='ocrx_word' id='word_1_753' title='bbox 2782 3541 2889 3613; x_wconf 85' lang='grc'><strong>10).</strong></span> <span class='ocrx_word' id='word_1_754' title='bbox 2919 3567 2942 3592; x_wconf 76' lang='grc' dir='ltr'><strong><em>υ</em></strong></span> 
     </span>
    </p>
   </div>
   <div class='ocr_carea' id='block_1_98' title="bbox 2357 3627 3887 3702">
    <p class='ocr_par' dir='ltr' id='par_1_98' title="bbox 2357 3627 3887 3702">
     <span class='ocr_line' id='line_1_98' title="bbox 2357 3627 3887 3702; baseline 0.004 -19"><span class='ocrx_word' id='word_1_755' title='bbox 2357 3628 2446 3683; x_wconf 80' lang='grc'><strong>43.</strong></span> <span class='ocrx_word' id='word_1_756' title='bbox 2476 3629 2635 3685; x_wconf 88' lang='lat' dir='ltr'><strong>Mare</strong></span> <span class='ocrx_word' id='word_1_757' title='bbox 2667 3646 2811 3702; x_wconf 89' lang='lat' dir='ltr'><strong>ergo</strong></span> <span class='ocrx_word' id='word_1_758' title='bbox 2839 3631 2978 3686; x_wconf 88' lang='lat' dir='ltr'><strong>dicit</strong></span> <span class='ocrx_word' id='word_1_759' title='bbox 3002 3647 3014 3687; x_wconf 95' lang='lat'><strong>:</strong></span> <span class='ocrx_word' id='word_1_760' title='bbox 3053 3655 3075 3680; x_wconf 88' lang='lat'><em>«</em></span> <span class='ocrx_word' id='word_1_761' title='bbox 3099 3632 3232 3688; x_wconf 87' lang='lat' dir='ltr'><strong>Non</strong></span> <span class='ocrx_word' id='word_1_762' title='bbox 3260 3636 3360 3688; x_wconf 91' lang='lat' dir='ltr'><strong>est</strong></span> <span class='ocrx_word' id='word_1_763' title='bbox 3379 3647 3627 3700; x_wconf 90' lang='lat' dir='ltr'><strong>mecum,</strong></span> <span class='ocrx_word' id='word_1_764' title='bbox 3657 3654 3676 3678; x_wconf 72' lang='grc' dir='ltr'>ι»</span> <span class='ocrx_word' id='word_1_765' title='bbox 3697 3629 3794 3685; x_wconf 84' lang='lat' dir='ltr'><strong>hoc</strong></span> <span class='ocrx_word' id='word_1_766' title='bbox 3811 3627 3887 3688; x_wconf 69' lang='lat' dir='ltr'><strong>est.</strong></span> 
     </span>
    </p>
   </div>
   <div class='ocr_carea' id='block_1_99' title="bbox 2284 3712 3890 3792">
    <p class='ocr_par' dir='ltr' id='par_1_99' title="bbox 2284 3712 3890 3792">
     <span class='ocr_line' id='line_1_99' title="bbox 2284 3712 3890 3792; baseline -0.006 -22"><span class='ocrx_word' id='word_1_767' title='bbox 2284 3715 2402 3770; x_wconf 87' lang='lat' dir='ltr'><strong>vita</strong></span> <span class='ocrx_word' id='word_1_768' title='bbox 2432 3721 2635 3772; x_wconf 89' lang='lat' dir='ltr'><strong>nostra</strong></span> <span class='ocrx_word' id='word_1_769' title='bbox 2661 3718 2804 3774; x_wconf 90' lang='lat' dir='ltr'><strong>dicit</strong></span> <span class='ocrx_word' id='word_1_770' title='bbox 2829 3720 3108 3774; x_wconf 85' lang='lat' dir='ltr'><strong>fluctibus</strong></span> <span class='ocrx_word' id='word_1_771' title='bbox 3139 3723 3356 3776; x_wconf 77' lang='lat' dir='ltr'><strong>saeculi</strong></span> <span class='ocrx_word' id='word_1_772' title='bbox 3391 3721 3665 3792; x_wconf 89' lang='lat' dir='ltr'><strong>inquieta.</strong></span> <span class='ocrx_word' id='word_1_773' title='bbox 3696 3717 3804 3770; x_wconf 90' lang='lat' dir='ltr'><strong>Non</strong></span> <span class='ocrx_word' id='word_1_774' title='bbox 3829 3712 3890 3764; x_wconf 84' lang='lat' dir='ltr'><strong>est</strong></span> 
     </span>
    </p>
   </div>
   <div class='ocr_carea' id='block_1_100' title="bbox 2285 3806 3892 3881">
    <p class='ocr_par' dir='ltr' id='par_1_100' title="bbox 2285 3806 3892 3881">
     <span class='ocr_line' id='line_1_100' title="bbox 2285 3806 3892 3881; baseline -0.004 -22"><span class='ocrx_word' id='word_1_775' title='bbox 2285 3806 2442 3859; x_wconf 89' lang='lat' dir='ltr'><strong>enim</strong></span> <span class='ocrx_word' id='word_1_776' title='bbox 2477 3806 2629 3860; x_wconf 88' lang='lat' dir='ltr'><strong>inter</strong></span> <span class='ocrx_word' id='word_1_777' title='bbox 2655 3806 2926 3862; x_wconf 91' lang='lat' dir='ltr'><strong>homines</strong></span> <span class='ocrx_word' id='word_1_778' title='bbox 2960 3825 3097 3863; x_wconf 91' lang='lat' dir='ltr'><strong>caro</strong></span> <span class='ocrx_word' id='word_1_779' title='bbox 3121 3809 3280 3879; x_wconf 88' lang='lat' dir='ltr'><strong>ejus,</strong></span> <span class='ocrx_word' id='word_1_780' title='bbox 3307 3811 3449 3881; x_wconf 90' lang='lat' dir='ltr'><strong>quia</strong></span> <span class='ocrx_word' id='word_1_781' title='bbox 3473 3806 3776 3863; x_wconf 87' lang='lat' dir='ltr'><strong>secundum</strong></span> <span class='ocrx_word' id='word_1_782' title='bbox 3799 3816 3892 3855; x_wconf 83' lang='lat' dir='ltr'><strong>car-</strong></span> 
     </span>
    </p>
   </div>
   <div class='ocr_carea' id='block_1_101' title="bbox 2285 3887 3891 3968">
    <p class='ocr_par' dir='ltr' id='par_1_101' title="bbox 2285 3887 3891 3968">
     <span class='ocr_line' id='line_1_101' title="bbox 2285 3887 3891 3968; baseline -0.002 -20"><span class='ocrx_word' id='word_1_783' title='bbox 2285 3909 2419 3948; x_wconf 89' lang='lat' dir='ltr'><strong>nem</strong></span> <span class='ocrx_word' id='word_1_784' title='bbox 2449 3895 2575 3965; x_wconf 92' lang='lat' dir='ltr'><strong>jam</strong></span> <span class='ocrx_word' id='word_1_785' title='bbox 2613 3911 2730 3950; x_wconf 91' lang='lat' dir='ltr'><strong>non</strong></span> <span class='ocrx_word' id='word_1_786' title='bbox 2769 3897 3042 3952; x_wconf 90' lang='lat' dir='ltr'><strong>novimus</strong></span> <span class='ocrx_word' id='word_1_787' title='bbox 3078 3896 3390 3953; x_wconf 87' lang='lat' dir='ltr'><strong>Christum</strong></span> <span class='ocrx_word' id='word_1_788' title='bbox 3427 3897 3534 3968; x_wconf 89' lang='lat' dir='ltr'><strong>(Il</strong></span> <span class='ocrx_word' id='word_1_789' title='bbox 3560 3897 3685 3951; x_wconf 86' lang='lat' dir='ltr'><strong>Cor.</strong></span> <span class='ocrx_word' id='word_1_790' title='bbox 3722 3910 3770 3958; x_wconf 83' lang='lat' dir='ltr'><strong>v,</strong></span> <span class='ocrx_word' id='word_1_791' title='bbox 3805 3887 3891 3942; x_wconf 69' lang='lat' dir='ltr'><strong>16t-</strong></span> 
     </span>
    </p>
   </div>
   <div class='ocr_carea' id='block_1_102' title="bbox 2285 3974 3890 4057">
    <p class='ocr_par' dir='ltr' id='par_1_102' title="bbox 2285 3974 3890 4057">
     <span class='ocr_line' id='line_1_102' title="bbox 2285 3974 3890 4057; baseline -0.001 -22"><span class='ocrx_word' id='word_1_792' title='bbox 2285 3981 2466 4036; x_wconf 87' lang='lat' dir='ltr'><strong>Terra</strong></span> <span class='ocrx_word' id='word_1_793' title='bbox 2501 3983 2640 4037; x_wconf 84' lang='lat' dir='ltr'><strong>dicit</strong></span> <span class='ocrx_word' id='word_1_794' title='bbox 2671 3999 2683 4039; x_wconf 93' lang='lat'><strong>:</strong></span> <span class='ocrx_word' id='word_1_795' title='bbox 2734 4007 2755 4030; x_wconf 87' lang='grc'><strong>‹‹</strong></span> <span class='ocrx_word' id='word_1_796' title='bbox 2788 3985 2918 4039; x_wconf 83' lang='lat' dir='ltr'><strong>Non</strong></span> <span class='ocrx_word' id='word_1_797' title='bbox 2951 3988 3041 4040; x_wconf 89' lang='lat' dir='ltr'><strong>est</strong></span> <span class='ocrx_word' id='word_1_798' title='bbox 3078 4001 3346 4057; x_wconf 90' lang='lat' dir='ltr'><strong>mecum,</strong></span> <span class='ocrx_word' id='word_1_799' title='bbox 3387 4010 3409 4034; x_wconf 74' lang='grc' dir='ltr'>ι»</span> <span class='ocrx_word' id='word_1_800' title='bbox 3445 3986 3582 4057; x_wconf 90' lang='lat' dir='ltr'><strong>quia</strong></span> <span class='ocrx_word' id='word_1_801' title='bbox 3611 3974 3890 4038; x_wconf 68' lang='lat' dir='ltr'><strong>resurrexit.</strong></span> 
     </span>
    </p>
   </div>
   <div class='ocr_carea' id='block_1_103' title="bbox 2285 4069 3894 4145">
    <p class='ocr_par' dir='ltr' id='par_1_103' title="bbox 2285 4069 3894 4145">
     <span class='ocr_line' id='line_1_103' title="bbox 2285 4069 3894 4145; baseline -0.001 -22"><span class='ocrx_word' id='word_1_802' title='bbox 2285 4069 2548 4141; x_wconf 88' lang='lat' dir='ltr'><strong>Denique</strong></span> <span class='ocrx_word' id='word_1_803' title='bbox 2571 4072 2819 4142; x_wconf 81' lang='lat' dir='ltr'><strong>angelus</strong></span> <span class='ocrx_word' id='word_1_804' title='bbox 2841 4075 2920 4127; x_wconf 90' lang='lat' dir='ltr'><strong>ait</strong></span> <span class='ocrx_word' id='word_1_805' title='bbox 2943 4087 2956 4128; x_wconf 91' lang='lat'><strong>:</strong></span> <span class='ocrx_word' id='word_1_806' title='bbox 2985 4096 3006 4120; x_wconf 73' lang='grc' dir='ltr'><strong>ιι</strong></span> <span class='ocrx_word' id='word_1_807' title='bbox 3033 4072 3179 4138; x_wconf 90' lang='lat' dir='ltr'><strong>Quid</strong></span> <span class='ocrx_word' id='word_1_808' title='bbox 3207 4076 3489 4145; x_wconf 71' lang='lat' dir='ltr'><strong>quaeritis</strong></span> <span class='ocrx_word' id='word_1_809' title='bbox 3513 4074 3781 4126; x_wconf 82' lang='lat' dir='ltr'><strong>viventem</strong></span> <span class='ocrx_word' id='word_1_810' title='bbox 3800 4077 3894 4116; x_wconf 82' lang='lat' dir='ltr'><strong>cum</strong></span> 
     </span>
    </p>
   </div>
   <div class='ocr_carea' id='block_1_104' title="bbox 2283 4152 3896 4229">
    <p class='ocr_par' dir='ltr' id='par_1_104' title="bbox 2283 4152 3896 4229">
     <span class='ocr_line' id='line_1_104' title="bbox 2283 4152 3896 4229; baseline -0.006 -15"><span class='ocrx_word' id='word_1_811' title='bbox 2283 4159 2532 4214; x_wconf 87' lang='lat' dir='ltr'><strong>mortuis</strong></span> <span class='ocrx_word' id='word_1_812' title='bbox 2554 4160 2715 4227; x_wconf 75' lang='lat' dir='ltr'><strong>(Luc.</strong></span> <span class='ocrx_word' id='word_1_813' title='bbox 2741 4177 2902 4229; x_wconf 75' lang='lat' dir='ltr'><strong>xxxv,</strong></span> <span class='ocrx_word' id='word_1_814' title='bbox 2924 4161 3030 4229; x_wconf 85' lang='lat'><strong>5)?</strong></span> <span class='ocrx_word' id='word_1_815' title='bbox 3064 4181 3086 4211; x_wconf 69' lang='grc' dir='ltr'><strong>ι</strong></span> <span class='ocrx_word' id='word_1_816' title='bbox 3114 4161 3183 4216; x_wconf 91' lang='lat' dir='ltr'><strong>Et</strong></span> <span class='ocrx_word' id='word_1_817' title='bbox 3199 4155 3364 4217; x_wconf 84' lang='lat' dir='ltr'><strong>bene</strong></span> <span class='ocrx_word' id='word_1_818' title='bbox 3385 4175 3549 4216; x_wconf 90' lang='lat' dir='ltr'><strong>mare</strong></span> <span class='ocrx_word' id='word_1_819' title='bbox 3575 4159 3740 4214; x_wconf 86' lang='lat' dir='ltr'><strong>dixit:</strong></span> <span class='ocrx_word' id='word_1_820' title='bbox 3763 4178 3780 4201; x_wconf 80' lang='grc' dir='ltr'><strong>ι</strong></span> <span class='ocrx_word' id='word_1_821' title='bbox 3798 4152 3896 4206; x_wconf 80' lang='lat' dir='ltr'><strong>Non</strong></span> 
     </span>
    </p>
   </div>
   <div class='ocr_carea' id='block_1_105' title="bbox 2283 4237 3895 4320">
    <p class='ocr_par' dir='ltr' id='par_1_105' title="bbox 2283 4237 3895 4320">
     <span class='ocr_line' id='line_1_105' title="bbox 2283 4237 3895 4320; baseline -0.004 -20"><span class='ocrx_word' id='word_1_822' title='bbox 2283 4250 2375 4300; x_wconf 92' lang='lat' dir='ltr'><strong>est</strong></span> <span class='ocrx_word' id='word_1_823' title='bbox 2393 4263 2657 4317; x_wconf 86' lang='lat' dir='ltr'><strong>mecum;</strong></span> <span class='ocrx_word' id='word_1_824' title='bbox 2686 4271 2707 4296; x_wconf 86' lang='grc'><strong>››</strong></span> <span class='ocrx_word' id='word_1_825' title='bbox 2729 4250 2864 4319; x_wconf 90' lang='lat' dir='ltr'><strong>quia</strong></span> <span class='ocrx_word' id='word_1_826' title='bbox 2885 4265 3068 4320; x_wconf 88' lang='lat' dir='ltr'><strong>super</strong></span> <span class='ocrx_word' id='word_1_827' title='bbox 3085 4265 3244 4304; x_wconf 89' lang='lat' dir='ltr'><strong>mare</strong></span> <span class='ocrx_word' id='word_1_828' title='bbox 3262 4255 3415 4305; x_wconf 89' lang='lat' dir='ltr'><strong>erat.</strong></span> <span class='ocrx_word' id='word_1_829' title='bbox 3445 4251 3704 4319; x_wconf 90' lang='lat' dir='ltr'><strong>Denique</strong></span> <span class='ocrx_word' id='word_1_830' title='bbox 3722 4246 3773 4297; x_wconf 93' lang='lat' dir='ltr'><strong>in</strong></span> <span class='ocrx_word' id='word_1_831' title='bbox 3792 4237 3895 4294; x_wconf 79' lang='lat' dir='ltr'><strong>mari</strong></span> 
     </span>
    </p>
   </div>
   <div class='ocr_carea' id='block_1_106' title="bbox 2281 4328 3894 4410">
    <p class='ocr_par' dir='ltr' id='par_1_106' title="bbox 2281 4328 3894 4410">
     <span class='ocr_line' id='line_1_106' title="bbox 2281 4328 3894 4410; baseline -0.002 -21"><span class='ocrx_word' id='word_1_832' title='bbox 2281 4337 2338 4390; x_wconf 93' lang='lat' dir='ltr'><strong>et</strong></span> <span class='ocrx_word' id='word_1_833' title='bbox 2360 4337 2664 4406; x_wconf 86' lang='lat' dir='ltr'><strong>corporeis</strong></span> <span class='ocrx_word' id='word_1_834' title='bbox 2681 4337 2956 4408; x_wconf 81' lang='lat' dir='ltr'><strong>vestigiis</strong></span> <span class='ocrx_word' id='word_1_835' title='bbox 2973 4338 3334 4406; x_wconf 85' lang='lat' dir='ltr'><strong>ambulabat,</strong></span> <span class='ocrx_word' id='word_1_836' title='bbox 3357 4338 3594 4410; x_wconf 91' lang='lat' dir='ltr'><strong>quando</strong></span> <span class='ocrx_word' id='word_1_837' title='bbox 3608 4338 3661 4390; x_wconf 85' lang='lat' dir='ltr'><strong>et</strong></span> <span class='ocrx_word' id='word_1_838' title='bbox 3679 4328 3894 4399; x_wconf 74' lang='lat' dir='ltr'><strong>subjecto</strong></span> 
     </span>
    </p>
   </div>
   <div class='ocr_carea' id='block_1_107' title="bbox 2282 4414 3897 4496">
    <p class='ocr_par' dir='ltr' id='par_1_107' title="bbox 2282 4414 3897 4496">
     <span class='ocr_line' id='line_1_107' title="bbox 2282 4414 3897 4496; baseline -0.007 -20"><span class='ocrx_word' id='word_1_839' title='bbox 2282 4425 2428 4477; x_wconf 89' lang='lat' dir='ltr'><strong>mari</strong></span> <span class='ocrx_word' id='word_1_840' title='bbox 2446 4440 2629 4495; x_wconf 88' lang='lat' dir='ltr'><strong>super</strong></span> <span class='ocrx_word' id='word_1_841' title='bbox 2648 4441 2806 4480; x_wconf 88' lang='lat' dir='ltr'><strong>mare</strong></span> <span class='ocrx_word' id='word_1_842' title='bbox 2830 4427 3067 4480; x_wconf 85' lang='lat' dir='ltr'><strong>Petrum</strong></span> <span class='ocrx_word' id='word_1_843' title='bbox 3092 4426 3406 4481; x_wconf 89' lang='lat' dir='ltr'><strong>ambulare</strong></span> <span class='ocrx_word' id='word_1_844' title='bbox 3439 4425 3701 4496; x_wconf 68' lang='lat' dir='ltr'><strong>praecipit</strong></span> <span class='ocrx_word' id='word_1_845' title='bbox 3716 4414 3897 4492; x_wconf 72' lang='lat' dir='ltr'><strong>(Matth.</strong></span> 
     </span>
    </p>
   </div>
   <div class='ocr_carea' id='block_1_108' title="bbox 2280 4513 3896 4584">
    <p class='ocr_par' dir='ltr' id='par_1_108' title="bbox 2280 4513 3896 4584">
     <span class='ocr_line' id='line_1_108' title="bbox 2280 4513 3896 4584; baseline -0.017 0"><span class='ocrx_word' id='word_1_846' title='bbox 2280 4529 2402 4582; x_wconf 66' lang='lat' dir='ltr'><strong>XIV.</strong></span> <span class='ocrx_word' id='word_1_847' title='bbox 2446 4513 2570 4582; x_wconf 73' lang='lat'><strong>29);</strong></span> <span class='ocrx_word' id='word_1_848' title='bbox 2608 4517 2705 4584; x_wconf 87' lang='lat' dir='ltr'><strong>qui</strong></span> <span class='ocrx_word' id='word_1_849' title='bbox 2741 4514 2876 4567; x_wconf 62' lang='lat' dir='ltr'><strong>licet</strong></span> <span class='ocrx_word' id='word_1_850' title='bbox 2907 4515 3266 4582; x_wconf 76' lang='lat' dir='ltr'><strong>titubaverit,</strong></span> <span class='ocrx_word' id='word_1_851' title='bbox 3305 4515 3582 4568; x_wconf 83' lang='lat' dir='ltr'><strong>titubavit</strong></span> <span class='ocrx_word' id='word_1_852' title='bbox 3617 4516 3784 4564; x_wconf 91' lang='lat' dir='ltr'><strong>tamen</strong></span> <span class='ocrx_word' id='word_1_853' title='bbox 3815 4514 3896 4554; x_wconf 60' lang='lat' dir='ltr'><strong>nan</strong></span> 
     </span>
    </p>
   </div>
   <div class='ocr_carea' id='block_1_109' title="bbox 2281 4596 3898 4673">
    <p class='ocr_par' dir='ltr' id='par_1_109' title="bbox 2281 4596 3898 4673">
     <span class='ocr_line' id='line_1_109' title="bbox 2281 4596 3898 4673; baseline -0.008 -20"><span class='ocrx_word' id='word_1_854' title='bbox 2281 4617 2387 4670; x_wconf 87' lang='lat' dir='ltr'><strong>per</strong></span> <span class='ocrx_word' id='word_1_855' title='bbox 2425 4602 2881 4656; x_wconf 88' lang='lat' dir='ltr'><strong>imbecillitatem</strong></span> <span class='ocrx_word' id='word_1_856' title='bbox 2917 4601 3215 4672; x_wconf 89' lang='lat' dir='ltr'><strong>jubentis,</strong></span> <span class='ocrx_word' id='word_1_857' title='bbox 3255 4603 3375 4658; x_wconf 88' lang='lat' dir='ltr'><strong>sed</strong></span> <span class='ocrx_word' id='word_1_858' title='bbox 3423 4619 3533 4673; x_wconf 85' lang='lat' dir='ltr'><strong>per</strong></span> <span class='ocrx_word' id='word_1_859' title='bbox 3567 4596 3898 4655; x_wconf 64' lang='lat' dir='ltr'><strong>infirmilatcm</strong></span> 
     </span>
    </p>
   </div>
   <div class='ocr_carea' id='block_1_110' title="bbox 2281 4689 2632 4744">
    <p class='ocr_par' dir='ltr' id='par_1_110' title="bbox 2281 4689 2632 4744">
     <span class='ocr_line' id='line_1_110' title="bbox 2281 4689 2632 4744; baseline 0.009 -3"><span class='ocrx_word' id='word_1_860' title='bbox 2281 4689 2632 4744; x_wconf 87' lang='lat' dir='ltr'><strong>obedientis.</strong></span> 
     </span>
    </p>
   </div>
   <div class='ocr_carea' id='block_1_111' title="bbox 2349 4771 3902 4850">
    <p class='ocr_par' dir='ltr' id='par_1_111' title="bbox 2349 4771 3902 4850">
     <span class='ocr_line' id='line_1_111' title="bbox 2349 4771 3902 4850; baseline -0.002 -21"><span class='ocrx_word' id='word_1_861' title='bbox 2349 4777 2438 4830; x_wconf 71' lang='grc'><strong>44.</strong></span> <span class='ocrx_word' id='word_1_862' title='bbox 2468 4777 2624 4848; x_wconf 88' lang='lat' dir='ltr'><strong>Ergo</strong></span> <span class='ocrx_word' id='word_1_863' title='bbox 2648 4778 2950 4847; x_wconf 90' lang='lat' dir='ltr'><strong>splendori</strong></span> <span class='ocrx_word' id='word_1_864' title='bbox 2973 4777 3179 4850; x_wconf 69' lang='lat' dir='ltr'><strong>gloria:</strong></span> <span class='ocrx_word' id='word_1_865' title='bbox 3193 4794 3317 4833; x_wconf 89' lang='lat' dir='ltr'><strong>non</strong></span> <span class='ocrx_word' id='word_1_866' title='bbox 3341 4779 3709 4849; x_wconf 87' lang='lat' dir='ltr'><strong>permiscens</strong></span> <span class='ocrx_word' id='word_1_867' title='bbox 3729 4771 3902 4826; x_wconf 55' lang='lat' dir='ltr'><strong>nostra</strong></span> 
     </span>
    </p>
   </div>
   <div class='ocr_carea' id='block_1_112' title="bbox 2277 4863 3904 4935">
    <p class='ocr_par' dir='ltr' id='par_1_112' title="bbox 2277 4863 3904 4935">
     <span class='ocr_line' id='line_1_112' title="bbox 2277 4863 3904 4935; baseline -0.004 -18"><span class='ocrx_word' id='word_1_868' title='bbox 2277 4869 2662 4920; x_wconf 85' lang='lat' dir='ltr'><strong>atramentum</strong></span> <span class='ocrx_word' id='word_1_869' title='bbox 2707 4871 2954 4935; x_wconf 61' lang='lat' dir='ltr'><strong>natm-ie,</strong></span> <span class='ocrx_word' id='word_1_870' title='bbox 3006 4882 3123 4921; x_wconf 89' lang='lat' dir='ltr'><strong>non</strong></span> <span class='ocrx_word' id='word_1_871' title='bbox 3169 4866 3290 4921; x_wconf 90' lang='lat' dir='ltr'><strong>luci</strong></span> <span class='ocrx_word' id='word_1_872' title='bbox 3357 4867 3638 4920; x_wconf 90' lang='lat' dir='ltr'><strong>nebulam</strong></span> <span class='ocrx_word' id='word_1_873' title='bbox 3684 4863 3904 4915; x_wconf 63' lang='lat' dir='ltr'><strong>humana!</strong></span> 
     </span>
    </p>
   </div>
   <div class='ocr_carea' id='block_1_113' title="bbox 2279 4937 3904 5025">
    <p class='ocr_par' dir='ltr' id='par_1_113' title="bbox 2279 4937 3904 5025">
     <span class='ocr_line' id='line_1_113' title="bbox 2279 4937 3904 5025; baseline -0.004 -20"><span class='ocrx_word' id='word_1_874' title='bbox 2279 4955 2476 5006; x_wconf 88' lang='lat' dir='ltr'><strong>carnis</strong></span> <span class='ocrx_word' id='word_1_875' title='bbox 2508 4953 2799 5008; x_wconf 73' lang='lat' dir='ltr'><strong>oll’undas.</strong></span> <span class='ocrx_word' id='word_1_876' title='bbox 2841 4957 3074 5010; x_wconf 75' lang='lat' dir='ltr'><strong>Rursus</strong></span> <span class='ocrx_word' id='word_1_877' title='bbox 3108 4957 3464 5025; x_wconf 89' lang='lat' dir='ltr'><strong>passionem</strong></span> <span class='ocrx_word' id='word_1_878' title='bbox 3501 4951 3826 5025; x_wconf 63' lang='lat' dir='ltr'><strong>praedicans,</strong></span> <span class='ocrx_word' id='word_1_879' title='bbox 3865 4937 3904 4992; x_wconf 71' lang='lat' dir='ltr'><strong>Si</strong></span> 
     </span>
    </p>
   </div>
   <div class='ocr_carea' id='block_1_114' title="bbox 2277 5030 3904 5113">
    <p class='ocr_par' dir='ltr' id='par_1_114' title="bbox 2277 5030 3904 5113">
     <span class='ocr_line' id='line_1_114' title="bbox 2277 5030 3904 5113; baseline 0.002 -17"><span class='ocrx_word' id='word_1_880' title='bbox 2277 5057 2648 5112; x_wconf 87' lang='lat' dir='ltr'><strong>nequaquam</strong></span> <span class='ocrx_word' id='word_1_881' title='bbox 2679 5043 2732 5094; x_wconf 90' lang='lat' dir='ltr'><strong>id</strong></span> <span class='ocrx_word' id='word_1_882' title='bbox 2769 5043 2922 5112; x_wconf 89' lang='lat' dir='ltr'><strong>quod</strong></span> <span class='ocrx_word' id='word_1_883' title='bbox 2943 5047 3035 5096; x_wconf 90' lang='lat' dir='ltr'><strong>est</strong></span> <span class='ocrx_word' id='word_1_884' title='bbox 3055 5044 3347 5113; x_wconf 86' lang='lat' dir='ltr'><strong>passibile</strong></span> <span class='ocrx_word' id='word_1_885' title='bbox 3379 5030 3904 5113; x_wconf 65' lang='lat' dir='ltr'><strong>recognoscasil’i‘“</strong></span> 
     </span>
    </p>
   </div>
   <div class='ocr_carea' id='block_1_115' title="bbox 2276 5113 3902 5200">
    <p class='ocr_par' dir='ltr' id='par_1_115' title="bbox 2276 5113 3902 5200">
     <span class='ocr_line' id='line_1_115' title="bbox 2276 5113 3902 5200; baseline -0.005 -18"><span class='ocrx_word' id='word_1_886' title='bbox 2276 5132 2452 5184; x_wconf 89' lang='lat' dir='ltr'><strong>tatem</strong></span> <span class='ocrx_word' id='word_1_887' title='bbox 2475 5131 2706 5186; x_wconf 91' lang='lat' dir='ltr'><strong>Domini</strong></span> <span class='ocrx_word' id='word_1_888' title='bbox 2730 5131 3018 5199; x_wconf 81' lang='lat' dir='ltr'><strong>refellisti,</strong></span> <span class='ocrx_word' id='word_1_889' title='bbox 3046 5131 3296 5185; x_wconf 86' lang='lat' dir='ltr'><strong>salutem</strong></span> <span class='ocrx_word' id='word_1_890' title='bbox 3320 5136 3488 5185; x_wconf 91' lang='lat' dir='ltr'><strong>tuam</strong></span> <span class='ocrx_word' id='word_1_891' title='bbox 3512 5126 3753 5200; x_wconf 88' lang='lat' dir='ltr'><strong>negasti.</strong></span> <span class='ocrx_word' id='word_1_892' title='bbox 3774 5113 3902 5173; x_wconf 62' lang='lat' dir='ltr'><strong>Unde</strong></span> 
     </span>
    </p>
   </div>
   <div class='ocr_carea' id='block_1_116' title="bbox 2346 5323 3638 5396">
    <p class='ocr_par' dir='ltr' id='par_1_116' title="bbox 2346 5323 3638 5396">
     <span class='ocr_line' id='line_1_116' title="bbox 2346 5323 3638 5396; baseline -0.004 -18"><span class='ocrx_word' id='word_1_893' title='bbox 2346 5326 2457 5390; x_wconf 72' lang='lat'><strong>(9.6)</strong></span> <span class='ocrx_word' id='word_1_894' title='bbox 2491 5325 2637 5380; x_wconf 85' lang='lat' dir='ltr'><strong>Mss.</strong></span> <span class='ocrx_word' id='word_1_895' title='bbox 2670 5341 2785 5379; x_wconf 90' lang='lat' dir='ltr'><strong>non</strong></span> <span class='ocrx_word' id='word_1_896' title='bbox 2819 5325 3008 5395; x_wconf 85' lang='lat' dir='ltr'><strong>pauci,</strong></span> <span class='ocrx_word' id='word_1_897' title='bbox 3044 5323 3327 5396; x_wconf 69' lang='lat' dir='ltr'><strong>expiabat</strong></span> <span class='ocrx_word' id='word_1_898' title='bbox 3369 5323 3638 5378; x_wconf 78' lang='lat' dir='ltr'><strong>vulnera.</strong></span> 
     </span>
    </p>
   </div>
   <div class='ocr_carea' id='block_1_117' title="bbox 2348 5379 3906 5466">
    <p class='ocr_par' dir='ltr' id='par_1_117' title="bbox 2348 5379 3906 5466">
     <span class='ocr_line' id='line_1_117' title="bbox 2348 5379 3906 5466; baseline -0.004 -16"><span class='ocrx_word' id='word_1_899' title='bbox 2508 5398 2590 5450; x_wconf 88' lang='lat' dir='ltr'><strong>lta</strong></span> <span class='ocrx_word' id='word_1_900' title='bbox 2637 5401 2752 5451; x_wconf 89' lang='lat' dir='ltr'><strong>vet.</strong></span> <span class='ocrx_word' id='word_1_901' title='bbox 2801 5379 2938 5450; x_wconf 69' lang='lat' dir='ltr'><strong>edit.</strong></span> <span class='ocrx_word' id='word_1_902' title='bbox 2979 5379 3046 5449; x_wconf 73' lang='lat' dir='ltr'><strong>ac</strong></span> <span class='ocrx_word' id='word_1_903' title='bbox 3089 5379 3291 5466; x_wconf 55' lang='lat' dir='ltr'><strong>p&#39;lures</strong></span> <span class='ocrx_word' id='word_1_904' title='bbox 3324 5411 3481 5450; x_wconf 90' lang='lat' dir='ltr'><strong>mss.</strong></span> <span class='ocrx_word' id='word_1_905' title='bbox 3521 5395 3685 5448; x_wconf 78' lang='lat' dir='ltr'><strong>Rom.</strong></span> <span class='ocrx_word' id='word_1_906' title='bbox 3717 5379 3906 5466; x_wconf 37' lang='lat' dir='ltr'><strong>vero”:3t</strong></span> 
     </span>
    </p>
   </div>
   <div class='ocr_carea' id='block_1_118' title="bbox 2273 5451 3904 5539">
    <p class='ocr_par' dir='ltr' id='par_1_118' title="bbox 2273 5451 3904 5539">
     <span class='ocr_line' id='line_1_118' title="bbox 2273 5451 3904 5539; baseline -0.015 -16"><span class='ocrx_word' id='word_1_907' title='bbox 2273 5451 2371 5522; x_wconf 81' lang='lat' dir='ltr'><strong>alii</strong></span> <span class='ocrx_word' id='word_1_908' title='bbox 2419 5451 2526 5538; x_wconf 80' lang='lat' dir='ltr'><strong>per</strong></span> <span class='ocrx_word' id='word_1_909' title='bbox 2571 5451 3112 5539; x_wconf 55' lang='lat' dir='ltr'><strong>interrogationem:</strong></span> <span class='ocrx_word' id='word_1_910' title='bbox 3151 5489 3171 5516; x_wconf 79' lang='grc' dir='ltr'><strong>ιι</strong></span> <span class='ocrx_word' id='word_1_911' title='bbox 3225 5466 3392 5521; x_wconf 88' lang='lat' dir='ltr'><strong>unde</strong></span> <span class='ocrx_word' id='word_1_912' title='bbox 3439 5470 3672 5534; x_wconf 89' lang='lat' dir='ltr'><strong>tempus</strong></span> <span class='ocrx_word' id='word_1_913' title='bbox 3709 5451 3904 5525; x_wconf 79' lang='lat' dir='ltr'><strong>signiti-</strong></span> 
     </span>
    </p>
   </div>
   <div class='ocr_carea' id='block_1_119' title="bbox 2276 5539 2948 5594">
    <p class='ocr_par' dir='ltr' id='par_1_119' title="bbox 2276 5539 2948 5594">
     <span class='ocr_line' id='line_1_119' title="bbox 2276 5539 2948 5594; baseline 0 -2"><span class='ocrx_word' id='word_1_914' title='bbox 2276 5540 2414 5592; x_wconf 80' lang='lat' dir='ltr'><strong>cat‘.’</strong></span> <span class='ocrx_word' id='word_1_915' title='bbox 2450 5559 2472 5589; x_wconf 76' lang='lat' dir='ltr'><strong>ii</strong></span> <span class='ocrx_word' id='word_1_916' title='bbox 2508 5539 2746 5594; x_wconf 85' lang='lat' dir='ltr'><strong>Minime</strong></span> <span class='ocrx_word' id='word_1_917' title='bbox 2779 5539 2948 5592; x_wconf 89' lang='lat' dir='ltr'><strong>male.</strong></span> 
     </span>
    </p>
   </div>
  </div>
