3964 6168
474 297 592 378 867

469 507 708 580 quidem
737 521 812 562 ex
841 509 1082 577 paterna
1108 507 1486 576 processisse
1511 509 1860 573 substantia,
1896 525 2132 562 carnem
2169 491 2220 552 Α

470 601 666 651 autem
713 611 792 650 ex
837 595 1070 666 virgine
1117 613 1253 651 esse
1317 598 1582 651 confessi
1631 603 1784 652 sunt.
1839 598 2142 661 Quomodo

470 683 662 758 igitur
683 684 913 738 Nicaeni
945 685 1180 738 concilii
1203 701 1414 739 nomen
1442 687 1777 739 obtenditur
1794 691 1845 740 et
1872 703 2020 738 nova
2055 688 2139 739 in-

473 773 789 840 ducuntur,
827 788 960 843 quae
991 789 1286 843 nunquam
1334 775 1521 827 nostri
1569 791 1814 828 sensere
1851 775 2141 842 majores;

474 875 611 914 cum
642 860 843 931 utique
878 860 1198 929 Scriptura)
1229 847 1424 914 dicant
1453 863 1586 930 quia
1619 863 1892 914 Christus
1926 879 2142 915 secun-

475 947 616 1002 dum
645 963 882 1001 carnem
925 964 1145 1017 passus
1172 952 1264 1002 est
1291 949 1338 1017 (1
1363 949 1533 1002 Petr.
1561 966 1638 1017 1v,
1674 950 1747 1017 t),
1787 967 1902 1002 non
1925 966 2141 1002 secun—

474 1035 615 1090 dum
647 1035 1010 1089 divinitatem
1043 1051 1056 1090 :
1100 1036 1420 1106 Scriptores
1461 1037 1656 1089 dicant
1699 1040 1834 1106 quia
1873 1038 2049 1108 Virgo
2084 1039 2142 1090 in

470 1127 638 1178 utero
668 1123 936 1193 accipiet,
973 1129 1028 1177 et
1060 1125 1245 1193 pariet
1295 1123 1506 1178 Filium
1553 1125 1684 1183 (λεί).
1719 1143 1818 1192 vn,
1859 1125 1939 1189 14)
1961 1129 1988 1178 ‘3
2023 1127 2140 1178 Ac-

475 1212 630 1282 cepit
653 1213 811 1266 enim
840 1212 1139 1283 virtutem,
1171 1216 1227 1268 et
1249 1215 1474 1283 peperit
1495 1213 1726 1279 Filium,
1761 1230 1936 1283 quem
1967 1230 2042 1267 ex
2073 1229 2139 1267 se

474 1301 606 1371 ipsa
637 1303 904 1370 suscepit
933 1299 1068 1370 (31).

541 1405 630 1460 58.
673 1405 936 1476 Denique
967 1405 1080 1460 hoc
1117 1406 1290 1460 etiam
1325 1407 1560 1461 Gabriel
1592 1409 1831 1478 proprio
1865 1423 2140 1462 sermone

478 1494 736 1549 declarat
765 1495 970 1548 dicens
1006 1511 1017 1548 :
1057 1517 1076 1541 ι·
1118 1495 1188 1548 Et
1231 1497 1386 1565 quod
1435 1501 1714 1550 nascetur
1763 1513 1835 1551 ex
1885 1501 1938 1550 te
1971 1513 2143 1550 sanc-

470 1585 614 1652 tum,
649 1583 960 1636 vocabitur
993 1583 1092 1636 Dei
1125 1583 1309 1636 Filius
1341 1585 1502 1650 (Luc.
1536 1587 1710 1653 1,35).
1753 1609 1774 1632 n
1811 1585 1898 1637 Ex
1938 1589 2012 1649 te,
2050 1587 2140 1639 in-

414 1737 424 1748 ι
471 1671 616 1742 quit,
651 1675 713 1726 ut
729 1672 1057 1725 secundum
1073 1671 1368 1725 hominem
1402 1673 1556 1742 quod
1589 1689 1660 1726 ex
1707 1675 1832 1741 ipsa
1865 1689 2141 1726 nascere-

442 1762 586 1840 .tur,
628 1761 1008 1828 adverteres;
1049 1776 1124 1814 ex
1163 1775 1229 1812 se
1281 1761 1434 1813 enim
1477 1764 1784 1831 generavit
1825 1762 2027 1830 Maria,
2079 1765 2141 1814 ut

470 1849 628 1920 quod
651 1853 1036 1919 generaretur
1077 1862 1152 1901 ex
1175 1848 1322 1916 ipsa,
1358 1849 1416 1900 in
1441 1865 1508 1902 eo
1543 1849 1706 1900 salva
1740 1850 2138 1918 generationis
2167 1855 2220 1917 Β

473 1936 797 1991 Dominicaa
848 1936 965 2006 {32)
1008 1939 1423 2006 praerogativa,
1476 1938 1744 2006 corporis
1795 1942 1956 1990 esset
2000 1954 2138 1991 vera

472 2024 836 2080 natura.b‘ed
875 2028 932 2078 et
955 2025 1172 2078 Paulus
1213 2025 1352 2077 dicit
1391 2040 1458 2078 se
1498 2027 1977 2094 praedestinatum
2001 2043 2139 2080 esse
2176 2069 2180 2072 .

474 2114 536 2168 in
577 2112 964 2184 Evangelium
998 2112 1141 2166 Dei:
1172 2134 1192 2157 α
1230 2112 1395 2175 Quod
1425 2119 1578 2182 ante,
1613 2114 1817 2184 inquit,
1853 2117 2138 2182 promise-

469 2205 559 2256 rat
589 2217 696 2271 per
722 2201 1040 2270 prophetas
1073 2201 1144 2253 de
1176 2200 1324 2254 Filio
1355 2217 1485 2270 suo,
1522 2203 1620 2270 qui
1655 2203 1844 2255 factus
1869 2209 1956 2255 est
1991 2205 2044 2256 ei
2067 2221 2140 2258 ex

473 2289 700 2344 semine
734 2289 920 2342 David
961 2289 1287 2341 secundum
1323 2305 1558 2342 carnem
1600 2291 1785 2356 (ltum.
1829 2309 1864 2354 ι,
1919 2292 1971 2359 2,
2003 2292 2080 2358 3).
2111 2312 2133 2340 ι»

475 2376 548 2432 Et
577 2377 650 2430 ad
679 2376 914 2431 Galatas
949 2393 961 2430 :
1001 2399 1022 2423 α
1047 2379 1369 2446 Postquam
1407 2383 1600 2430 autem
1641 2380 1799 2431 venit
1841 2380 2138 2447 plenitudo

468 2465 776 2534 temporis,
821 2465 982 2518 misit
1012 2465 1172 2518 Deus
1197 2465 1406 2518 Filium
1447 2481 1619 2519 suum
1645 2466 1861 2520 factum
1901 2484 1972 2520 ex
2015 2485 2138 2522 mu-

472 2551 618 2607 liere
657 2553 964 2623 (ϐρίθων,
994 2553 1068 2621 4).
1110 2574 1130 2600 ι
1170 2552 1238 2604 Et
1260 2555 1330 2605 ad
1347 2554 1712 2607 Timotheum
1739 2556 1881 2606 dixit
1926 2571 1937 2609 :
1969 2577 1989 2604 α
2019 2557 2137 2609 Me-

473 2656 604 2696 mor
631 2645 760 2695 esto
801 2640 1006 2694 Jesum
1046 2639 1344 2694 Christum
1386 2644 1792 2696 resurrexisse
1824 2660 1856 2696 a
1887 2645 2135 2698 mortuis

473 2743 550 2784 ex
579 2730 806 2785 semine
828 2728 1012 2782 David
1043 2729 1114 2798 (ll
1159 2729 1299 2782 Tim.
1325 2746 1386 2798 ιι,
1417 2730 1492 2798 8).
1541 2755 1588 2777 ιι·

541 2833 630 2890 54.
665 2833 824 2907 Ergo
847 2849 923 2888 ex
942 2834 1116 2888 nobis
1156 2836 1402 2905 accepit,
1438 2836 1594 2906 quod
1623 2837 1925 2906 proprium
1958 2836 2134 2891 offer-

473 2925 565 2979 ret
592 2939 700 2994 pro
730 2923 928 2994 nobis,
953 2926 1015 2977 ut
1031 2939 1142 2978 nos
1165 2924 1482 2977 redimeret
1509 2941 1585 2978 ex
1615 2929 1818 2979 nostro
1845 2941 1856 2980 :
1891 2929 1948 2980 et
1977 2927 2136 2996 quod

467 3017 738 3067 nostrum
765 3027 883 3066 non
933 3015 1076 3080 erat,
1110 3027 1184 3066 ex
1215 3027 1326 3066 suo
1356 3013 1530 3066 nobis
1564 3013 1763 3066 divina
1804 3030 1912 3068 sua
1945 3015 2132 3084 largi-

467 3103 584 3156 tate
632 3099 947 3156 conferret.
990 3101 1326 3155 Secundum
1369 3106 1632 3154 naturam
1675 3103 1853 3171 igitur
1885 3104 2027 3164 718
2066 3118 2130 3156 se

469 3188 677 3244 obtulit
705 3194 989 3259 nostram,
1023 3193 1086 3243 ut
1117 3190 1264 3243 ultra
1294 3195 1557 3243 nostram
1590 3198 1932 3259 eperarctur
1961 3197 2129 3244 natu-
2161 3205 2216 3274 ο

465 3293 612 3332 ram.
637 3278 720 3331 De
749 3283 952 3332 nostro
993 3278 1372 3346 sacriﬁcium,
1409 3279 1479 3331 de
1513 3295 1620 3332 suo
1655 3279 1958 3347 praemium
1992 3283 2082 3332 est
2115 3294 2127 3332 :

467 3367 765 3436 multaque
795 3367 856 3420 in
887 3365 1095 3419 eodem
1124 3370 1180 3419 et
1201 3367 1528 3419 secundum
1552 3371 1814 3418 naturam
1838 3368 2128 3436 invenies,

466 3458 524 3510 et
552 3455 703 3509 ultra
758 3459 1046 3509 naturam.
1099 3453 1435 3508 Secundum
1493 3456 1884 3508 conditionem
1917 3459 2131 3508 etenim

466 3542 736 3614 corporis
773 3543 834 3597 in
888 3545 1054 3597 utero
1107 3541 1232 3609 fuit,
1267 3546 1439 3596 natus
1471 3547 1580 3611 est,
1623 3543 1868 3595 laetatus
1928 3548 2036 3610 est,
2070 3543 2132 3596 in

469 3631 766 3702 prmsepio
824 3635 916 3686 est
965 3631 1308 3700 collocatus,
1360 3632 1466 3685 sed
1512 3648 1691 3699 supra
1737 3632 2130 3686 conditionem

466 3719 651 3790 Virgo
683 3720 973 3790 concepit,
1011 3719 1190 3790 Vingo
1215 3721 1518 3790 generavit
1557 3735 1568 3773 :
1603 3726 1660 3772 ut
1685 3721 1960 3773 crederes
1995 3723 2130 3790 quia

464 3807 625 3861 Deus
655 3812 798 3876 erat,
840 3811 939 3877 qui
971 3810 1223 3860 novabat
1252 3814 1554 3875 naturain;
1585 3812 1831 3861 ettionio
1867 3815 2008 3879 erat,
2031 3809 2131 3880 qui

468 3895 797 3949 secundum
827 3901 1094 3948 naturam
1125 3897 1482 3950 nascebatur
1511 3913 1585 3950 ex
1622 3898 1878 3952 homine.

529 4000 620 4056 55.
653 3999 860 4070 Neque
892 4001 1069 4069 enim,
1104 4005 1165 4054 ut
1196 4003 1431 4072 quidam
1464 4004 1826 4071 interpretati
1859 4007 1996 4058 sunt
2026 4020 2126 4057 na-

467 4091 599 4144 tura
629 4089 758 4159 ipsa
801 4089 980 4143 Verbi
1010 4094 1226 4142 mutata
1255 4095 1365 4160 est,
1400 4107 1532 4160 quae
1566 4091 1942 4145 immutabilis
1973 4109 2128 4146 sem-

462 4192 570 4250 per
599 4180 713 4248 est,
743 4179 900 4232 sicut
929 4179 1058 4248 ipse
1081 4179 1230 4232 dixit
1259 4193 1272 4232 :
1302 4200 1324 4225 «
1364 4179 1586 4249 Videte,
1619 4180 1813 4232 videte
1845 4196 1956 4250 me,
1991 4181 2128 4251 quia

465 4282 579 4339 ego
609 4282 763 4336 sum,
795 4271 853 4322 et
887 4283 1008 4322 non
1055 4283 1188 4321 sum
1242 4271 1498 4321 mutatus
1549 4268 1823 4336 (λυίίίέλϐίι.
1871 4286 1952 4338 ιιι,
1986 4271 2060 4339 Ο).
2099 4293 2120 4316 ι)

464 4356 582 4412 Sed
631 4357 807 4412 etiam
855 4355 1081 4410 Paulus
1127 4357 1316 4410 dixit:
1354 4377 1376 4407 «
1426 4357 1570 4420 Quia
1615 4357 1794 4411 Jesus
1853 4357 2125 4413 Christus

465 4446 597 4501 heri
626 4449 684 4500 et
713 4445 1057 4516 hodie,ipse
1071 4450 1162 4499 est
1189 4447 1249 4500 in
1263 4447 1483 4500 saecula
1502 4447 1715 4514 (Hebr.
1750 4452 1941 4516 Χιιι,8)
1960 4470 1980 4494 ιι
2009 4449 2122 4501 hoc

1990 311 2053 371 S.
2103 307 2524 374 AMBROSII

3719 321 3802 393 $8

2323 511 2410 564 56.
2457 509 2759 564 Didicistis
2795 510 2978 582 igitur
3026 509 3166 581 quia
3215 511 3537 571 sacriﬁcium
3569 517 3632 574 de
3656 525 3804 581 nostro

2255 600 2480 652 obtulit.
2519 599 2666 652 Nam
2699 615 2831 670 quae
2865 601 2988 653 erat
3019 615 3197 652 causa
3229 599 3626 675 incarnationis,
3658 609 3808 667 nisiut

2255 703 2390 740 caro
2443 704 2575 757 quae
2634 691 2983 756 peccaverat
3027 703 3135 757 per
3180 703 3245 742 se
3291 689 3670 749 redimeretur?
3692 695 3813 761 Quod

2253 779 2602 845 peccaverat
2631 776 2830 846 igitur,
2847 775 2960 829 hoc
2992 776 3350 844 redemptum
3370 781 3472 833 est.
3491 778 3604 834 Non
3620 786 3813 858 estergo

2253 865 2543 918 immolata
2577 864 2856 918 divinitas
2891 863 3091 931 Verbi,
3136 866 3270 934 quia
3301 881 3411 920 non
3437 874 3730 936 peccaverat
3749 873 3813 926 di-

2253 955 2469 1004 vinitas
2517 953 2698 1006 Verbi
2731 969 2744 1006 :
2779 955 2836 1006 et
2885 953 3015 1006 ideo
3059 968 3177 1006 non
3227 955 3316 1007 est
3359 952 3524 1008 Verbi
3572 962 3736 1012 natura
3777 960 3819 1016 in

2256 1043 2452 1094 carnis
2484 1057 2774 1094 conversa
2803 1044 3066 1094 naturam
3100 1040 3246 1110 (33);
3277 1041 3406 1112 quia
3441 1041 3678 1098 immunis
3715 1061 3818 1116 pec-

2256 1131 2366 1182 cati
2399 1130 2674 1182 divinitas
2709 1145 2814 1198 pro
2833 1132 3095 1198 peccato,
3122 1128 3280 1200 quod
3299 1144 3414 1183 non
3433 1127 3644 1198 fecerat,
3669 1147 3722 1186 se
3738 1149 3822 1188 non

2253 1218 2504 1270 debebat
2537 1217 2769 1271 offerre.
2807 1217 2935 1270 Hoc
2981 1217 3138 1270 enim
3185 1217 3247 1270 in
3275 1231 3341 1271 se
3383 1217 3573 1271 obtulit
3595 1216 3820 1292 Christus,

2254 1306 2410 1374 quod
2445 1306 2631 1359 induit
2663 1321 2676 1360 :
2711 1309 2768 1359 et
2797 1305 3006 1375 induit,
3039 1305 3197 1375 quod
3230 1308 3360 1360 ante
3389 1321 3500 1361 non
3517 1305 3706 1362 habuit.
3727 1307 3826 1364 Non

2251 1395 2434 1463 igitur
2465 1393 2786 1448 divinitatis
2834 1410 2962 1448 suae
3017 1394 3380 1448 divinitatem
3432 1393 3635 1465 induit,
3667 1394 3716 1450 in
3743 1411 3826 1466 quo

2253 1487 2374 1536 erat
2405 1483 2708 1552 plenitudo
2740 1483 3063 1536 divinitatis
3097 1487 3337 1537 aeternas
3369 1497 3384 1538 :
3415 1483 3517 1537 sed
3543 1497 3741 1538 carnem
3759 1499 3832 1538 as-

2253 1573 2525 1640 sumpsit.
2552 1575 2614 1625 ut
2641 1572 2897 1641 spolium
2929 1573 3127 1625 carnis
3159 1573 3420 1640 exueret,
3442 1571 3668 1642 atquein
3692 1586 3828 1626 semc-

2253 1661 2291 1712 ti
2300 1678 2408 1730 pso
2437 1662 2464 1714 ‘2
2503 1664 2558 1714 et
2575 1660 2884 1714 manubias
2915 1659 3134 1714 diaboli
3153 1659 3540 1733 cruciﬁgeret,
3567 1663 3621 1715 et
3633 1657 3834 1730 trophea

2251 1749 2485 1802 virtutis
2516 1749 2792 1819 erigeret.

2323 1893 2410 1945 57.
2445 1891 2604 1961 Ergo
2637 1889 2690 1944 si
2722 1905 2860 1944 caro
2884 1889 3142 1944 omnium
3167 1893 3228 1944 et
3269 1891 3330 1944 in
3356 1887 3586 1945 Christo
3619 1888 3840 1960 (308111)-

2246 1979 2432 2050 jacuit
2462 1980 2718 2049 injurias,
2753 1977 3048 2048 quomodo
3067 1979 3246 2033 unius
3279 1978 3434 2032 illam
3457 1993 3581 2032 cum
3608 1978 3839 2032 divinitate

2253 2069 2446 2122 dicitis
2487 2083 2626 2121 esse
2656 2067 3052 2121 substantiae?
3100 2067 3164 2120 Si
3211 2068 3372 2121 enim
3401 2067 3574 2122 unius
3603 2069 3684 2122 est
3708 2065 3842 2120 subs-

2256 2159 2449 2210 tantiae
2485 2155 2741 2209 Verbum
2775 2159 2830 2208 et
2857 2171 3018 2224 caro,
3051 2171 3185 2226 quae
3239 2155 3313 2210 de
3359 2159 3512 2210 terra
3541 2154 3698 2208 habet
3719 2156 3840 2207 natu-

2253 2262 2397 2311 ram,
2425 2261 2529 2298 cur
2553 2245 2726 2298 unius
2760 2243 3110 2297 substantiae
3139 2246 3452 2297 asseratur
3474 2242 3708 2296 Verbum
3722 2245 3846 2310 atque

2251 2335 2462 2400 anima,
2499 2349 2670 2402 quam
2697 2331 3017 2402 perfectam
3047 2334 3276 2386 natura
3311 2332 3573 2401 suscepit
3598 2328 3850 2385 humanm?

2253 2422 2440 2476 Unius
2471 2427 2662 2474 autem
2688 2420 3036 2474 substantiae
3066 2424 3158 2474 est
3193 2421 3456 2474 Verbum
3487 2434 3614 2474 cum
3644 2419 3746 2472 Deo
3777 2431 3848 2470 sc-

2253 2511 2506 2564 cundum
2540 2514 2843 2580 paternam
2883 2509 3353 2578 professionem,
3387 2512 3444 2562 et
3479 2507 3657 2578 ipsius
3683 2501 3856 2560 Domini

2249 2600 2664 2668 assertionem,
2701 2597 2801 2669 qui
2831 2597 2910 2650 ait
2943 2614 2954 2650 :
2995 2619 3016 2646 α
3055 2597 3183 2669 Ego
3215 2600 3275 2652 et
3312 2599 3485 2652 Pater
3503 2610 3670 2650 unum
3697 2605 3853 2648 sumus

2249 2689 2438 2757 (Joan.
2465 2705 2523 2754 χ,
2557 2685 2668 2756 30).
2708 2706 2728 2734 ιο
2767 2685 2957 2739 Unius
3009 2701 3154 2757 ergo
3197 2685 3555 2740 substantiae
3591 2685 3742 2739 Pater
3763 2694 3858 2734 cum

2247 2779 2482 2830 terreno
2517 2789 2762 2844 corpore
2794 2773 3168 2844 pradicatur.
3209 2774 3284 2829 Et
3312 2773 3507 2828 adhuc
3537 2766 3858 2843 indignemini

2248 2866 2309 2918 in
2338 2865 2596 2932 Arianis,
2660 2863 2796 2932 quia
2828 2862 2889 2916 hi
2931 2862 3132 2917 dicunt
3182 2861 3408 2917 Filium
3437 2861 3544 2916 Dei
3598 2861 3864 2914 creaturam

2248 2968 2426 3021 esse;
2459 2968 2591 3005 eum
2613 2951 2730 3021 ipsi
2760 2951 2969 3004 dicatis
3009 2950 3249 3006 Patrem
3287 2951 3471 3006 unius
3521 2963 3647 3006 cum
3682 2946 3861 3001 creatu-

2246 3044 2332 3096 ris
2371 3057 2510 3095 esse
2551 3039 2904 3094 substantia
2935 3041 2966 3093 ‘2

2316 3165 2404 3220 58.
2445 3164 2595 3228 Quid
2626 3167 2820 3218 autem
2857 3163 3014 3218 aliud
3045 3164 3230 3236 agitis
3259 3165 3381 3220 ista
3422 3160 3864 3234 dicendo,nisiut

2246 3259 2343 3308 aut
2373 3255 2574 3307 limum
2615 3253 2780 3322 Adae,
2814 3255 3148 3323 terramque
3189 3256 3467 3308 nostram
3509 3252 3710 3308 divinat
3742 3249 3872 3305 subs-

2245 3344 2440 3396 tantiae
2474 3341 2852 3410 comparetis,
2885 3344 2983 3394 aut
3006 3344 3164 3394 certe
3199 3341 3574 3396 divinitatem
3596 3341 3652 3394 in
3672 3345 3867 3394 ten-ene

2247 3431 2596 3500 corruptelae
2614 3429 2696 3501 inj
2705 3445 2869 3483 uram
2887 3428 3290 3484 transferatis.
3316 3429 3585 3485 Dicendo
3597 3427 3739 3484 enim
3755 3421 3872 3497 quod

2247 3520 2506 3574 Verbum
2538 3534 2675 3572 caro
2707 3522 2764 3572 et
2803 3533 2945 3571 ossa
2985 3516 3206 3572 factum
3230 3521 3351 3588 est,
3395 3516 3458 3573 in
3479 3519 3688 3572 terram
3713 3515 3868 3583 utique

2243 3609 2439 3662 dicitis
2479 3623 2617 3662 esse
2641 3621 3036 3677 conversum;
3075 3607 3371 3678 quoniam
3401 3621 3543 3664 caro
3581 3609 3638 3662 et
3669 3619 3793 3662 ossa
3820 3599 3869 3655 de

2239 3699 2416 3752 terris
2457 3700 2613 3751 sunt.

2311 3823 2400 3876 59.
2434 3823 2532 3874 Sic
2564 3821 2849 3891 scriptum
2889 3822 3000 3889 est,
3042 3819 3366 3892 inquiunt,
3421 3819 3563 3894 quia
3611 3841 3634 3870 σι
3665 3813 3876 3872 Verbum

2243 3928 2379 3966 caro
2414 3910 2628 3964 factum
2659 3913 2752 3964 est
2779 3909 2970 3980 (Joan.
3007 3925 3047 3978 ι,
3079 3908 3192 3979 14).
3222 3932 3248 3959 ιι
3297 3909 3607 3980 Scriptum
3647 3907 3747 3974 est,
3787 3913 3874 3956 non

2242 4017 2396 4070 nego
2423 4015 2435 4054 :
2459 3999 2562 4052 sed
2588 3999 2900 4053 considera
2923 3997 3062 4068 quid
3095 4001 3421 4070 sequatur;
3444 3997 3710 4070 sequitur
3726 3990 3876 4048 enim:

2247 4112 2266 4135 α
2294 4090 2364 4143 Et
2385 4087 2668 4142 habitavit
2699 4087 2844 4149 717
2874 4087 2936 4140 in
2967 4085 3164 4156 nobis,
3199 4085 3326 4142 hoc
3360 4090 3495 4156 est,
3539 4109 3563 4134 υ
3603 4081 3738 4140 illud
3765 4079 3876 4132 Ver-

2216 4176 2379 4230 ‘bum
2419 4175 2577 4246 quod
2615 4191 2853 4230 carnem
2890 4175 3178 4246 suscepit,
3223 4174 3350 4231 hoc
3404 4173 3691 4232 habitavit
3713 4171 3766 4226 in
3795 4179 3878 4222 no-

2236 4267 2332 4320 bis
2357 4303 2373 4329 ,
2417 4266 2531 4319 hoc
2569 4267 2694 4335 est,
2736 4264 2796 4318 in
2835 4279 3012 4318 carne
3052 4263 3354 4319 habitavit
3391 4263 3684 4328 humana;
3717 4255 3878 4315 etideo

2239 4355 2582 4408 Emmanuel
2628 4353 2821 4408 dictus
2868 4355 2994 4422 est,
3042 4351 3158 4407 hoc
3206 4355 3347 4424 est,
3402 4351 3716 4409 nobiscum
3753 4345 3877 4401 Deus

2237 4444 2474 4512 (Matth.
2523 4460 2540 4495 ι
2566 4483 2580 4512 ,
2632 4442 2745 4512 26).
2781 4441 2908 4496 Hoc
2948 4455 3093 4512 ergo
3137 4463 3162 4490 ει
3205 4441 3492 4498 Verbum
3541 4455 3674 4496 caro
3709 4435 3882 4492 factum

459 4538 570 4605 est,
605 4534 708 4606 qui
735 4549 853 4589 non
876 4536 1201 4589 secundum
1232 4540 1497 4588 naturam
1519 4538 1773 4588 mutatus
1797 4539 2114 4599 estcarnis,
2143 4566 2201 4631 Β
2238 4536 2330 4586 est
2354 4575 2368 4602 ,
2433 4553 2455 4581 ι
2498 4546 2606 4601 pro
2645 4546 2714 4584 eo
2773 4529 2933 4600 quod
2971 4533 3091 4599 est,
3133 4529 3326 4585 homo
3368 4530 3571 4586 factus
3615 4529 3720 4583 est.
3753 4517 3878 4577 Sicut

463 4624 571 4678 sed
601 4623 983 4678 immutabilis
1015 4625 1190 4677 etiam
1219 4624 1278 4676 in
1310 4625 1438 4694 ipsa
1471 4625 1731 4678 mutabili
1766 4627 2120 4680 conditionis

460 4710 731 4767 humanae
753 4713 1028 4783 qualitate
1061 4715 1401 4782 permansit.

531 4851 890 4925 (31)anesi
912 4853 1050 4906 edit.
1093 4868 1160 4906 ac
1190 4855 1359 4922 pauci
1390 4871 1537 4908 mss.
1561 4897 1574 4924 ,
1639 4876 1660 4903 α
1699 4870 1872 4925 quem
1914 4859 1969 4908 et
2001 4856 2128 4924 ipsa

462 4924 764 4995 suscepit;
793 4944 814 4970 ι
841 4924 939 4976 alii
973 4925 1144 4992 paulo
1177 4928 1398 4994 plures,
1433 4948 1450 4972 ιι
1488 4943 1664 4995 quem
1704 4924 1776 4978 ex
1818 4931 1945 4994 ipsa
1980 4944 2120 4980 sus-

462 4992 633 5060 cepit,
664 5012 686 5040 »
722 4997 1039 5066 nonniate,
1067 4997 1330 5056 sivoces
1365 4992 1439 5049 ex
1479 4992 1604 5066 ipsa
1639 4992 1862 5049 referas
1895 4999 1964 5049 ad
2007 5000 2122 5050 vir-

465 5067 645 5115 tutem
671 5077 686 5130 ;
717 5063 950 5138 plurimi
985 5070 1173 5118 tamen
1205 5063 1513 5136 exhibent,
1550 5087 1624 5120 ex
1646 5089 1708 5120 se
1745 5087 1887 5138 Ipsa,
1925 5070 1978 5120 id
2012 5074 2121 5138 est,

455 5147 531 5208 ex
559 5149 797 5201 propria
830 5136 1180 5206 substantia,
1217 5140 1312 5190 cui
1335 5142 1540 5191 sensui
1576 5136 1998 5208 consequentia
2023 5136 2122 5208 paé

459 5206 844 5258 trocmantur.

527 5274 642 5344 (32)
691 5277 837 5330 Mss.
887 5277 1172 5345 nonnulli,
1213 5300 1233 5326 ‹‹
1270 5279 1432 5332 salva
1469 5282 1888 5335 incarnationis
1923 5282 2117 5335 Domi-

453 5345 624 5424 nicaa,
679 5369 702 5394 ιο
756 5352 890 5416 etc.,
936 5349 1086 5424 haud
1123 5356 1267 5424 satis
1319 5358 1496 5417 recte,
1552 5369 1680 5405 cum
1716 5355 2118 5424 generationis

395 5432 403 5440 '
451 5420 701 5492 internae,
723 5421 1113 5490 praerogativa
1145 5423 1510 5492 designetur.

399 5503 406 5510 ·
522 5490 636 5559 (33)
688 5490 848 5568 idem
892 5507 1080 5562 mss.,
1132 5493 1194 5546 in
1244 5490 1716 5558 incarnationis;
1767 5511 1875 5548 nec
1923 5495 2116 5568 magis

455 5561 782 5618 commode.

523 5631 636 5706 (34)
668 5632 794 5710 Vet2
826 5631 990 5705 edit.,
1026 5655 1059 5710 ιΔ
1089 5633 1144 5710 si
1176 5649 1337 5710 care
1361 5633 1553 5710 omnis
1603 5637 1658 5710 et
1689 5635 1748 5692 in
1778 5635 2050 5710 Christo;
2086 5661 2108 5689 ι»

454 5702 651 5780 RomL,
687 5724 711 5754 α
744 5702 802 5763 si
833 5702 983 5764 caro'
1009 5707 1067 5765 et
1095 5705 1158 5763 in
1201 5705 1438 5763 Christo
1469 5708 1648 5782 omni,
1693 5730 1716 5758 ››
1759 5711 1868 5766 etc.
1908 5725 1923 5787 ;
1964 5702 2111 5774 mss.

2238 4623 2411 4677 etiam
2443 4621 2502 4674 in
2532 4619 2661 4674 Joel
2692 4619 2858 4688 dixit,
2903 4638 2930 4668 «
2971 4616 3294 4672 Etl‘undam
3326 4619 3406 4674 de
3431 4618 3654 4690 Spiritu
3671 4627 3784 4669 meo
3801 4623 3884 4662 su-

2235 4728 2341 4782 per
2380 4725 2612 4766 omnein
2644 4723 2880 4763 carnem
2913 4706 3066 4777 (Joel
3095 4724 3156 4776 ιι,
3191 4707 3332 4780 28);
3372 4731 3396 4757 »
3431 4723 3556 4763 non
3575 4704 3723 4762 enim
3739 4709 3883 4768 super

2235 4858 2427 4909 autem
2452 4867 2666 4922 magno
2699 4865 3019 4918 consensu,
3056 4869 3079 4899 α
3105 4849 3168 4922 si
3209 4865 3364 4922 caro
3399 4850 3680 4914 omnium,
3705 4847 3879 4922 etc-5":

2236 4929 2452 4995 Optimo
2487 4910 2711 4990 sensu;
2744 4910 3034 4996 indicatur
3065 4921 3377 4996 siquidem
3421 4910 3676 4996 carnem
3697 4910 3881 4996 Qhristi

2233 4991 2291 5051 et
2323 5002 2583 5050 nostram
2621 4994 2880 5048 omnium
2923 4991 3194 5061 ejusdem
3247 5009 3402 5048 esse
3450 4991 3785 5061 substantiae
3828 4993 3881 5060 ac

2233 5073 2476 5128 naturae,
2512 5064 2876 5134 proindeque
2927 5059 3168 5116 alteram
3209 5063 3447 5118 iisdem
3499 5059 3747 5133 injuriis,
3775 5059 3881 5123 qui-

2233 5142 2347 5192 bus
2387 5139 2640 5190 afﬁcitur
2669 5136 2872 5201 altera,
2907 5135 3248 5202 subiacere.
3844 5191 3854 5202 .

2303 5213 2415 5278 r35)
2455 5210 2614 5260 Hanc
2655 5206 3052 5275 obJectionem
3080 5203 3654 5278 abApollinaristis
3687 5210 3882 5278 magni:-

2232 5275 2340 5334 tice
2364 5275 2675 5331 admodum
2715 5281 3063 5330 Ostentatam
3102 5277 3304 5330 fuisse
3348 5293 3473 5330 non
3512 5275 3698 5329 solum
3729 5284 3794 5324 ex
3825 5275 3880 5316 εο

2233 5353 2512 5421 colligere
2545 5350 2698 5414 licet,
2722 5350 2877 5417 quod
2901 5348 3057 5421 illam
3079 5353 3369 5421 accurate
3395 5345 3661 5421 confutet
3678 5337 3885 5421 Ambro;

2231 5402 2616 5487 siusfverum
2670 5402 2841 5472 etiam
2886 5418 3040 5488 quod
3079 5419 3152 5472 ab
3206 5419 3554 5473 Athanasio
3602 5420 3798 5488 insita
3824 5402 3883 5488 εᾲ

2231 5482 2554 5563 Ιηήιίιεωιιι
2588 5490 2836 5560 epistola
2868 5482 2985 5544 non
3025 5489 3318 5544 inferiore
3338 5489 3558 5563 studio
3591 5482 3880 5563 refellitul‘i

2227 5555 2559 5636 quanquam
2591 5555 2652 5616 in
2685 5563 2795 5617 hoc
2816 5563 3102 5619 rationem
3121 5577 3244 5618 non
3266 5560 3426 5621 nihil
3443 5561 3739 5619 diversam
3755 5555 3886 5610 utero

2227 5653 2341 5710 que
2371 5640 2449 5694 snt
2480 5638 2744 5694 secutus.
