3964 6168
125 363 225 429 369
1253 345 1513 413 LIBER
1553 349 1667 412 DE
1704 348 2363 412 INCARNATIONE.
2486 424 2489 425 γ
3365 346 3487 410 870

122 554 506 616 irrationabilem
561 566 830 620 carnem,
896 551 1004 605 sed
1062 550 1124 605 in
1180 550 1455 606 homines
1510 529 2078 619 futuraAdigestio
2110 550 2221 600 est.
2280 546 2429 599 Nam
2461 561 2595 599 cum
2649 545 2793 600 illud
2829 545 2987 617 quod
3046 546 3126 600 ait
3154 545 3480 601 Dominus:

124 645 414 719 promittitur
438 640 637 712 gratim
669 639 955 709 spiritalis
976 637 1209 694 effusio.
1828 658 1849 682 «ι
1878 635 2092 688 Tristis
2130 638 2223 687 est
2267 635 2459 687 anima
2489 650 2617 688 mea
2650 650 2838 706 usque
2886 635 2958 688 ad
2989 637 3236 689 mortem
3267 635 3483 703 (Μαίη)

172 735 241 789 60.
268 730 412 796 Quod
464 728 513 782 si
544 728 873 782 secundum
920 728 1175 783 litteram
1230 743 1342 782 vos
1376 727 1611 796 tenetis,
1645 729 1707 780 ut
1822 739 1986 788 xxvr,
2010 722 2134 791 38,);
2164 745 2185 770 »
2213 722 2467 776 etinfra:
2508 744 2529 769 u
2555 722 2726 776 Pater
2747 738 2935 790 meus,
2970 722 3020 776 si
3052 723 3340 792 possibile
3371 725 3483 793 est,

123 821 290 894 putetis
316 834 380 873 ex
407 831 471 871 eo
500 816 655 885 quod
701 816 988 885 scriptum
1034 820 1146 886 est,
1182 816 1340 885 quod
1391 837 1413 862 «ι
1448 814 1706 869 Verbum
1826 810 2235 865 transferame
2252 810 2697 864 calicemhunc:
2720 811 2825 864 sed
2847 813 3039 864 tamen
3059 826 3175 863 non
3194 811 3349 864 sicut
3370 826 3483 881 ego

124 924 227 965 caro
274 907 464 960 factum
491 907 599 973 est,
665 923 687 952 ι
731 903 994 958 Verbum
1051 903 1155 958 Dei
1213 904 1511 957 incarnem
1568 917 1706 956 esse
1826 899 2103 965 volo,sed
2124 896 3487 967 sicuttuvis(1bid.39);rnonadSpiritussanc-

122 1008 449 1061 conversum;
503 990 786 1061 numquid
843 992 1076 1063 negatis
1124 992 1410 1061 scriptum
1468 1006 1605 1045 esse
1637 991 1708 1043 de
1827 986 2381 1055 ticompassionem,
2410 986 2517 1039 sed
2540 986 2610 1038 ad
2635 985 3484 1055 rationabilisassumptionem

122 1084 334 1150 Domino,
356 1080 476 1151 quia
492 1082 798 1149 peccatum
816 1094 933 1133 non
959 1079 1115 1147 fecit,
1143 1080 1250 1134 sed
1289 1082 1595 1149 peccatum
1626 1078 1710 1131 fa-
1828 1076 2039 1128 animae
2059 1078 2115 1127 et
2135 1079 2360 1127 naturae
2379 1073 2919 1128 humanaerefertur
2942 1072 3234 1143 affectum,
3267 1089 3485 1129 conse-

119 1177 219 1226 ctus
237 1174 313 1224 est
329 1168 404 1239 (II
422 1168 550 1222 Cor.
567 1183 626 1237 ν,
641 1166 772 1237 21)⁶2
792 1167 953 1239 Ergo
970 1169 1030 1222 in
1050 1171 1355 1238 peccatum
1379 1182 1709 1222 conversus
1828 1178 2019 1232 quens
2038 1165 2129 1215 est
2150 1166 2210 1214 ut
2224 1177 2330 1231 per
2346 1161 2735 1214 assertionem
2754 1160 3043 1214 Dominici
3059 1162 3408 1215 sacramenti
3429 1164 3487 1217 et

120 1263 190 1314 est
212 1258 476 1313 Dominus.
528 1255 665 1309 Non
705 1255 823 1324 ita;
874 1255 984 1310 sed
1032 1256 1169 1327 quia
1223 1259 1465 1326 peccata
1508 1258 1711 1309 nostra
1827 1250 2250 1319 plenitudinem
2281 1252 2505 1303 naturae
2538 1248 2809 1303 humanae
2838 1248 3028 1303 fuisse
3060 1252 3396 1304 astruamus
3427 1250 3488 1305 in

118 1348 350 1417 suscepit,
383 1332 681 1415 peccatum
714 1343 909 1398 dictus
938 1348 1049 1399 est.
1083 1343 1232 1398 Nam
1264 1348 1320 1398 et
1340 1344 1712 1398 maledictum
1828 1338 2086 1405 thristo,
2149 1342 2205 1392 et
2246 1339 2335 1391 'ab
2385 1338 2741 1391 infirmitatis
2797 1336 3147 1408 praejudicio
3206 1337 3487 1407 Spiritum

120 1436 274 1490 dictus
301 1437 380 1489 est
432 1432 717 1487 Dominus
776 1432 995 1503 (Galat.
1030 1450 1112 1503 III,
1146 1432 1281 1503 13)?
1337 1448 1455 1487 non
1485 1433 1620 1503 quia
1650 1433 1711 1486 in
1829 1431 2097 1480 sanctum
2127 1441 2494 1495 separemus.
2530 1426 2662 1479 Non
2693 1428 2784 1479 est
2813 1426 2967 1479 enim
2999 1426 3294 1480 obnoxius
3324 1426 3486 1481 infir-

115 1523 422 1577 maledictum
475 1536 811 1575 conversus
878 1525 970 1575 est
1030 1521 1339 1589 Dominus,
1410 1521 1517 1574 sed
1573 1520 1712 1590 quia
1828 1516 2032 1583 mitati,
2068 1516 2167 1584 qui
2193 1531 2311 1568 non
2341 1520 2433 1568 cst
2462 1515 2757 1569 obnoxius
2786 1514 3074 1584 passioni.

116 1615 336 1665 nostrum
362 1609 618 1678 suscepit
675 1610 804 1678 ipse
835 1610 1241 1665 maledictum:
1306 1632 1327 1655 υ
1364 1608 1712 1662 Maledictus

115 1699 254 1762 enim,
278 1721 297 1743 ι»
317 1697 508 1767 inquit,
529 1719 552 1743 α
576 1696 676 1766 qui
692 1696 908 1766 pendet
929 1696 989 1750 in
1011 1697 1173 1768 ligno
1192 1697 1386 1765 (Deut.
1403 1713 1525 1764 xxx,
1543 1697 1654 1765 23).
1685 1719 1707 1743 »ι

115 1785 301 1838 Miraris
344 1800 477 1856 ergo
524 1785 665 1854 quia
714 1785 999 1854 scriptum
1033 1789 1160 1838 est:
1212 1807 1233 1830 κ
1285 1784 1545 1839 Verbum
1577 1800 1713 1838 caro

112 1873 285 1927 factum
311 1877 411 1941 est,
446 1893 467 1921 ι
499 1888 638 1926 cum
667 1888 804 1926 caro
835 1874 1141 1942 assumpta
1170 1873 1249 1925 sit
1276 1887 1309 1925 a
1340 1873 1444 1926 Dei
1480 1872 1672 1925 Verbo
1698 1887 1713 1940 ;

113 1962 298 2031 quando
322 1961 389 2014 de
416 1964 660 2031 peccato
691 1962 845 2031 quod
876 1976 994 2015 non
1024 1960 1248 2027 habuit,
1302 1960 1590 2030 scriptum
1620 1963 1713 2014 est

1898 1620 1986 1675 64.
2045 1622 2255 1683 Quaero
2315 1622 2493 1691 igitur
2550 1636 2663 1691 qua
2696 1621 2918 1674 ratione
2976 1621 3229 1675 animam
3284 1625 3488 1692 putent

1830 1709 2067 1779 quidam
2096 1724 2128 1760 a
2162 1709 2408 1761 Domino
2442 1708 2585 1761 Jesu
2631 1724 2749 1761 non
2780 1724 2919 1761 esse
2969 1713 3306 1779 susceptam
3339 1711 3489 1782 (36);

1753 1834 1801 1893 Β
1829 1813 1902 1849 an
1962 1797 2096 1866 quia
2131 1799 2321 1850 metus
2380 1799 2471 1849 est
2508 1810 2580 1849 ne
2642 1810 2827 1849 sensu
2857 1796 3132 1850 Christus
3190 1797 3490 1854 laberetur

1830 1885 2084 1938 humano
2106 1886 2132 1937 ἱ)
2164 1884 2376 1937 Dicunt
2402 1884 2617 1953 quippe
2636 1884 2773 1953 quia
2792 1885 3268 1954 concupiscentia
3290 1887 3487 1943 carnis

1830 1972 1950 2043 legi
1980 1973 2192 2026 mentis
2223 1974 2514 2043 repugnet
2572 1971 2761 2038 (Rom.
2795 1988 2894 2040 vn,
2928 1972 3038 2041 23).
3071 1972 3187 2027 Sed
3243 1974 3345 2046 qui
3373 1975 3488 2032 hoc

1829 2060 1926 2130 ait,
1953 2064 2176 2113 tantum
2207 2060 2376 2113 abest
2398 2062 2460 2112 ut
2493 2058 2790 2112 Christum
2814 2061 3257 2132 putaveritlege
3288 2064 3488 2119 carnis

1829 2150 1889 2201 in
1920 2149 2144 2218 peccati
2177 2147 2409 2200 vincula
2442 2147 2632 2199 fuisse
2682 2146 3124 2216 deducendum;
3174 2152 3236 2202 ut
3264 2150 3394 2219 ipse
3424 2152 3488 2207 in

1832 2240 1980 2289 aestu
2004 2234 2236 2304 positus
2255 2234 2590 2305 fragilitatis
2613 2233 2903 2302 humana),
2930 2250 3035 2303 per
3053 2235 3352 2290 Christum
3371 2237 3490 2293 sibi

1833 2323 2138 2377 subveniri
2169 2338 2351 2392 posse
2399 2322 2715 2375 crediderit
2743 2320 2982 2375 dicens:
3048 2344 3071 2368 α
3134 2322 3344 2378 Infelix
3373 2340 3487 2398 ego

1833 2412 2009 2467 homo
2027 2414 2055 2466 ‘?
2086 2413 2221 2482 quis
2248 2427 2337 2464 me
2356 2410 2627 2465 liberabit
2649 2409 2721 2463 de
2754 2424 3001 2479 corpore
3031 2412 3237 2466 mortis
3255 2412 3439 2486 hujus
3459 2415 3491 2471 ?

1833 2501 2030 2556 Gratia
2061 2500 2163 2553 Dei
2196 2515 2302 2569 per
2330 2499 2536 2553 Jesum
2566 2497 2868 2552 Christum
2891 2497 3203 2553 Dominum
3219 2506 3490 2559 nostrum

1837 2589 2010 2657 (Ibid.
2073 2588 2160 2657 24,
2193 2586 2305 2654 ‘25).
2342 2610 2364 2633 »
2424 2587 2533 2651 Qui
2565 2600 2710 2658 ergo
2769 2584 2917 2640 alios
2947 2602 2980 2639 a
3010 2589 3207 2642 carnis
3256 2590 3487 2647 lubrico

1837 2676 2195 2745 vindicabat,
2228 2675 2512 2746 numquid
2558 2674 2873 2729 formidare
2923 2679 3169 2747 poterat,
3217 2692 3291 2732 ne
3322 2679 3495 2736 etiam

1838 2765 1968 2836 ipse
1999 2764 2297 2819 dominatu
2327 2762 2580 2833 quodam
2611 2762 2808 2816 carnis
2838 2763 3013 2818 istius
3042 2765 3429 2823 vinceretur?

113 2049 216 2119 quia
232 2052 510 2118 peccatum
536 2050 728 2104 factus
751 2052 861 2111 est,
888 2049 1001 2104 hoc
1043 2052 1156 2116 est,
1188 2064 1307 2103 non
1337 2053 1547 2103 natura
1579 2063 1715 2118 ope-

110 2138 395 2207 rationeque
424 2137 673 2207 peccati,
709 2139 907 2207 utpote
939 2137 998 2190 in
1044 2137 1487 2191 similitudinem
1519 2136 1716 2190 carnis

110 2226 290 2292 peccati
315 2224 539 2294 factus;
596 2226 703 2279 sed
758 2228 820 2279 ut
867 2227 1174 2296 peccatum
1205 2240 1317 2280 nos
1361 2226 1630 2279 nostrum
1657 2224 1718 2277 in

106 2327 190 2364 sua
214 2327 368 2368 carne
422 2313 825 2386 cruciﬁgeret,
887 2313 1330 2382 susceptionem
1386 2327 1495 2383 pro
1542 2312 1718 2366 nobis

106 2399 450 2457 inﬁrmitatum
482 2401 730 2457 obnoxii
758 2399 883 2473 jam
917 2402 1186 2471 corporis
1207 2401 1432 2471 peccati
1464 2399 1717 2455 carnalis

105 2490 399 2559 assumpsit.

158 2576 231 2630 61.
246 2577 509 2632 Desinant
523 2593 672 2648 ergo
686 2578 884 2632 dicere
897 2580 1161 2631 naturam
1183 2576 1363 2631 Verbi
1378 2576 1435 2629 in
1450 2575 1719 2645 corporis

104 2667 319 2719 naturam
348 2681 483 2721 esse
515 2669 832 2735 mutatam;
864 2682 937 2719 ne
970 2666 1096 2735 pari
1125 2666 1605 2735 interpretatione
1637 2665 1723 2717 vi-

105 2752 270 2808 deatur
293 2758 493 2809 natura
526 2754 732 2823 Verbi,
766 2755 825 2807 in
859 2754 1196 2824 contagium
1227 2755 1444 2806 mutata
1474 2753 1721 2823 peccati.
1775 2798 1780 2802 .

106 2840 244 2894 Aliud
288 2846 373 2897 est
427 2843 589 2896 enim
627 2842 784 2913 quod
842 2842 1189 2911 assumpsit,
1250 2843 1309 2895 et
1363 2840 1521 2895 aliud
1568 2839 1727 2911 quod

105 2934 425 2999 assumptum
456 2934 573 2986 est.
605 2930 808 2984 Virtus
838 2930 1001 2984 venit
1039 2929 1100 2983 in
1131 2929 1458 3000 Virginem,
1490 2929 1643 2983 sicut
1671 2930 1730 2982 et

106 3017 309 3087 angelus
326 3019 396 3072 ad
422 3034 554 3072 eam
575 3018 722 3071 dixit
742 3018 878 3088 quia
905 3037 928 3067 ι
966 3018 1157 3071 virtus
1194 3016 1486 3071 Altissimi
1516 3017 1729 3071 obum-

102 3101 257 3159 brabit
298 3109 351 3160 te
389 3107 561 3177 (Luc.
597 3124 635 3176 ι,
682 3106 793 3175 35).
820 3129 842 3153 »ι
877 3105 994 3161 Sed
1027 3108 1227 3159 natum
1258 3106 1350 3159 est
1407 3120 1625 3175 corpus
1653 3119 1729 3158 ex
1760 3116 1810 3179 ρ

109 3190 338 3262 Virgine;
382 3199 439 3248 et
468 3194 609 3249 ideo
658 3194 922 3249 ctelestis
953 3194 1191 3264 quidem
1250 3192 1585 3262 descensis,
1619 3192 1727 3247 sed

104 3277 311 3336 humana
338 3283 655 3353 conceptio
686 3284 797 3337 est.
831 3282 965 3336 Non
992 3297 1138 3354 ergo
1171 3281 1375 3338 eadem
1405 3281 1602 3336 carnis
1632 3296 1731 3351 po-

102 3368 183 3421 tuit
207 3384 350 3440 esse,
382 3371 833 3441 divinitatisque
862 3373 1090 3424 natura.

668 3492 938 3549 CAPUT.
997 3493 1119 3547 VII.

110 3614 237 3691 Quod
250 3615 421 3674 libris
456 3618 880 3691 superioribus
908 3618 1062 3672 hunc
1094 3616 1420 3691 addiderit,
1464 3619 1728 3691 excusat.

156 3688 347 3744 demde
371 3691 472 3745 ubi
493 3686 771 3744 rationes
792 3705 1014 3758 eorum,
1040 3689 1138 3760 qui
1158 3703 1408 3760 animam
1431 3702 1463 3741 a
1491 3686 1735 3760 Christo

159 3761 426 3829 negabant
462 3776 608 3815 esse
638 3767 989 3830 susceptam,
1026 3757 1262 3830 ineptas
1278 3757 1731 3830 demonstravit.

159 3828 395 3885 eamdem
427 3833 651 3885 animae
678 3828 1483 3902 susceptionem'Scripturae
1506 3828 1737 3902 astruit

160 3902 496 3956 testimoniis
514 3922 534 3966 ,-
569 3909 689 3955 tum
721 3898 990 3973 exposito
1010 3917 1117 3973 cur
1146 3898 1400 3973 animum
1422 3914 1453 3952 a
1494 3898 1741 3973 Domino

159 3984 252 4023 non
264 3973 744 4042 prwtermissam
764 3969 1115 4043 oportuerit,
1142 3970 1379 4025 eosdem
1404 3984 1552 4025 vano
1575 3969 1741 4043 timo-

158 4056 216 4095 re
232 4037 445 4111 abituri
465 4043 764 4099 ostendit.
794 4037 1109 4107 'Quomodo'
1131 4047 1403 4096 metuere
1434 4046 1533 4111 aut
1550 4037 1740 4111 profi-

160 4110 283 4185 cere
290 4114 529 4185 dicatur
544 4114 865 4185 Christus;
888 4118 1283 4185 aequatamen
1292 4110 1622 4185 periculum
1635 4110 1737 4185 sit,

162 4197 223 4255 ne
250 4183 583 4255 dividatur,
624 4183 724 4239 vel
765 4190 958 4239 tetras
975 4180 1268 4239 'videatur
1292 4180 1547 4237 'induci:
1594 4180 1743 4254 quod

161 4252 396 4309 ultimum
427 4256 493 4310 in
529 4252 639 4311 eos
668 4256 830 4326 ipsos
860 4258 1264 4326 retorquetur.

1912 2888 2001 2944 65.
2035 2887 2152 2943 Sed
2185 2888 2382 2942 carnis
2424 2886 2621 2956 istius,
2683 2886 2837 2941 sicut
2867 2886 3089 2958 volunt,
3149 2866 3504 2948 formidabat

1842 2977 2176 3031 illecebras.
2213 2975 2371 3047 Ergo
2403 2978 2459 3030 et
2487 2974 2682 3029 carnis
2714 2976 3156 3046 susceptionem
3204 2977 3501 3036 declinare

1845 3065 2165 3135 debuerat;
2199 3080 2273 3118 ne
2302 3064 2373 3117 ad
2402 3063 2695 3117 lubricum
2740 3063 3074 3119 traheretur
3112 3067 3353 3122 erroris.
3386 3067 3504 3124 Sed

1847 3152 2141 3224 quomodo
2199 3152 2494 3205 lubricum
2551 3154 2778 3221 poterat
2833 3151 3038 3206 timere
3094 3156 3341 3224 peccati,
3403 3154 3505 3225 qui

1847 3244 2154 3313 peccatum
2209 3240 2577 3294 remissurus
2634 3238 3009 3294 advenerat?
3057 3239 3129 3294 Et
3181 3241 3314 3297 ideo
3370 3256 3504 3298 cum

1850 3330 2185 3399 susceperit
2241 3343 2478 3382 carnem
2538 3327 2817 3397 hominis,
2878 3340 3256 3398 consequens
3298 3333 3390 3384 est
3445 3332 3510 3386 ut

1848 3417 2272 3488 perfectionem
2291 3416 2710 3470 incarnationis
2739 3416 3278 3489 plenitudinemque
3300 3432 3509 3473 susce-

1848 3507 2033 3576 perit;
2066 3505 2385 3559 nihilenim
2407 3504 2467 3557 in
2495 3502 2730 3558 Christo
2765 3504 3192 3574 imperfectum.
3231 3505 3510 3577 Suscepit

1848 3595 2045 3665 itaque
2068 3608 2324 3661 carnem,
2352 3595 2414 3645 ut
2456 3593 2873 3662 resuscitaret;
2907 3594 3196 3665 assumpti
3232 3594 3507 3665 animam,

1850 3682 1957 3737 sed
2014 3682 2265 3735 animam
2322 3679 2661 3750 perfectam,
2713 3681 3138 3753 rationabilem,
3200 3682 3517 3737 humanam

1850 3771 2198 3841 assumpsit,
2232 3773 2405 3840 atque
2437 3769 2722 3839 suscepit.

1921 3885 2010 3941 66.
2032 3887 2181 3940 Nam
2202 3886 2336 3956 quis
2355 3889 2550 3955 potest
2571 3901 2792 3958 negare
2817 3888 2977 3959 quod
3017 3892 3353 3961 susceperit
3381 3890 3513 3946 ani-

1853 3991 2027 4044 mam,
2052 3991 2184 4029 cum
2205 3975 2333 4044 ipse
2348 3974 2500 4029 dicat
2516 3991 2528 4029 ς
2560 3995 2583 4026 α
2601 3977 2872 4030 Animam
2890 3991 3078 4032 meam
3098 3993 3254 4049 pono
3266 3995 3374 4050 pro
3396 3979 3518 4035 ovi-

1852 4066 1968 4119 bus
1991 4064 2140 4119 meis
2159 4064 2351 4132 (Joan.
2377 4080 2435 4134 x,
2460 4062 2589 4133 15)?
2619 4086 2640 4112 »
2664 4063 2734 4118 Et
2758 4064 2997 4120 iterum:
3022 4086 3046 4116 ι
3071 4067 3392 4138 Propterea
3419 4083 3514 4124 me

1853 4155 2029 4208 Pater
2049 4152 2259 4224 diligit,
2276 4151 2411 4223 quia
2429 4167 2542 4223 ego
2564 4167 2719 4222 pono
2740 4154 2993 4209 animam
3007 4169 3215 4225 meam,
3230 4158 3294 4211 ut
3304 4156 3518 4212 iterum

1859 4257 2088 4298 sumam
2120 4241 2281 4295 illam
2309 4240 2487 4310 (Ibid.
2519 4240 2628 4311 17).
2670 4261 2692 4291 ι
2726 4242 2861 4297 Non
2899 4258 3007 4313 per
3032 4244 3373 4314 parabolam
3400 4245 3516 4301 hoc

1859 4331 2093 4399 dicitur,
2128 4346 2239 4385 nec
2295 4329 2718 4399 perfunctioria
2777 4331 3230 4403 significatione,
3286 4333 3345 4386 in
3402 4345 3520 4404 qua

160 4373 1743 4491 ff-jggsfgrlgffpgrfffffljlig“fidnj‘fjj‘j0fu‘jff3f
1773 4428 1827 4488 υ
1858 4373 2330 4484 ἔῐῖυξῑᾞίὲᾖῖινῖ
2366 4422 2423 4473 et
2478 4373 2651 4473 aliud.
2692 4373 3481 4491 eriiiQiIJXEEZLt"£1135
3485 4373 3517 4476 ἒ

107 4460 207 4530 ipsa
231 4465 527 4538 aliquibus
559 4469 661 4522 aut
690 4466 989 4537 superflua
1020 4468 1119 4520 aut
1153 4465 1382 4536 prolixa
1409 4464 1739 4519 videantur.

109 4547 366 4609 Fortassis
416 4558 584 4611 enim
630 4556 784 4609 dicat
829 4553 1082 4626 aliquis:
1117 4553 1328 4608 Nonne
1359 4552 1430 4607 de
1462 4552 1654 4607 Patris
1684 4554 1741 4606 et

110 4635 525 4700 Filiidivinitate
549 4645 811 4715 quinque
850 4642 991 4711 illis,
1024 4641 1182 4713 quod
1219 4640 1540 4712 scripsisti,
1573 4640 1743 4694 libris

114 4730 496 4787 conclusurum
520 4738 581 4786 te
605 4747 743 4786 esse
774 4730 1139 4801 promiseras
1160 4730 1189 4784 ?
1216 4728 1332 4784 Sed
1363 4729 1505 4800 quid
1534 4728 1746 4782 faciam

112 4828 213 4871 cum
260 4822 524 4891 quotidie
561 4836 750 4893 novas
808 4819 1101 4874 seminent
1147 4818 1561 4889 quaestiones?
1612 4817 1745 4871 Non

112 4910 329 4971 preterit
358 4910 640 4980 sponsio,
673 4908 778 4963 sed
811 4907 1087 4979 astringit
1116 4905 1396 4978 objectio.
1431 4906 1577 4960 Nam
1598 4921 1746 4976 que-

113 4995 449 5053 madmodum
496 5001 699 5068 potest
727 4998 863 5051 ﬁnis
921 5012 1059 5051 esse
1090 4995 1390 5067 responsi,
1451 4994 1506 5049 si
1534 4993 1747 5049 modus

114 5082 277 5138 nullus
305 5086 536 5157 objecti
570 5087 689 5141 sit?

164 5167 237 5226 63.
259 5173 323 5230 Et
342 5178 547 5229 tamen
573 5175 643 5229 de
673 5174 866 5229 Patris
882 5176 939 5229 et
961 5173 1093 5228 Filii
1131 5173 1435 5228 divinitate
1468 5186 1750 5227 consum-

112 5263 355 5318 matumm
380 5264 843 5335 responsionem
863 5262 923 5317 in
941 5263 1353 5334 superioribus
1376 5262 1465 5316 m'e
1485 5277 1750 5332 spopon-

114 5344 312 5405 deram:
375 5352 493 5407 hoc
558 5354 747 5406 autem
808 5351 961 5406 libro
1019 5352 1091 5405 de
1146 5352 1572 5406 incarnationis
1604 5340 1752 5404 718

114 5433 398 5496 Dominicae
434 5443 813 5496 sacramento
843 5439 1091 5511 plenior,
1137 5440 1294 5495 sicut
1343 5439 1563 5510 debuit,
1599 5438 1751 5493 facta

1864 4532 1885 4557 α
1922 4509 2280 4563 Neomenias
2339 4510 2395 4561 et
2436 4507 2681 4562 sabbata
2737 4513 2935 4561 vestra
2966 4508 3087 4563 odit
3143 4507 3334 4560 anima
3392 4522 3522 4563 mea

1860 4597 1999 4669 (Isa.
2022 4615 2082 4668 ιι,
2123 4598 2244 4667 -13);
2284 4618 2306 4645 ι»
2340 4596 2478 4650 licet
2509 4596 2682 4650 etiam
2712 4594 2856 4649 illud
2887 4595 2959 4648 ad
3015 4594 3233 4649 Christi
3263 4595 3518 4651 animam

1860 4687 2054 4757 possit
2082 4685 2311 4755 referri,
2345 4700 2476 4754 quae
2506 4683 2637 4737 ideo
2669 4682 2859 4752 posita
2892 4686 3004 4751 est,
3036 4685 3100 4736 ut
3126 4682 3389 4738 aboleret
3418 4684 3521 4742 Ju-

1863 4775 2046 4829 daicae
2079 4773 2519 4844 superstitionis
2578 4786 2860 4840 errorem,
2894 4773 2952 4826 et
3006 4771 3183 4826 unius
3241 4773 3522 4830 sacrificii

1863 4864 2197 4917 institueret
2224 4862 2548 4915 veritatem.

1935 4987 2024 5040 67.
2048 4986 2163 5041 Sed
2183 4985 2253 5039 de
2279 4984 2391 5039 hoc
2413 4983 2680 5039 dubitent
2714 4984 3081 5056 prophetico,
3115 4987 3526 5060 evangelicum

1866 5076 1980 5129 hoc
2027 5074 2284 5129 refutare
2344 5088 2460 5127 non
2491 5077 2745 5143 possunt
2803 5073 2873 5129 de
2902 5074 3112 5129 animm
3169 5077 3523 5147 preprietate

1868 5165 2085 5218 dictum
2113 5178 2127 5232 ;
2163 5178 2295 5217 cum
2319 5162 2389 5215 de
2411 5167 2593 5216 morte
2634 5162 2863 5216 Domini
2893 5166 2952 5217 et
2981 5167 3418 5220 resurrectione
3448 5165 3527 5221 sit

1868 5253 2120 5320 dictum;
2153 5251 2403 5321 denique
2425 5250 2615 5305 addit:
2687 5273 2709 5299 ιι
2744 5250 2932 5306 Nemo
2963 5251 3111 5307 tollit
3166 5268 3294 5307 eam
3342 5271 3374 5307 a
3406 5269 3518 5324 me,

1869 5342 1975 5397 sed
2007 5356 2119 5411 ego
2150 5355 2303 5411 pono
2336 5356 2462 5394 eam
2492 5355 2525 5393 a
2557 5354 2647 5393 me
2667 5339 2818 5410 ipso.
2841 5341 3199 5396 Potestatem
3222 5341 3408 5395 habeo
3428 5356 3527 5410 po-

1868 5430 2045 5485 nendi
2075 5431 2327 5484 animam
2357 5444 2563 5500 meam,
2599 5431 2655 5483 et
2693 5431 3040 5499 potestatem
3089 5428 3279 5483 habeo
3310 5429 3520 5485 iterum

3526 5514 3555 5539 ο

165 5596 261 5669 (86)
291 5600 516 5674 Arium
532 5599 597 5655 in
625 5614 694 5656 ea
725 5599 1016 5674 sententia
1046 5599 1236 5657 fuisse
1257 5598 1469 5657 litteris
1497 5596 1883 5674 prodiderunt
1911 5592 2165 5667 August.
2215 5590 2289 5646 de
2321 5590 2537 5649 liaires.
2572 5604 2700 5669 cap.
2744 5590 2853 5667 55,
2881 5587 3289 5649 Theodoretus
3333 5584 3434 5648 lib.
3457 5600 3521 5653 ιγ

117 5663 286 5730 pm:
316 5670 533 5732 Fabul.
572 5685 698 5749 cap.
731 5670 783 5755 I,
818 5674 877 5731 et
894 5671 1011 5734 alii.
