4090 6174
561 349 678 413 871

1999 345 2064 406 S.
2099 342 2540 406 AMBROSII.
3842 347 3930 409 872

571 547 989 604 sumendieam
1016 548 1282 606 (Joan.x,
1311 544 1418 600 18l.
1457 569 1478 594 ii
1518 545 1791 598 Earndem
1841 545 2019 612 igitur
2052 545 2232 612 ponit,
2267 538 2310 598 Α
2351 541 2471 595 vult
2529 557 2636 610 pro
2668 556 2733 593 se
2795 540 2935 594 ﬂere
2984 555 3096 594 nos
3157 540 3459 595 Dominus.
3517 541 3758 612 Denique
3800 544 3933 599 dicit:

567 653 742 708 quam
775 639 1059 706 suscepit.
1097 635 1372 703 Suscepit
1422 635 1591 697 dico;
1646 652 1756 686 non
1792 635 1943 686 enim
1983 634 2234 684 Verlin‘n

569 725 767 796 ipsum
800 725 902 778 Dei
953 726 1150 777 vivum
1201 725 1256 776 in
1289 741 1397 776 sua
1449 739 1622 775 carne
1665 725 1732 774 ad
1775 729 1991 774 DOSll'fD
2025 722 2234 772 animae

565 813 758 867 vicem
833 813 1054 866 factum
1119 816 1246 866 est:
1308 811 1412 864 sed
1471 812 1625 864 sicut
1683 827 1914 863 carnem
1974 817 2234 862 nostrain

563 901 887 972 perfectam
920 905 1148 955 naturae
1198 900 1469 953 humanae
1514 899 1916 966 assumptione
1951 897 2232 964 suscepit.

562 989 932 1058 Assumpsit,
966 981 1110 1043 719
1146 989 1405 1058 inquam,
1430 988 1703 1053 animam,
1732 992 1791 1038 ut
1815 986 2235 1038 incarnationis

569 1092 696 1131 suae
756 1077 1135 1131 benediceret
1193 1079 1606 1141 sacramento;
1652 1075 1916 1144 suscepit
1966 1073 2237 1126 affectum

571 1181 790 1234 meum,
823 1169 886 1219 ut
909 1167 1266 1220 emendaret.

631 1251 719 1307 68.
753 1253 902 1318 Quid
930 1258 1123 1307 autem
1166 1269 1316 1322 opus
1354 1251 1461 1307 fuit
1494 1268 1729 1304 carnem
1769 1251 2073 1318 suscipere
2109 1250 2236 1301 sine

564 1341 787 1408 anima;
808 1357 937 1394 cum
961 1343 1162 1412 utique
1179 1341 1554 1395 insensibilis
1576 1357 1732 1406 caro,
1752 1345 1802 1392 ct
1821 1339 2237 1392 ii-iationaliilis

559 1429 750 1482 anima
785 1445 893 1483 nec
917 1433 1158 1499 peccato
1186 1431 1264 1484 sit
1286 1430 1563 1497 obnoxia,
1591 1444 1699 1482 nec
1742 1430 1915 1495 digna
1951 1428 2191 1496 prannio
2212 1428 2239 1480 ‘2

563 1516 709 1570 Illud
729 1533 874 1587 ergo
896 1535 1002 1587 pro
1025 1519 1198 1573 nobis
1221 1518 1504 1587 suscepit,
1526 1518 1681 1586 quod
1709 1518 1762 1568 in
1791 1517 1960 1568 nobis
1987 1515 2237 1582 amplius

563 1606 1024 1675 periclitabatur.
1049 1607 1196 1670 Quid
1217 1612 1409 1660 autem
1428 1605 1844 1673 mihiprodest,
1873 1606 1922 1654 si
1946 1607 2123 1655 totum
2150 1618 2236 1656 iiie

546 1709 673 1747 non
695 1694 988 1747 redemit?
1019 1694 1135 1746 Sed
1157 1699 1339 1747 totum
1358 1709 1448 1746 me
1475 1693 1742 1760 redemit,
1765 1693 1865 1760 qui
1892 1695 2004 1744 ait:
2049 1714 2069 1736 α
2098 1692 2238 1760 Mihi

563 1779 978 1852 indignamini,
1014 1781 1114 1850 qui
1160 1785 1345 1833 totum
1396 1781 1690 1833 hominem
1753 1795 1960 1831 sanum
2009 1779 2122 1831 feci
2181 1781 2238 1831 in
2285 1817 2290 1821 η

2361 651 2382 679 ‹‹
2421 631 2582 684 Filiae
2616 630 2964 696 Jerusalem,
3001 629 3179 682 nolite
3212 646 3299 683 me
3331 630 3486 696 ﬂere,
3520 647 3621 684 vos
3653 631 3798 699 ipsas
3839 634 3935 687 flete

2361 720 2522 787 (Luc.
2547 735 2713 784 xxm,
2736 719 2844 786 ‘28).
2876 739 2896 764 ii
2925 717 2988 770 Et
3031 719 3162 770 istis
3185 718 3352 772 dicit:
3398 718 3580 772 Nolite
3603 719 3728 772 mihi
3759 721 3933 786 timere,

2348 807 2520 858 vobis
2553 807 2768 860 timete.
2817 808 2904 859 An
2959 823 3076 859 non
3136 806 3387 859 audistis
3434 806 3706 860 dicentem
3763 807 3934 862 David:

2351 915 2374 943 ii
2412 895 2696 948 Dominus
2759 894 3103 947 illuminatio
3135 910 3263 947 mea
3321 899 3378 947 et
3409 895 3568 948 salus
3625 910 3759 962 mea,
3806 911 3936 965 quem

2347 983 2564 1036 timebo
2585 986 2611 1035 ἶ)
2647 983 2930 1036 Dominus
2965 982 3252 1035 defensor
3281 984 3416 1036 vitae
3435 999 3596 1050 mea),
3625 999 3655 1036 a
3676 999 3778 1053 quo
3796 985 3929 1053 trepi-

2349 1070 2499 1124 dabo
2521 1071 2708 1133 (Psal.
2734 1087 2898 1138 xxvr,
2924 1071 2976 1136 i)
3000 1072 3028 1123 ε»
3065 1093 3086 1118 η
3114 1074 3170 1124 et
3197 1071 3367 1125 alibi:
3407 1093 3429 1118 «
3465 1072 3589 1125 Non
3622 1072 3813 1125 timebo
3838 1073 3938 1141 quid

2347 1158 2521 1211 faciat
2553 1160 2692 1212 mihi
2723 1159 2898 1213 homo
2931 1159 3120 1227 (Psal.
3167 1176 3310 1226 xvn,
3347 1159 3434 1226 6):,
3472 1183 3492 1206 ιι
3528 1163 3582 1213 et
3618 1159 3772 1213 alibi:
3805 1159 3934 1212 «Non

2345 1247 2564 1300 timebo
2597 1247 2733 1317 quid
2769 1246 2942 1299 faciat
2975 1247 3112 1300 mihi
3147 1264 3284 1300 caro
3317 1248 3502 1324 (P5321.
3538 1265 3623 1314 Lv,
3655 1250 3722 1316 :3).
3758 1271 3776 1294 υ

2417 1336 2504 1388 'il.
2532 1336 2681 1388 Dicit
2697 1351 2841 1406 ergo
2869 1351 2881 1389 :
2920 1335 3044 1407 Ego
3080 1336 3313 1404 lapsum
3338 1336 3448 1403 (3'1)
3481 1340 3692 1390 natura:
3730 1335 3932 1389 humane

2345 1425 2550 1477 timere
2569 1424 2750 1492 potui,
2779 1439 2952 1492 quem
2979 1424 3152 1477 homo
3175 1425 3300 1492 ipse
3324 1439 3441 1477 non
3463 1425 3674 1477 timuit:
3710 1424 3934 1493 Deusigi-

2345 1515 2440 1565 tur
2471 1514 2601 1564 ante
2635 1527 2891 1571 carnem,
2933 1512 3091 1565 Deus
3125 1513 3182 1564 in
3217 1528 3416 1580 carne,
3452 1513 3840 1581 perfectionem
3863 1527 3932 1564 na-

2345 1605 2492 1654 tura)
2515 1601 2816 1668 assumpsi
2840 1601 3144 1654 humanm:
3181 1601 3424 1669 susrepi
3459 1617 3698 1654 sensum
3719 1600 3930 1660 hominis,

2349 1689 2452 1742 sed
2487 1704 2604 1741 non
2638 1704 2769 1742 sum
2801 1705 2987 1742 sensu
3019 1690 3215 1742 carnis
3247 1690 3504 1743 inﬂatus.
3538 1690 3722 1743 Sensu
3743 1689 3931 1742 hominis

2347 1777 2600 1830 animam
2633 1791 2820 1829 meam
2854 1777 2973 1829 dixi
3011 1793 3150 1830 esse
3183 1777 3508 1830 turbatam:
3545 1793 3717 1832 sensu
3745 1775 3932 1829 hominis

571 1869 819 1923 sabbato
859 1869 1048 1936 (Joan.
1074 1867 1282 1936 vn,93)
1305 1870 1332 1921 ‘2
1386 1891 1408 1916 ii
1443 1868 1648 1921 Totum
1683 1883 1772 1919 me
1807 1868 2068 1933 redemit,
2103 1869 2239 1935 quia
2271 1906 2316 1962 Β
2349 1865 2608 1918 esui-ivi:
2644 1881 2828 1918 sensu
2860 1865 3118 1918 hominis
3153 1865 3382 1935 rogavi,
3417 1865 3515 1935 qui
3539 1871 3794 1936 rogantes
3812 1879 3934 1917 exau-

565 1957 627 2011 in
657 1959 851 2011 virum
882 1957 1207 2027 perfectum
1239 1956 1435 2012 fidelis
1484 1972 1600 2008 non
1637 1971 1711 2010 ex
1738 1958 1921 2024 parte,
1954 1957 2057 2007 sed
2083 1960 2235 2008 totus

565 2045 846 2116 resurgit.

630 2133 718 2188 69.
756 2134 1088 2203 Designant
1119 2149 1264 2204 ergo
1296 2133 1392 2186 isti
1427 2133 1853 2186 misericordes
1900 2133 2126 2194 timere,
2163 2148 2235 2184 ne

563 2222 839 2276 Christus
897 2238 1133 2275 carnem
1192 2238 1381 2289 suam,
1444 2222 1537 2274 vel
1605 2223 1858 2273 animam
1917 2220 2237 2288 perfectam

562 2325 927 2380 sensumque
974 2310 1231 2363 hominis
1291 2326 1409 2363 non
1443 2311 1697 2378 potuerit
1747 2309 2101 2379 gubernare,
2135 2304 2237 2376 qui

561 2399 734 2453 etiam
773 2399 936 2452 illum
970 2399 1156 2452 asinae
1188 2398 1432 2468 pullum,
1457 2402 1792 2467 quem.ante
1813 2413 1982 2450 nemo
2007 2397 2240 2450 sederat

569 2486 734 2556 (Luc.
765 2503 886 2554 xxx,
921 2486 1032 2555 80),
1067 2486 1437 2556 gubernavit.
1476 2509 1498 2532 ‹‹
1546 2486 1652 2548 Qui
1687 2486 1964 2554 plantavit
2012 2502 2232 2551 aurem,

562 2589 693 2628 non
722 2575 918 2628 audiet
949 2574 1137 2640 (I’sal.
1164 2589 1325 2641 xcm,
1349 2574 1458 2641 9)?
1492 2597 1514 2620 ι»
1547 2572 1656 2636 Qui
1688 2574 1837 2625 alios
1872 2574 2132 2640 regebat,
2169 2589 2234 2625 se

563 2677 776 2732 regere
834 2662 962 2731 ipse
1022 2678 1141 2715 non
1192 2662 1461 2730 poterat?
1519 2660 1626 2724 Qui
1673 2667 1909 2729 pecrata
1959 2661 2230 2728 donaliut,

559 2749 1014 2818 peccatumipse
1051 2749 1354 2802 faciebat?
1388 2749 1666 2801 Desinant
1709 2749 1954 2802 nimium
1997 2748 2235 2801 solliciti

562 2836 659 2890 isti
692 2841 969 2907 tanquam
1002 2837 1315 2908 paedagogi
1355 2835 1597 2902 Christi,
1630 2837 1820 2889 vereri
1865 2854 1936 2889 nc
1971 2839 2141 2890 etiam
2175 2837 2234 2889 in

553 2923 687 2996 ipso
722 2925 1206 2994 concupiscentia
1246 2925 1442 2978 carnis
1501 2925 1692 2994 legem
1728 2927 1935 2976 mentis
1983 2941 2233 2993 oppres-

563 3013 728 3082 serit,
753 3029 886 3084 quae
910 3029 1026 3067 non
1047 3017 1354 3083 oppressit
1384 3014 1442 3066 in
1473 3013 1670 3074 l’aulo,
1709 3013 1812 3065 sed
1835 3014 2232 3067 tantummodo

558 3101 911 3172 repugnavit
935 3103 1131 3168 (Rom.
1158 3117 1260 3169 vn,
1295 3099 1404 3170 ‘23).
1441 3101 1670 3153 Athlcta
1700 3101 1922 3154 Chi-isti
1955 3101 2233 3154 victorias

560 3191 776 3244 mentis
809 3193 1077 3244 numerat
1111 3205 1258 3258 suae,
1293 3189 1352 3242 hi
1404 3191 1693 3258 trepidant
1725 3206 1796 3242 ne
1849 3205 1984 3242 caro
2016 3191 2233 3243 tituba-

558 3278 710 3332 verit
741 3278 799 3331 in
835 3279 1102 3346 Domino,
1141 3295 1273 3349 quae
1303 3278 1442 3330 vicit
1473 3277 1533 3330 in
1564 3277 1802 3330 servulo
1824 3279 1852 3330 ‘?

636 3365 726 3422 '70.
763 3366 897 3420 Non
944 3366 1067 3421 vult
1094 3381 1200 3436 pro
1251 3381 1318 3419 se
1373 3365 1578 3418 timere
1610 3380 1722 3418 nos
1782 3363 2077 3434 Christus,
2115 3381 2230 3418 non

638 3506 772 3578 (3'7).
807 3506 954 3561 Mss.
986 3507 1228 3578 aliquot,
1268 3527 1289 3552 «
1340 3504 1484 3560 mihi
1516 3521 1672 3558 caro.
1709 3505 1866 3576 Ergo
1898 3506 2167 3575 lapsum;
2205 3529 2224 3554 υ

564 3577 702 3646 duo,
741 3601 764 3626 «ι
794 3579 950 3632 Deus
982 3577 1327 3647 lapsum.....
1361 3579 1565 3629 timere
1609 3579 1809 3644 potuit.
1849 3600 1870 3622 ››

635 3651 748 3717 (38)
770 3649 912 3702 Haec
931 3649 1230 3702 Ambrosii
1255 3649 1519 3701 doctrina
1549 3649 1619 3700 de
1655 3648 1869 3700 Chi-isti
1895 3648 1949 3700 in
1981 3647 2228 3716 Sapien-

560 3720 639 3772 tia
672 3719 943 3788 profectu
977 3725 1090 3772 tam
1124 3720 1490 3772 incommoda
1542 3719 1666 3769 visa
1713 3722 1804 3770 est
1857 3720 2022 3770 l’etro
2059 3719 2230 3770 Lom-

563 3789 772 3856 bardo,
808 3794 867 3842 ut
899 3806 1026 3842 eam
1067 3790 1140 3842 ab
1189 3790 1436 3842 aliorum
1476 3789 1709 3840 Patrum
1755 3794 1928 3857 atque
1977 3791 2122 3841 adeo
2155 3791 2228 3842 ab

563 3858 852 3912 Ecolesiae
873 3875 1058 3912 sensu
1081 3861 1330 3912 alienam
1351 3875 1488 3912 esse
1513 3860 1878 3927 pronuntiet;
1902 3861 2014 3911 nisi
2036 3864 2228 3913 tamen

565 3928 888 3996 accipiatur
921 3930 992 3982 de
1024 3929 1288 3998 profectu
1324 3934 1589 3988 exteino,
1632 3936 1685 3982 et
1719 3932 2044 3982 secundum
2079 3931 2228 3982 alio-

563 4014 692 4052 rum
719 3998 1017 4051 hominum
1056 4001 1388 4066 Opinionem
1417 4015 1429 4052 :
1469 4023 1488 4044 «
1525 4001 1668 4062 Quia
1692 4001 1766 4050 ita
1810 4016 1875 4052 se
1902 4001 2171 4066 habebat,
2203 4024 2224 4048 ii

561 4068 770 4138 inquit,
794 4090 814 4115 α
844 4073 899 4121 et
919 4070 1180 4137 gerebat,
1206 4086 1273 4121 ac
1297 4071 1348 4121 si
1371 4071 1634 4138 agnition
1663 4089 1690 4118 s
1714 4086 1966 4137 eXspers
1986 4076 2166 4123 esset.
2200 4093 2220 4119 ι

559 4139 781 4210 Verum
814 4141 1022 4192 isthaec
1053 4143 1367 4206 responsio
1399 4157 1515 4192 non
1553 4142 1767 4208 injuria
1790 4143 1948 4193 i‘.Sth
1976 4141 2226 4210 aliisque

559 4209 856 4280 theologis
874 4225 988 4262 non
1005 4211 1323 4274 satisfecit;
1345 4212 1558 4278 quippe
1574 4227 1704 4278 qua:
1720 4226 1957 4262 causam
1987 4209 2226 4279 adjudi-

559 4281 1116 4334 caretadversariis.
1133 4281 1279 4343 Quid
1295 4281 1447 4332 enim
1470 4283 1583 4332 illis
1601 4283 1954 4348 expeditius,
1974 4298 2146 4351 quam
2169 4286 2229 4336 ut

556 4351 817 4420 Speciem
836 4351 991 4404 illam
1009 4351 1722 4419 profectustantummodo
1748 4357 2046 4404 externam
2081 4355 2226 4404 divi-

558 4423 723 4476 nitati
738 4437 850 4492 qua
867 4422 922 4474 in
936 4421 1172 4474 Christo
1185 4424 1395 4474 animae
1409 4423 1596 4474 vicem
1612 4423 1872 4489 suppleri
1888 4424 2230 4477 dictitabant

555 4493 968 4547 ascriberent?
1006 4493 1276 4545 Petavius
1311 4493 1411 4546 lib.
1441 4509 1498 4545 χι
1532 4494 1605 4545 de
1631 4493 1861 4544 Iucarn.
1889 4510 2015 4560 cap.
2041 4496 2090 4552 3.
2111 4511 2225 4546 non

556 4565 822 4618 eamdem
840 4563 1110 4616 hacdere
1145 4565 1379 4616 Patrum
1408 4564 1664 4617 omnium
1697 4563 1902 4615 scribit
1923 4580 2060 4616 esse
2081 4581 2222 4617 scn-

552 4634 814 4701 tentiam;
835 4649 966 4687 cum
979 4634 1078 4688 alii
1095 4634 1420 4703 profectum
1438 4635 1692 4686 hominis
1709 4636 1765 4686 in
1781 4633 2016 4686 Christo
2031 4636 2226 4686 adiiiit-
2244 4604 2298 4666 D

556 4705 871 4770 terent,alii
890 4709 1194 4775 negarent.
1218 4706 1294 4758 De
1309 4709 1514 4757 sancto
1529 4710 1720 4775 autem
1739 4710 1941 4756 nostro
1959 4706 2030 4756 ita
2048 4705 2229 4774 loqui-

559 4777 686 4845 tur;
709 4794 731 4822 α
751 4774 1105 4829 Ambrosius
1123 4791 1264 4829 vero
1279 4792 1340 4829 re
1361 4776 1487 4845 ipsa
1502 4774 1798 4827 Christum
1815 4791 1917 4842 pro
1928 4776 2229 4841 feciSse,et

559 4843 985 4898 incrementum
1020 4847 1277 4914 coepisse
1330 4843 1631 4912 utaetatis,
1674 4846 1750 4897 ita
1794 4851 1849 4898 et
1901 4847 2224 4915 sapientiae,

556 4915 888 4986 gratiaeque
949 4919 1268 4984 praecipuae
1316 4918 1508 4986 magis
1557 4933 1732 4986 quam
1784 4919 1982 4969 caeteri
2017 4933 2224 4970 omnes

561 4981 857 5058 affirmare
879 4981 1182 5058 videtur.)
1215 4987 1354 5039 Haec
1387 4981 1514 5053 ille,
1537 4981 1593 5040 in
1627 4990 1801 5050 cuius
1835 5004 1961 5040 suae
1993 4989 2225 5058 opinio-

555 5052 650 5126 nis
711 5055 1213 5126 confirmationem
1272 5059 1406 5110 citat
1464 5052 1769 5126 sequentis
1807 5075 1960 5110 num.
2020 5052 2218 5126 verba,

566 5146 587 5170 u
611 5123 914 5198 Quomodo
931 5125 1292 5198 proficiebat,
1314 5149 1333 5171 ii
1354 5135 1463 5180 etc.
1485 5123 1892 5181 Verumtamen
1910 5123 2226 5198 quominus

557 5209 772 5264 magno
823 5195 1112 5267 iviro_liic
1170 5198 1582 5262 assentiamur,
1649 5195 1941 5267 prohibet“
1978 5202 2228 5267 ip~cuiet

553 5266 932 5338 Atilbrosius.
976 5265 1197 5318 Etenim
1247 5283 1376 5318 cuni
1432 5268 1529 5319 lib.
1567 5285 1598 5317 ν
1646 5265 1718 5322 ile
1755 5272 1927 5334 .l'iV/i-,
1966 5265 2090 5338 cap.
2137 5274 2216 5338 13,

557 5352 715 5391 num.
744 5337 1187 5400 ‘221,rctu|issei
1215 5354 1327 5389 non
1355 5353 1574 5404 pani-os
1597 5356 1753 5402 esse,
1781 5343 1874 5409 qui
1914 5337 2220 5393 i)0lllli]llill

551 5409 788 5478 qmdem
821 5409 1146 5460 secundum
1183 5411 1542 5460 divinitatem
1596 5426 1788 5461 omnia
1834 5414 2215 5479 cognovisse,

553 5487 610 5533 at
631 5480 956 5532 secundum
980 5480 1393 5532 ιιιιιιιειυίιειιρευ
1423 5495 1556 5530 vero
1594 5498 1905 5547 igiiviiassi:
1940 5485 2218 5535 nonnulla

597 5551 1018 5616 roiitebantur;
1079 5551 1348 5617 sequenti
1409 5567 1566 5614 num,
1631 5552 1743 5601 sibi
1805 5568 1916 5603 non
1984 5554 2220 5620 probari

553 5564 1018 5674 promebantur;
1079 5564 1348 5617 sequenti
1409 5567 1566 5614 num,
1631 5564 1743 5601 snii
1805 5568 1916 5603 non
1984 5564 2220 5620 probam

599 5636 706 5672 anc
723 5620 1054 5688 opinionem
1072 5620 1551 5672 nondissiinulat.
1573 5620 1693 5671 Nec.
1711 5625 1897 5672 tamen
1917 5630 2220 5690 propterea

558 5705 664 5760 eos
688 5691 809 5744 ullo
835 5693 1006 5745 modo
1030 5691 1202 5743 habet
1221 5706 1324 5758 pro
1344 5691 1661 5760 han-elicis,
1697 5691 1836 5760 quin
1873 5693 1985 5745 imo
2019 5695 2224 5747 catho—

555 5755 708 5822 licos
729 5759 922 5817 fuisse
951 5760 1110 5820 haud
1138 5755 1428 5820 immerito
1461 5775 1536 5816 ex
1566 5755 1732 5838 ipsis
1747 5760 1970 5836 verbis,
2005 5764 2224 5838 quibus

2351 1955 2475 2007 dire
2507 1954 2829 2006 consuevi:
2894 1969 3079 2006 sensu
3109 1953 3368 2007 hominis
3419 1954 3638 2023 profeci
3692 1953 3790 2022 (38)
3831 1953 3934 2004 sicut

2349 2043 2634 2110 scriptum
2657 2045 2778 2096 est:
2817 2062 2839 2089 «ι
2865 2042 2934 2095 Et
2952 2042 3130 2095 Jesus
3155 2043 3503 2111 proficiebat
3523 2045 3682 2096 aetate
3700 2046 3747 2094 et
3766 2041 3933 2108 sapien-

2347 2133 2424 2183 tia
2458 2134 2513 2182 et
2542 2131 2728 2201 gratia
2763 2130 2917 2200 apud
2949 2131 3132 2184 Deum
3161 2134 3217 2184 et
3267 2130 3542 2185 homines
3590 2130 3697 2199 (39)
3743 2129 3871 2198 (Luc.
3894 2143 3931 2187 ii,

2349 2221 2459 2272 52L

2417 2308 2504 2361 '79..
2527 2307 2831 2372 Quomodo
2871 2307 3220 2376 proficiebat
3271 2307 3568 2378 Sapientia
3599 2306 3741 2361 Dei‘?
3778 2305 3931 2359 Doceat

2345 2400 2401 2451 te
2460 2397 2604 2448 ordo
2637 2395 2974 2448 verborum.
3037 2395 3351 2450 Profectus
3394 2400 3485 2450 est
3542 2384 3737 2455 aetatis,
3765 2384 3876 2448 720
3899 2396 3932 2442 et

2345 2484 2669 2555 profectus,
2697 2484 3002 2552 sapientiae
3039 2484 3143 2536 sed
3171 2484 3446 2538 humanae
3481 2488 3588 2538 est.
3628 2484 3751 2538 Ideo
3769 2485 3932 2536 aetatem

2347 2579 2478 2626 ante
2523 2573 2830 2642 praemisit,
2885 2576 2948 2626 ut
3009 2573 3339 2627 secundum
3399 2574 3688 2627 hominem
3727 2571 3932 2624 crederes

2347 2662 2585 2726 dictum,
2608 2665 2751 2713 aetas
2772 2660 2924 2713 enim
2949 2676 3066 2713 non
3093 2661 3444 2730 divinitatis,
3471 2662 3575 2716 sed
3599 2660 3833 2730 corporis
3860 2660 3931 2710 est.

2347 2750 2506 2819 Ergo
2537 2749 2585 2801 si
2621 2748 2966 2817 proficiebat
2995 2753 3162 2802 aetate
3213 2749 3499 2815 hominis,
3534 2749 3840 2818 proficiebat
3874 2760 3934 2796 sa-

2343 2840 2558 2907 pientia
2581 2837 2866 2890 hominis:
2893 2837 3177 2906 sapientia
3192 2841 3390 2890 autem
3405 2854 3586 2892 sensu
3604 2835 3824 2906 proficit,
3843 2833 3933 2902 quia
3999 2901 4001 2904 p

2341 2943 2372 2980 a
2406 2942 2590 2979 sensu
2622 2925 2933 2992 sapientia.
2970 2925 3149 2979 Jcsus
3209 2931 3409 2980 autem
3459 2925 3780 2995 proficiebat
3817 2925 3933 2975 actate
3999 2941 4001 2995 ε

2343 3018 2398 3068 et
2421 3013 2727 3083 sapientia.
2755 3011 2899 3076 Quis
2925 3027 3144 3067 sensus
3176 3014 3524 3082 proficiebat
3548 3015 3575 3067 ‘2
3603 3013 3660 3067 Si
3691 3012 3932 3072 humanus,
3999 2981 4001 3061 i

2342 3117 2486 3171 ergo
2513 3107 2568 3154 et
2600 3101 2728 3170 ipse
2762 3106 3079 3170 susceptus
3103 3106 3227 3154 est:
3262 3101 3320 3153 si
3355 3101 3612 3169 divinus,
3642 3115 3772 3171 ergo
3799 3099 3932 3150 muta-

2341 3189 2480 3243 bilis
2505 3205 2609 3258 per
2628 3188 2978 3258 profectum.
3003 3187 3166 3252 Quod
3191 3189 3355 3242 enim
3392 3190 3621 3259 proficit
3649 3189 3821 3257 utique
3844 3199 3931 3236 mu-

2261 3255 2312 3315 C
2341 3281 2492 3331 tatur
2511 3280 2568 3330 in
2592 3277 2804 3331 melius
2829 3293 2841 3331 :
2877 3293 2943 3330 se
2962 3277 3118 3346 quod
3142 3277 3414 3330 divinum
3436 3280 3546 3344 est,
3565 3293 3675 3330 non
3695 3279 3929 3328 mittamur:
3997 3337 3999 3350 Ι

2341 3366 2500 3437 quod
2531 3381 2678 3436 ergo
2727 3369 3005 3434 mutatur,
3059 3381 3177 3418 non
3228 3367 3435 3436 utique
3469 3366 3735 3419 divinum.
3765 3362 3929 3416 Sensus

2338 3508 2538 3573 utitur,
2575 3506 2930 3576 colligimus.
2968 3505 3135 3560 Unde
3167 3505 3345 3560 facile
3365 3511 3692 3576 pateremur
3719 3519 3811 3559 nos
3838 3516 3925 3576 per-

2339 3579 2574 3631 suaderi
2610 3574 2877 3630 sanrtum
2925 3577 3244 3642 doctorem,
3279 3574 3418 3631 cuin
3469 3579 3687 3631 videret
3731 3574 3928 3629 eamdem

2339 3650 2694 3717 Opinionem,
2717 3664 2847 3717 quae
2887 3651 2942 3700 et
2969 3649 3280 3700 multorum
3327 3654 3384 3702 et
3418 3648 3811 3702 catholicorum
3829 3644 3927 3717 sint,

2337 3713 3246 3785 reiellendis’A_po|linaristarum
3263 3721 3614 3773 commentis
3639 3713 3928 3785 commodent

2337 3806 2494 3848 esse,
2533 3791 2588 3841 in
2623 3806 2687 3842 ea
2725 3779 2818 3841 hic
2849 3789 3268 3858 argumentari,
3308 3807 3427 3843 non
3455 3791 3511 3843 in
3543 3789 3786 3859 propria:
3819 3779 3927 3852 quod

2335 3865 2390 3912 et
2423 3876 2841 3928 nonnunquam
2876 3861 2986 3927 ipsi
3040 3875 3151 3912 usu
3201 3862 3408 3914 venire
3445 3878 3473 3913 a
3523 3858 3685 3913 nobis
3723 3858 3822 3927 jam
3849 3867 3928 3931 not!

2337 3932 2520 3982 semel
2542 3932 2920 3983 observatum
2945 3934 3054 3982 est.
3081 3930 3374 3984 Caeterum
3401 3931 3764 3984 nihilominus
3779 3930 3928 3978 verisi-

2336 4001 2472 4054 mile
2498 4001 2671 4052 nobis
2693 4001 2945 4066 videtur,
2969 4000 3250 4069 quidquid
3281 4001 3396 4055 hoc
3420 4002 3550 4055 loco
3589 3995 3927 4069 disputandum

2337 4071 2408 4124 de
2469 4071 2688 4124 Christi
2759 4070 3047 4138 profectu,
3117 4068 3621 4126 accomodandum
3675 4068 3928 4122 attribuen-

2337 4142 2593 4213 dumque
2653 4144 2842 4194 tertiae
2877 4141 2974 4213 illi
3028 4141 3314 4209 scientiae,
3351 4160 3524 4213 quam
3584 4144 3638 4195 in
3667 4139 3928 4213 eo‘prirtt’l'

2337 4209 2564 4264 beatam
2599 4217 2776 4284 atque
2802 4212 3058 4264 infusam
3108 4213 3220 4265 sub
3253 4209 3491 4267 nomine
3538 4209 3813 4282 acquisita:
3837 4209 3926 4284 ξὶνς

2339 4275 2818 4350 θχρριτὶηιὲξιιῖείίἰε
2837 4284 3144 4335 admittunt
3175 4283 3460 4354 theologi.
3489 4275 3646 4336 Hanc
3675 4295 3794 4354 esse
3811 4275 3925 4354 ait!!!i

2336 4369 2450 4423 qua
2483 4358 2726 4406 sanctus
2759 4359 2962 4406 noster
2993 4354 3130 4406 dicit
3180 4351 3665 4409 sensu'humano
3691 4351 3922 4420 Christum

2333 4425 2688 4493 profecisse,
2749 4425 3024 4476 nimirum
3083 4441 3187 4493 per
3217 4428 3437 4478 notiam
3497 4439 3736 4478 reruma
3778 4430 3924 4494 senst'

2333 4496 2446 4547 bus
2465 4501 2762 4563 acceptam
2791 4511 2802 4548 :
2838 4512 2950 4547 non
2971 4497 3124 4564 quod
3146 4511 3270 4548 eam
3307 4498 3567 4550 notitiam
3600 4493 3922 4565 ignorantiam

2333 4561 2716 4634 praecederet,
2739 4561 3139 4635 sedquoniam
3160 4583 3291 4636 quae
3317 4574 3484 4620 antea
3522 4561 3708 4631 sciret,
3739 4561 3784 4614 id
3813 4566 3921 4636 ρο)ξο

2335 4629 2736 4705 cOgnoscendi
2774 4629 2964 4702 modo,
3020 4637 3072 4705 id
3118 4629 3228 4702 est,
3264 4638 3618 4706 experiendo
3665 4629 3920 4706 pensitans

2331 4700 2644 4760 accessum
2676 4700 2959 4760 disceret,
2984 4700 3166 4770 Quale
3196 4700 3416 4778 aliquid
3447 4709 3504 4761 in
3527 4700 3734 4778 Λάεήιο
3760 4700 3920 4778 factum

2332 4780 2606 4846 agnoscit
2638 4783 2889 4848 August.
2924 4763 3030 4831 lib:
3061 4795 3183 4847 vni,
3217 4763 3471 4833 dc‘Gen.
3525 4779 3596 4832 ad
3621 4777 3727 4830 litt.
3757 4785 3857 4838 (περ.
3881 4763 3917 4814 3-

2332 4850 2444 4900 bed
2469 4864 2538 4900 ne
2565 4853 2812 4901 mentem
2839 4865 2970 4901 cum
2995 4850 3431 4903 Ambrosiitum
3449 4848 3684 4902 aliorum
3703 4850 3918 4914 quorum:

2332 4919 2461 4990 dam
2489 4921 2724 4972 l’atrum
2749 4935 2814 4972 ea
2839 4920 2895 4972 in
2919 4935 2980 4973 re
3003 4920 3224 4989 liquido
3245 4925 3606 4990 perspectam
3624 4916 3914 4990 habeant]?!

2332 4989 2444 5042 hoc
2468 4990 2525 5042 in
2549 5006 2727 5043 causa
2751 4995 2859 5052 est,
2879 4978 3087 5060 nempe
3107 4978 3261 5060 quod
3275 4993 3342 5045 ad
3357 4978 3723 5060 asserendam
3737 4978 3916 5060 Christe

2333 5059 2580 5113 Domino
2614 5061 2922 5113 humanam
2985 5057 3233 5115 animum
3279 5063 3552 5115 videbant
3602 5057 3856 5113 sufficere,
3880 5058 3917 5094 ει

2333 5133 2658 5199 profectum
2690 5134 2963 5201 aliquem,
2999 5133 3426 5202 qualiscunque
3459 5133 3675 5202 demum
3704 5127 3749 5179 is
3776 5118 3912 5202 esset.

2331 5198 2362 5253 ὁ
2383 5203 2680 5270 Scriptura
2707 5204 2761 5254 in
2789 5198 2915 5270 ipso
2941 5198 3428 5268 demonstrarent,
3479 5198 3912 5272 proindequefwl1

2329 5265 2574 5324 multum
2609 5275 2679 5324 de
2711 5265 3058 5341 inquirenda
3110 5265 3423 5342 ejusmodi
3453 5265 3731 5342 profectus
3757 5265 3910 5342 natura

2331 5322 2390 5394 ἐξ.
2405 5322 2450 5394 iii
2463 5322 2696 5409 mihi,
2815 5322 2896 5396 ᾆξ’
2917 5322 3130 5397 didici}
3139 5322 3335 5398 Γιἒῖοωῖ
3329 5322 3478 5397 1ἶιὶά¹
3495 5322 3750 5394 uncias
3782 5322 3910 5409 apud

2333 5401 2720 5482 I'Ipiplianium
2757 5416 2985 5468 litltl‘CS.
3021 5417 3108 5480 Ti,
3143 5435 3198 5469 ιι.
3236 5417 3322 5480 “26,
3355 5414 3756 5468 'l'heodoretum
3781 5401 3860 5454 lib.
3885 5407 3910 5442 ν

2325 5486 2549 5537 lderet.
2591 5487 2770 5537 lii/Jul.
2809 5504 2932 5555 cap.
2975 5487 3055 5552 l3,
3090 5493 3262 5557 atque
3294 5487 3458 5539 alios.
3629 5552 3642 5557 _
3675 5550 3687 5557 _
3795 5541 3804 5552 ,

2401 5560 2510 5624 inti)
2556 5557 2732 5608 l’auri
2764 5548 2932 5625 Πιθεῖ,
2965 5581 2984 5603 ‹‹
3025 5548 3184 5627 apud
3211 5559 3387 5611 Deum
3421 5561 3474 5609 et
3503 5552 3644 5627 apud
3673 5548 3903 5627 hom}???

2327 5610 2636 5679 Profectus
2671 5630 2878 5680 artatis.
2921 5610 2981 5682 et
3028 5610 3328 5698 profectus
3377 5610 3907 5698 sapieiitite,_§0fl

2325 5711 2512 5749 mante
2543 5679 2993 5769 estrQuomodo
3390 5679 3796 5769 sapientia'DBii
3821 5679 3903 5735 δο⁸

2324 5771 2452 5824 ceat
2480 5770 2536 5824 te
2567 5768 2712 5826 ordo
2740 5767 3078 5830 verborum.
3111 5771 3249 5830 Ideo
3279 5767 3486 5844 autem}
3520 5789 3542 5820 η
3575 5767 3677 5825 etc.
