4090 6174
225 404 348 467 873

1446 399 1702 465 LIBER
1731 392 1841 463 DE
1869 391 2533 464 INCARNATIONE.

3572 395 3694 465 874

225 611 415 683 igitur
436 603 783 679 proficiebat
801 603 1098 659 humanus
1124 622 1140 667 ,ο
1175 618 1420 657 sensum
1463 617 1608 673 ergo
1647 601 1912 672 suscepit
1940 583 1990 645 Ᾱ
2027 615 2160 655 cum
2198 601 2370 656 Patre
2405 601 2755 656 substantiae
2797 599 3143 657 conﬁtentes
3176 601 3236 656 in
3265 603 3513 656 tractatu
3547 617 3692 656 con-

232 701 586 756 humanum.

299 807 391 862 '73.
428 805 498 859 Et
516 806 579 858 ut
607 801 868 856 sciamus
889 801 1022 871 quia
1043 799 1370 854 secundum
1390 797 1684 852 hominem
1708 796 1911 867 loque-

237 896 435 961 batur,
462 891 751 964 praemisit
774 907 953 959 supra
985 889 1193 943 dicens
1229 903 1241 942 :
1270 909 1290 935 α
1332 888 1489 941 Puer
1509 891 1702 940 autem
1743 901 1910 940 cres-

253 985 423 1039 cebat
445 987 500 1037 et
535 978 981 1035 confortabatur
1026 981 1081 1031 et
1112 976 1462 1046 implebatur
1498 975 1824 1044 sapientia;
1858 978 1913 1027 et

231 1071 427 1144 gratia
463 1069 709 1123 Deierat
741 1083 872 1120 cum
906 1066 1004 1120 illo
1037 1065 1213 1133 (Ibid.
1247 1064 1357 1132 10).
1399 1087 1420 1110 ιι
1459 1063 1529 1116 Et
1561 1079 1730 1134 puer,
1775 1079 1912 1116 nos-

231 1166 342 1215 traa
369 1174 603 1214 nomem
619 1157 810 1210 aetatis
829 1158 920 1209 est
945 1171 956 1208 :
986 1169 1094 1207 nec
1119 1152 1440 1207 confortari
1469 1152 1663 1205 virtus
1687 1154 1913 1220 poterat

241 1249 372 1318 Dei,
425 1262 534 1302 nec
596 1258 870 1299 crescere
919 1242 1114 1311 Deus,
1165 1256 1274 1295 nec
1319 1240 1560 1294 altitudo
1609 1239 1914 1310 sapientiaa

236 1338 364 1405 Dei,
401 1353 509 1392 nec
547 1332 847 1405 plenitudo
889 1331 1213 1386 divinitatis
1257 1329 1508 1400 impleri.
1550 1327 1692 1392 Quae
1733 1328 1916 1398 igitur

233 1425 608 1496 implebatur,
631 1426 755 1477 erat
777 1437 895 1475 non
915 1421 1040 1488 Dei,
1067 1419 1174 1474 sed
1197 1422 1400 1473 nostra
1420 1417 1727 1486 sapientia.
1765 1417 1913 1470 Nam

238 1513 542 1586 quomodo
587 1510 972 1580 implebatur,
1015 1508 1114 1578 qui
1147 1511 1208 1562 ut
1243 1508 1435 1561 omnia
1475 1506 1743 1575 impleret
1773 1504 1914 1559 des-

251 1602 451 1657 cendit
477 1601 583 1671 (40)
614 1600 860 1671 (Ephes.
895 1614 972 1666 iv,
995 1597 1083 1666 10)
1104 1598 1132 1650 ‘?

315 1706 402 1761 74.
435 1707 545 1761 Per
564 1721 740 1778 quem
761 1708 956 1759 autem
995 1719 1240 1758 sensum
1281 1702 1467 1756 Isaias
1491 1702 1656 1769 dixit,
1691 1706 1915 1772 patrem

234 1812 388 1868 puer
415 1795 730 1850 nesciebat
774 1797 871 1848 aut
911 1796 1154 1847 matrem
1177 1793 1205 1846 ‘?
1242 1791 1535 1861 Scriptum
1569 1795 1660 1845 est
1708 1791 1863 1844 enim
1900 1806 1912 1845 :

243 1911 264 1932 u
320 1885 677 1956 Priusquam
711 1884 862 1936 sciat
889 1897 1038 1953 puer
1069 1884 1294 1950 patrem
1317 1883 1414 1933 aut
1436 1883 1676 1932 matrem
1707 1922 1720 1947 ,
1755 1879 1917 1932 acci-

242 1975 367 2044 piet
396 1955 668 2028 virtutem
693 1971 962 2027 Damasci
989 1973 1044 2024 et
1075 1969 1266 2040 spolia
1307 1969 1588 2022 Samaria:
1623 1968 1763 2033 (Isa.
1790 1984 1914 2034 vm,
1951 1955 2004 2018 Β

233 2062 319 2127 4).
365 2087 387 2110 ι
427 2061 788 2133 Sapientiam
827 2060 982 2114 enim
1033 2059 1138 2112 Dei
1189 2057 1383 2111 futura
1433 2061 1489 2110 et
1525 2056 1752 2110 occulta
1800 2071 1918 2109 non

237 2149 448 2205 fallunt
495 2166 508 2205 ξ
562 2165 778 2220 expers
825 2151 1020 2202 autem
1078 2146 1399 2218 agnitionis
1465 2145 1754 2212 infantia,
1816 2160 1922 2214 per

239 2238 558 2294 humanam
589 2239 790 2310 utique
838 2235 1291 2308 imprudentiam
1314 2277 1328 2304 ,
1384 2234 1538 2305 quod
1579 2233 1770 2287 adhuc
1804 2248 1919 2287 non

237 2327 464 2397 didicit,
492 2328 748 2400 ignorat.

313 2451 403 2507 '75.
437 2452 554 2508 Sed
585 2451 914 2508 verendum
952 2454 1065 2519 est,
1099 2446 1322 2519 inquis,
1347 2463 1420 2502 ne
1445 2446 1499 2501 si
1521 2447 1672 2501 duos
1703 2446 1923 2516 princi-

238 2541 411 2612 pales
444 2557 665 2596 sensus
711 2543 810 2594 aut
839 2539 1137 2611 geminam
1168 2537 1518 2606 sapientiam
1553 2535 1789 2589 Christo
1822 2535 1924 2588 tri-

237 2630 520 2698 buimus,
582 2629 883 2683 Christum
933 2627 1288 2681 dividamus.
1343 2625 1642 2694 Numquid
1695 2641 1826 2677 cum
1868 2628 1925 2678 et

235 2719 612 2774 divinitatem
660 2717 796 2788 ejus
845 2717 1160 2770 adoramus
1214 2718 1270 2768 et
1319 2729 1577 2782 carnem,
1621 2712 1922 2766 Christum

250 2808 624 2862 dividimus?
669 2805 969 2876 Numquid
1028 2819 1160 2858 cum
1200 2803 1260 2856 in
1309 2817 1379 2857 eo
1424 2802 1741 2872 imaginem
1795 2801 1921 2869 Dei,

254 2911 614 2966 crucemque
646 2909 1016 2962 veneramur,
1041 2891 1362 2947 dividimus
1385 2907 1516 2945 eum
1539 2891 1566 2944 ‘?
1599 2889 1922 2960 Apostolus

250 2989 436 3053 certe,
470 2985 568 3055 qui
602 2983 674 3038 de
706 2999 775 3037 eo
807 2982 953 3036 dixit
987 2998 998 3036 :
1029 3003 1052 3030 ι
1100 2979 1387 3044 Quoniam
1437 2980 1545 3033 etsi
1600 2979 1922 3032 crucifixus

245 3077 453 3128 estex
510 3072 843 3126 infirmitate
888 3073 1112 3137 nostra,
1171 3068 1314 3122 vivit
1363 3071 1554 3122 tamen
1605 3085 1678 3121 ex
1711 3068 1922 3121 virtute

254 3162 365 3217 Dei
397 3161 486 3229 (Il
514 3161 648 3215 Cor.
682 3177 807 3228 xm,
838 3161 930 3228 4);
968 3179 989 3208 ι
1023 3159 1154 3229 ipse
1185 3157 1331 3212 dixit
1378 3157 1513 3227 quia
1545 3173 1660 3210 non
1691 3157 1921 3210 divisus

249 3255 348 3305 est
395 3249 690 3304 Christus.
742 3247 1040 3318 Numquid
1092 3247 1268 3301 etiam
1307 3261 1440 3300 cum
1493 3246 1746 3298 dicimus
1787 3244 1921 3315 quia

240 3339 502 3392 animam
535 3308 939 3392 rationabilem
973 3339 1030 3389 et
1059 3333 1393 3388 intellectus
1441 3335 1628 3386 nostri
1660 3308 1923 3402 suscepit
1958 3308 2012 3374 ο

245 3442 550 3498 capacem,
582 3426 901 3480 dividimus
933 3439 1066 3479 eum
1098 3423 1155 3493 (Ι
1182 3423 1317 3477 Cor.
1353 3439 1390 3491 ι,
1429 3423 1517 3491 13)
1540 3424 1567 3476 ‘?

316 3533 407 3588 '76.
441 3532 574 3588 Non
604 3533 758 3587 enim
791 3530 920 3602 ipse
962 3531 1122 3584 Deus
1172 3528 1432 3583 Verbum
1464 3543 1570 3598 pro
1603 3527 1792 3581 anima
1826 3545 1922 3582 ra-

243 3621 523 3677 tionabili
554 3624 611 3676 et
639 3621 974 3675 intellectus
1005 3617 1208 3688 capaci
1239 3617 1299 3672 in
1321 3633 1496 3671 carne
1520 3632 1626 3670 sua
1658 3616 1786 3686 fuit,
1817 3617 1920 3670 sed

248 3711 508 3764 animam
539 3709 946 3764 rationabilem
978 3711 1033 3762 et
1065 3706 1399 3761 intellectus
1424 3721 1719 3775 capacem,
1753 3709 1807 3758 et
1840 3706 1924 3774 ip-

251 3815 382 3853 sam
413 3799 748 3867 humanam,
783 3801 839 3851 et
869 3795 1140 3867 ejusdem
1171 3795 1541 3860 substantiae,
1585 3793 1760 3864 cujus
1792 3809 1925 3846 nos-

251 3893 360 3942 tra:
394 3891 533 3942 sunt
578 3887 788 3940 animae
819 3888 876 3940 et
913 3900 1150 3939 carnem
1182 3885 1403 3938 nostra;
1453 3883 1591 3947 721
1649 3881 1922 3950 similem,

251 3976 649 4047 ejusdemque
670 3973 845 4044 cujus
879 3989 1014 4028 caro
1049 3975 1141 4026 est
1162 3975 1364 4026 nostra
1389 3971 1758 4038 substantiae,
1781 3986 1923 4023 sus-

256 4066 490 4134 cipiens
524 4063 684 4117 Deus
723 4061 1004 4128 Verbum,
1037 4061 1339 4131 perfectus
1380 4061 1552 4113 etiam
1586 4059 1760 4112 homo
1793 4059 1918 4127 fuit,

247 4153 387 4208 sine
420 4152 536 4206 ulla
569 4156 760 4206 tamen
799 4151 931 4204 labe
961 4149 1183 4220 peccati
1213 4164 1227 4216 ;
1276 4150 1411 4219 quia
1458 4151 1761 4218 peccatum
1796 4147 1923 4217 ipsc

247 4258 369 4298 non
409 4240 567 4310 fecit,
613 4240 721 4294 sed
769 4255 875 4310 pro
908 4237 1082 4292 nobis
1128 4241 1431 4308 peccatum
1479 4237 1671 4290 factus
1703 4240 1832 4304 est;
1868 4240 1926 4289 ut

254 4347 370 4386 nos
401 4345 677 4384 essemus
712 4327 941 4399 justitia
984 4326 1085 4380 Dei
1119 4325 1178 4379 in
1209 4327 1341 4396 ipso
1371 4325 1459 4395 (ΙῙ
1505 4326 1642 4379 Cor.
1697 4342 1752 4393 v,
1814 4325 1924 4392 21).

246 4420 403 4474 Caro
436 4434 582 4490 ergo
615 4407 828 4487 ipsius'
856 4420 913 4470 et
960 4415 1153 4469 anima
1183 4414 1454 4484 ejusdem
1504 4413 1680 4484 cujus
1737 4414 1926 4468 anima

247 4511 455 4564 nostra
487 4521 742 4577 caroque
784 4504 1134 4559 substantiae
1169 4506 1261 4557 est
1292 4501 1426 4571 (41).

319 4613 411 4668 'i'i.
448 4613 572 4667 Nec
593 4613 769 4666 timeo
792 4626 864 4665 ne
883 4609 1108 4665 tetrada
1130 4609 1336 4664 videar
1357 4608 1636 4663 inducere
1656 4609 1790 4679 (42),
1817 4625 1926 4664 nos

2027 690 2145 743 cilii
2178 690 2426 758 Nicaeni,
2462 707 2578 745 non
2612 707 2783 744 unum
2829 706 3165 761 personam,
3201 691 3309 746 sed
3341 707 3516 745 unam
3548 691 3694 744 divi-

2026 780 2262 832 nitatem
2298 780 2354 832 in
2387 780 2558 832 Patre
2589 783 2644 832 et
2677 779 2823 834 Filio
2857 780 3251 834 crediderunt.

2096 866 2184 920 78.
2221 866 2379 938 Ergo
2415 883 2549 921 cum
2579 867 2781 922 dicunt
2818 867 3090 938 ejusdem
3140 883 3397 938 carnem,
3432 868 3608 939 cujus
3639 871 3699 923 et

2029 952 2214 1008 Filius
2249 955 2350 1009 Dei
2382 959 2526 1023 erat,
2563 956 2752 1010 fuisse
2784 956 3156 1026 substantiae,
3189 957 3304 1027 ipsi
3335 958 3493 1028 quod
3522 957 3696 1013 nobis

2031 1042 2317 1114 objiciunt
2349 1045 2584 1114 ineptiis
2613 1061 2780 1100 vanae
2810 1046 3164 1100 assertionis
3185 1047 3494 1100 incurrunt
3525 1050 3585 1100 ut
3613 1047 3700 1100 di-

2028 1131 2229 1186 vidant
2259 1131 2579 1188 Christum.
2615 1133 2815 1205 Itaque
2862 1138 3134 1206 quartum
3163 1134 3507 1204 increatum,
3542 1135 3700 1206 quod

2029 1221 2368 1290 adoremus,
2393 1221 2698 1294 inducunt,
2725 1239 2858 1278 cum
2885 1223 3013 1279 sola
3035 1224 3295 1280 increata
3317 1225 3395 1280 sit
3423 1223 3700 1279 divinitas

2031 1308 2354 1365 Trinitatis.

2670 1417 2922 1475 CAPUT
2953 1418 3077 1473 VIII

2034 1520 2252 1576 Contra
2299 1523 2645 1598 catholicam
2695 1525 3285 1598 liancrsententiam,
3329 1524 3547 1598 Filium
3607 1523 3706 1598 qui

2100 1601 2558 1668 generatuscst,
2583 1595 2760 1668 Patri
2777 1597 2876 1667 qui
2887 1613 3112 1666 genera
3125 1599 3228 1666 vit,
3242 1597 3525 1668 aequalem
3545 1595 3700 1664 esse,

2101 1665 2527 1739 opponentibus
2558 1665 2937 1720 adversariis
2976 1668 3242 1738 genitum
3277 1665 3403 1721 cum
3435 1668 3706 1739 ingenito

2103 1734 2365 1816 ejusdem
2377 1743 2615 1818 natura}
2638 1752 2774 1817 esse
2796 1754 2909 1790 non
2923 1734 3100 1818 posse
3135 1757 3151 1792 :
3181 1734 3583 1818 respondetur
3612 1753 3705 1818 vo-

2101 1821 2202 1858 ces
2231 1807 2494 1890 genitum
2537 1808 3086 1890 atqucuingenitum
3119 1825 3244 1890 quae
3276 1807 3337 1862 in
3367 1808 3706 1890 Scripturis

2103 1892 2214 1929 non
2263 1877 2562 1946 leguntur,
2598 1877 2671 1931 ab
2704 1877 2784 1931 iis
2815 1877 2912 1932 llic
2944 1877 3164 1946 induci,
3207 1896 3333 1933 cum
3365 1877 3706 1934 illas—natu-

2101 1962 2225 2022 ram
2257 1955 2313 2000 et
2347 1948 2738 2022 substantiam
2771 1949 2905 2003 ideo
2933 1951 3270 2020 repudient,
3302 1952 3469 2022 quod
3511 1967 3612 2004 eas
3643 1952 3706 2004 in

2101 2018 2313 2090 iisdem
2336 2017 2674 2088 Scripturis
2705 2027 2924 2090 negent
2955 2017 3220 2076 ekstare.
3257 2017 3400 2075 Tum
3433 2027 3610 2076 etiam
3641 2023 3705 2076 in

2102 2089 2225 2142 Deo
2257 2095 2525 2142 naturam
2560 2106 2626 2143 ac
2667 2089 3064 2145 substantiam
3093 2107 3230 2146 esse
3269 2108 3348 2148 ex
3374 2093 3571 2148 sacris
3612 2108 3706 2148 co-

2102 2159 2338 2213 dicibus
2368 2161 2690 2214 evincitur.

2102 2283 2191 2338 79.
2223 2281 2645 2338 Concluseram
2678 2283 2893 2339 librum
2927 2301 2940 2340 :
2990 2285 3098 2340 sed
3149 2285 3460 2358 religionis
3500 2285 3608 2342 fuit
3628 2303 3702 2342 ne

2033 2375 2403 2443 praetervecti
2435 2372 2773 2428 videremur
2799 2373 2935 2443 (43),
2969 2375 3126 2444 quod
3154 2375 3389 2430 solvere
3421 2377 3702 2448 nequire-

2033 2477 2187 2516 mus.
2221 2461 2370 2514 Nam
2402 2478 2534 2516 cum
2567 2462 2787 2517 dudum
2825 2464 3117 2519 audierint
3147 2464 3405 2536 quidam,
3449 2466 3701 2522 dicenti-

2031 2549 2146 2604 bus
2177 2549 2372 2619 nobis,
2400 2549 2610 2604 Filium
2644 2551 2770 2619 Dei,
2804 2553 2902 2622 qui
2927 2556 3248 2623 generatus
3281 2554 3379 2622 sit,
3413 2555 3572 2610 Patri
3601 2555 3702 2626 qui

2033 2639 2358 2708 generavit,
2395 2639 2746 2710 inaequalem
2763 2655 2902 2696 esse
2921 2657 3041 2696 non
3070 2657 3274 2713 posse,
3306 2644 3580 2714 quamvis
3601 2644 3701 2698 ille

2032 2731 2351 2798 generatus
2383 2728 2479 2793 sit,
2515 2729 2626 2782 iste
2666 2731 3059 2800 generaverit,
3091 2731 3228 2802 quia
3249 2733 3552 2802 generatio
3583 2748 3702 2788 non

2033 2817 2341 2885 potestatis
2371 2819 2482 2885 est,
2517 2817 2625 2871 sed
2655 2822 2880 2873 naturae
2913 2819 3252 2876 zadversus
3282 2820 3442 2875 illam
3462 2821 3702 2893 quidem

2031 2906 2421 2976 quaestionem
2453 2922 2658 2960 vocem
2681 2907 2796 2960 sibi
2827 2908 3188 2964 arbitrantur
3206 2911 3510 2965 occlusam
3545 2927 3558 2965 :
3593 2911 3702 2966 sed

2033 2995 2522 3065 tergiversatione
2545 2995 2865 3050 damnabili
2895 2997 2955 3050 in
2977 2998 3185 3052 eodem
3215 2999 3346 3054 loco
3377 2999 3700 3072 vestigium

2033 3087 2300 3151 vertunt;
2353 3087 2413 3136 ut
2463 3087 2665 3154 putent
2715 3087 3091 3140 mutationem
3133 3086 3259 3140 ﬁeri
3309 3087 3696 3159 quaestionis,

2033 3172 2350 3226 mutatione
2395 3173 2714 3243 sermonis,
2758 3173 3022 3228 dicentes
3055 3191 3067 3229 ;
3102 3173 3407 3239 Quomodo
3444 3181 3700 3246 possunt

2033 3261 2334 3332 ingenitus
2366 3266 2422 3316 et
2453 3262 2691 3333 genitus
2721 3278 2860 3317 esse
2891 3263 3066 3318 unius
3097 3266 3322 3319 naturae
3353 3268 3526 3337 atque
3557 3265 3699 3320 sub-

2034 3351 2264 3404 stantiae
2288 3352 2314 3404 Ῥ

2103 3457 2192 3512 80.
2228 3455 2385 3529 Ergo
2417 3459 2477 3511 ut
2499 3458 2911 3528 respondeam,
2946 3458 3408 3516 clementissime
3438 3460 3699 3534 Impera-

2033 3550 2143 3614 tor,
2179 3562 2284 3616 per
2313 3549 2366 3600 te
2401 3547 2542 3600 mihi
2573 3548 2894 3617 proposita:
2913 3549 3265 3620 quaestioni;
3298 3551 3550 3621 primum
3583 3568 3700 3606 om-

2034 3635 2192 3688 nium
2225 3634 2552 3706 ingenitum
2586 3635 2643 3688 in
2674 3635 2998 3706 Scripturis
3029 3638 3248 3693 divinis
3281 3655 3575 3711 nusquam
3605 3641 3697 3696 in-

2033 3723 2167 3777 veni
2202 3739 2213 3777 :
2249 3739 2366 3778 non
2397 3722 2537 3794 legi,
2572 3739 2689 3778 non
2721 3725 2938 3780 audivi.
2971 3725 3158 3798 Cujus
3192 3727 3374 3799 igitur
3401 3729 3698 3785 mutabili«

2033 3812 2168 3865 tatis
2225 3815 2363 3866 sunt
2404 3812 2674 3866 homines
2721 3813 3087 3885 istiusmodi,
3139 3825 3197 3870 ut
3238 3832 3350 3872 nos
3399 3817 3593 3873 dicant
3631 3834 3700 3874 ea

2033 3915 2343 3969 usurpare,
2377 3916 2510 3970 quae
2542 3918 2658 3956 non
2689 3907 2828 3956 sunt
2857 3904 3076 3973 Scripta
3103 3920 3120 3975 ;
3154 3921 3286 3959 cum
3308 3921 3377 3960 ea
3399 3923 3531 3978 quae
3563 3911 3702 3962 sunt

2036 3989 2276 4058 scripta,
2319 3989 2626 4059 dicamus;
2659 3994 2714 4043 et
2749 3991 2862 4060 ipsi
2907 3992 3191 4062 objiciunt
3229 3995 3385 4065 quod
3415 3996 3702 4066 scriptum

2036 4095 2153 4134 non
2186 4078 2309 4131 sit?
2339 4077 2548 4132 Nonne
2583 4078 2697 4148 ipsi
2731 4079 2847 4132 sibi
2870 4080 3280 4153 adversantur,
3313 4087 3369 4138 et
3391 4086 3703 4140 auctorita-

2038 4172 2150 4222 tem
2185 4166 2494 4221 calumnize
2527 4183 2656 4222 suae
2685 4169 2974 4240 derogant
3002 4172 3030 4224 ‘?

2118 4255 2265 4319 722
2311 4255 2400 4310 81.
2449 4256 2661 4310 Dicunt
2707 4259 2920 4315 etenim
2952 4275 3070 4314 non
3111 4275 3249 4316 esse
3282 4262 3567 4332 scriptum
3598 4263 3703 4323 Dei

2037 4361 2175 4400 esse
2210 4344 2600 4398 substantiam
2649 4350 2822 4418 atque
2853 4352 3117 4402 naturam
3147 4366 3160 4419 ;
3209 4367 3340 4405 cum
3372 4353 3571 4422 utique
3604 4351 3704 4404 Fi-

2037 4434 2180 4488 lium
2230 4433 2335 4486 Dei
2377 4434 2572 4488 Patris
2605 4449 2743 4488 esse
2774 4436 3154 4506 splendorem
3188 4438 3414 4508 gloriae,
3458 4443 3514 4492 et
3561 4439 3703 4492 cha-

2037 4527 2324 4577 racterem
2355 4522 2707 4577 substantiae
2739 4523 2873 4593 ejus
2897 4524 3198 4594 Scriptura
3217 4529 3464 4579 testetur
3490 4525 3701 4594 (Hebr.

2041 4629 2088 4681 ι,
2145 4611 2232 4680 3),
2292 4615 2346 4664 et
2405 4610 2622 4664 multos
2679 4611 2828 4664 alios
2887 4612 2958 4664 de
3006 4613 3204 4665 divina
3243 4613 3471 4668 dixisse
3531 4614 3707 4668 subs-

448 4662 569 4667 -.η
792 4662 857 4665 _-
1207 4662 1255 4664 η
1549 4662 1588 4663 κν
2045 4662 2088 4681 -,
2301 4662 2343 4664 _-
2897 4662 2948 4664 __
3248 4662 3468 4668 ---πη
3531 4662 3677 4668 η---

252 4703 412 4757 enim
459 4717 598 4756 vere
628 4701 836 4768 solam,
870 4700 970 4770 qui
1001 4699 1114 4753 hoc
1145 4698 1496 4766 asserimus,
1524 4698 1773 4752 colimus
1803 4699 1926 4752 Tri-
1961 4662 2018 4729 Β
2045 4702 2218 4754 tantia
2250 4700 2306 4753 in
2339 4699 2453 4752 alio
2496 4699 2646 4753 libro
2704 4699 3050 4768 plenissime
3098 4701 3535 4757 ostenderimus
3579 4703 3705 4772 (lib.

248 4793 514 4846 nitatem.
533 4790 664 4844 Non
683 4790 838 4843 enim
859 4787 1161 4842 Christum
1183 4787 1402 4855 divido,
1426 4803 1557 4840 cum
1583 4787 1778 4839 carnis
1794 4786 1928 4857 ejus

247 4878 696 4949 divinitatisque
751 4877 1054 4947 distinguo
1105 4875 1533 4944 substantiam;
1591 4874 1694 4928 sed
1750 4891 1930 4927 unum

254 4968 562 5023 Christum
595 4983 726 5020 cum
759 4966 929 5019 Patre
961 4968 1017 5018 et
1046 4963 1265 5035 Spiritu
1283 4963 1386 5016 Dei
1409 4963 1688 5032 praedico,
1713 4967 1768 5016 et
1798 4963 1930 5016 illos

259 5057 454 5129 magis
495 5055 597 5126 qui
629 5070 864 5109 carnem
887 5053 1105 5107 Christi
1131 5053 1306 5106 unius
1331 5068 1463 5106 cum
1483 5051 1780 5105 divinitate
1800 5050 1933 5121 ejus

258 5146 461 5200 dicunt
491 5160 632 5198 esse
665 5143 1036 5212 substantiae,
1069 5141 1293 5196 tetrada
1325 5140 1604 5194 inducere
1652 5140 1932 5194 demons-

227 5235 450 5326 jtrabo.
513 5233 648 5326 Non
705 5233 862 5286 enim
913 5231 1071 5302 quod
1114 5230 1386 5326 ejusdem
1420 5229 1789 5326 substantiae
1823 5231 1932 5326 est,

236 5339 438 5393 unus,
475 5322 583 5376 sed
616 5336 794 5375 unum
828 5324 939 5390 est,
976 5335 1109 5374 nam
1161 5319 1360 5389 utique
1420 5317 1633 5372 Filium
1667 5317 1938 5388 ejusdem

330 5466 445 5546 (4_0)
478 5465 607 5546 Duo
640 5479 812 5532 mss.,
857 5487 876 5511 «
913 5461 1490 5534 impler,et,ascendit
1526 5478 1536 5515 :
1578 5483 1598 5508 ι
1633 5461 1862 5515 absono
1885 5465 1941 5514 et

265 5543 562 5592 contrario
595 5550 802 5588 sensu.

332 5609 449 5675 (11)
488 5607 737 5671 Quidam
771 5621 944 5672 mss.,
983 5629 1003 5650 ιι
1040 5604 1097 5658 in
1121 5603 1274 5673 ipso.
1303 5601 1460 5673 Ergo
1485 5618 1720 5675 carnem
1740 5603 1941 5675 dicunt

267 5674 560 5762 ejusdem,
595 5676 772 5750 cujus
812 5677 1004 5730 anima
1051 5680 1252 5730 nostra
1305 5689 1560 5745 caroque
1591 5674 1942 5728 substantiae

267 5749 622 5899 magaba
652 5834 888 5898 quoque
936 5816 1236 5890 obiectum
1280 5815 1470 5875 fuisse
1520 5815 1593 5874 ab
1633 5815 1940 5890 Apollina-

845 5908 1108 5972 Puaon.
1143 5904 1303 5992 XVI,

2044 4807 2104 4842 ιιι
2139 4789 2212 4842 de
2244 4788 2413 4856 Fide,
2449 4804 2577 4858 cap.
2603 4785 2678 4857 4).

2115 4879 2202 4930 82.
2236 4877 2517 4930 Naturam
2550 4892 2784 4946 quoque
2815 4876 3072 4931 divinam
3118 4878 3250 4949 quis
3282 4879 3536 4950 abnuat;
3579 4897 3711 4936 cum

2049 4968 2266 5020 Petrus
2289 4964 2593 5034 apostolus
2625 4965 2684 5017 in
2715 4966 2963 5034 epistola
2997 4983 3103 5020 sua
3136 4969 3464 5038 scripserit,
3489 4969 3545 5023 id
3577 4986 3716 5041 ope-

2053 5058 2234 5108 ratam
2279 5052 2511 5106 Domini
2551 5053 3018 5108 misericordiam
3056 5072 3162 5125 per
3203 5055 3543 5126 passiOnem
3576 5075 3714 5113 cru-

2052 5145 2161 5212 cis,
2183 5146 2243 5195 ut
2260 5157 2390 5209 nos,
2416 5141 2601 5211 inquit
2621 5142 2705 5211 (II
2724 5143 2894 5197 Petr.
2915 5143 3060 5213 1,4),
3088 5145 3307 5200 faceret
3330 5146 3545 5202 divinae
3570 5164 3715 5201 cono

2051 5236 2246 5286 sortes
2279 5235 2502 5284 naturae
2525 5233 2553 5283 ‘.’
2608 5231 2722 5284 Sed
2769 5233 2940 5285 etiam
2992 5233 3130 5287 alibi
3164 5235 3384 5289 Paulus
3417 5236 3659 5306 scripsit
3700 5253 3712 5290 :

2053 5341 2079 5371 ‹‹
2102 5320 2368 5374 Sedtunc
2387 5319 2623 5390 quidem
2643 5320 2986 5391 ignorantes
3021 5323 3224 5394 Deum,
3258 5324 3353 5378 his
3384 5324 3719 5394 qui-natura

2053 5463 2223 5534 ristis
2253 5464 2500 5534 testatur
2531 5461 2892 5517 Athanasius
2925 5464 3095 5534 epist.
3132 5465 3201 5518 ad
3239 5465 3424 5534 Epict.
3447 5463 3566 5534 jam
3602 5480 3720 5517 saa-

2054 5532 2464 5604 piuslaudata.

2127 5603 2238 5673 (-13)
2256 5603 2660 5674 Mss.aliquot,
2689 5626 2710 5653 α
2740 5621 2811 5659 ne
2842 5605 3212 5675 praetervecti
3235 5605 3632 5659 divideremus
3662 5623 3718 5660 ει»

2053 5675 2418 5747 reliquorum
2452 5681 2646 5729 autem
2696 5677 2960 5730 nonnulli
2991 5692 3059 5729 ac
3091 5676 3226 5729 edit.
3277 5676 3514 5747 Amerb.
3549 5681 3724 5747 atque

2059 5744 2252 5816 Ενοέο,
2277 5769 2296 5795 σι
2320 5762 2393 5802 ne
2412 5748 2799 5820 ρι’φιβπειῖεξιιί
2822 5747 3130 5820 meum}
3166 5760 3178 5799 =
3217 5766 3238 5794 α
3265 5745 3468 5820 plures
3517 5762 3584 5800 ac
3618 5744 3728 5819 ῥο-

2056 5820 2239 5878 tiores
2271 5821 2328 5878 et
2359 5816 2494 5878 cum
2516 5819 2612 5877 his
2641 5816 2780 5877 edit.
2815 5817 2946 5883 Gill.
2992 5821 3048 5877 et
3073 5816 3240 5875 Rom.
3265 5816 3406 5905 utin
3424 5816 3734 5905 conteitu,

3379 5902 3453 6006 εξ
