4090 6174
341 313 458 380 8'77

1539 325 1795 399 LIBER
1836 338 1947 399 DE
1993 341 2633 413 INCARNATIONE

3689 368 3811 434 878

405 517 493 571 98.
528 518 882 593 Intelligitur
912 521 1047 594 hoc,
1079 540 1222 596 ergo
1256 534 1371 581 non
1412 530 1645 601 legitur.
1689 533 1802 587 Sed
1836 537 1886 589 si
1920 539 2002 592 in-
2046 525 2106 588 Ε
2145 542 2300 595 milis
2332 545 2409 598 sit
2438 547 2635 603 Patri:
2670 566 2801 606 eum
2828 554 2995 610 Pater
3026 572 3099 612 ex
3132 554 3244 615 alio
3278 577 3516 619 causam
3548 582 3666 622 non
3699 568 3806 622 ha-

335 604 641 677 telligitur,
670 624 779 662 nec
801 610 1081 680 Spiritum
1102 619 1369 669 sanctum
1397 621 1659 688 genitum
1682 622 1828 692 legi:
1858 617 2005 681 724

331 707 479 765 ergo
510 696 564 748 et
597 694 875 767 Spiritus,
909 701 1047 769 quia
1105 703 1341 771 genitus
1389 722 1506 759 non
1550 712 1660 777 est,
1703 711 2001 781 ingenitus

330 782 534 853 utique
567 785 897 840 secundum
928 792 1186 843 vestram
1228 796 1576 848 sententiam
1610 800 2002 856 nominandus

330 873 443 923 est.
499 870 559 925 Si
604 873 787 943 igitur
833 874 1159 946 ingenitum
1210 872 1409 935 dicitis
1457 887 1511 936 et
1562 887 1825 954 genitum
1886 906 2002 943 non

326 974 515 1029 posse
548 961 724 1015 unius
757 978 895 1017 esse
926 965 1277 1021 substantiae
1303 984 1317 1037 ;
1348 976 1622 1039 superest
1656 978 1714 1027 ut
1738 976 1807 1028 dc.
1837 977 2001 1032 Patre

330 1049 387 1099 et
419 1047 641 1117 Spiritu
674 1055 910 1121 sancte,
960 1055 1095 1123 quia
1136 1071 1245 1109 nec
1282 1058 1511 1113 Patrem
1550 1063 1813 1131 genitum
1850 1066 2000 1136 legi-

328 1149 485 1205 mus,
520 1153 632 1191 nec
663 1136 946 1208 Spiritum
978 1146 1246 1197 sanctum
1268 1186 1282 1213 ,
1331 1148 1606 1202 unitatem
1648 1151 1863 1207 divinas
1895 1171 1998 1207 na-

327 1225 475 1279 turae
508 1229 563 1279 et
593 1227 944 1283 substantiae
976 1246 1092 1285 non
1124 1234 1378 1304 negetis.
1415 1235 1475 1289 Si
1513 1239 1668 1291 enim
1713 1240 1769 1292 in
1807 1258 1876 1295 ee
1907 1248 1997 1297 est

326 1313 421 1366 vis
453 1315 646 1369 omnis
674 1321 894 1372 vestrae
927 1318 1363 1392 disputationis,
1415 1326 1571 1394 quod
1612 1327 1911 1397 ingenitus
1943 1336 1999 1385 et

329 1402 566 1471 genitus
599 1420 717 1458 non
748 1411 1004 1474 possunt
1034 1424 1172 1463 esse
1205 1411 1381 1465 unius
1410 1416 1634 1467 naturae
1671 1431 1681 1468 :
1721 1432 1864 1487 ergo
1895 1420 1997 1489 qui

328 1494 572 1545 nen~est
600 1493 856 1563 genitus,
891 1512 1022 1549 cum
1054 1512 1123 1551 eo
1154 1498 1255 1567 qui
1286 1515 1402 1554 non
1435 1502 1512 1554 sit
1536 1505 1792 1573 genitus,
1819 1508 1995 1561 unius

330 1580 555 1633 naturae
582 1583 756 1651 atque
788 1583 1139 1638 substantiae
1174 1589 1283 1640 est.
1318 1587 1387 1640 Et
1418 1590 1469 1641 si
1494 1590 1626 1644 ideo
1648 1595 1865 1661 putatis
1887 1596 1995 1648 Pa-

328 1667 475 1719 trem
519 1665 633 1737 (48)
684 1668 970 1740 majorem
1020 1688 1178 1743 esse,
1233 1677 1370 1745 quia
1420 1678 1657 1747 genitus
1697 1697 1814 1735 non
1863 1688 1992 1753 est;

322 1757 609 1826 numquid
640 1761 696 1812 et
726 1758 981 1828 Spiritus
1013 1766 1257 1817 sanctus
1288 1765 1480 1835 major
1509 1770 1600 1821 est
1634 1768 1825 1823 Filio?

391 1860 481 1915 94.
518 1861 693 1917 Multa
717 1870 971 1935 possunt
1002 1872 1056 1922 et
1088 1868 1394 1925 innumera
1423 1875 1689 1944 exempla
1713 1882 1991 1947 suppete-
2032 1891 2086 1956 Β

320 1963 404 2018 re,
440 1952 503 2003 ut
532 1951 604 2005 de
636 1967 707 2007 ee
740 1955 895 2024 quod
925 1957 1188 2025 genitum
1222 1975 1338 2013 non
1370 1961 1465 2029 sit,
1503 1962 1730 2018 dicatur
1759 1967 1991 2036 ingeni-

321 2040 463 2091 tum.
497 2039 645 2094 Nam
675 2044 730 2095 et
760 2044 1037 2097 mundum
1068 2046 1334 2117 plerique
1367 2049 1691 2121 ingenitum
1723 2069 1861 2107 esse
1895 2056 1984 2108 di-

321 2131 535 2181 xerunt
583 2128 689 2198 (49
710 2129 751 2200 ),
800 2135 853 2185 et
901 2136 1201 2188 materiam
1252 2152 1450 2191 rerum
1499 2142 1777 2210 omnium,
1815 2161 1988 2213 quam

319 2215 509 2269 Graeci
544 2217 719 2287 hylen
767 2219 997 2289 dicunt,
1044 2224 1213 2292 quasi
1248 2225 1458 2279 silvam
1492 2231 1866 2303 materialem,
1902 2234 1990 2286 in-

321 2304 580 2374 genitam
640 2320 776 2360 esse
836 2314 1251 2365 memerarunt.
1280 2312 1492 2367 Vident
1540 2316 1723 2387 igitur
1765 2320 1823 2373 in
1876 2321 1986 2375 hoc

318 2392 503 2446 verbo
535 2398 988 2466 praerogativam
1021 2400 1331 2468 quamdam
1361 2405 1669 2470 potestatis
1702 2422 1838 2462 esse
1869 2426 1986 2464 non

318 2495 521 2549 posse,
574 2483 690 2537 nisi
741 2484 889 2539 ferte
941 2486 1054 2540 hoc
1102 2489 1286 2543 verbo
1333 2490 1446 2543 sibi
1481 2492 1771 2548 honorare
1805 2497 1987 2552 Deum

318 2569 611 2641 videntur,
646 2588 761 2642 quo
792 2574 1131 2645 philesephi
1156 2579 1434 2632 mundum
1467 2586 1816 2649 putaverunt
1848 2602 1985 2641 esse

317 2656 673 2713 donandum.
709 2661 1005 2732 Numquid
1037 2680 1183 2736 ergo
1216 2668 1305 2720 sic
1337 2668 1638 2737 ingenitus
1676 2672 1861 2743 Pater,
1897 2677 1985 2730 sic

317 2748 380 2798 ut
411 2747 665 2801 mundus
686 2750 715 2802 ?
744 2750 936 2805 Absit.
971 2754 1087 2805 Aut
1117 2753 1213 2807 hic
1245 2755 1413 2809 solus
1445 2757 1628 2811 Deum
1661 2760 1828 2815 decet
1858 2780 1983 2817 ser-

316 2848 431 2903 mo,
468 2851 600 2889 cum
634 2837 792 2891 Deus
824 2839 973 2893 ultra
1006 2857 1347 2897 sermonum
1378 2847 1635 2901 omnium
1670 2850 1744 2903 sit
1796 2854 1983 2906 ambi-

315 2926 458 2977 tum.
506 2924 666 2978 Nihil
714 2928 896 2997 igitur
940 2931 1265 2998 pretiesum
1311 2934 1430 2987 Dee
1476 2937 1535 2989 in
1583 2953 1651 2990 ee
1686 2954 1978 3007 sermone,

313 3012 416 3083 qui
448 3016 777 3069 communis
811 3019 1004 3085 possit
1034 3034 1171 3073 esse
1205 3036 1339 3075 cum
1372 3026 1626 3079 caeteris.

381 3136 471 3190 95.
534 3137 651 3193 Sed
711 3141 906 3195 tamen
965 3144 1458 3213 quemadmodum
1515 3149 1714 3220 vultis,
1769 3152 1985 3209 inaesti-

2142 630 2294 698 beat,
2329 631 2514 689 Filius
2545 642 2757 707 autem,
2814 646 2873 695 ut
2920 645 3031 713 ipsi
3082 648 3357 719 allegant,
3394 669 3533 707 esse
3564 671 3681 711 non
3712 675 3808 727 pe-

2140 720 2332 789 tuerit,
2367 723 2486 776 nisi
2518 724 2629 779 hec
2660 728 2854 797 ipsum
2886 748 2959 785 ex
2989 735 3159 789 Patre
3195 743 3251 791 ut
3284 745 3464 809 esset,
3490 748 3803 814 acceperit.

2212 808 2300 861 97.
2356 810 2610 883 Ideoque
2660 816 2985 888 ingenitum
3035 827 3089 875 et
3140 826 3403 894 genitum
3436 808 3806 890 dicunt-esse

2141 895 2490 952 dissimilem
2519 917 2532 968 ;
2566 905 2735 971 quasi
2771 908 3113 979 vero,'quod
3144 913 3283 966 alibi
3316 930 3477 986 saepe
3501 918 3625 988 jam
3658 922 3802 994 dixi,

2140 988 2443 1053 generatio
2488 993 2797 1057 potestatis
2846 995 2941 1064 sit,
2995 1014 3112 1052 non
3160 1005 3403 1057 naturis.
3456 1004 3599 1061 Cum
3648 988 3805 1066 enim

2138 1071 2269 1125 dice
2315 1077 2598 1145 genitum,
2648 1096 2765 1134 non
2813 1086 3227 1153 preprietatem
3276 1096 3519 1163 naturae,
3574 1098 3681 1152 sed
3732 1079 3807 1154 si;

2139 1161 2577 1230 gniﬁcatienem
2608 1172 3009 1238 generationis
3032 1181 3307 1245 expressi
3334 1196 3349 1249 ;
3380 1186 3436 1235 et
3466 1183 3579 1238 hoc
3612 1202 3805 1242 exem-

2133 1247 2247 1316 plis
2280 1252 2744 1342 evidentieribus
2775 1262 3136 1342 approbabo.
3172 1247 3416 1323 Nam'si
3448 1275 3806 1342 generaliter

2134 1336 2321 1391 dicam
2356 1338 2587 1429 Filium,
2623 1362 2731 1399 nec
2762 1341 2906 1403 725
2939 1352 3148 1407 addam
3181 1356 3376 1426 cujus,
3410 1336 3606 1429 potest
3634 1364 3805 1419 intel-

2130 1423 2235 1495 ligi
2269 1430 2323 1479 et
2356 1428 2512 1482 filius
2546 1430 2822 1504 heminis,
2857 1442 2911 1491 et
2944 1440 3100 1494 titius
3149 1423 3494 1516 iniquitatis,
3539 1454 3595 1504 et
3638 1451 3799 1508 filius

2129 1514 2501 1583 pestilentiae,
2536 1522 2591 1571 et
2622 1522 2779 1576 ﬁlius
2812 1525 3049 1596 diaboli,
3086 1514 3344 1588 sicutde
3376 1514 3602 1592 Judaeis
3634 1538 3798 1594 Scri-

2130 1602 2257 1654 tura
2305 1606 2551 1660 testatur
2599 1610 2787 1677 (Jean.
2842 1630 2962 1685 vm,
3014 1618 3101 1685 37,
3155 1619 3285 1689 41):
3321 1627 3376 1677 et
3406 1627 3563 1695 quod
3593 1628 3652 1681 in
3686 1644 3800 1685 usu

2130 1692 2237 1759 est,
2274 1694 2329 1743 et
2362 1692 2513 1747 fetus
2545 1700 2811 1769 pecudis,
2847 1706 2901 1756 et
2933 1706 3073 1773 pulli
3106 1692 3531 1768 columbarum.
3565 1714 3634 1769 Et
3666 1717 3798 1773 ideo

2129 1776 2185 1829 in
2217 1780 2605 1848 appellatione
2650 1786 2903 1843 ﬁliorum
2942 1808 3058 1846 non
3093 1799 3183 1848 cst
3215 1803 3528 1867 expressio
3561 1804 3797 1875 signiti-

2130 1869 2252 1919 cala
2286 1873 2529 1925 naturae.
2582 1875 2655 1926 At
2702 1892 2843 1931 vero
2891 1879 2941 1932 si
2986 1886 3250 1939 naturam
3287 1887 3601 1961 designare
3634 1894 3797 1949 desi—

2125 1954 2287 2023 dere,
2322 1961 2418 2011 aut
2452 1958 2747 2016 hominem
2780 1970 3151 2041 nuncnpabo,
3202 1978 3299 2028 aut
3349 1954 3564 2049 equum
3609 1985 3797 2039 nomi—
3873 2037 3879 2043 .

2124 2044 2297 2112 nabe,
2334 2050 2427 2100 aut
2460 2064 2627 2103 nvem
2659 2052 2870 2123 dicam,
2906 2062 2966 2110 ut
2996 2065 3200 2115 natura
3235 2068 3426 2132 possit
3456 2068 3727 2143 intelligi.

2193 2132 2281 2187 98.
2329 2133 2408 2188 Ita
2458 2152 2601 2206 ergo
2650 2141 2702 2193 si
2746 2147 3008 2199 naturam
3061 2150 3233 2219 cupio
3284 2151 3602 2225 designare
3646 2132 3793 2217 divi-

2122 2238 2276 2289 nam,
2332 2223 2515 2278 Deum
2565 2243 2769 2283 verum
2818 2232 3004 2289 debeo
3050 2240 3373 2297 nominare.
3407 2223 3552 2300 Cum
3596 2254 3793 2306 autem

2122 2306 2335 2363 Filium
2385 2312 2546 2384 di'e,
2602 2323 2943 2387 generatum
2995 2324 3270 2395 significo
3314 2346 3327 2384 :
3375 2346 3506 2386 cum
3558 2336 3791 2395 Patrem

2121 2414 2355 2468 quoque
2407 2401 2558 2471 dice,
2611 2422 2935 2477 generasse
2987 2412 3242 2470 declare.
3291 2419 3423 2473 Non
3457 2437 3601 2495 ergo
3651 2427 3789 2483 hinc

2122 2491 2345 2541 natura:
2381 2491 2796 2550 discretionem
2828 2498 3032 2572 facias,
3068 2519 3198 2558 eum
3230 2508 3306 2561 sit
3339 2509 3452 2564 hoc
3483 2491 3787 2585 significa-

2122 2576 2332 2630 terium
2385 2586 2723 2650 generantis
2768 2590 2822 2640 ct
2873 2592 3053 2659 geniti
3088 2609 3101 2646 :
3138 2594 3561 2667 signiﬁcateria
3592 2609 3786 2661 autem

2120 2662 2460 2735 hujusmodi
2487 2674 2819 2741 exprimunt
2842 2662 3586 2763 substantim‘qualitatem;
3620 2696 3784 2751 multi

2116 2752 2292 2823 enim,
2342 2759 2404 2809 ut
2451 2758 2592 2829 dixi,
2647 2762 2769 2833 ﬁlii,
2813 2766 2917 2819 sed
2952 2752 3267 2828 diversitas
3302 2752 3594 2852 filiorum;
3627 2783 3781 2840 alius

2124 2857 2229 2911 per
2270 2848 2555 2917 natuiam,
2591 2849 2742 2905 alius
2773 2869 2878 2923 per
2908 2858 3173 2926 gratiam.

2186 2960 2272 3014 99.
2326 2961 2521 3018 Muttte
2573 2972 2857 3023 creaturae
2905 2971 3238 3033 invisibiles
3269 2983 3325 3035 et
3355 2982 3663 3060 visxbiles;
3695 2992 3783 3046 in-

2116 3048 2405 3118 visibiles,
2462 3058 2521 3105 ut
2569 3055 2939 3125 Principatus
2971 3067 3026 3115 et
3067 3065 3417 3140 Potestates,
3473 3048 3695 3133 Throni
3723 3085 3780 3135 et

2113 3136 2591 3211 Demiuatienes;
2624 3145 2916 3216 visibiles,
2943 3155 3003 3204 ut
3026 3154 3135 3218 sel,
3162 3154 3316 3229 luna,
3344 3161 3553 3234 stellae,
3577 3165 3775 3239 homo,

312 3225 549 3279 “labilis
608 3228 685 3282 sit
742 3228 925 3301 hujus
985 3236 1380 3304 praerogativa
1440 3241 1773 3309 sermonis,
1851 3260 1981 3313 quq,
2013 3252 2071 3320 α
2112 3228 2285 3281 terra.
2324 3228 2477 3320 ldrge
2508 3232 2763 3288 diversae
2796 3240 3051 3309 species,
3085 3246 3141 3296 et
3170 3244 3445 3319 diversae,
3481 3259 3776 3311 creatura-

309 3328 429 3367 non
461 3316 803 3371 auctoritate
834 3319 1028 3390 aliqua
1060 3322 1427 3394 designatur,
1462 3328 1567 3380 sed
1602 3334 1801 3384 vestro
1832 3333 1985 3385 testi-

313 3404 503 3457 matur
532 3404 794 3460 arbitrie.
826 3405 951 3471 Quo
984 3409 1167 3480 igitur
1196 3411 1307 3466 hec
1340 3415 1591 3485 proficit,
1620 3421 1680 3470 ut
1703 3434 1777 3472 ex
1798 3421 1981 3475 verbo

310 3491 507 3545 velitis
550 3492 745 3548 facere
794 3495 947 3550 inter
993 3497 1222 3553 Patrem
1269 3504 1324 3554 et
1375 3500 1584 3557 Filium
1647 3506 1980 3563 distantiam

311 3583 557 3651 naturae,
610 3583 947 3638 distantiam
995 3589 1350 3656 potestatis?
1399 3591 1721 3663 lngenitus,
1769 3598 1975 3668 inquit,

310 3672 366 3721 et
422 3671 659 3741 genitus
717 3688 834 3727 non
890 3680 1145 3743 possunt
1202 3677 1377 3732 unius
1438 3694 1576 3735 esse
1626 3688 1848 3739 natura:
1896 3693 1978 3741 at-

309 3773 424 3828 que
485 3760 874 3831 substantiae;
935 3767 1069 3833 aut,
1135 3768 1626 3836 quemadmodum
1690 3773 1977 3830 interdum

308 3847 531 3917 dicunt,
563 3850 906 3920 inoperatus
946 3857 1001 3906 ct
1044 3853 1236 3908 factus
1277 3872 1394 3910 non
1433 3863 1571 3912 sunt
1601 3862 1775 3916 unius
1806 3868 1975 3918 natu-

304 3952 410 3989 ras.
464 3937 671 4008 Neque
721 3941 875 3994 enim
927 3942 1345 3999 discretionem
1396 3946 1617 4002 faciunt
1645 3949 1890 4022 ingeniti
1921 3958 1976 4009 et

306 4026 613 4097 ineperati,
649 4044 840 4099 neque
872 4030 1208 4086 distantiam
1238 4035 1442 4089 velunt
1474 4052 1610 4092 esse
1644 4039 1793 4094 inter
1811 4044 1973 4113 geni-

305 4116 426 4168 tum
477 4116 569 4169 vel
616 4121 897 4188 creatum,
946 4120 1118 4174 modo
1168 4125 1228 4175 ut
1273 4128 1599 4180 creaturam
1640 4126 1849 4183 Filium
1881 4131 1971 4185 di-

305 4206 460 4257 cant.

370 4311 460 4364 96.
495 4310 706 4367 Dicunt
735 4330 879 4385 ergo
912 4317 1047 4386 quia
1087 4318 1255 4372 Pater
1299 4334 1532 4375 omnem
1563 4338 1821 4395 causam,
1858 4326 1971 4381 hec

304 4402 397 4453 est
426 4399 621 4463 αἰτίαν,
664 4402 820 4457 sicut
860 4404 1052 4458 Graeci
1092 4405 1310 4474 dicunt,
1346 4424 1802 4481 supergressus,
1838 4431 1968 4469 cum

302 4502 376 4542 ex
407 4488 521 4544 alio
556 4495 790 4545 creatus
820 4507 935 4545 non
970 4493 1065 4563 sit,
1100 4510 1217 4548 non
1248 4496 1325 4549 sit
1358 4497 1555 4566 ﬁlius;
1606 4516 1737 4554 cum
1771 4502 1968 4573 utique

302 4578 634 4632 substantia
667 4579 763 4648 sit,
798 4596 915 4635 non
957 4583 1192 4637 aliunde
1233 4585 1584 4655 principium
1616 4588 1843 4644 habens
1874 4593 1965 4645 vel

302 4682 564 4737 causam,
613 4684 687 4722 ex
739 4686 851 4739 qua
900 4671 1014 4741 sit;
1067 4675 1121 4726 et
1165 4673 1316 4741 ideo,
1370 4675 1658 4745 inquiunt,
1692 4679 1801 4731 alia
1834 4671 2021 4735 tatis'5

301 4755 632 4811 substantia
679 4774 817 4813 esse
862 4776 980 4814 non
1029 4765 1240 4831 potest,
1293 4764 1428 4833 quia
1470 4766 1662 4819 omnia
1693 4783 1767 4821 ex
1800 4768 1966 4823 Patre

302 4843 421 4898 Dee
473 4845 689 4900 habent
737 4848 1105 4903 subsistendi
1153 4867 1411 4905 causam.
1464 4853 1631 4907 L'nde
1679 4871 1795 4909 non
1827 4874 1964 4911 esse

300 4933 623 4988 verisimile
653 4935 871 5005 dicunt,
922 4941 984 4991 ut
1030 4938 1216 4992 Filius
1266 4940 1402 5010 quia
1451 4957 1526 4994 ex
1570 4943 1735 4996 Patre
1766 4949 1874 5014 est,
1910 4950 1965 5001 et

301 5036 372 5076 ex
404 5039 471 5078 se
505 5040 741 5079 causam
775 5043 892 5081 non
925 5026 1137 5082 habeat
1166 5032 1226 5083 ut
1258 5030 1354 5099 sit,
1390 5030 1497 5083 sed
1538 5047 1612 5085 ex
1660 5031 1850 5102 Patre,
1885 5035 1963 5087 si-

370 5166 481 5236 (48)
530 5167 811 5248 Nonnulli
854 5186 1025 5240 mss.,
1080 5194 1101 5219 ‹‹
1142 5172 1211 5226 Et
1257 5172 1309 5227 si
1357 5173 1489 5229 ideo
1539 5177 1811 5244 putamus
1856 5194 1961 5248 pa-

299 5239 462 5302 trem,
504 5263 525 5286 »
565 5245 673 5294 etc.

367 5318 481 5396 (49)
510 5319 771 5396 Quinam
812 5320 925 5376 hoc
965 5321 1291 5393 docuerint,
1325 5340 1660 5396 cognosces
1692 5341 1767 5381 ex
1798 5328 1961 5384 initio

300 5386 398 5441 lib.
434 5390 459 5442 1
496 5391 781 5445 Hem-lem.

367 5469 478 5537 (50)
512 5470 601 5523 Ex
631 5472 704 5525 iis
736 5488 868 5541 quia
900 5473 1307 5550 dicunturhec
1339 5477 1469 5550 loco
1503 5478 1573 5530 de
1605 5493 1750 5531 voce
1781 5476 1956 5550 οὐσία,

300 5541 672 5595 manifestum
719 5548 810 5597 est
857 5561 966 5599 nos
1016 5547 1088 5598 ab
1143 5548 1455 5601 Ambrosio
1498 5565 1613 5601 non
1645 5551 1858 5603 remitti
1887 5541 1961 5604 ad

297 5610 449 5665 aliud
498 5612 701 5690 qus,_
731 5630 907 5690 quam
955 5618 1026 5690 ad
1072 5618 1173 5671 lib.
1224 5635 1305 5687 ιιι,
1359 5620 1432 5671 de
1472 5619 1640 5690 Fide,
1690 5637 1816 5689 cap.
1869 5620 1955 5690 15,

296 5696 452 5764 num.
489 5681 612 5764 1.27,
648 5681 836 5743 ubi—et
867 5687 1158 5764 Dallaeuui
1199 5681 1589 5759 eb'ejusdem
1613 5681 1799 5764 vectis
1831 5681 1958 5764 ety;

295 5754 612 5834 melegiam
666 5772 802 5819 cum
859 5762 1065 5817 sancte
1124 5754 1377 5818 Docteré
1429 5762 1702 5837 asperius
1752 5754 1957 5844 egisse

2114 3332 2239 3367 rum
2274 3317 2622 3375 substantia)
2655 3328 2810 3377 sunt.
2864 3326 3059 3398 Itaque
3092 3333 3144 3385 si
3177 3336 3325 3389 velis
3358 3317 3775 3409 proprietatem

2112 3408 2329 3458 creati):
2349 3422 2397 3459 te
2427 3408 2683 3479 alicujus
2706 3415 3055 3487 exprimere,
3081 3423 3176 3473 aut
3209 3424 3416 3495 solem,
3451 3408 3548 3484 aut
3577 3430 3773 3490 lunam

2110 3495 2461 3562 nominabis,
2498 3503 2592 3551 aut
2624 3500 2827 3554 stellas
2865 3519 2876 3556 :
2912 3507 2967 3558 ct
3005 3507 3091 3559 sic
3128 3510 3473 3584 intelligitur
3501 3520 3639 3589 quid
3672 3522 3770 3593 sit,

2106 3583 2259 3651 quod
2296 3584 2747 3654 signiticantlum
2781 3595 3100 3660 putaveris.

2180 3680 2298 3733 1th.
2334 3681 2622 3738 Caeterum
2657 3688 2707 3739 si
2742 3687 2954 3762 factum
2990 3693 3153 3747 dicas
3188 3702 3281 3751 aut
3316 3706 3769 3778 crcatum,quod

2104 3768 2392 3822 interdum
2430 3770 2640 3827 Filium
2676 3775 2913 3849 dicunt;
2946 3783 3080 3851 quia
3113 3787 3290 3840 multa
3318 3788 3464 3844 facta
3496 3799 3551 3846 et
3575 3768 3769 3853 creata

2110 3862 2266 3926 sunt,
2320 3875 2433 3912 non
2486 3866 2899 3933 propiietatcm
2942 3871 3290 3929 substantiae
3322 3878 3542 3935 videris
3577 3885 3770 3956 signi-

2108 3946 2345 4011 ﬁcasse,
2396 3952 2501 4003 scd
2553 3954 2812 4021 speciem
2859 3959 3175 4026 qualitatis.
3228 3965 3401 4020 Aliud
3434 3971 3587 4025 enim
3621 3946 3768 4029 sub-

2107 4038 2337 4106 stantia,
2371 4038 2525 4092 aliud
2560 4044 2807 4111 qualitas
2840 4049 2949 4099 est.
2986 4047 3250 4121 Denique
3284 4054 3541 4112 diximus
3574 4066 3629 4115 et
3659 4064 3768 4119 ali-

2102 4128 2181 4194 ],i,
2231 4133 2409 4185 οὐσίαν
2455 4130 2566 4195 (50)
2616 4131 2688 4183 ita
2745 4132 3152 4203 interpretatos
3203 4141 3474 4215 Latinos,
3522 4152 3584 4201 ut
3629 4152 3769 4206 sub-

2106 4225 2376 4277 stantiam
2423 4223 2704 4277 dicerent.
2743 4222 2911 4274 Οὐσία
2956 4231 3148 4280 autem
3199 4229 3304 4284 Dei
3349 4249 3481 4288 cum
3531 4237 3764 4307 dicitur,

2102 4314 2239 4384 quid
2287 4313 2442 4366 aliud
2486 4311 2874 4381 signiﬁcatur,
2926 4314 3037 4367 nisi
3092 4316 3272 4371 Deum
3315 4336 3552 4391 semper
3580 4332 3768 4382 esse?

2100 4404 2263 4466 Quod
2299 4403 2504 4456 litterae
2538 4401 2682 4469 ipsa:
2717 4402 3069 4470 exprimunt,
3119 4409 3393 4473 quoniam
3443 4412 3536 4465 vis
3570 4411 3766 4469 divina

2101 4485 2226 4544 θῦσα
2270 4494 2369 4553 ἀεὶ,
2422 4492 2533 4544 hoc
2579 4495 2688 4554 est,
2724 4505 2856 4543 cum
2902 4490 2977 4542 sit
3022 4507 3276 4561 semper,
3329 4495 3479 4548 οὐσία
3529 4499 3762 4570 dicitur,

2104 4582 2277 4635 unius
2336 4581 2538 4633 litterae
2596 4582 2813 4631 mutato
2871 4578 3074 4631 ordine
3143 4587 3381 4651 propter
3440 4602 3653 4643 senum
3712 4599 3766 4645 et

2104 4669 2511 4738 compendium
2570 4668 2961 4734 decoremque
3013 4671 3328 4724 sermonis.
3378 4673 3537 4746 Ergo
3587 4677 3761 4747 οὐσία,

2105 4760 2259 4829 quod
2308 4772 2544 4825 semper
2574 4755 2649 4806 sit
2684 4754 2859 4819 Deus,
2896 4754 3194 4823 signiticet
3228 4774 3238 4810 :
3273 4760 3519 4831 ingeniti
3549 4771 3762 4835 autem,

2101 4853 2159 4901 ut
2190 4852 2248 4901 tu
2281 4848 2393 4911 vis,
2430 4846 2519 4897 vel
2554 4842 2730 4913 geniti
2755 4842 3063 4910 appellatio
3095 4850 3410 4919 quomodo,
3447 4858 3543 4923 su,
3568 4856 3765 4910 docta-

2102 4941 2187 4990 rat
2231 4935 2361 4999 (at),
2410 4933 2521 4985 hec
2571 4935 2682 4997 est,
2731 4932 2885 4999 quod
2920 4948 3033 4984 non
3070 4948 3144 4986 ex
3175 4935 3288 4990 alio
3323 4940 3399 4993 sit
3430 4941 3620 5013 Pater,
3655 4961 3764 4999 nec.

2102 5042 2173 5079 cx
2225 5041 2291 5078 se
2341 5022 2544 5075 Filius.
2603 5020 2847 5088 Species
2908 5019 3001 5074 hic
3051 5021 3280 5086 videtur
3328 5043 3465 5084 esse
3505 5032 3764 5091 diversa.

2102 5167 2489 5225 ostendimus.

2174 5240 2283 5295 (illi
2316 5239 2489 5303 Edit.,
2527 5260 2545 5281 ιτ
2571 5236 2707 5305 quid
2729 5235 2809 5316 _sit
2834 5235 3089 5316 declarat
3118 5255 3130 5297 :
3157 5263 3176 5285 ιι
3215 5255 3386 5316 mss.,
3425 5266 3445 5291 ιι
3475 5248 3767 5316 quomodo

2104 5314 2177 5365 sit
2209 5312 2487 5371 declarat,
2520 5333 2539 5355 ι»
2570 5310 2625 5360 id
2654 5311 2763 5373 est,
2800 5324 2916 5359 non
2945 5309 3356 5379 substantiam,
3377 5309 3506 5369 Sed.
3531 5318 3769 5371 modum

2104 5384 2419 5455 signiticet.
2462 5380 2686 5448 Optime
2732 5394 2914 5445 sane;
2962 5379 3070 5431 hoc
3115 5384 3266 5434 enim
3300 5388 3538 5452 petitum
3572 5392 3662 5439 est
3694 5404 3768 5442 ex

2100 5465 2216 5517 il|is
2268 5460 2466 5527 Basilii
2518 5459 2738 5525 verbis,
2791 5458 2890 5510 lib.
2935 5475 2992 5511 1v
3023 5468 3186 5537 cent:
3224 5462 3489 5532 Eunem.,
3522 5463 3708 5537 ὑπῆρξε
3742 5464 3769 5518 ὁ

2102 5541 2284 5603 τρίπος
2320 5539 2377 5592 τὸ
2416 5539 2671 5611 ἀγένητον,
2716 5540 2801 5588 καὶ
2826 5537 2913 5589 οὐκ
2950 5538 3136 5589 αὔτικα
3159 5533 3333 5611 ἄνδρα.
3373 5543 3627 5594 Adveite
3659 5560 3767 5599 au-

2100 5598 2215 5669 tem
2250 5598 2617 5684 paucis'pest
2649 5598 2849 5684 verbis
2884 5626 3087 5684 vocem
3127 5632 3147 5655 «
3186 5598 3421 5678 species
3458 5636 3477 5656 η
3512 5613 3769 5684 positam

2140 5704 2205 5744 re
2237 5681 2558 5754 individuo,
2594 5682 2750 5752 quod
2785 5681 3050 5763 insolens
3099 5696 3216 5763 non
3267 5697 3404 5734 esse
3424 5683 3593 5763 apud
3621 5686 3766 5747 Am...

2143 5759 2365 5815 rosium
2397 5749 2942 5812 alibi'ebservatum
2973 5766 3005 5805 a
3036 5749 3210 5844 nobis
3244 5749 3532 5839 reperies3
3763 5764 3768 5769 '
