3964 6168
312 373 438 448 879

1808 351 1874 420 S.
1921 346 2365 420 AMBROSII.

317 579 565 655 Species
603 572 805 644 utique
851 566 1145 635 distincta,
1180 557 1287 619 sed
1319 561 1658 617 indistincta
1685 557 1986 613 divinitas.
2014 538 2086 604 Κ
2101 553 2405 624 Scriptura
2428 592 2442 621 ,
2493 514 2556 604 ut
2596 561 2704 618 per
2750 543 2944 601 omnia
2987 539 3202 597 similis
3255 536 3512 594 fratribus
3562 537 3704 594 ﬁeret

2108 642 2184 655 ,νς
2229 641 2242 655 ι
2445 638 2524 655 u-n
2597 634 2818 655 ns_-n:-
2848 633 3044 655 --ιε-η-
3079 629 3180 655 “-1
3214 626 3386 655 ικιε..-
3416 626 3578 655 ..Ακιηζ
3605 641 3700 655 ..Α-ι

389 706 514 761 101.
548 697 780 766 Quaeris
810 692 1104 766 quomodo
1132 691 1244 744 hoc
1265 686 1502 759 probari
1533 683 1772 756 possit?
1801 681 1989 736 Etiam

317 797 382 851 in
415 788 703 848 creaturis
736 783 1042 840 ostendam
1072 780 1370 833 diversam
1419 773 1680 844 speciem
1728 769 1862 839 (58),
1894 769 1988 822 di-

317 897 498 940 versa
548 877 711 932 initia
759 874 819 927 in
861 869 1183 941 plerisque,
1226 869 1282 920 et
1327 878 1506 918 unam
1536 875 1674 916 esse
1705 858 1990 913 substan-

317 975 483 1042 tiam,
517 973 574 1023 et
605 967 676 1021 de
707 959 1029 1031 Scripturis
1060 954 1329 1024 exempla
1359 950 1676 1022 proferam.
1708 947 1907 1016 Itaque
1937 944 1991 998 si

319 1063 384 1117 in
426 1060 524 1114 his
573 1071 706 1127 quae
753 1047 1019 1105 mortalia
1069 1047 1225 1112 sunt,
1268 1042 1381 1096 hoc
1411 1041 1605 1110 potest
1637 1033 1990 1102 convenire;

325 1121 819 1222 quemadmodum
847 1136 1038 1190 Patris
1071 1137 1128 1187 et
1158 1131 1288 1184 Filii
1323 1133 1380 1184 et
1409 1127 1665 1197 Spiritus
1705 1121 1993 1178 divinitati

322 1240 522 1312 legem
551 1231 863 1305 cujusdam
891 1221 1268 1282 necessitatis
1297 1216 1647 1288 imponunt?

398 1361 522 1418 102.
557 1358 762 1414 Omnia
790 1368 998 1423 nempe
1030 1345 1286 1404 volatilia
1317 1358 1450 1415 quae
1490 1337 1762 1411 ejusdem
1807 1349 1992 1408 gene-

323 1451 412 1510 ris
460 1450 751 1515 videntur,
804 1441 1076 1514 ejusdem
1119 1436 1320 1505 utique
1365 1434 1422 1484 et
1461 1432 1686 1483 natura:
1735 1428 1892 1492 sunt,
1933 1423 1996 1476 ut

325 1540 656 1614 aquilarum
685 1547 868 1590 unum
896 1543 1088 1602 genus
1135 1529 1192 1578 et
1233 1537 1350 1576 una
1391 1521 1600 1574 natura
1643 1516 1754 1584 est,
1803 1511 1996 1566 vultu-

271 1672 278 1676 -
326 1647 458 1686 rum
489 1625 780 1694 similiter,
805 1623 862 1676 et
885 1621 1236 1673 caeterorum
1255 1606 1584 1664 secundum
1605 1617 1798 1676 genus
1821 1613 1998 1654 suum

325 1717 674 1774 volatilium.
724 1691 1228 1776 Quemadmodum
1276 1701 1470 1752 autem
1518 1691 1806 1762 coeperint
1857 1701 1996 1742 esse

326 1806 609 1875 volatilia,
659 1804 783 1855 tres
833 1795 1068 1868 species
1113 1788 1466 1860 reperimus,
1498 1785 1554 1836 et
1582 1783 1746 1836 ortus
1791 1791 1996 1832 eorum

2102 641 2311 712 (Hebr.
2345 657 2404 708 ιι,
2439 638 2549 706 1⁸7).
2597 634 2820 691 Similis
2848 633 3046 703 utique
3079 629 3184 684 Dei
3214 626 3388 682 Filius
3416 626 3582 682 nostri
3605 641 3705 682 non

2103 730 2429 785 secundum
2461 724 2784 780 divinitatis
2813 719 3254 792 plenitudinem,
3285 716 3386 770 sed
3425 715 3709 770 secundum

2102 819 2312 873 animm
2344 813 2732 881 rationabilis,
2767 815 2822 866 et
2851 814 2915 866 ut
2944 807 3295 880 expressius
3335 805 3594 873 dicamus,
3621 802 3712 857 hu-

2103 907 2260 962 mani
2286 904 2591 974 nostrique
2623 899 2892 972 corporis
2924 897 3226 952 veritatem
3255 893 3384 964 (53).

2175 1012 2297 1068 105.
2342 1009 2491 1076 Quid
2541 1010 2735 1064 autem
2781 1005 2854 1060 de
2903 1005 3035 1074 ipso
3082 1002 3387 1072 loquamur
3421 997 3607 1066 Adam,
3633 995 3716 1066 qui

2105 1117 2237 1156 cum
2287 1099 2365 1154 sit
2407 1099 2695 1154 formatus
2735 1111 2766 1150 e
2797 1094 2938 1149 limo
2967 1096 3142 1147 terra;
3174 1089 3345 1159 (Gen.
3377 1104 3437 1156 ιι,
3463 1085 3533 1154 ’l),
3563 1099 3720 1158 gene-

2105 1189 2256 1246 ravit
2283 1189 2484 1259 utique
2515 1186 2672 1241 ﬁlios
2692 1199 2820 1239 suae
2837 1183 3150 1238 consortes
3173 1181 3414 1244 natura,
3443 1173 3722 1245 participes

2105 1277 2364 1352 generis,
2413 1273 2824 1332 successionis
2871 1269 3194 1326 haeredes?
3247 1267 3487 1321 Diversa
3521 1261 3725 1334 quidem

2108 1347 2168 1422 in
2214 1366 2352 1420 ﬁliis
2397 1368 2455 1420 et
2493 1365 2734 1434 parente
2779 1358 3088 1430 principia,
3136 1353 3245 1411 sed
3275 1355 3536 1409 humana:
3565 1347 3735 1405 condi-

2108 1455 2287 1510 tionis
2315 1469 2433 1509 una
2464 1454 2708 1520 natura;
2756 1464 2868 1504 nec
2907 1451 3106 1502 tamen
3155 1439 3562 1498 dissimilitudo
3589 1441 3729 1493 crtus

2109 1541 2474 1598 similitudini
2507 1532 2860 1596 substantiis
2889 1532 3322 1608 praejudicavit.
3358 1527 3571 1584 Similis
3615 1539 3736 1597 ergo

2107 1633 2266 1686 filius
2293 1630 2444 1702 patri
2476 1629 2652 1685 etiam
2680 1629 2742 1681 in
2770 1625 2887 1695 his,
2921 1639 3056 1695 quas
3077 1623 3322 1692 propter
3339 1617 3598 1673 humanas
3619 1628 3736 1669 con-

2109 1701 2348 1776 ditionis
2378 1719 2757 1791 fragilitatem
2785 1711 3191 1770 similitudinis
3221 1705 3630 1780 plenitudinem
3651 1701 3740 1756 ba-

2107 1810 2252 1866 bere
2300 1824 2419 1864 non
2457 1789 2708 1880 possent
2741 1821 2755 1860 :
2787 1802 3082 1875 quomodo
3113 1813 3261 1871 ergo
3294 1795 3401 1851 Dei
3428 1793 3607 1849 Patris
3633 1789 3740 1846 dis-
3776 1791 3780 1796 ’

330 1911 545 1952 causas
592 1891 848 1962 legimus
901 1898 1038 1939 esse
1077 1880 1371 1935 diversas.
1405 1863 1549 1928 726
1580 1869 1878 1938 Scriptum
1906 1865 1999 1918 est
2039 1907 2042 1914 .
2274 1863 2309 1909 .’
2356 1863 2363 1864 ’
2407 1899 2417 1908 .
2451 1863 2479 1908 ,⁵
2667 1911 2680 1926 ι

814 1976 847 1980 --
1161 1969 1203 1980 η
1296 1965 1310 1980 .
1372 1964 1491 1980 μη,
1538 1973 1701 1980 ____“
1735 1953 1994 1980 “unm
2031 1915 2084 1980 Β
2111 1897 2324 1955 ειωιιιε
2355 1897 2542 1953 Filius
2574 1893 2800 1950 vetus?

330 1987 487 2042 enim
531 1981 761 2036 dixisse
810 1976 996 2030 Deum
1033 1987 1045 2026 :
1098 1992 1120 2017 ιι
1159 1964 1495 2022 Producant
1535 1973 1704 2030 aqua)
1735 1956 2000 2025 repentia

330 2074 657 2130 animarum
684 2063 1028 2131 viventium,
1061 2061 1118 2114 et
1156 2053 1414 2109 volatilia
1461 2046 1785 2103 volatilium
1821 2041 1996 2116 (Gen.

330 2181 370 2234 ι,
419 2163 530 2232 20).
567 2181 591 2211 »
648 2157 718 2212 Et
765 2153 940 2226 paulo
983 2151 1140 2222 post,
1191 2158 1323 2198 cum
1367 2137 1707 2211 paradisum
1754 2131 2002 2187 fecisset

331 2253 513 2320 Deus,
550 2252 606 2303 et
635 2243 942 2318 posuisset
989 2239 1050 2292 in
1100 2251 1170 2290 eo
1219 2231 1537 2296 hominem,
1572 2225 1858 2294 scriptum
1886 2223 1998 2286 est,

331 2341 470 2414 quia
499 2308 778 2410 figuravit
806 2333 968 2385 Deus
997 2327 1068 2382 de
1099 2329 1254 2378 terra
1271 2319 1497 2374 bestias
1529 2313 1678 2385 agri,
1712 2315 1768 2365 et
1795 2308 2001 2364 volati-

329 2397 410 2488 lia
440 2397 578 2484 coeli
605 2425 783 2496 (Gen.
833 2437 894 2490 ιι,
943 2418 1055 2486 90).
1105 2410 1529 2484 Signiﬁcantur
1566 2417 1711 2473 ergo
1743 2397 2003 2453 volatilia

331 2485 449 2576 boc
477 2485 618 2572 loco‘
642 2485 892 2586 figurata
938 2485 1020 2560 de
1059 2507 1235 2558 terra.
1288 2498 1478 2567 Supra
1525 2503 1762 2564 quoque
1801 2485 2003 2558 legisti

333 2609 471 2682 quia
521 2604 668 2660 dixit
687 2575 873 2656 vDeus
918 2593 1130 2650 avibus
1165 2606 1178 2645 :
1218 2611 1239 2638 α
1275 2585 1540 2641 Crescite
1569 2585 1625 2636 et
1657 2575 2003 2646 multiplica-

333 2662 477 2754 mini
507 2695 681 2766 (Gen.
715 2709 756 2762 ι,
786 2689 878 2758 22)
903 2702 916 2757 ;
956 2709 976 2732 υ
1010 2682 1210 2752 utique
1240 2693 1316 2732 ex
1347 2674 1504 2728 coitu
1531 2669 1712 2724 maris
1741 2669 1798 2721 et
1827 2662 2000 2718 femi-

334 2804 428 2845 nae
457 2777 859 2858 generationis
889 2772 1249 2828 incrementa
1277 2761 1654 2836 praecipiens.
1686 2757 1887 2826 Itaque
1909 2751 2004 2806 ad-

332 2875 620 2931 vertimus
669 2870 842 2925 etiam
890 2879 1022 2936 quae
1075 2859 1250 2913 unius
1299 2851 1540 2926 generis
1571 2849 1728 2916 sunt,
1764 2844 2002 2898 diverso

335 2966 512 3023 modo
542 2976 680 3018 esse
712 2955 971 3026 empisse
1005 2967 1017 3006 :
1053 2949 1166 3002 alia
1217 2945 1288 3000 de
1333 2942 1526 3012 aquis,
1559 2937 1673 2992 alia
1708 2935 1780 2988 de
1824 2935 2002 2999 terra,

337 3056 449 3111 alia
481 3054 552 3108 de
583 3049 764 3106 maris
796 3023 852 3100 et
883 3039 1117 3097 feminae
1149 3032 1565 3108 generatione;
1617 3028 1674 3080 et
1717 3023 1893 3078 unius
1922 3023 2006 3073 ta-

336 3161 474 3201 men
504 3143 634 3197 liaec
664 3152 801 3194 esse
833 3136 1080 3199 naturae,
1113 3117 1792 3187 dissimulitudinemque
1823 3109 2007 3166 subs-

337 3234 536 3290 tantiae
566 3247 684 3286 non
715 3227 956 3282 habere.

412 3359 537 3415 103.
583 3354 736 3422 Quid
777 3365 920 3406 vero
964 3350 1084 3402 tam
1128 3341 1306 3398 unius
1353 3338 1600 3403 naturae,
1653 3344 1828 3402 quam
1869 3340 2006 3381 caro

341 3453 546 3508 nostra
596 3461 730 3500 cum
780 3436 1069 3496 Dominici
1117 3429 1386 3502 corporis
1417 3422 1709 3480 veritate?
1739 3415 2008 3472 Diversis

339 3545 537 3597 tamen
567 3539 814 3605 utraque
844 3530 1018 3584 ducta
1047 3522 1270 3590 causis,
1318 3513 1575 3572 diversis
1621 3512 1746 3566 orta
1792 3505 2011 3578 princi-

339 3631 456 3703 piis
505 3629 616 3683 est.
666 3622 816 3677 Caro
865 3619 1024 3674 enim
1069 3608 1303 3668 Domini
1349 3603 1570 3676 Spiritu
1616 3601 1677 3654 in
1707 3597 2012 3669 Virginem

343 3689 800 3789 superveniente
830 3709 992 3778 (Luc.
1026 3721 1066 3775 ι,
1098 3703 1190 3771 35)
1219 3698 1519 3770 generata,
1553 3706 1674 3746 non
1702 3689 2026 3760 exspecta:

342 3807 429 3859 vit
457 3803 647 3858 virilis
669 3797 1026 3866 femineique
1048 3791 1239 3844 coitus
1262 3785 1527 3840 solemne
1551 3775 1969 3834 commercium
1993 3789 2008 3844 ;

349 3909 485 3949 caro
528 3903 672 3944 vero
723 3888 946 3952 nostra,
992 3881 1108 3934 nisi
1154 3875 1347 3930 virilis
1389 3872 1561 3944 juxta
1599 3867 2010 3936 femineusque

349 3997 536 4038 sexus
565 3975 844 4050 genitalia
875 3969 1062 4026 sulcis
1095 3961 1461 4020 naturalibus
1493 3957 1746 4012 obducat
1763 3955 2008 4021 semina,

347 4074 502 4127 intra
549 4068 784 4122 viscera
830 4061 1022 4129 nescit
1069 4058 1334 4110 materna
1379 4046 1656 4115 formari;
1720 4047 1776 4098 et
1820 4046 2014 4097 tamen

351 4177 487 4217 cum
534 4151 938 4231 generationis
987 4145 1164 4202 fuerit
1203 4155 1383 4196 causa
1412 4139 1668 4206 diversa,
1703 4133 1899 4188 carnis
1928 4134 2018 4186 ta-

349 4267 486 4310 men
517 4249 578 4304 in
605 4243 842 4300 Christo
873 4253 1006 4295 cum
1037 4230 1378 4291 hominibus
1424 4224 1698 4282 omnibus
1745 4237 1861 4276 una
1909 4235 2015 4276 na-

351 4349 482 4401 tura
510 4340 621 4395 est.

425 4468 550 4525 104.
587 4464 800 4521 Partus
830 4455 985 4514 enim
1020 4447 1284 4522 Virginis
1311 4459 1432 4501 non
1458 4444 1726 4498 naturam
1753 4435 2014 4506 mutavit,

2673 2018 2820 2083 727
2852 2022 3104 2080 CAPUT
3137 2021 3210 2076 Χ.

2111 2160 2166 2216 Α
2208 2153 2623 2230 superioribus
2671 2167 2771 2207 eos
2815 2165 2928 2205 non
2975 2147 3358 2230 discrepare,
3412 2140 3538 2230 quit
3562 2135 3750 2230 Filiam

2185 2206 2363 2285 Patri
2392 2224 2648 2282 similem
2679 2206 3100 2294 agnoscentes,
3135 2206 3403 2294 ejusdem
3421 2206 3752 2294 substantiae

2186 2300 2549 2356 inﬁciantnr.
2585 2279 2909 2349 Nonuenim
2935 2279 3313 2362 posseinter
3343 2279 3758 2362 eos_accidenta-

2185 2350 2447 2426 Eam
2467 2350 2474 2352 ⁷
2494 2350 3250 2438 partialeninintercedere
3295 2350 3723 2438 similitudinem
3741 2364 3758 2410 ί

2186 2459 2312 2498 cum
2329 2422 3281 2512 hmgzsfmodisiminnzqgnespurg
3298 2422 3625 2481 hominibus
3643 2433 3750 2498 cuni

2185 2487 2813 2576 1325113355,}
2857 2487 3178 2576 Filio‘cu'm
3221 2497 3420 2576 Patre
3450 2487 3762 2576 naturast}!

2188 2557 2873 2649 simiIvi-tn—dbjucz—uf'nsveti
2887 2571 3162 2649 perfecta
3193 2570 3434 2649 jngago'
3455 2570 3564 2649 est.
3610 2557 3765 2649 Nihil

2189 2671 2334 2727 ergo
2387 2625 2581 2727 voce’m
2624 2625 3764 2727 ivngeniturmcatholicisvobstarehsed

2189 2701 2605 2781 Zéé’zTeziédr'aiz
2629 2701 2891 2791 prodere
2917 2713 3273 2786 perﬁdiam;
3309 2701 3632 2791 quippe‘qui
3650 2701 3764 2780 dunt

2195 2811 2390 2854 vocem
2422 2795 2484 2848 in
2513 2771 2829 2860 Scriptura
2859 2771 3118 2860 ig'notain
3166 2771 3565 2860 usurpabant,
3603 2771 3767 2828 omni-

2183 2849 2509 2995 getetntiam
2543 2849 2668 2936 quae
2695 2859 2823 2915 illis
2844 2849 3128 2931 pei'sonis
3157 2851 3248 2908 ibi
3284 2849 3593 2917 tribuitur,
3624 2853 3770 2915 nega.

2233 2955 2306 2994 an
2340 2979 2354 2994 .

2233 2955 2354 2994 θυι.

2193 3081 2315 3138 106.
2365 3078 2482 3136 Sed
2528 3075 2796 3149 plerique
2845 3070 3109 3129 eamdem
3165 3069 3401 3124 sectam
3452 3059 3768 3136 sequentes,

2119 3147 2549 3244 disputationis?
2571 3179 2790 3238 genere
2822 3161 3164 3218 discordare
3213 3173 3286 3213 se
3338 3156 3544 3227 putant
3585 3149 3653 3204 ab
3695 3147 3773 3200 his

2043 3235 2237 3346 cqui-
2278 3235 2629 3314 dissimilem
2688 3251 2849 3307 Patri
2904 3265 3012 3322 per
3056 3246 3250 3303 omnia
3306 3243 3526 3300 Filium
3577 3235 3774 3294 dicunt.

2880 3339 2890 3346 .
2963 3338 2974 3346 .
3046 3336 3078 3346 ..
3215 3335 3255 3346 ..
3395 3329 3640 3346 ..νμημ
3689 3321 3774 3346 ,,,

2120 3321 2258 3406 Ιιᾶθο
2289 3349 2496 3404 horum
2529 3357 2764 3416 quoque
2793 3339 2894 3412 qui
2925 3336 3180 3392 similem
3201 3335 3414 3390 dicunt
3436 3329 3668 3395 Filium,
3687 3321 3779 3378 sed

2121 3456 2238 3496 non
2267 3436 2447 3493 unius
2478 3415 2830 3488 substantia
2881 3441 3016 3483 cum
3062 3425 3256 3494 Patre,
3308 3420 3569 3492 ineptias
3599 3415 3780 3472 discu-

2121 3529 2360 3584 tiamus.

2193 3632 2316 3690 107.
2367 3629 2484 3686 Sed
2533 3643 2667 3702 quae
2711 3641 2828 3681 non
2872 3622 3054 3680 unius
3085 3623 3316 3677 natura
3351 3618 3516 3687 sunt,
3551 3611 3782 3670 diversa)

2124 3726 2264 3780 sunt
2310 3721 2512 3792 utique
2563 3721 2738 3788 atque
2782 3712 3058 3770 distantis
3091 3726 3104 3766 :
3143 3713 3201 3764 et
3226 3723 3371 3780 qum
3405 3701 3674 3760 distantis
3702 3712 3786 3752 na-

2122 3816 2291 3881 turae,
2326 3787 2704 3878 consequens
2735 3805 2829 3858 est
2857 3805 2920 3856 ut
2947 3797 3163 3856 similia
3201 3812 3350 3852 esse
3385 3809 3508 3850 non
3538 3787 3784 3864 possint;

2123 3901 2241 3957 nisi
2274 3899 2424 3954 forte
2456 3893 2786 3951 secundum
2815 3889 3078 3960 speciem
3126 3885 3353 3941 similia
3405 3883 3598 3952 dicas,
3633 3874 3790 3932 dissi-

2125 3989 2287 4046 milia
2334 3985 2664 4042 secundum
2705 3981 3034 4036 veritatem.
3079 3975 3232 4031 Nam
3265 3977 3327 4029 et
3355 3972 3535 4027 lactis
3566 3972 3622 4023 et
3650 3962 3785 4020 nivis

2127 4081 2184 4134 et
2235 4075 2414 4149 cygni
2463 4072 2718 4129 albentis
2767 4067 3048 4124 concolor
3093 4064 3340 4134 species
3388 4063 3485 4117 est
3533 4056 3659 4130 (64),
3697 4048 3790 4106 sed

2127 4138 2584 4236 discrepantiam
2615 4159 2815 4215 servat
2856 4154 3130 4210 distantis
3180 4155 3456 4219 naturae;
3495 4161 3606 4202 nec
3641 4138 3788 4198 diffe-

2126 4255 2316 4312 rentia
2344 4255 2686 4308 naturarum
2713 4245 3050 4318 specierum
3073 4239 3474 4296 similitudine
3498 4233 3787 4291 coloratur.

2202 4361 2325 4417 108.
2371 4355 2675 4425 Quomodo
2725 4367 2869 4425 ergo
2913 4349 3014 4406 isti
3053 4347 3317 4403 similem
3347 4345 3558 4400 dicunt
3583 4339 3790 4395 Patrem

2131 4455 2189 4509 et
2235 4423 2472 4518 Filium,
2518 4445 2622 4518 qui
2662 4423 2943 4498 unitatem
2989 4435 3349 4492 substantia:
3395 4427 3670 4504 negant?
3718 4423 3794 4477 An

3923 2605 3925 2666 ἕ

3924 2921 3925 2936 ι

3924 3039 3925 3066 l

3923 3167 3925 3186 4

357 4559 464 4617 sed
485 4551 812 4631 generandi
830 4561 1008 4604 usum
1026 4539 1284 4598 novavit.
1309 4534 1573 4606 Denique
1596 4545 1732 4586 caro
1751 4527 1822 4583 de
1844 4540 2044 4596 carne,
2131 4511 2468 4597 secundum
2491 4511 2740 4590 fo'rmam
2784 4535 2840 4586 et
2887 4529 3138 4600 ﬁguram
3170 4528 3226 4580 et
3256 4523 3532 4578 colorem
3563 4511 3792 4573 similem

2062 4630 2068 4631 ί
2321 4627 2370 4631 “’
2410 4625 2443 4631 “
2502 4624 2517 4631 ⁸
2554 4624 2568 4631 ³
2944 4617 2954 4628 ⁹
3161 4617 3174 4631 ι
3251 4612 3280 4631 ικ
3307 4628 3386 4631 η-
3449 4600 3792 4631 ΑΑ-Α-ιιηῖιῖω

357 4600 630 4704 nataoest.
666 4600 1055 4707 Habuit—ergo
1105 4631 1176 4686 de
1229 4643 1338 4682 suo
1387 4600 1593 4695 Virgo,
1640 4618 1799 4691 quod
1837 4615 2010 4669 trade-

2154 4627 2378 4684 )utant‘?
2407 4624 2523 4681 Sed
2554 4624 2683 4678 haec
2725 4617 2994 4690 corporis
3041 4617 3200 4683 sunt,
3251 4612 3392 4668 haec
3441 4600 3796 4678 compositio-

2494 4713 2503 4714 ί
2642 4710 2652 4714 ·
2717 4709 2757 4714 --
2882 4709 2892 4714 -
2958 4704 2993 4714 Α
3200 4701 3216 4714 ε
3381 4702 3396 4714 ι
3535 4685 3792 4714 ~,-__s_:|.:1:

359 4685 490 4704 ιω...
520 4685 630 4701 νυ..
666 4685 883 4698 .-.ψη--
914 4685 1047 4707 --ο-
1118 4685 1123 4686 ν
1496 4685 1528 4695 ν
1579 4685 1588 4692 ,
1657 4685 1678 4691 -

272 4754 277 4760 ”
358 4741 483 4806 rei;
517 4751 636 4790 non
667 4733 822 4786 enim
853 4728 1108 4782 alienum
1141 4717 1300 4774 dedit
1329 4717 1530 4806 male}?
1565 4709 1672 4806 S°d_
1720 4705 2024 4806 ριόιξνίιιιξι
2051 4685 2108 4712 υ
2133 4733 2267 4774 nem
2298 4713 2609 4787 quamdam
2638 4685 2917 4763 indicant.
2952 4701 3259 4770 Quomodo
3295 4702 3503 4755 autem
3531 4685 3794 4750 invisibili

2401 4803 2439 4806 __
2817 4796 2832 4806 .
3047 4792 3061 4806 ι
3276 4805 3281 4806 ,
3348 4793 3388 4806 .,
3427 4801 3545 4806 _,-,_
3581 4779 3686 4806 1:!“
3713 4775 3794 4806 ...ιι

363 4842 394 4881 e
423 4821 762 4879 visceribus
795 4817 925 4872 suis
959 4809 1204 4868 contulit
1231 4793 1511 4860 inusitato
1541 4798 1738 4866 modo,
1771 4794 1879 4848 sed
1909 4792 2028 4846 usi-

361 4917 478 4968 tato
528 4923 791 4966 munere.
844 4902 1063 4958 Habuit
1110 4899 1292 4969 igitur
1338 4905 1574 4948 carnem
1615 4887 1818 4957 Virgo,
1850 4897 2026 4954 quam

310 5025 316 5032 ·
363 5005 588 5059 naturae
620 4993 905 5052 solemnis
933 4989 1068 5061 jure
1089 4982 1464 5054 transcripsit
1494 4979 1554 5034 in
1583 4977 1784 5032 fetum.
1809 4971 2028 5027 Eadem

361 5092 544 5165 igitur
575 5083 904 5143 secundum
932 5093 1169 5134 carnem
1198 5071 1539 5146 generantis
1572 5064 1790 5130 Mariae,
1811 5061 2029 5134 geniti-

363 5197 478 5255 que
529 5181 776 5245 natura,
822 5185 932 5227 nec
977 5165 1288 5223 dissimilis
1339 5159 1657 5224 fratribus;
1707 5152 1845 5225 quia
1889 5149 2031 5204 dicit

436 5325 572 5394 (52>
621 5322 746 5376 Hoc
791 5315 1202 5394 ursameatum
1249 5295 1872 5394 ιναοέξιίυῐρ,,οο9ξιξνίέι
1911 5308 2031 5394 ‘33.“

359 5368 626 5456 modolin
658 5394 760 5447 lib.
793 5368 1110 5458 ivaasilii
1151 5387 1304 5458 cont.
1337 5378 1802 5458 _Eu'num.,‘cap.
1839 5368 1892 5438 2,
1925 5381 2030 5419 ve-

358 5489 489 5528 rum
523 5470 696 5523 etiam
727 5465 789 5517 in
819 5443 920 5515 lib.
955 5451 1383 5528 Athanasii__de
1427 5449 1604 5528 Dcc'r.
1636 5443 1900 5528 Niciam:-
1932 5453 2033 5508 sy-

360 5543 518 5608 nodi,
567 5541 627 5592 in
673 5537 776 5591 lib.
830 5513 890 5603 u,
939 5527 1212 5600 Gregorii
1262 5523 1445 5593 Nyss.
1481 5517 1724 5571 advers.
1757 5513 2030 5580 Eunom.,

359 5617 417 5671 et
446 5611 602 5671 apud
631 5609 803 5663 alios.

431 5654 842 5754 (Ξὲῖ“ρᾙίἇέἐη
887 5689 1042 5732 mss.
1087 5673 1145 5727 et
1191 5665 1354 5739 edit.,
1403 5683 1425 5710 ιι
1460 5658 1728 5716 dicamus
1759 5654 2032 5713 humanae

359 5752 690 5826 noetrique,
727 5771 750 5801 ιο
785 5752 896 5810 etc.

2138 4775 2580 4862 similitudinem
2612 4796 2940 4854 secundum
2973 4792 3232 4850 colorem
3263 4793 3548 4860 aptamus
3579 4779 3687 4856 (53)
3713 4775 3798 4831 aut

2140 4893 2438 4950 formam?
2467 4892 2582 4945 Aut
2612 4883 2906 4959 quomodo
2939 4883 3206 4938 creatura
3237 4880 3444 4950 potest
3475 4887 3614 4930 esse
3644 4863 3794 4924 simi-

2135 4983 2214 5038 lis
2246 4982 2508 5036 increato
2529 4980 2559 5032 ‘?
2602 4956 2907 5040 Quomodo
2939 4969 3219 5042 splendor
3250 4965 3494 5038 gloria,
3528 4964 3586 5018 et
3613 4956 3797 5014 chara-

2141 5074 2266 5128 cter
2308 5067 2657 5124 substantiae
2688 5061 2823 5134 ejus
2873 5059 3080 5120 (Hebr.
3114 5073 3152 5124 ι,
3192 5055 3286 5126 3);
3323 5055 3380 5108 si
3414 5053 3652 5107 diversa
3679 5042 3796 5115 glo-

2139 5161 2248 5229 ria,
2282 5161 2345 5213 ut
2371 5157 2456 5211 illi
2487 5155 2707 5222 dicunt,
2742 5152 2979 5206 diversa
3009 5136 3346 5201 substantia
3379 5143 3498 5197 est.

2215 5301 2324 5368 (54)
2348 5295 2627 5354 Nonnulli
2653 5310 2825 5361 mss.,
2853 5314 2875 5339 «ι
2895 5287 3146 5368 albentis
3165 5284 3394 5368 coloris
3415 5274 3796 5368 speciesegtf

2647 5345 2874 5439 omnes,
2906 5345 3174 5439 exceptis
3196 5357 3427 5439 ultimis
3449 5345 3677 5409 duabus
3701 5345 3798 5426 ἱξε-

2143 5415 2250 5498 ris.
2285 5415 2385 5496 ubi
2417 5441 2674 5512 legimus
2707 5460 2729 5483 «
2760 5438 2825 5512 in_
2850 5415 3204 5512 invisibili...
3235 5431 3535 5498 aptemus,
3562 5446 3604 5512 »Δ
3619 5415 3800 5475 novis-

2145 5515 2295 5570 sima
2329 5536 2351 5560 «
2387 5492 2677 5582 Optamus.
2699 5527 2737 5582 Διν
2783 5508 2930 5582 Cum
2977 5492 3293 5582 Μίλωξεῖ
3317 5511 3508 5580 prope
3537 5492 3611 5582 ad
3635 5497 3798 5582 unul‘n

2145 5556 2544 5650 consentiunt,
2595 5579 2714 5635 nisi
2762 5556 2932 5650 quod
2963 5556 3340 5650 particulam.
3351 5570 3418 5624 in
3433 5556 3802 5650 ’ρι-ωιενιιξὶι-

2142 5629 2328 5727 ιιιιιι,⁷
2349 5629 2544 5727 poti—Cor
2595 5629 2800 5727 tamex;
2813 5629 2941 5705 "est
2965 5629 3362 5715 ‘communis,
3423 5629 3559 5716 quae
3612 5629 3800 5692 nostra

2147 5723 2322 5790 etiam
2350 5723 2464 5802 est,
2496 5723 2692 5782 lectio.
