4090 6174
323 307 443 372 885
1047 289 1068 304 ’
1481 303 1946 367 EPISTOLJE.
1980 337 2054 350 -
2084 302 2594 368 ADMONITIO.
3665 293 3786 362 886

315 513 536 576 πότητα,
563 512 759 574 ἀπαθής
781 513 913 565 κατά
934 513 1024 570 τὴν
1037 512 1266 572 θεὸτητα⁶
1299 530 1325 558 α
1351 490 1486 566 ἴδετε
1508 514 1626 587 γάρ,
1647 490 1774 566 ἴδετέ
1793 531 1874 586 με,
1902 505 1980 564 ὅτι

2128 503 2286 559 bilis:
2322 505 2580 575 patibilis
2613 506 2943 560 secundum
2973 505 3410 572 humanitatem,
3436 501 3778 574 impatibilis

317 611 413 684 ἐγώ
435 613 562 684 εἰμι,
589 613 676 664 καὶ
691 611 779 664 οὐκ
800 608 1095 684 ἡλλοίωμαι“
1123 629 1148 656 υ
1171 611 1398 684 Ἐγείρας
1419 615 1687 685 τοιγαροῦν
1699 611 1785 664 τὸν
1801 611 1982 662 ἑαυτοῦ

2128 596 2442 649 secundum
2459 595 2838 649 divinitatem.
2862 595 3106 650 «Videte
3121 595 3496 663 enim,videte
3513 609 3623 662 me,
3643 592 3781 663 quia

315 709 434 762 ναὸν
455 709 480 760 ὸ
503 707 626 768 Θεὸς
651 707 833 779 Λὸγος,
861 708 949 759 καί
970 707 1018 759 ἐν
1039 709 1177 760 αὺτῶ
1207 714 1292 768 τῆς
1319 709 1508 781 φύσεως
1539 710 1674 782 ἡμῶν
1698 710 1982 760 ἀνάστασιν

2128 697 2229 754 ego
2253 701 2406 752 sum,
2431 687 2486 738 et
2509 701 2626 738 non
2645 688 2836 738 mutor
2854 684 3131 753 (Malae/2.
3166 701 3246 752 In,
3279 684 3354 752 6).
3383 706 3404 731 »ι
3431 682 3781 736 Resuscita-

2117 773 2175 825 to
2208 773 2388 844 igitur
2416 773 2632 843 templo
2665 789 2775 828 suo
2810 774 2968 828 Deus
3002 773 3281 838 Verbum,
3316 776 3370 825 et
3422 773 3480 826 in
3513 773 3642 841 ipso
3675 788 3782 825 na-

2118 863 2264 916 turae
2299 866 2520 916 nostrae
2551 863 2988 916 resurrectione
3011 877 3078 915 ac
3097 861 3478 915 renovatione
3497 861 3778 931 perfecta,

2118 949 2269 1004 hanc
2304 951 2614 1021 discipulis
2649 952 2777 1004 suis
2815 951 3136 1005 ostendens
3178 950 3443 1004 dicebat:
3483 973 3504 995 α
3549 949 3783 1018 Palpate

2120 1055 2232 1108 me,
2267 1042 2323 1094 et
2357 1040 2570 1108 videte,
2607 1040 2762 1110 quod
2807 1039 3053 1109 spiritus
3104 1055 3341 1094 carnem
3389 1041 3444 1092 et
3493 1054 3634 1091 ossa
3665 1053 3785 1092 non

2119 1127 2315 1197 habet,
2349 1129 2502 1183 sicut
2532 1127 2744 1182 videtis
2780 1144 3024 1198 me,non
3056 1143 3214 1196 esse,
3250 1127 3588 1181 sedhabere
3618 1127 3780 1195 (Luc.

2120 1233 2282 1278 xxxv,
2315 1217 2444 1285 39);
2481 1242 2500 1264 »
2537 1220 2598 1271 ut
2627 1217 2938 1271 habentem
2972 1220 3026 1271 et
3057 1217 3114 1270 id
3147 1216 3303 1287 quod
3322 1216 3570 1270 habetur
3589 1215 3786 1268 consi-

316 1293 631 1367 γεγενημένην
650 1288 858 1354 ἐπίδοις.

2128 1305 2356 1370 derans,
2391 1320 2508 1359 non
2565 1305 2926 1375 mixtionem,
2989 1321 3106 1360 non
3165 1303 3636 1373 conversionem,
3674 1318 3784 1357 nec

2123 1393 2545 1464 alterationem,
2579 1394 2686 1448 sed
2716 1393 2994 1448 unionem
3027 1393 3239 1448 factam
3271 1392 3594 1463 intelligas.

315 808 412 858 παὶ
434 805 710 857 ἀνανέωσιν
731 804 1082 878 ἑργασαμενος,
1111 807 1197 858 καὶ
1235 805 1424 866 ταύτην
1459 814 1564 866 τοϊς
1591 805 1773 859 ἑαυτοῦ
1810 807 1980 878 μαθη-

312 912 428 964 ταῦς
448 899 634 967 δείξας,
660 899 811 974 ἕλε-γε’
845 920 872 948 α
900 901 1232 974 Ψηλαφήσατὲ
1271 923 1353 976 με,
1400 906 1486 956 καὶ
1522 899 1652 956 ἴδετε
1688 897 1767 956 ὅτι
1789 907 1982 976 πνεῦμα

314 1001 486 1074 σάρκα
514 1003 601 1053 καὶ
621 997 774 1054 ὀστέα
807 1000 894 1052 οὐκ
914 996 1046 1072 ἕχει,
1084 1001 1248 1062 καθὼς
1283 999 1365 1073 ἐμὲ
1407 1002 1630 1075 θεωρεῖτε
1676 996 1788 1074 (οὐκ
1835 994 1977 1058 ὄντα,

315 1091 465 1170 ἀλλά)
489 1097 698 1170 ἔχοντα·
740 1115 768 1144 ιο
801 1096 884 1150 ἵνα
905 1101 992 1150 καὶ
1014 1097 1100 1150 τὸν
1121 1095 1330 1170 ἔχοντα,
1357 1101 1442 1150 καὶ
1463 1099 1550 1152 τὸν
1569 1097 1806 1172 ἐχόμενον
1827 1117 1984 1152 κατα-

315 1197 517 1260 νοὴσας,
544 1195 604 1248 οὗ
624 1201 829 1269 κρᾶσιν,
864 1197 922 1249 οὐ
943 1197 1150 1270 τροπὴν,
1198 1197 1286 1249 οὐκ
1326 1194 1614 1260 ἀλλοίωσιν,
1659 1195 1763 1248 ἀλλ’
1809 1191 1984 1249 ἕνωσιν

403 1545 498 1594 Διά
524 1547 669 1596 τοῦτο
697 1544 784 1595 καὶ
806 1543 920 1602 τούς
947 1541 1133 1602 τύπους
1153 1546 1254 1594 τῶν
1275 1537 1403 1599 ἧλων
1433 1544 1629 1604 καὶτῆς
1668 1540 1858 1614 λὸγχης
1897 1544 1984 1600 τὴν

2191 1518 2328 1572 Ideo
2360 1521 2416 1572 et
2447 1518 2671 1572 fixuras
2702 1519 3006 1574 clavorum
3057 1522 3116 1573 et
3171 1519 3396 1574 lanceae
3453 1517 3634 1572 ictum
3681 1518 3788 1570 de-

2124 1608 2490 1674 monstravit,
2524 1611 2580 1661 et
2610 1623 2808 1662 coram
2845 1607 3156 1677 discipulis
3191 1607 3484 1675 comedit;
3537 1609 3596 1660 ut
3628 1607 3788 1660 omni

2123 1696 2348 1749 ratione
2380 1699 2604 1749 naturae
2648 1699 2871 1750 nostra;
2917 1697 3417 1750 resurrectionem
3465 1696 3526 1749 in
3572 1711 3638 1749 se
3689 1710 3790 1748 re-

2124 1785 2397 1838 novatam
2447 1782 2851 1852 persuaderet.
2888 1781 2959 1835 Et
3017 1799 3148 1836 cum
3181 1783 3510 1836 secundum
3559 1783 3792 1838 beatam

2125 1871 2445 1925 divinitatis
2497 1871 2888 1924 substantiam
2935 1871 3276 1924 mutationis
3328 1875 3384 1924 et
3425 1871 3790 1926 alterationis

2126 1975 2362 2029 expers,
2397 1959 2758 2028 impatibilis,
2793 1959 3159 2028 immortalis,
3193 1960 3351 2013 nulla
3399 1976 3463 2013 re
3513 1960 3791 2031 indigens

2126 2051 2308 2116 esset,
2344 2049 2660 2118 passiones
2686 2063 2892 2101 omnes
2910 2047 3127 2116 templo
3146 2063 3256 2102 suo
3277 2047 3479 2102 inferri
3499 2048 3789 2118 permisit,

306 2133 382 2182 τῶ
405 2131 570 2198 οἰκείῳ
592 2126 915 2198 ἐπενεχθῆναι
945 2147 1070 2198 ναῳ,
1105 2129 1192 2180 καὶ
1228 2131 1405 2180 τοῦτον
1444 2133 1509 2206 τῇ
1549 2129 1709 2200 οἰκείᾳ
1747 2127 1984 2187 ἀνέστησε

2128 2143 2182 2193 et
2212 2138 2325 2192 hoc
2355 2137 2591 2207 propria
2622 2136 2879 2204 potentia
2911 2136 3210 2204 excitavit,
3271 2139 3327 2188 et
3374 2151 3482 2204 per
3511 2135 3792 2205 templum

302 2220 538 2299 δυνάμει,
561 2221 650 2278 διά
666 2244 720 2278 τε
747 2229 838 2278 τοῦ
867 2224 1052 2278 οἰκείου
1093 2230 1216 2278 ναοῦ
1252 2223 1445 2278 τελείαν
1479 2226 1570 2283 τὴν
1607 2223 1884 2280 ἀνανέωσιν
1901 2230 1984 2286 τῆς

2128 2243 2301 2282 suum
2331 2225 2654 2296 perfectam
2681 2228 2904 2280 natura
2951 2227 3180 2278 nostrae
3230 2225 3678 2278 renovationem
3709 2223 3794 2277 ef-

289 2322 538 2397 ἦμετὲρας
553 2323 882 2396 ὲξειργάσατο
896 2321 1104 2395 φύσεως.
2128 2315 2284 2371 fecit.

314 1641 456 1704 νύξνν
475 1637 706 1704 ἐπέδειξε,
734 1642 820 1692 καί
843 1637 1115 1713 ἔμπροσθεν
1147 1644 1246 1692 τῶν
1284 1641 1520 1712 μαθητῶν
1547 1636 1740 1712 ἔφαγεν,
1778 1637 1859 1693 ira
1899 1635 1986 1694 διά

310 1738 516 1790 πάντων
535 1738 626 1794 τὴν
647 1737 930 1790 ἀνάστασιν
951 1741 1038 1798 τῆς
1060 1735 1298 1812 ἡμετέρας
1321 1736 1509 1809 φύσεως
1531 1736 1580 1788 ἐν
1620 1737 1758 1788 αὺτῶ
1802 1739 1983 1790 ἀνανε-

309 1837 524 1890 ωθεῖσαν
545 1836 871 1892 πίστὼσηται
891 1834 1094 1895 αὐτοὺς.
1123 1836 1227 1887 Καὶ
1251 1835 1329 1886 ὸτι
1352 1836 1484 1886 κατά
1510 1835 1600 1890 τήν
1620 1836 1878 1908 μακαρίαν
1899 1841 1987 1896 τῆς

307 1931 537 1992 θεότητος
559 1925 743 1985 οὐσίαν
761 1930 1024 2005 ἄτρεπτος,
1071 1930 1420 1994 ἀναλλοίωτος,
1466 1933 1684 1997 ἀπαθὴς,
1711 1933 1982 1996 ἀθάνατος,

304 2025 530 2092 ἀνενδεὴς
551 2025 812 2092 διατελῶν,
844 2031 1013 2082 πάντα
1033 2031 1100 2081 τά
1121 2031 1257 2088 πάθη
1300 2025 1437 2083 εἴασε
1485 2032 1618 2082 κατά
1657 2031 1988 2104 συγχώρησιν

2198 2440 2318 2493 Eos
2349 2453 2490 2493 vero
2520 2439 2620 2509 qui
2654 2436 3088 2491 dicuntnudum
3123 2437 3420 2492 hominem
3456 2451 3593 2490 esse
3617 2436 3792 2490 Chri-

2129 2531 2304 2597 stum,
2337 2527 2431 2581 vel
2461 2526 2729 2597 passioni
2778 2526 3100 2580 obnoxium
3141 2526 3326 2580 Deum
3376 2525 3646 2593 verbum,
3698 2527 3798 2580 aut

2130 2619 2188 2672 in
2219 2633 2454 2670 carnem
2487 2631 2863 2685 conversum,
2897 2615 2991 2668 vel
3041 2615 3614 2668 consubstantiatum
3657 2631 3792 2669 cor—

2128 2723 2240 2776 pus
2273 2706 2578 2774 habuisse,
2612 2704 2706 2758 vel
2737 2705 2806 2758 de
2840 2705 2988 2758 coelo
3038 2704 3094 2757 id
3139 2705 3448 2772 detulisse,
3482 2707 3580 2757 aut
3610 2704 3794 2773 phan-

2129 2797 2312 2849 tasma
2347 2811 2484 2848 esse
2517 2793 2612 2848 vel
2644 2793 2743 2864 qui
2775 2793 3080 2846 mortalem
3104 2793 3304 2846 dicunt
3327 2793 3512 2846 Deum
3535 2793 3795 2848 Verbum

2131 2900 2280 2955 Opus
2312 2883 2619 2950 habuisse,
2661 2885 2780 2936 uta
2811 2883 2983 2936 Patre
3025 2882 3435 2948 suscitaretur,
3478 2881 3571 2935 vel
3607 2881 3794 2936 inani-

303 2980 466 3015 ανουν
475 2963 733 3035 ανθρωπον
751 2959 785 3020 ἧ
799 2964 891 3023 τάς
908 2957 998 3015 δύο
1015 2962 1184 3034 φυσεις
1203 2967 1292 3014 τοῦ
1314 2967 1539 3036 Χριστοῦ
1560 2964 1690 3014 κατά
1711 2964 1984 3036 ἀνάκρασιν

2129 2978 2344 3028 matum
2366 2988 2581 3041 corpus
2607 2971 2963 3040 sumpsisse,
2989 2971 3082 3024 vel
3102 2972 3232 3025 sine
3256 2975 3448 3025 mente
3473 2971 3792 3040 hominem,

301 3061 659 3131 συγχυθείσας
676 3061 798 3132 μίαν
815 3060 1109 3132 γεγενῆσθαι
1129 3060 1298 3130 φύσιν,
1331 3062 1418 3112 καί
1440 3061 1509 3133 μὴ
1529 3059 1888 3133 ὁμολογοῦντας
1922 3063 1984 3122 εἰς

2129 3062 2220 3118 vel
2255 3063 2402 3116 duas
2433 3061 2653 3115 Christi
2684 3065 2924 3114 naturas
2955 3076 3061 3129 per
3085 3062 3560 3114 commistionem
3584 3060 3796 3114 confu-

300 3158 502 3229 Κύριον
519 3156 657 3230 ἡμῶν
679 3157 875 3216 Ἰησοῦν
894 3153 1118 3231 Χριστὸν
1134 3153 1221 3208 δύο
1241 3157 1410 3228 φύσεις
1425 3151 1554 3210 εἶναι
1575 3157 1921 3230 ἀσυγχύτους,
1943 3152 1984 3209 ἕν

2131 3168 2231 3206 sas
2261 3167 2433 3206 unam
2459 3154 2721 3204 naturam
2746 3149 2930 3202 factas
2951 3165 3123 3216 esse;
3166 3152 3222 3202 et
3245 3149 3342 3219 qui
3369 3165 3484 3202 non
3513 3151 3796 3202 confiten-

393 2475 520 2535 Τοὺς
537 2469 590 2527 δέ
609 2473 838 2547 λέγοντας
857 2469 1002 2544 ψιλὸν
1025 2475 1282 2548 ανθρωπον
1315 2471 1401 2527 τὸν
1437 2468 1680 2547 Χριστὸν,
1711 2469 1742 2531 ἧ
1764 2469 1989 2532 παθητὸν

304 2569 400 2624 τὸν
420 2569 544 2625 Θεὸν
566 2569 750 2644 Λόγον,
773 2567 803 2628 ἦ
819 2573 887 2630 εἰς
899 2575 1070 2646 σάρκα
1083 2571 1359 2646 τραπέντα,
1379 2567 1410 2630 ἦ
1424 2571 1818 2646 συνουσιωμὲνον
1834 2569 1990 2642 ἐσχη-

304 2668 529 2722 κέναιτό
540 2675 711 2742 σῶμα,
745 2665 775 2727 ἦ
804 2670 1064 2744 οὐρανὸθεν
1097 2674 1247 2722 τοῦτο
1280 2667 1612 2740 κεκομικέναι,
1650 2665 1680 2726 ἢ
1720 2671 1989 2742 φάντασμα
2034 2637 2084 2700 C

290 2760 468 2831 εἶναι,
492 2763 524 2824 ἣ
544 2763 718 2826 θνητὸν
737 2766 967 2838 λέγοντας
985 2757 1070 2820 τὸν
1103 2766 1228 2819 Θεὸν
1252 2767 1416 2838 Λὸγον
1447 2761 1706 2823 δεδεῆσθαι
1738 2766 1826 2828 τῆς
1847 2769 1990 2840 ποιρά

303 2868 406 2917 τοῦ
440 2861 638 2938 Πατρός
666 2865 1013 2928 ἀναστάσεως,
1054 2860 1085 2922 ἦ
1121 2862 1326 2935 αψυχον
1358 2860 1416 2917 τὸ
1438 2869 1585 2938 σῶμα
1606 2862 1934 2938 ἀνειληφέναι,
1959 2860 1991 2923 ἧ

302 3250 354 3308 δὲ
391 3252 684 3327 πρόσωπον,
713 3255 824 3308 καθ’
853 3251 878 3307 ὅ
898 3248 966 3316 εἷς
987 3251 1228 3328 Χριστὸς,
1249 3249 1317 3315 εἷς
1337 3252 1473 3316 Υἰὸς’
1502 3255 1708 3316 τούτὸυς
1730 3256 1984 3328 ἀναθεμα-

2129 3244 2224 3296 tur
2245 3242 2303 3294 in
2320 3241 2566 3293 Domino
2589 3241 2792 3292 nostro
2812 3238 2955 3292 Jesu
2976 3237 3212 3291 Christo
3235 3239 3382 3290 duas
3397 3252 3536 3291 esse
3551 3240 3792 3290 naturas
3843 3233 3848 3236 ’

305 3353 446 3417 τίζει
463 3350 494 3411 ἡ
509 3351 746 3410 καθολικὴ
765 3355 852 3406 καὶ
872 3351 1181 3410 ἀποστολικὴ
1211 3350 1504 3412 Ἐκκλησια.

2132 3328 2500 3395 inconfusas,
2534 3343 2709 3380 unam
2743 3331 2936 3380 autem
2967 3341 3305 3396 personam,
3327 3329 3617 3396 quatenus
3641 3341 3795 3379 unus

2133 3421 2224 3472 est
2245 3417 2542 3484 Christus,
2568 3433 2724 3470 unus
2737 3415 2946 3484 Filius,
2973 3430 3080 3470 eos
3103 3415 3550 3470 anathematizat
3590 3415 3796 3469 catho-

2132 3507 2246 3561 lica
2275 3509 2332 3560 et
2362 3505 2690 3577 apostolica
2721 3504 3010 3559 Ecclesia.

391 3727 517 3783 Etsi
547 3726 661 3782 hoc
690 3726 751 3782 in
781 3726 1108 3798 fragmento
1139 3729 1254 3798 tam
1283 3729 1480 3796 aperta
1511 3727 1784 3798 legantur
1816 3734 2020 3785 contra
2059 3733 2325 3786 haereses
2356 3727 2617 3783 Nestorii
2646 3730 2819 3797 atque
2853 3727 3217 3798 Eutychetis,
3259 3729 3320 3780 ut
3351 3727 3495 3781 illud
3533 3727 3794 3782 auctoris

306 3815 455 3856 esse
489 3798 792 3874 Ephesiae
824 3797 1666 3874 et:C_h_alce_donensiconcilio
1699 3803 2048 3874 posterioris
2079 3801 2371 3874 quispiam
2401 3816 2520 3874 non
2556 3799 2684 3874 sine
2714 3797 2984 3874 veritatis
3013 3799 3212 3874 specie
3259 3797 3369 3874 sibi
3406 3799 3793 3868 persuadeat;

307 3887 506 3943 quum
525 3873 720 3943 tamen
751 3869 900 3938 apud
933 3869 1746 3943 Theodoret_um_loco_cicato
1781 3869 2185 3943 integrum,'et
2215 3869 2368 3940 apud
2401 3871 2709 3943 Leontium
2737 3870 3073 3943 Byzantium
3097 3869 3198 3943 l_i_h.
3224 3886 3238 3920 ι
3269 3870 3561 3922 adversus
3585 3883 3798 3923 memo-

303 3939 474 3996 ratos
493 3940 810 4012 haereticos
826 3956 964 4008 pars
985 3939 1186 4012 ultima
1219 3939 1488 4009 ejusdem
1525 3941 1854 4012 fragmenti,
1891 3939 1963 3998 ab
1997 3939 2091 3998 his
2124 3939 2352 3996 scilicet
2380 3942 2604 4007 verbis,
2636 3941 2760 3994 Eos
2799 3956 2940 3993 vero
2973 3941 3068 4009 qui
3090 3941 3466 4012 (limina/etc“
3495 3945 3790 4010 exaretur,

308 4013 512 4082 ipsum
545 4026 619 4064 ex
648 4011 842 4080 aliqua
871 4011 1169 4064 Ambrosii
1205 4011 1690 4082 commentatione
1723 4029 1896 4082 quam
1927 4015 2143 4068 invidia
2175 4013 2457 4082 temporis
2489 4012 2882 4082 interceperit,
2917 4011 3572 4078 excerptumlibentiori
3598 4012 3792 4064 animo

310 4081 749 4154 existimamus.
782 4082 979 4150 Itaque
1010 4085 1250 4154 propter
1276 4081 1440 4154 illius,
1467 4098 1598 4154 eum
1629 4081 1800 4137 libris
1834 4085 1907 4138 de
1931 4085 2103 4150 Fide,
2137 4101 2206 4139 ac
2238 4081 2610 4154 potissimum
2629 4083 2716 4154 ide
2741 4081 2975 4154 Incerti.
3002 4082 3167 4154 Dom.
3194 4083 3581 4154 sacramento
3603 4082 3794 4154 amni-

307 4157 487 4208 tatem
518 4152 1194 4228 rat_i_nusquam_me_lius
1225 4167 1398 4221 quam
1431 4153 1541 4228 hoc
1573 4153 1703 4208 loco
1737 4155 2005 4210 exhiberi
2034 4152 2367 4228 possm—hic
2399 4155 2552 4208 idem
2583 4153 2726 4207 illud
2759 4153 3114 4207 Theodoreti
3138 4153 3337 4207 verbis
3359 4169 3488 4207 cum
3513 4153 3792 4206 versione

310 4241 420 4280 sua
453 4239 528 4277 ex
559 4223 759 4276 ultima
791 4223 927 4277 edit.
959 4223 1148 4276 Paris.
1192 4226 1711 4293 repraesentamus.

648 4423 698 4433 σ-ρ

335 4426 636 4442 —-—-———

1739 4567 2387 4654 ADMONITIO

887 4789 1032 4902 IN
1119 4780 1890 4902 EPISTOLAS
1967 4775 2473 4895 SANCTI
2548 4770 3204 4888 AMBROSII

1377 5021 1640 5092 ΝΟνο
1691 5016 2051 5088 ORDINE
2100 5011 2731 5084 DISTRIBUTAS

392 5337 611 5394 Omnes
641 5339 875 5410 quidem
907 5339 1232 5407 scriptores
1265 5355 1397 5392 eum
1429 5339 1488 5393 in
1519 5339 1818 5394 universis
1851 5339 1979 5392 suis
2017 5337 2330 5408 Operibus,
2375 5339 2493 5390 tum
2539 5336 2633 5391 vel
2672 5337 2920 5392 maxime
2969 5337 3028 5391 in
3073 5337 3342 5407 epistolis
3387 5336 3648 5406 effigiem
3697 5331 3790 5386 sui

323 5431 677 5498 consignare
708 5432 872 5482 extra
905 5429 1147 5482 dubium
1178 5431 1304 5482 est:
1339 5445 1462 5497 prae
1494 5430 1728 5482 caeteris
1761 5445 1900 5482 vero
1933 5431 2199 5481 sanetum
2233 5427 2611 5481 Ambrosium
2641 5429 2699 5482 et
2726 5427 2950 5496 passim
2972 5427 3031 5480 in
3064 5428 3337 5481 omnibus
3361 5425 3490 5478 suis
3520 5422 3792 5476 lucubra-

321 5515 580 5572 tionibus
612 5519 901 5588 quosdam
931 5517 1102 5588 quasi
1136 5518 1347 5571 ductus
1377 5533 1445 5570 ac
1477 5518 1850 5571 characteres
1881 5517 2160 5570 virtutum
2193 5533 2434 5570 suarum
2463 5517 2828 5586 appinxisse,
2865 5519 2920 5569 et
2949 5513 3525 5586 potiSsimuminhoe
3559 5511 3782 5576 episto-

322 5601 508 5660 larum
539 5608 904 5677 syntagmatc
937 5621 1284 5674 eXpressam
1319 5605 1754 5675 spirantemque
1787 5605 1880 5658 sui
1914 5605 2227 5676 imaginem
2261 5606 2577 5676 reliquisse
2609 5606 2848 5676 negabit
2881 5620 3072 5659 nemo.
3109 5603 3336 5655 Etenim
3366 5600 3555 5654 hocin
3578 5599 3788 5666 (’lpere,

321 5707 453 5748 nam
483 5693 552 5750 de
581 5695 712 5749 aliis
743 5695 975 5750 interim
1007 5694 1102 5748 hic
1137 5693 1466 5762 silebimus,
1504 5695 1754 5749 emicant
1787 5694 1916 5748 suis
1949 5709 2199 5766 qumque
2250 5691 2400 5747 locis
2445 5693 2706 5766 egregiae
2741 5693 2853 5746 illae
2887 5692 3152 5755 virtutes,
3189 5688 3425 5758 quibus,
3455 5691 3512 5741 ut
3547 5686 3792 5740 absolu-
