3964 6168
334 235 457 349 887
1713 243 1779 310 s.
1810 246 1899 311 Al

2180 247 2254 309 ll.
3647 258 3745 331 833

334 442 461 500 tum
492 442 910 532 episcoporum
938 444 1240 516 exemplar
1268 445 1627 503 Ambrosius
1659 444 1965 518 habeatur,
1994 447 2271 506 effectum
2300 454 2411 508 est.
2445 451 2672 519 Quanto
2700 470 2899 511 amore
2914 455 2989 511 ad
3017 458 3482 532 propugnandnm
3507 460 3752 520 Christia-

336 548 430 588 nis
460 531 769 603 religionis
800 531 1145 605 dignitatem
1174 533 1594 606 impelleretur,
1628 536 1808 592 oblati
1837 536 2248 594 Valentiniano
2276 539 2465 595 libelli
2494 557 2603 597 seu
2630 542 2898 613 epistolae
2917 531 3320 601 testificantur.
3349 545 3555 612 Quanto
3574 551 3751 607 ardore

338 620 617 694 ﬂagraret
646 620 1002 676 defendendi
1035 621 1309 678 catholici
1341 623 1661 697 dogmatis,
1696 642 1765 680 ac
1796 624 2109 699 sanguinis
2141 644 2247 699 pro
2280 629 2441 684 illius
2472 631 2808 703 integritate
2828 632 3242 705 profundendi,
3265 651 3390 706 quae
3419 636 3474 691 in
3503 653 3661 693 causa
3675 639 3760 694 ba-

336 708 646 765 silicarum
678 710 942 785 scripsit,
974 711 1353 782 patefaciunt.
1388 713 1547 768 Alibi
1577 715 1858 769 mirarum
1889 714 2025 786 ejus
2054 716 2117 769 in
2150 717 2557 772 condonandis
2589 718 2848 791 injuriis,
2871 720 3296 792 beneliciisque
3312 722 3369 777 in
3390 723 3497 778 sibi
3516 723 3761 783 inimicis-

337 799 526 854 simos
559 798 944 855 conferendis
974 802 1517 874 magnanimitatem
1543 818 1557 872 ;
1591 803 1733 857 alibi
1763 801 1899 875 ejus
1928 803 2223 859 adversus
2252 805 2646 876 imperatores
2677 811 2852 880 atque
2876 812 3165 881 tyrannos
3198 813 3562 867 constantiam
3589 813 3762 869 obstu-

334 888 660 961 pescimus.
693 887 1025 945 Occurrunt
1054 890 1323 962 epistolae
1356 891 1418 945 in
1448 890 1668 963 quibus
1699 891 2018 962 pastoralis
2048 892 2185 964 ejus
2229 893 2590 966 sollicitudo,
2640 902 2906 967 qua‘non
2953 898 3148 953 solum
3195 900 3491 954 dioecesim
3527 899 3764 958 Medicia-

334 991 603 1047 nensem,
637 978 745 1034 sed
777 981 835 1033 et
862 978 1010 1033 alias
1041 995 1276 1051 quoque
1307 979 1445 1034 licet
1475 979 1721 1034 dissitas
1754 979 2275 1053 complectebatur,
2310 982 2542 1053 elucet;
2574 988 2715 1040 sunt
2743 986 2897 1056 alim,
2932 986 2992 1041 in
3023 988 3243 1059 quibus
3274 989 3516 1059 erumpit
3540 990 3763 1046 doctrina

334 1063 492 1137 ejus,
525 1067 857 1137 prudentia,
888 1070 1202 1138 sanctitas,
1235 1071 1293 1124 et
1323 1068 1396 1124 ab
1429 1069 1624 1124 omnis
1655 1068 1918 1124 avaritiae
1951 1069 2233 1126 sordibus
2262 1071 2568 1144 alienatio;
2601 1074 2821 1145 quibus
2850 1075 3093 1135 dotibus
3122 1077 3357 1133 adducti
3378 1094 3509 1134 eum
3533 1080 3767 1151 tanquam

334 1170 645 1211 commune
677 1155 887 1212 saeculi
915 1155 1011 1210 sui
1042 1156 1366 1227 oraculum,
1399 1157 1654 1228 diaconi,
1689 1156 2048 1228 presbyteri,
2081 1162 2258 1232 atque
2288 1160 2558 1232 episeOpi
2576 1164 2999 1221 consulebant:
3035 1182 3104 1221 ac
3136 1182 3255 1222 non
3275 1167 3445 1222 modo
3465 1168 3671 1239 privati,
3685 1184 3765 1225 ve‘

331 1259 465 1300 rum
495 1245 669 1299 etiam
701 1244 1002 1316 principes
1025 1247 1138 1300 viri
1171 1244 1531 1319 gravissima
1581 1245 1820 1319 negotia
1862 1246 1996 1318 ejus
2056 1247 2195 1302 fidei
2242 1248 2683 1305 committebant
2729 1255 2905 1323 atque
2951 1254 3232 1309 solertiae.
3290 1254 3585 1312 Postremo
3619 1256 3673 1312 in
3692 1255 3767 1314 his

333 1334 605 1407 epistolis
636 1333 855 1406 ubique
890 1334 1082 1389 sancti
1112 1334 1399 1390 Praesulis
1428 1333 1639 1406 pietas,
1673 1333 1953 1404 charitas,
1989 1335 2418 1407 misericordia,
2452 1339 2761 1411 modestia,
2799 1341 3070 1414 aequitas,
3102 1347 3278 1414 atque
3310 1343 3668 1399 indefessain
3695 1345 3766 1398 vi-

333 1424 498 1497 giliis
518 1424 753 1495 piisque
783 1422 1092 1479 laboribus
1122 1425 1568 1494 perseverantia
1597 1439 1716 1478 non
1735 1424 1867 1479 sine
1897 1424 2282 1481 admiratione
2312 1428 2706 1499 conspicitur;
2757 1437 2821 1485 ut
2848 1446 2969 1486 non
2996 1430 3187 1485 levem
3219 1448 3287 1486 ac
3317 1447 3767 1505 monogrammam

333 1512 634 1568 Ambrosii
664 1512 974 1584 picturam,
1009 1512 1116 1567 sed
1135 1512 1397 1567 efﬁctam
1421 1515 1479 1569 et
1494 1512 1750 1568 solidum
1773 1512 2034 1584 signum,
2066 1514 2183 1569 imo
2206 1529 2348 1571 vero
2369 1516 2753 1574 Ambrosium
2772 1519 2968 1591 ipsum
2991 1520 3321 1578 redivivum
3342 1536 3577 1579 cernere
3603 1522 3768 1577 videa-

331 1617 486 1658 mur.

404 1690 771 1744 Persuasum
802 1688 1043 1743 omnino
1068 1688 1358 1744 habemus
1386 1705 1465 1745 ex
1492 1689 1916 1760 pulcherrimis
1947 1690 2043 1746 bis
2077 1690 2347 1763 epistolis
2378 1695 2451 1749 ad
2479 1695 2761 1752 lectorem
2782 1697 2976 1753 redire
2997 1713 3271 1772 magnam
3296 1697 3608 1771 utilitatem,
3628 1700 3771 1771 utque

330 1778 614 1834 reddatur
642 1777 847 1831 eadem
877 1776 1141 1846 uberior,
1175 1791 1294 1832 non
1327 1777 1521 1832 solum
1550 1778 1929 1834 illustrationi
1960 1778 2248 1851 locorum,
2284 1798 2437 1854 quos
2483 1783 2716 1839 vindice
2769 1784 3038 1858 indigere
3080 1787 3383 1856 duximus,
3416 1803 3615 1841 verum
3637 1787 3774 1841 etiam

330 1884 505 1924 novae
535 1865 717 1923 totius
750 1865 948 1936 operis
982 1864 1389 1920 distributioni
1423 1882 1661 1937 operam
1691 1867 2107 1938 impendimus.
2139 1868 2293 1926 Sane
2324 1886 2608 1945 perquam
2657 1876 2918 1943 Optatum
2954 1875 3131 1930 nobis
3175 1874 3395 1931 fuisset
3439 1876 3511 1930 ab
3540 1876 3774 1930 alterutro

329 1956 709 2029 vulgatorum
739 1954 1012 2009 ordinum
1043 1969 1163 2008 non
1191 1954 1525 2026 discedere,
1561 1956 1741 2011 certis
1773 1956 2050 2012 nimirum
2079 1959 2140 2012 in
2172 1974 2242 2014 eo
2274 1975 2495 2031 genere
2527 1960 2673 2015 nihil
2705 1964 2920 2017 mutari
2950 1964 3082 2018 sine
3112 1964 3312 2035 aliquo
3345 1979 3544 2018 eorum
3590 1950 3777 2018 incom-

330 2044 530 2114 modo,
564 2043 667 2115 qui
687 2042 852 2097 varia
877 2041 1219 2097 testimonia
1248 2042 1384 2097 inde
1414 2043 1487 2096 ab
1518 2043 1883 2114 auctoribus,
1917 2045 2047 2101 sive
2105 2047 2383 2117 indicata,
2417 2050 2546 2104 sive
2594 2051 2763 2105 citata
2825 2053 2883 2105 in
2915 2052 3173 2122 propriis
3205 2053 3502 2122 inspicere
3555 2051 3775 2107 fontibus

329 2134 577 2203 volunt;
609 2134 862 2187 attamen
889 2133 1047 2185 tanta
1075 2131 1386 2203 utriusque
1416 2132 1778 2203 perturbatio
1820 2136 1932 2204 est,
1961 2136 2120 2189 tanta
2178 2135 2473 2207 confusio,
2532 2140 2597 2192 ut
2644 2137 2822 2192 alium
2855 2139 3188 2211 quempiam
3248 2141 3586 2212 excogitare
3636 2139 3777 2195 nobis

330 2221 506 2294 plane
536 2219 714 2275 fuerit
741 2219 1176 2274 necessarium.
1211 2218 1383 2274 Enim
1410 2233 1554 2274 vero
1583 2220 1950 2292 antiquiores
1980 2222 2272 2279 editiones
2303 2229 2699 2297 prmterquam
2727 2226 2884 2298 quod
2942 2227 3213 2297 plurimis
3273 2228 3542 2298 epistolis
3595 2229 3779 2297 carent,

332 2327 483 2382 quas
512 2308 865 2364 addiderunt
896 2307 1148 2362 Romani
1176 2307 1457 2374 editores,
1490 2324 1620 2363 eam
1653 2309 1936 2365 exhibent
1964 2310 2347 2380 epistolarum
2379 2314 2618 2382 seriem,
2650 2330 2784 2384 quae
2831 2329 3024 2386 neque
3066 2315 3143 2370 ad
3187 2316 3499 2387 temporis,
3529 2330 3702 2387 neque
3723 2314 3781 2368 ad

331 2400 596 2456 materiae
626 2398 919 2453 rationem
948 2397 1275 2468 adaptetur.
1308 2396 1501 2453 Editio
1534 2398 1817 2467 Romana,
1853 2398 1992 2452 dum
2023 2399 2159 2454 huic
2192 2399 2345 2455 malo
2377 2401 2602 2457 mederi
2629 2404 2830 2471 tentat,
2865 2403 3059 2458 omnia
3107 2404 3305 2477 magis
3356 2403 3629 2461 confudit.
3658 2403 3779 2458 Nam

334 2491 393 2545 et
421 2487 706 2559 epistolas
739 2486 1077 2567 complures
1107 2502 1139 2541 e
1170 2485 1343 2541 natali
1375 2486 1526 2556 solo,
1559 2487 1639 2540 sit
1666 2486 1849 2542 verbo
1871 2487 2062 2557 venia,
2097 2502 2203 2557 per
2232 2488 2352 2543 vim
2383 2489 2625 2545 avulsas
2682 2491 2745 2545 in
2799 2491 3055 2548 alienum
3113 2493 3412 2561 transulit,
3472 2508 3578 2547 nec
3632 2491 3779 2547 ullam

334 2577 892 2651 distinguendorum
922 2578 1254 2647 temporum
1286 2591 1508 2645 curam,
1543 2591 1719 2646 quam
1748 2574 2015 2647 profecto
2044 2577 2360 2632 maximam
2393 2593 2532 2633 esse
2592 2580 2920 2649 oportebat,
2952 2580 3256 2635 adhibuit:
3322 2585 3385 2635 ut
3441 2580 3662 2636 interim
3712 2579 3788 2634 hic

334 2667 620 2723 sileamus
651 2682 828 2738 quam
857 2680 1065 2737 parum
1095 2663 1346 2719 feliciter
1374 2664 1435 2718 in
1468 2665 1707 2719 materia
1738 2664 2064 2736 digerenda
2094 2665 2177 2720 illi
2210 2666 2442 2735 cecidit,
2477 2681 2594 2722 non
2641 2682 2776 2722 raro
2832 2668 3134 2723 distractis
3191 2684 3330 2739 quae
3384 2664 3779 2740 conjungendaa

335 2756 572 2812 fuerant
600 2754 893 2827 epistolis,
925 2755 983 2808 et
998 2769 1132 2824 quae
1162 2751 1564 2808 distrahendaa
1596 2753 1848 2822 fuerant,
1885 2752 2244 2826 conjunctis.
2278 2754 2395 2810 Sed
2423 2771 2534 2810 nec
2563 2756 2901 2828 perfugium
2927 2756 3107 2811 nobis
3146 2761 3277 2812 erat
3327 2758 3402 2813 ad
3450 2755 3781 2826 manuscrip-

332 2847 470 2915 tos;
502 2844 588 2900 illi
617 2844 774 2900 enim
803 2843 1020 2914 praeter
1047 2841 1207 2911 vitia,
1232 2842 1450 2913 quibus
1479 2841 1751 2897 laborare
1813 2841 2073 2898 diximus
2131 2842 2446 2913 editiones,
2488 2860 2623 2899 eum
2678 2844 2751 2899 ab
2808 2847 3058 2916 utroque
3106 2846 3451 2903 earumdem
3509 2844 3789 2901 editionum

337 2935 545 2990 ordine
576 2933 733 2988 haud
762 2947 968 3003 parum
1000 2931 1314 3000 dissident,
1346 2930 1483 2987 licet
1513 2932 1711 2986 minus
1741 2930 1814 2985 ab
1845 2931 2237 3003 antiquarum,
2269 2936 2393 2987 tum
2424 2933 2503 2987 ita
2561 2932 2901 3003 discrepant
2950 2934 3067 3004 ipsi
3122 2934 3281 2988 inter
3337 2951 3428 3003 se,
3460 2937 3520 2989 ut
3577 2931 3787 3003 epistola

336 3039 472 3097 quae
498 3022 570 3078 30
600 3026 695 3078 est
721 3020 783 3077 in
816 3020 1021 3076 codice
1052 3019 1355 3089 Thuaneo,
1388 3021 1457 3075 69
1489 3020 1567 3075 sit
1597 3021 1657 3074 in
1690 3020 2149 3092 Longipontino,
2183 3036 2317 3092 qua:
2348 3021 2408 3077 in
2440 3022 2899 3094 Longipontino,
2929 3022 2998 3078 36
3030 3022 3159 3078 haec
3190 3024 3324 3093 ipsa
3356 3022 3418 3078 in
3447 3022 3709 3079 Thuaneo
3732 3019 3787 3074 48

339 3112 685 3181 collocetur,
717 3112 776 3165 et
800 3110 863 3165 in
892 3108 1026 3164 aliis
1058 3108 1258 3163 multis
1288 3108 1498 3163 eodem
1528 3109 1722 3163 modo.

406 3199 802 3267 Quamobrem
834 3200 896 3254 ut
925 3198 1114 3253 coacti
1143 3197 1295 3252 hanc
1324 3200 1542 3252 tantam
1575 3197 1988 3254 confusionem
2018 3198 2450 3270 digereremus,
2484 3198 2639 3257 nihil.
2664 3199 3035 3255 commodius
3065 3199 3241 3255 nobis
3280 3200 3477 3255 visum
3508 3201 3615 3270 est,
3644 3212 3789 3271 quam

335 3293 401 3347 ut
431 3303 638 3346 omnes
666 3288 801 3343 illas
832 3286 1138 3359 epistolas,
1173 3300 1423 3357 quarum
1454 3285 1644 3341 aetatis
1676 3289 1871 3340 notam
1902 3286 2158 3358 aliquam
2188 3286 2353 3342 licuit
2382 3287 2848 3359 deprehendere,
2892 3289 3219 3351 secundum
3269 3293 3597 3360 temporum
3637 3288 3789 3342 ratio-

336 3395 473 3437 nem
502 3394 680 3451 quam
709 3376 984 3433 novimus
1014 3374 1392 3447 potissimum
1420 3374 1661 3446 probari
1690 3375 1764 3430 ab
1794 3375 2062 3444 eruditis,
2097 3374 2611 3431 distribueremus.
2664 3376 2802 3431 Inde
2861 3378 3092 3432 classes
3152 3379 3493 3450 exsurgunt
3539 3377 3680 3446 dum,
3705 3372 3791 3429 sed

337 3483 587 3540 quarum
615 3466 779 3538 prior
809 3464 1204 3537 posteriorem
1232 3463 1410 3537 longe
1443 3466 1704 3535 superat.
1740 3463 1816 3518 Ut
1846 3478 1988 3519 vero
2020 3464 2349 3536 intelligant
2377 3464 2633 3520 lectores
2654 3465 2932 3537 quidnam
2952 3467 3007 3520 in
3031 3467 3405 3538 assignando
3429 3466 3673 3538 singulis
3688 3463 3791 3534 epi-

338 3556 512 3613 stolis
541 3556 673 3612 loeo
699 3568 810 3611 suo
841 3557 1015 3626 atque
1046 3568 1293 3608 numero
1325 3553 1512 3609 secuti
1547 3553 1759 3621 simus,
1791 3556 2159 3625 argumenta,
2193 3552 2412 3624 quibus
2444 3553 2708 3624 ipsarum
2740 3554 3023 3624 probatur
3052 3559 3219 3625 aetas,
3256 3555 3523 3610 breviter
3549 3557 3604 3609 et
3630 3551 3790 3608 conti-

339 3645 501 3702 nenti
531 3645 689 3701 serie
717 3658 1141 3716 proponemus.
1172 3642 1519 3698 Potuissent
1546 3640 1786 3714 quidem
1816 3643 1874 3695 et
1901 3640 2033 3695 aliae
2063 3642 2334 3713 quaedam
2367 3643 2635 3713 epistolae
2690 3644 2976 3698 accedere
3021 3644 3208 3713 primo
3252 3644 3398 3699 huic
3431 3644 3636 3711 ordini,
3665 3642 3711 3695 si
3735 3639 3791 3694 ad

339 3735 717 3790 statuendum
744 3733 1009 3804 ipsarum
1038 3733 1273 3801 tempus
1305 3731 1646 3786 earumdem
1667 3745 1803 3785 cum
1833 3728 1968 3785 aliis
1999 3729 2300 3785 nonnullis
2327 3733 2426 3785 aut
2453 3731 2591 3802 styli
2619 3735 2719 3786 aut
2746 3732 3008 3787 materiae
3043 3732 3394 3787 affinitatem
3426 3731 3691 3787 sufficere
3710 3728 3791 3801 ju-

339 3822 717 3877 dicassemus
744 3836 760 3889 ;
792 3823 849 3874 at
889 3821 1255 3875 firmamenta
1285 3818 1622 3875 istiusmodi
1652 3818 1938 3874 debiliora
1969 3819 2144 3874 nobis
2172 3819 2467 3889 videntur,
2493 3834 2669 3892 quam
2700 3822 2762 3875 ut
2791 3821 2887 3875 his
2918 3821 3066 3876 solis
3087 3824 3211 3876 tuto
3242 3838 3358 3876 nos
3381 3822 3489 3876 niti
3507 3835 3677 3892 posse
3697 3833 3795 3873 cre-

341 3910 574 3967 damus.
605 3909 775 3975 Quod
805 3924 948 3964 vero
980 3908 1053 3962 ad
1082 3909 1473 3978 posteriorem
1504 3908 1781 3977 classem,
1815 3908 1929 3964 hoc
1958 3908 2132 3963 modo
2164 3924 2291 3963 eam
2322 3909 2600 3964 duximus
2631 3909 3072 3979 instituendam,
3108 3913 3169 3965 ut
3199 3910 3497 3980 epistolas,
3531 3924 3654 3981 quae
3679 3921 3793 3978 per-

336 3998 526 4054 tinent
579 3998 652 4053 ad
708 3997 1095 4068 exponendas
1152 4011 1363 4052 sacros
1392 3997 1654 4065 codices,
1686 3996 1747 4052 in
1781 3996 1971 4052 fronte
2001 3997 2374 4067 locarentur;
2435 4000 2849 4069 sequerentur,
2911 4015 3045 4070 qua:
3099 3999 3160 4053 in
3218 3999 3393 4070 gravi
3443 4015 3515 4054 ac
3544 3995 3791 4069 religioso

338 4088 617 4161 quopiam
636 4089 952 4142 versantur
979 4088 1370 4158 argumento;
1428 4100 1497 4140 ac
1556 4085 1793 4139 demum
1839 4086 2060 4157 aliquot
2118 4086 2407 4156 epistolis,
2443 4102 2577 4157 quae
2620 4087 2691 4141 ad
2722 4089 2989 4142 neutram
3022 4089 3246 4158 partem
3270 4087 3487 4143 referri
3518 4086 3656 4141 satis
3682 4087 3788 4153 apte

341 4178 751 4250 concinneque
781 4177 1073 4249 poterant,
1102 4189 1318 4247 agmen
1348 4174 1708 4230 clauderent.

410 4267 542 4324 Jam
564 4265 909 4323 monuimus
938 4279 1056 4320 non
1087 4279 1307 4336 paucas
1339 4263 1646 4335 epistolas,
1680 4280 1815 4336 quae
1845 4264 1905 4320 in
1934 4263 2193 4336 antiquis
2236 4263 2594 4319 cditionibus
2635 4279 2754 4320 non
2803 4263 3193 4335 habebantur,
3228 4264 3290 4319 in
3329 4267 3592 4321 Romana
3619 4261 3793 4333 vulga-

337 4360 431 4414 tas
462 4372 634 4427 esse;
664 4353 851 4411 nihilo
879 4356 1074 4410 tamen
1102 4352 1300 4409 minus
1332 4356 1558 4409 certum
1587 4352 1762 4409 nobis
1785 4356 1877 4408 est
1898 4353 2079 4407 multo
2109 4353 2303 4408 adhuc
2334 4353 2538 4424 plures
2570 4352 2893 4423 interiisse,
2917 4358 3016 4407 aut
3045 4354 3251 4408 saltem
3286 4354 3347 4408 in
3379 4353 3576 4426 aliquo
3607 4352 3791 4424 ignotae

336 4446 718 4505 bibliothecas
748 4442 968 4516 angulo
999 4442 1206 4498 luctari
1241 4456 1376 4497 cum
1406 4442 1602 4497 tineis.
1640 4441 1868 4496 Etenim
1900 4444 1963 4496 ut
1989 4442 2243 4495 maxime
2274 4444 2500 4496 certum
2531 4443 2623 4495 est
2652 4456 2771 4495 non
2812 4457 2999 4510 pauca
3029 4442 3102 4495 ab
3150 4443 3503 4510 Ambrosio,
3552 4440 3621 4495 ad
3659 4438 3798 4507 Saty-

336 4550 470 4589 rum
500 4535 743 4590 fratrem
764 4533 990 4588 aliosve
1021 4530 1341 4589 nonnullos
1371 4546 1445 4585 ex
1466 4529 1853 4585 amicissimis
1883 4530 2049 4584 datas
2083 4529 2274 4591 fuisse
2306 4528 2430 4597 (lib.
2465 4529 2539 4584 de
2568 4529 2844 4584 Excessu
2875 4529 3145 4601 Satyri);
3192 4531 3270 4583 ita
3322 4530 3595 4588 similiter
3638 4543 3705 4583 ex
3729 4524 3791 4579 iis

340 4639 474 4694 qua:
503 4626 751 4693 restant,
785 4635 1155 4695 cognoscere
1187 4622 1280 4675 est
1308 4620 1457 4675 alias
1490 4619 1692 4690 plures
1722 4635 1870 4690 quas
1902 4620 1975 4673 ad
2006 4614 2403 4672 Mareellinam
2434 4633 2723 4686 sororem,
2756 4618 2829 4672 ad
2858 4618 3259 4673 Theodosium
3281 4621 3702 4689 imperatorem,
3730 4612 3787 4667 ad

340 4712 676 4784 Eugenium
703 4714 1056 4782 tyrannum;
1087 4709 1161 4765 ad
1192 4709 1487 4782 Alypium,
1521 4709 1591 4763 ad
1620 4707 2007 4764 thbadium
2038 4709 2212 4777 atque
2244 4706 2597 4776 Delphinum
2642 4707 2968 4776 scripserat
3012 4709 3258 4760 sanctus
3303 4706 3554 4776 Praesul,
3586 4701 3789 4759 deside-

218 4810 237 4823 ”
340 4802 481 4856 rari.
514 4801 638 4855 Has
669 4802 733 4855 ut
762 4815 795 4854 e
824 4799 1097 4863 tenebris
1119 4814 1488 4868 erueremus,
1522 4813 1655 4853 eum
1686 4795 1945 4878 adhibita
1976 4810 2137 4864 cura,
2162 4810 2277 4865 qua
2310 4793 2595 4864 majorem
2624 4808 2744 4849 non
2794 4794 3112 4864 potuimus,
3148 4794 3296 4847 nihil
3348 4794 3461 4848 hac
3492 4797 3647 4865 parte
3673 4804 3790 4878 prc—

342 4889 702 4944 feeissemus
729 4903 744 4955 ;
778 4888 936 4958 quod
966 4902 1147 4941 unum
1176 4886 1286 4941 fuit
1314 4885 1548 4957 reliqui,
1584 4885 1793 4940 sedulo
1822 4874 2195 4953 in‘residuis,
2227 4899 2377 4954 quas
2409 4883 2669 4937 omnium
2698 4900 2731 4936 ιι
2763 4885 2968 4937 sancto
3001 4883 3266 4937 Praesule
3302 4883 3652 4952 scriptarum
3677 4874 3787 4948 pul-

345 4977 674 5033 cherrimas
706 4989 845 5031 esse
873 4974 1246 5043 arbitramur,
1279 4974 1564 5029 ornandis
1594 4973 1994 5028 incubuimus.
2029 4972 2227 5044 Itaque
2255 4973 2473 5042 praeter
2492 4971 2590 5025 illa
2610 4987 2744 5042 quae
2769 4969 2894 5042 jam
2916 4987 3092 5041 supra
3118 4970 3578 5025 memoravimus
3596 4985 3625 5021 a
3642 4962 3788 5021 nobis

341 5066 535 5121 fuisse
566 5062 850 5135 praestita,
882 5078 1166 5134 magnum
1195 5074 1505 5117 numerum
1538 5061 2093 5132 manuscriptorum,
2127 5077 2159 5116 e
2190 5060 2407 5133 quibus
2439 5059 2706 5131 plerique
2747 5059 3219 5132 antiquissimam
3269 5059 3655 5129 Optimamque
3681 5067 3786 5107 ma-

343 5170 485 5211 num
514 5152 860 5225 praeferunt,
894 5150 966 5205 ad
997 5166 1197 5206 earum
1231 5150 1699 5206 emendationem
1731 5149 2130 5206 adhibuimus.
2154 5150 2243 5204 Ad
2265 5149 2394 5204 haec
2425 5148 2666 5219 spurias
2699 5148 2923 5219 aliquot
2971 5164 3003 5201 a
3051 5147 3298 5218 reliquis
3345 5144 3783 5220 segregavimus,

341 5244 518 5317 cujus
552 5243 658 5313 rei,
691 5256 766 5297 ne
798 5240 911 5296 hoc
941 5243 1161 5296 temere
1191 5258 1225 5295 a
1252 5241 1428 5297 nobis
1459 5240 1678 5295 factum
1712 5239 1846 5311 quis
1877 5238 2228 5308 exsistimet,
2259 5238 2408 5292 ratio
2440 5235 2723 5291 reddetur
2752 5236 2881 5301 suis
2912 5236 3090 5291 locis.
3126 5236 3392 5305 Denique
3431 5237 3494 5289 ut
3519 5248 3618 5303 pro
3656 5226 3783 5283 virili

340 5351 546 5393 eorum
577 5331 796 5405 quibus
829 5330 1000 5385 citata
1029 5346 1105 5385 ex
1136 5328 1269 5384 aliis
1300 5330 1661 5385 editicnibus
1694 5329 1754 5383 in
1784 5330 1989 5384 nostra
2019 5327 2334 5383 consulere
2365 5340 2515 5395 opus
2544 5323 2742 5394 fuerit,
2794 5325 3058 5380 laborem
3103 5324 3476 5391 relevemus;
3529 5319 3783 5391 triplicem

340 5425 674 5498 catalogum
696 5421 1025 5478 secundum
1056 5423 1180 5477 tres
1200 5420 1444 5477 ordines
1476 5419 1737 5473 omnium
1766 5418 2089 5474 editionum
2119 5416 2274 5471 inter
2299 5430 2366 5471 se
2398 5417 2770 5484 comparatos
2794 5413 3016 5484 subjici
3047 5413 3407 5478 curavimus,
3433 5412 3780 5498 quartumque

338 5493 723 5587 adjunximus
744 5511 1200 5583 alphabeticum,
1237 5523 1488 5579 quorum
1521 5523 1631 5577 ope
1662 5507 1857 5562 omnis
1882 5506 2117 5564 salebra
2150 5502 2618 5577 complanabitur
2649 5518 2715 5556 ac
2749 5502 3088 5557 difﬁcultas.
3114 5502 3228 5557 Sed
3249 5502 3414 5571 prius
3435 5493 3780 5568 chronologia

334 5603 796 5681 primae'ﬁnostrac
827 5600 1048 5658 classis
1080 5602 1173 5655 est
1206 5595 1686 5654 demonstranda.
