4090 6174
182 330 314 402 889

1111 349 1728 422 EPISTOLARUM
1756 358 1990 426 ORDO
2017 364 2124 429 ΕΤ
2149 367 2714 438 ARGUMENTA.
3136 404 3141 413 λ

203 516 3621 590 ~.____________________________________

3515 389 3637 455 890

1249 733 1552 818 ORDO
1618 739 2467 827 EPISTOLARUM

651 890 1071 952 SECUNDUM
1112 897 1542 960 TEMPORUM
1586 906 1985 971 RATIONEM
2029 911 2665 977 DISTHIBUTARUM
2708 920 3161 983 ASSERITUR.

707 1161 950 1218 PRIMA
976 1163 1304 1225 CLASSlS.

249 1275 424 1353 (Ann.
471 1280 622 1357 379.]
670 1283 865 1342 Prima
912 1290 1162 1361 epistola
1201 1297 1527 1367 respondet
1572 1300 1849 1358 Gratiano

179 1364 539 1439 imperatori,
575 1371 751 1444 cujus
796 1376 1007 1434 littera
1055 1381 1229 1436 etiam
1283 1364 1735 1454 prmmittuntur.
1786 1392 1852 1445 In

176 1454 312 1525 ipsa
343 1462 587 1513 excusat
634 1461 991 1521 Ambrosius
1042 1470 1196 1539 quod
1244 1472 1434 1529 eidem
1484 1477 1733 1548 principi
1780 1495 1854 1534 ex

180 1542 427 1601 Oriente
456 1552 766 1605 revertenti
799 1569 919 1609 non
943 1560 1290 1615 occurrerit.
1342 1542 1709 1621 Cum-autem
1756 1567 1853 1621 hic

182 1630 449 1688 Gratiani
490 1636 712 1726 reditus
778 1641 1028 1716 intelligi
1073 1650 1441 1706 commodius
1488 1670 1606 1708 non
1660 1657 1853 1726 possit

172 1734 354 1791 quam
392 1722 463 1777 de
491 1724 595 1781 illo
623 1727 777 1798 ipso,
804 1746 921 1802 quo
953 1733 1006 1787 is
1036 1738 1172 1805 post
1202 1738 1419 1794 victum
1450 1758 1483 1795 a
1513 1722 1721 1798 Gothis
1759 1749 1849 1799 at-

170 1824 289 1897 que
320 1810 381 1865 in
409 1813 707 1885 tuguriolo
729 1821 950 1891 agresti
983 1838 1045 1877 ιιι
1077 1823 1205 1879 Kal.
1228 1826 1388 1897 Sept.
1422 1845 1558 1884 ann.
1593 1833 1696 1886 378
1719 1850 1846 1887 am-

168 1895 415 1953 bustum
446 1900 750 1959 Valentem
794 1909 1088 1981 patruum,
1148 1915 1241 1968 cui
1283 1895 1591 1987 suppetias
1630 1921 1838 1992 iverat,

172 1989 448 2057 sequenti
476 2005 632 2047 anno
680 1993 742 2047 in
789 1994 1169 2054 Occidentem
1215 2018 1539 2074 regressus
1580 2012 1690 2079 est,
1726 1989 1844 2066 non

168 2073 464 2133 immerito
493 2078 634 2136 huic
663 2082 931 2153 epistolas
963 2102 1180 2143 annum
1210 2073 1314 2146 3'79
1343 2073 1737 2153 attribuimus.

234 2180 314 2235 ΙΙι
343 2198 479 2255 quae
517 2186 861 2246 Constantio
907 2208 1062 2249 novo
1103 2195 1386 2269 episcopo
1446 2204 1713 2258 muneris
1746 2207 1838 2262 sui

166 2267 392 2326 officiis
420 2273 783 2332 instituendo
812 2279 1101 2337 destinata
1131 2287 1241 2357 est,
1279 2267 1391 2356 ipsi
1426 2305 1661 2362 quoque
1693 2293 1842 2349 lmo-

164 2357 403 2415 lensem
433 2365 803 2420 commendat
832 2366 1181 2443 Ecclesiam,
1204 2376 1385 2446 utque
1415 2357 1487 2431 ab
1512 2357 1749 2436 Arianis
1769 2383 1842 2437 ab

1873 1178 1934 1240 Α.
1958 1181 2313 1259 Lugdunum
2340 1194 2684 1262 revertisse,
2714 1196 2823 1250 sed
2852 1197 2912 1251 in
2946 1197 3189 1271 XEgypti
3218 1214 3285 1255 se
3316 1202 3621 1273 recepisse

1960 1273 2333 1348 solitudines,
2369 1278 2506 1334 hinc
2536 1281 2792 1338 efficitur
2809 1286 3117 1358 utramque
3141 1288 3452 1359 epistolam
3473 1291 3628 1347 dicta

1959 1363 2188 1432 synodo
2216 1367 2475 1435 priorem
2507 1385 2664 1424 esse.

2030 1449 2202 1522 [Ann.
2236 1454 2384 1528 381.]
2415 1457 2539 1527 ΙΧι,
2565 1459 2663 1528 Χε,
2706 1461 2811 1515 XI1|
2842 1465 2898 1517 et
2927 1464 3061 1518 XII3
3091 1480 3178 1520 eaa
3210 1469 3367 1536 sunt,
3402 1467 3621 1539 quibus

1956 1539 2340 1609 Aquileiense
2371 1546 2686 1603 concilium
2717 1549 2776 1603 in
2807 1566 2988 1606 causa
3010 1553 3256 1608 Palladii
3294 1571 3364 1610 ac
3394 1557 3624 1612 Secun-

1955 1627 2113 1683 diani
2163 1630 2427 1687 habitum
2480 1637 2856 1693 occasionem
2905 1639 3081 1695 dedit.
3133 1631 3271 1698 Illas
3322 1659 3438 1699 una
3491 1661 3625 1702 cum

1953 1716 2102 1771 actis
2151 1717 2424 1789 ejusdem
2455 1724 2693 1778 concilii
2724 1725 2876 1780 hanc
2909 1727 2970 1781 in
3000 1729 3315 1785 editionem
3362 1748 3480 1787 non
3519 1749 3625 1789 so-

1950 1804 2072 1859 lum
2103 1806 2234 1863 ideo
2263 1810 2619 1881 recepimus,
2645 1813 2779 1883 quia
2811 1814 2872 1868 in
2903 1816 3166 1871 Romana
3194 1818 3427 1875 fuerant
3454 1821 3626 1878 evul-

1952 1897 2125 1965 gatae,
2168 1899 2225 1950 et
2263 1898 2417 1953 inter
2445 1899 2842 1957 Ambrosiana
2890 1919 3072 1975 Opera
3100 1906 3163 1961 in
3192 1910 3628 1981 manuscriptis

1951 1983 2309 2052 quibusdam
2374 1989 2787 2060 reperiuntur;
2839 1992 2949 2047 sed
2998 1993 3181 2049 multo
3225 1999 3419 2069 magis
3468 2000 3626 2071 quod

1954 2071 2234 2128 Patribus
2266 2075 2754 2146 Aquileiensibus
2794 2082 2851 2134 et
2880 2080 3102 2152 linguae
3132 2083 3192 2136 in
3244 2084 3622 2156 disputando,

1950 2162 2009 2215 et
2038 2176 2245 2216 manus
2275 2162 2336 2217 in
2368 2165 2688 2221 scribendo
2720 2167 2983 2222 ofﬁcium
3012 2172 3372 2239 praestitisse
3402 2189 3619 2229 nosca-

1950 2250 2046 2302 tur
2073 2253 2317 2306 sanctus
2338 2253 2580 2322 praesul.
2614 2255 2744 2309 Jam
2761 2271 2904 2311 vero
2933 2260 3166 2328 tempus
3193 2260 3430 2316 concilii
3463 2263 3620 2318 claro

1952 2336 2264 2408 deﬁnitur,
2299 2356 2431 2395 cum
2471 2340 2742 2413 ejusdem
2774 2346 2902 2398 acta
2931 2344 3167 2417 Syagrii
3194 2350 3368 2420 atque
3393 2349 3624 2406 Euche-

164 2446 365 2518 Illyria
394 2452 773 2508 venientibus
826 2462 1048 2526 caveat,
1102 2425 1319 2518 monet.
1377 2464 1544 2529 Quod
1601 2470 1840 2539 quidem
1871 2430 1925 2491 Β
1952 2441 2216 2539 3'
2250 2444 2588 2539 ῨῩΠῘῬΫῌἪ
2628 2430 2826 2539 figi“?
2851 2433 3190 2539 erant’
3223 2452 3473 2539 311°"fo
3496 2455 3630 2538 9on-

164 2551 305 2592 cum
346 2538 420 2593 de
451 2536 898 2600 incursionibus
928 2545 1271 2623 Gothorum,
1303 2536 1843 2630 exstincto,_utjam

161 2624 390 2714 dictum
429 2631 541 2699 est,
576 2629 838 2699 Valente,
872 2636 1213 2704 provincias
1263 2640 1396 2695 illas
1435 2624 1844 2714 p0pulantium

162 2711 556 2788 intelligatur,
578 2717 853 2791 {cumque
893 2722 1120 2778 dierum
1149 2711 1549 2799 ingruentium
1578 2732 1843 2797 Quadra—

157 2802 418 2873 gesimaa
447 2805 804 2862 mentionem
826 2808 1020 2881 faciat,
1041 2812 1181 2868 hinc
1213 2817 1551 2890 colligimus
1574 2823 1841 2878 eamdem

155 2891 479 3031 :pistolam
519 2894 632 2949 sub
679 2895 1205 2972 Quadragesimam
1243 2905 1380 2959 anni
1421 2907 1526 2962 379
1556 2910 1839 2981 scriptam

182 2980 381 3031 uisse.

182 2995 358 3034 [11586
365 3021 381 3035 .

217 3103 410 3177 [Ann.
448 3106 598 3181 380.]
639 3108 743 3164 III3
771 3114 829 3165 et
874 3112 979 3166 IV‘
1017 3112 1198 3170 Felici
1237 3116 1663 3177 inscribuntur.
1701 3123 1822 3177 Ha-

154 3209 284 3248 rum
318 3197 556 3250 mtatem
576 3197 712 3252 inde
743 3199 1016 3273 colligas,
1037 3204 1194 3274 quod
1211 3208 1527 3278 posterior,
1563 3211 1828 3281 cuiprio-

152 3297 280 3338 rem
320 3299 447 3338 non
463 3284 663 3341 multis
682 3286 897 3343 diebus
915 3291 1290 3359 praemissam
1312 3299 1561 3366 constat,
1587 3300 1831 3355 Comen-

152 3386 283 3427 sem
304 3371 479 3427 illum
506 3373 854 3446 episcopum
891 3376 1097 3434 invitet
1125 3381 1199 3435 ad
1223 3382 1653 3441 dedicationem
1674 3387 1834 3443 basi-

152 3459 284 3517 lica
331 3477 371 3515 a
421 3461 712 3519 Bassiano
755 3464 1053 3522 Laudensi
1104 3471 1387 3542 episcopo
1436 3478 1831 3548 constructa),

154 3550 336 3621 cujus
371 3552 879 3608 consecrationem
910 3570 1063 3611 anno
1092 3558 1198 3612 380
1247 3559 1461 3615 factam
1490 3562 1681 3620 fuisse
1711 3569 1833 3620 tra-

150 3636 233 3693 dit
280 3638 583 3711 Ughellus
631 3643 791 3696 tomo
824 3642 871 3696 II
903 3643 1036 3700 Ital.
1072 3662 1280 3703 sacrm.
1321 3649 1383 3704 Si
1414 3666 1592 3721 porro
1622 3653 1833 3710 isthzec

149 3728 385 3797 epocha
422 3727 681 3800 legitima
712 3730 810 3800 sit,
859 3733 970 3787 erit
1016 3736 1189 3790 etiam
1220 3736 1622 3807 adjiciendum
1675 3742 1830 3797 hanc

150 3814 346 3885 ipsam
380 3816 688 3887 epistolam
710 3820 901 3889 pridie
924 3821 1052 3876 Kal.
1078 3823 1369 3881 Novemb.
1390 3828 1582 3883 datam
1596 3831 1786 3886 fuisse
1814 3848 1828 3902 ;

149 3905 374 3976 quippe
402 3921 537 3977 quae
569 3908 840 3962 eumdem
867 3909 1023 3965 diem
1052 3917 1250 3983 aperte
1280 3917 1509 3985 prodat.

212 4010 312 4081 να,
344 4012 450 4065 για
480 4012 732 4085 Syagrio
751 4014 1084 4072 Veronensi
1103 4021 1385 4091 episcopo
1406 4024 1646 4095 scripta
1666 4006 1827 4082 sunt.

150 4098 258 4154 His
290 4100 655 4156 Ambrosius
684 4101 769 4156 illi
809 4105 1037 4160 nuntiat
1060 4106 1352 4177 judicium
1400 4110 1475 4165 ab
1527 4128 1596 4167 eo
1628 4117 1833 4170 contra

151 4187 438 4243 lndiciam
468 4188 761 4261 virginem
779 4192 980 4263 latum,
1013 4211 1047 4249 a
1069 4211 1136 4250 se
1166 4196 1226 4250 in
1249 4197 1667 4268 episcoporum
1685 4219 1830 4259 con-

146 4282 328 4333 ventu
361 4278 696 4332 rescissum
716 4294 875 4335 csse.
900 4281 1182 4346 Quamvis
1209 4288 1403 4340 autem
1425 4288 1525 4358 qui
1548 4290 1749 4345 volunt
1772 4292 1831 4346 id

148 4366 484 4438 contigisse
514 4382 669 4423 anno
693 4367 800 4423 380
816 4371 1036 4425 nullam
1055 4372 1351 4439 opinionis
1383 4391 1511 4432 suae
1534 4380 1825 4434 rationem

149 4455 402 4510 reddant
431 4471 443 4510 :
479 4456 654 4511 nobis
694 4460 888 4514 tamen
921 4475 1025 4514 cur
1058 4460 1131 4515 ab
1180 4462 1269 4515 eis
1302 4479 1421 4518 non
1455 4467 1826 4539 recedamus,

146 4557 349 4600 causa;
381 4559 501 4600 non
550 4545 785 4601 desunt.
830 4548 980 4603 Nam
1031 4550 1221 4619 primo
1253 4551 1384 4606 loco
1418 4555 1566 4610 satis
1599 4556 1828 4612 clarum

147 4636 237 4686 est
275 4633 415 4703 ipso
454 4634 836 4704 episcopatus
886 4635 1158 4706 ejusdem
1207 4637 1443 4712 Syagrii
1474 4642 1639 4698 initio
1696 4645 1826 4700 haec

146 4718 299 4775 facta
323 4737 486 4792 esse,
514 4738 645 4777 cum
671 4724 891 4778 Indicia
924 4742 1057 4796 quaa
1091 4727 1164 4781 ab
1204 4727 1339 4799 ejus
1372 4730 1695 4788 decessore
1717 4734 1828 4789 Ze-

146 4824 300 4865 none
332 4812 469 4865 ante
498 4812 717 4867 multos
748 4829 938 4867 annos
978 4816 1175 4869 velum
1197 4822 1529 4889 acceperat,
1561 4820 1827 4877 criminis

141 4903 552 4969 accusaretur,
593 4902 969 4971 potissimum
1007 4903 1066 4958 in
1108 4903 1383 4975 juniores
1428 4923 1639 4977 annos,
1691 4911 1821 4964 ani-

140 5003 426 5058 mumque
454 4988 651 5043 minus
696 4993 987 5045 maturum
1026 4992 1317 5064 quadrare
1348 4995 1510 5051 soliti
1545 5014 1556 5051 :
1601 4998 1814 5054 deinde

143 5074 397 5130 Nicetus
427 5076 546 5144 ille,
581 5076 757 5149 cujus
786 5080 1006 5134 mentio
1048 5081 1109 5135 fit
1138 5082 1199 5136 in
1231 5082 1341 5138 hac
1372 5084 1643 5154 epistola,
1665 5087 1820 5142 idem

142 5178 283 5218 esse
317 5165 689 5221 existimatur
733 5170 908 5238 atque
950 5168 1001 5222 is
1053 5169 1327 5241 Nicetus,
1378 5189 1557 5244 quem
1602 5175 1701 5229 lex
1754 5176 1814 5231 11

148 5276 167 5295 ι·
206 5253 299 5306 Ne
333 5256 603 5308 sanctum
634 5253 948 5326 baptisma,
987 5278 1008 5305 η
1044 5260 1179 5329 etc.,
1212 5276 1366 5316 anno
1396 5261 1502 5317 3'79
1519 5264 1670 5334 data,
1693 5280 1818 5320 me-

144 5344 360 5397 morat.
624 5350 629 5351 ί

212 5465 349 5521 V'II'
371 5470 429 5523 et
466 5467 617 5523 ἮΙΙ³
647 5469 818 5524 Justo
866 5472 1018 5526 inter
1049 5472 1485 5545 Lugdunenses
1524 5478 1816 5547 praesules

143 5556 320 5611 tertio
351 5556 579 5613 decimo
610 5558 814 5613 missa:
834 5561 1170 5615 creduntur.
1198 5562 1398 5633 Itaque
1430 5567 1641 5620 cumis
1682 5570 1817 5637 post

141 5644 463 5700 concilium
504 5646 905 5717 Aquileiense,
951 5649 1043 5703 cui
1084 5649 1261 5704 simul
1311 5667 1442 5706 cum
1494 5654 1814 5710 Ambrosio

140 5745 298 5790 anno
351 5733 451 5792 384
508 5734 882 5808 interfuerat,
927 5737 1155 5795 dicatur
1200 5755 1501 5816 nunquam
1530 5742 1814 5820 deinceps

1865 3691 1915 3753 C

1951 2514 2205 2570 sulatum
2258 2517 2320 2572 in
2366 2535 2583 2574 annum
2649 2518 2748 2578 381
2810 2520 3097 2579 incidisse
3153 2528 3318 2581 extra
3375 2527 3620 2583 dubium

1950 2604 2059 2657 est.

2018 2710 2287 2767 Attamen
2326 2714 2465 2785 quid
2501 2715 2788 2771 faciemus
2818 2717 3132 2773 PxFranc.
3164 2719 3479 2793 Chifﬂetio,
3515 2724 3617 2795 qui

1948 2799 2150 2853 eadem
2183 2802 2326 2855 Acta
2356 2803 2684 2858 adulterina
2713 2820 2873 2875 esse,
2908 2808 2969 2860 et
2996 2822 3029 2860 a
3059 2808 3279 2880 Vigilio
3330 2810 3625 2881 Tapsensi

1946 2887 2048 2958 qui
2083 2892 2348 2944 vertente
2397 2892 2600 2962 quinto
2631 2893 2853 2948 saeculo
2887 2896 3277 2966 scriptitabat,
3340 2899 3623 2956 fabricata

1949 2978 2276 3047 contendit;
2324 2995 2513 3051 eoque
2560 2998 2678 3036 non
2708 2982 2903 3038 solum
2949 2984 3049 3038 illa
3078 2986 3172 3040 edi
3213 2988 3444 3042 curavit
3474 2989 3627 3045 inter

1946 3063 2207 3136 legitima
2240 3068 2441 3139 Vigilii
2480 3084 2678 3139 opera,
2713 3071 2822 3126 sed
2873 3075 2930 3127 et
2953 3072 3248 3143 judicium
3278 3091 3452 3131 suum
3481 3094 3625 3148 pro-

1944 3155 2071 3224 pria
2103 3156 2519 3212 dissertatione
2559 3158 2860 3215 defendit?
2897 3160 3026 3217 Nos
3057 3178 3221 3232 vero,
3256 3167 3319 3218 ut
3341 3170 3621 3236 appareat

1947 3259 2053 3297 cur
2090 3245 2367 3299 assentiri
2399 3246 2589 3301 eidem
2620 3263 2738 3302 non
2770 3250 3157 3319 potuerim-us,
3190 3253 3495 3323 praecipua
3530 3255 3623 3325 ip-

1946 3331 2075 3386 sius
2107 3332 2514 3405 dispiciemus,
2574 3352 2748 3407 quam
2780 3337 3142 3395 brevissime
3191 3340 3368 3397 nobis
3400 3341 3622 3414 licebit,

1946 3425 2292 3493 argumenta
2307 3463 2322 3477 .

2016 3527 2229 3584 Narrat
2261 3529 2442 3601 igitur
2471 3531 2751 3605 Vigilium
2771 3533 2843 3587 ad
2865 3535 3305 3605 procudendam
3328 3538 3624 3608 synodum

1944 3616 2104 3671 illam
2134 3633 2201 3672 ea
2236 3634 2298 3673 re
2328 3619 2589 3689 ductum,
2611 3621 2767 3692 quod
2793 3623 3068 3691 Arianos,
3092 3640 3246 3695 quos
3268 3625 3620 3699 impugnare

1944 3705 2221 3775 professo
2241 3723 2373 3761 nom
2386 3709 2477 3761 ine
2492 3709 2829 3780 neutiquam
2844 3711 3113 3781 audebat,
3137 3712 3370 3768 facilius
3390 3715 3624 3786 objecta

1946 3794 2181 3848 concilii
2212 3797 2556 3851 auctoritate
2585 3798 2972 3854 arbitraretur
3009 3816 3149 3856 esse
3190 3803 3610 3860 confutandos.

1943 3882 2089 3937 Illud
2103 3887 2299 3939 autem
2316 3884 2452 3940 inde
2475 3887 2801 3956 conﬁrmat,
2819 3890 2977 3960 quod
2998 3890 3147 3945 alios
3166 3906 3401 3965 quoque
3421 3892 3578 3949 libro
3594 3910 3625 3949 s

1943 3970 2051 4024 abs
2084 3986 2151 4025 se
2183 3974 2548 4043 compositos
2575 3975 2896 4031 Athanasio
2920 3980 3093 4048 atque
3125 3980 3442 4035 Ambrosio
3467 3998 3614 4053 sup-
3642 3982 3655 3989 ’

1940 4060 2382 4129 posueritidem
2404 4063 2682 4135 Vigilius.
2709 4065 2929 4121 Verum
2948 4070 3011 4121 ut
3041 4068 3295 4123 maxime
3327 4073 3486 4124 certa
3518 4087 3620 4126 es-

1941 4151 2033 4203 set
2047 4148 2375 4205 ultimaista
2398 4153 2750 4223 suppositio,
2771 4154 3087 4224 plurimum
3111 4156 3265 4211 inter
3278 4174 3345 4213 se
3376 4158 3476 4212 illa
3498 4159 3616 4214 dif-

1942 4236 2158 4307 ferunt,
2202 4239 2401 4293 libello
2453 4241 2705 4311 cuipiam
2753 4258 2971 4298 recens
3020 4244 3365 4301 elucubrato
3396 4249 3617 4303 veteris

1940 4327 2201 4380 auctoris
2220 4343 2433 4383 nomen
2453 4329 2819 4400 adscribere,
2845 4335 2901 4386 et
2922 4348 3029 4403 pro
3047 4348 3190 4389 vero
3214 4334 3487 4404 concilio,
3510 4351 3616 4390 cu-
3682 4370 3685 4373 »

1932 4413 2038 4485 jus
2058 4416 2201 4470 Acta
2216 4416 2341 4488 jam
2364 4418 2596 4488 pridem
2618 4419 2679 4473 in
2704 4420 2921 4492 vulgus
2943 4421 3217 4491 exierint,
3246 4425 3302 4477 et
3319 4422 3610 4477 ecclesia-

1938 4520 2069 4558 rum
2098 4506 2586 4578 eruditorumque
2632 4508 2878 4563 scriniis
2927 4513 3376 4579 conserventur,
3402 4509 3619 4566 falsum

1939 4593 2322 4649 substituere.
2359 4595 2620 4650 Primum
2640 4596 2780 4651 illud
2806 4612 2922 4651 non
2947 4598 3023 4650 ita
3059 4597 3328 4651 insolens
3355 4601 3466 4667 est,
3500 4614 3609 4654 nec

1937 4684 2051 4735 tam
2076 4682 2246 4737 facile
2271 4684 2750 4753 deprehenditur,
2767 4685 3020 4738 maxime
3046 4684 3321 4740 siauctor
3337 4687 3436 4756 qui
3457 4702 3621 4756 pere-

1935 4771 2108 4841 grino
2138 4787 2321 4842 prope
2342 4772 2665 4826 inauditum
2684 4775 2793 4840 est,
2818 4788 2928 4827 nec
2951 4773 3135 4827 ferme
3154 4773 3268 4827 nisi
3287 4774 3360 4829 ab
3377 4780 3606 4832 amente

1936 4858 2172 4914 homine
2219 4861 2429 4914 tentari
2461 4864 2653 4931 queat.
2696 4860 2840 4925 Quis
2892 4861 3075 4933 igitur
3102 4862 3221 4916 sibi
3257 4866 3614 4933 persuadeat

1851 4950 1905 5010 D
1934 4948 2253 5017 praesulem
2279 4949 2592 5017 eruditum,
2619 4948 2832 5004 famam
2857 4950 3155 5021 propriam
3196 4954 3371 5023 atque
3403 4953 3614 5009 Eccle-

1937 5036 2044 5090 siae
2077 5036 2385 5091 catholica
2416 5052 2660 5092 causam
2693 5039 3044 5094 Arianorum
3076 5040 3317 5110 probris
3348 5057 3417 5096 ac
3450 5042 3610 5098 ludi-

1935 5125 2084 5179 briis
2107 5142 2297 5196 usque
2337 5126 2485 5180 adeo
2514 5127 2939 5196 prostituisse?
2970 5128 3119 5183 Nam
3151 5145 3284 5184 cum
3321 5130 3478 5186 idem
3508 5132 3608 5187 ille

1932 5213 2226 5286 integrum
2259 5215 2571 5269 concilium
2605 5232 2793 5287 penes
2827 5232 2894 5272 se
2928 5216 3196 5286 haberet,
3231 5218 3409 5289 cujus
3436 5222 3610 5275 etiam

1931 5303 2238 5373 epocham,
2264 5303 2763 5375 subscriptiones,
2816 5306 2955 5361 licet
3012 5307 3227 5361 alicubi
3274 5310 3604 5378 corruptas,

1930 5407 2039 5446 nec
2061 5406 2179 5446 non
2210 5392 2581 5461 synodalium
2607 5394 2990 5464 epistolarum
3013 5398 3238 5465 partem
3269 5394 3599 5459 retinuerit,

1927 5483 1990 5534 ut
2008 5480 2218 5534 scribit
2254 5481 2506 5551 ipsemet
2540 5481 2909 5554 Chifﬂetius;
2944 5500 3059 5556 quo
3091 5487 3261 5554 pacto
3306 5483 3421 5537 sibi
3474 5485 3604 5534 tan-

1928 5571 2050 5623 tum
2082 5569 2308 5624 adulari
2338 5571 2545 5641 potuit,
2587 5575 2651 5626 ut
2680 5573 2948 5628 crederet
2977 5572 3129 5627 hanc
3163 5572 3426 5626 eamdem
3458 5585 3603 5639 syn-

1929 5658 2103 5712 odum
2136 5659 2290 5729 apud
2336 5660 2561 5714 nullum
2593 5661 2770 5716 alium
2801 5677 2991 5731 neque
3024 5660 3083 5714 in
3126 5658 3325 5713 Africa
3351 5699 3365 5727 ,
3409 5672 3604 5727 neque

1925 5746 1987 5804 in
2014 5745 2221 5817 Gallia,
2266 5763 2458 5821 neque
2507 5748 2566 5804 in
2614 5748 2774 5803 Italia
2823 5749 2953 5820 ipsa
3012 5761 3265 5819 usquam
3314 5744 3603 5819 servari?
