4090 6174
545 340 662 406 891

1982 340 2049 402 S.
2082 338 2516 403 AMBROSII.
3808 339 3895 403 892

547 543 698 610 Quin
727 545 842 599 imo
873 561 1052 615 quare
1086 562 1226 599 vera
1259 545 1354 599 illa
1392 546 1766 600 monumenta
1798 561 1914 599 non
1946 545 2074 615 ipse
2107 543 2228 598 vul-
2249 525 2305 591 Ᾱ
2343 543 2708 598 Relationem
2754 543 2962 598 obtulit
2993 559 3180 598 suam.
3217 543 3364 597 Huic
3393 541 3488 597 ubi
3513 542 3735 612 primum
3760 543 3898 610 licuit,

549 635 728 704 gavit,
764 634 1050 704 majorem
1073 635 1224 688 haud
1253 635 1426 688 dubie
1451 635 1744 688 adversus
1770 634 2085 688 haereticos
2109 634 2231 686 vim

550 722 842 791 habitura,
895 739 1068 792 quam
1121 723 1562 777 commentitia‘?
1601 724 1771 776 I-Iunc
1813 723 1960 776 adde
1990 721 2135 775 nihil
2168 721 2226 774 in

550 812 767 864 iisdem
798 813 962 864 Actis
1025 828 1376 879 occurrere,
1441 811 1598 880 quod
1637 828 1754 864 non
1789 812 2138 881 argumento
2171 811 2228 863 et

549 900 826 968 personis
850 917 921 952 ex
963 905 1222 970 tempore
1257 917 1324 952 ac
1360 900 1554 953 subito
1587 901 1836 970 quodam
1872 899 2065 952 calore
2099 899 2225 952 dis-

549 989 893 1057 putantibus
925 991 1056 1058 apte
1090 993 1396 1059 congruat.

624 1078 805 1130 Instat
836 1080 1029 1130 tamen
1060 1077 1254 1130 adhuc
1287 1076 1640 1144 Chifﬂetius,
1677 1079 1734 1130 et
1779 1075 1931 1146 quod
1969 1074 2226 1128 Valeria-

556 1181 670 1219 nus
703 1165 821 1218 illic
857 1160 1171 1219 Ambrosio
1213 1169 1414 1219 contra
1445 1166 1628 1219 decus
1652 1181 1720 1218 ac
1745 1165 1909 1218 sedis
1940 1163 2224 1218 Mediola—

552 1254 760 1308 nensis
813 1254 1156 1324 dignitatem
1216 1269 1452 1324 semper
1499 1257 1909 1322 praeponatur,
1964 1268 2074 1306 nec
2107 1267 2224 1305 non

555 1342 840 1396 Anemius
872 1343 1083 1412 Illyrici
1108 1343 1416 1412 primatum
1441 1343 1555 1397 sibi
1579 1341 1933 1396 vindicando
1957 1357 2028 1394 ex
2053 1356 2223 1411 aequo

558 1433 761 1484 contra
794 1431 1142 1484 modestiam
1191 1449 1258 1484 ac
1308 1433 1611 1485 veritatem
1641 1433 1864 1500 peccet,
1898 1429 2242 1498 reprehen-.

559 1519 658 1571 dit.
698 1518 874 1588 Atqui
920 1519 971 1570 si
1005 1535 1142 1572 vera
1183 1520 1418 1573 concilii
1459 1521 1621 1587 Acta,
1658 1523 1718 1572 ut
1747 1519 2078 1572 Chifﬂetius
2111 1519 2224 1570 tra-

554 1607 654 1674 dit,
692 1606 894 1660 habuit
924 1608 1198 1678 Vigilius,
1232 1625 1337 1662 cur
1367 1609 1427 1662 in
1451 1609 1538 1662 eis
1570 1608 1666 1660 illa
1687 1608 2061 1676 potissimum
2094 1623 2224 1660 mu-

553 1697 668 1748 tata
699 1695 904 1763 voluit,
943 1696 1094 1750 unde
1127 1698 1366 1750 minimo
1408 1697 1644 1766 negotio
1690 1695 1853 1749 fraus
1885 1695 2018 1764 ejus
2051 1698 2225 1764 atque

555 1783 877 1852 impostura
909 1784 1330 1854 detegeretur?
1377 1785 1492 1838 Sed
1534 1784 1675 1837 nihil
1710 1784 1864 1851 istic,
1899 1783 2056 1854 quod
2097 1797 2224 1836 me-

553 1872 665 1926 rito
723 1872 1226 1941 reprehendatur,
1276 1873 1602 1926 admissum
1653 1888 1789 1926 esse
1839 1889 1873 1925 a
1913 1872 2086 1926 nobis
2119 1871 2224 1924 de-

555 1960 1258 2030 monstrabiturpropriis
1281 1961 1452 2014 locis.

628 2048 758 2102 Alia
788 2050 1068 2102 nonnulla
1103 2049 1307 2120 objicit
1332 2050 1480 2102 idem
1501 2053 1724 2118 auctor,
1760 2050 1834 2102 iis
1866 2066 1998 2118 quce
2029 2048 2228 2102 retuli-

557 2152 690 2190 mus
721 2137 914 2190 adhuc
943 2137 1248 2206 debiliora,
1285 2142 1338 2191 et
1387 2155 1634 2207 quorum
1679 2139 1870 2206 aliqua
1907 2153 2022 2190 non
2053 2137 2226 2190 modo

558 2226 617 2278 in
649 2241 772 2279 rem
805 2225 937 2294 ejus
969 2227 1112 2280 nihil
1160 2227 1393 2295 faciant,
1441 2227 1547 2279 sed
1596 2229 1649 2280 et
1682 2228 1740 2279 in
1770 2227 1962 2294 ipsum
1997 2227 2230 2294 possint

559 2313 891 2384 retorqueri
924 2315 1149 2385 majore
1181 2315 1318 2368 ictu.
1355 2319 1721 2384 Quapropter
1743 2330 1858 2367 non
1892 2314 2228 2368 dubitamus

558 2417 840 2473 germana
871 2418 1008 2456 esse
1045 2403 1173 2457 haec
1205 2404 1407 2457 eadem
1431 2407 1576 2469 acta,
1602 2403 1864 2472 illudque
1887 2419 2068 2474 unum
2091 2418 2230 2456 exo-

559 2494 880 2560 ptaremus,
925 2507 1134 2560 nempe
1183 2495 1243 2544 ut
1293 2493 1522 2562 integra
1559 2492 1631 2544 ad
1680 2494 1942 2545 nostram
2001 2495 2230 2544 aetatem

561 2579 690 2647 ipsa
723 2579 1158 2647 pervenissent.
1195 2580 1341 2632 Nam
1374 2581 1527 2648 quod
1562 2579 1894 2632 Ghittletius
1929 2595 2031 2648 pro
2067 2595 2230 2632 com-

560 2665 854 2734 plemento
886 2666 1068 2736 hujus
1099 2667 1296 2736 cperis
1346 2668 1609 2721 libellum
1661 2687 1681 2717 ‹
1735 2667 1806 2720 de
1850 2667 1984 2720 Filii
2015 2667 2228 2719 divini-

560 2756 674 2806 tate
709 2776 730 2800 »
769 2755 1082 2808 obtrudere
1131 2755 1306 2808 nobis
1347 2757 1548 2822 voluit,
1601 2756 1657 2808 id
1707 2755 1780 2808 ab
1815 2755 1969 2808 omni
2031 2755 2231 2824 specie

561 2842 828 2895 veritatis
879 2859 989 2896 suo
1039 2843 1170 2897 loco
1219 2847 1331 2896 tam
1383 2844 1705 2896 abhorrere
1755 2843 2228 2912 declarabimus,

561 2946 738 3001 quam
768 2931 925 3001 quod
961 2932 1232 2988 maxime.

633 3018 806 3090 [Ann.
839 3020 935 3073 381
978 3025 1034 3074 et
1069 3019 1212 3092 382.]
1249 3021 1409 3074 XIII“
1457 3024 1513 3074 ct
1554 3021 1711 3074 XIV“
1749 3019 2036 3090 epistolae,
2081 3036 2230 3090 quas

561 3123 669 3162 cur
716 3109 1130 3163 Ambrosianis
1173 3109 1649 3177 adjunxerimus,
1683 3109 1802 3162 illic
1841 3125 1874 3160 a
1914 3108 2086 3162 nobis
2118 3124 2226 3161 cx-

562 3197 898 3266 plicabitur,
925 3199 1160 3251 nomine
1182 3198 1458 3252 Italorum
1482 3198 1898 3267 episcoporum
1931 3198 2231 3266 inscriptae

565 3289 720 3340 sunt.
760 3287 950 3340 Prima
981 3291 1254 3341 versatur
1283 3292 1400 3341 tam
1431 3288 1490 3340 in
1521 3303 1698 3340 causa
1732 3286 2074 3340 schismatis
2109 3288 2232 3340 Λη-
2265 3256 2316 3320 C

563 3374 842 3442 tiocheni,
885 3391 1060 3444 quam
1093 3376 1526 3430 ordinationum
1561 3374 1797 3427 Maximi
1827 3375 2031 3444 Cynici
2060 3378 2233 3444 atque

563 3461 824 3516 Nectarii
858 3479 870 3519 :
913 3479 1163 3529 quorum
1198 3465 1437 3518 ultimus
1477 3463 1550 3517 ad
1581 3464 1786 3517 sedem
1815 3462 2234 3518 Constantino-

563 3550 880 3621 politanam
929 3553 989 3606 in
1038 3555 1266 3622 synodo
1316 3552 1638 3607 universali
1681 3568 1834 3606 anno
1865 3555 2086 3606 tantum
2131 3552 2230 3606 381

565 3655 768 3693 mense
801 3641 1008 3695 Martio
1039 3641 1160 3696 illic
1194 3643 1412 3710 habita,
1447 3642 1540 3696 vel
1575 3645 1636 3696 ut
1675 3641 1878 3695 volunt
1928 3641 2044 3708 alii,
2078 3656 2232 3695 anno

563 3727 666 3781 382
689 3744 902 3782 rursus
934 3735 1156 3798 coacta,
1192 3731 1296 3785 fuit
1331 3732 1619 3784 adscitus.
1649 3731 1848 3800 Itaque
1879 3731 1933 3784 si
1967 3729 2062 3783 cui
2090 3729 2236 3783 allu-

564 3815 758 3869 buerit
787 3817 970 3885 prima
1020 3821 1329 3889 sententia,
1365 3821 1682 3890 quominus
1715 3818 1982 3872 eamdem
2005 3819 2236 3888 episto-

564 3901 680 3956 lam
711 3903 770 3956 in
802 3906 1054 3960 concilio
1084 3907 1454 3978 Aquileiensi
1488 3907 1768 3976 scriptam
1789 3910 2046 3975 censeat,
2091 3905 2235 3960 nihil

567 3991 802 4044 vetabit.
837 3995 1002 4056 Quod
1034 4011 1176 4049 vero
1235 3997 1305 4050 ad
1355 3996 1664 4066 epistolam
1715 3995 1869 4064 XIV,
1919 4012 2050 4048 cum
2078 3995 2137 4048 in
2168 4010 2236 4049 ea

566 4078 902 4134 Theodosio
934 4087 1175 4153 propter
1206 4085 1396 4138 datam
1439 4085 1730 4154 superiori
1784 4084 2236 4153 responsionem

565 4172 816 4238 agantur
848 4173 1072 4240 gratiae,
1109 4173 1294 4242 ipsam
1327 4190 1358 4226 a
1393 4174 1642 4227 concilio
1683 4176 1813 4226 ante
1855 4189 2071 4226 annum
2130 4173 2234 4226 382

567 4264 892 4312 convocato
924 4277 1041 4314 non
1092 4261 1280 4316 fuisse
1332 4263 1656 4331 profectam
1704 4261 2079 4316 manifestum
2120 4265 2231 4316 est.

637 4345 811 4420 [Ann.
855 4349 1004 4420 383.]
1054 4351 1185 4404 XV“
1235 4354 1290 4404 et
1325 4351 1504 4418 XVI“,
1547 4351 1606 4404 in
1656 4351 1874 4422 quibus
1918 4351 1988 4404 de
2045 4354 2232 4405 morte

568 4440 757 4492 sancti
789 4438 1078 4509 Ascholii,
1115 4441 1304 4510 deque
1355 4440 1566 4510 Anysii
1614 4439 1672 4492 in
1720 4441 1923 4494 sedem
1963 4439 2096 4508 ejus
2127 4456 2234 4493 su-

564 4526 914 4599 brogatione
946 4530 1161 4601 agitur,
1192 4546 1310 4584 non
1342 4530 1584 4583 alterius
1608 4529 1743 4582 anni
1765 4543 1940 4598 quam
1963 4528 2066 4580 383
2097 4544 2234 4582 esse

2339 635 2644 703 respondit
2681 633 3056 700 Ambrosius,
3093 634 3364 686 nimirum
3398 633 3518 700 ipso
3535 647 3670 684 anno
3697 629 3800 698 384,
3820 647 3902 701 quo

2338 727 2393 775 et
2425 721 2550 791 ipse
2582 738 2614 774 a
2646 721 2832 791 prima
2883 738 2988 774 sua
3025 723 3095 774 ad
3141 721 3446 774 Maximum
3483 723 3756 788 tyrannum
3781 719 3904 790 lega-

2335 812 2494 864 tione
2535 809 2592 864 in
2627 811 2844 864 Italiam
2881 811 3068 876 rediit,
3106 813 3158 862 et
3212 808 3583 878 Symmachus
3613 807 3768 860 Urbis
3793 823 3906 876 prae-

2339 898 2622 952 fecturam
2644 898 3109 952 administrabat.
3146 899 3429 950 Craterum
3453 895 3508 947 in
3527 895 3630 948 hoc
3657 896 3905 948 certamine
3953 923 3955 926 ι

2339 991 2537 1042 orator
2567 989 2852 1057 profanus
2877 987 3200 1040 christiano
3232 1001 3417 1055 usque
3441 982 3800 1038 adeoinferior
3815 983 3906 1050 fuit,

2339 1079 2401 1130 ut
2431 1093 2541 1131 nec
2572 1093 2690 1130 arm
2716 1076 2992 1130 Victoriae
3019 1117 3031 1143 ,
3075 1091 3185 1128 nec
3225 1074 3464 1127 aliarum
3512 1071 3909 1125 caeremoniarum

2341 1166 2768 1220 restitutionem
2803 1165 3110 1218 obtineret.
3148 1164 3315 1218 Unde
3339 1161 3488 1216 haud
3517 1159 3730 1230 illepide
3753 1159 3908 1212 cecinit

2339 1256 2410 1308 dc
2442 1255 2553 1308 hoc
2585 1257 2797 1308 eventu
2829 1253 3135 1306 Ennodius
3174 1269 3186 1306 :

2587 1360 2804 1408 Dicendi
2829 1360 3050 1420 palmam
3084 1359 3316 1406 Victoria
3342 1357 3472 1405 tollit
3495 1357 3650 1405 amico
3681 1373 3690 1420 ς

2649 1418 2861 1471 Transit
2892 1423 2954 1469 ad
2985 1421 3344 1477 Ambrosium,
3383 1420 3500 1482 plus
3531 1422 3658 1466 favet
3678 1419 3745 1466 ira
3768 1418 3870 1464 Dea).

2409 1519 2541 1592 [Au.
2575 1517 2720 1592 385].
2745 1521 2904 1573 XIXa
2918 1519 3135 1590 Vigilio
3168 1517 3241 1572 ad
3271 1517 3658 1571 Tridentinum
3677 1515 3913 1584 episcopa-

2338 1613 2460 1663 tum
2499 1614 2632 1662 ante
2680 1624 2904 1678 paucos
2959 1623 3198 1660 menses
3247 1610 3451 1660 evecto
3497 1621 3686 1658 eorum
3727 1619 3832 1673 quae
3867 1599 3913 1652 ad

2341 1698 2676 1768 episcopale
2719 1713 2934 1750 munus
2975 1695 3284 1765 pertinent,
3328 1697 3606 1764 przecepta
3649 1690 3812 1744 tradit.
3847 1689 3916 1740 \‘i-

2340 1788 2524 1858 gilius
2556 1803 2743 1840 annos
2778 1787 2862 1854 :20,
2898 1789 2960 1838 ut
2991 1785 3182 1854 ipsius
3229 1786 3515 1837 testantur
3535 1783 3702 1848 Acta,
3747 1777 3914 1849 praefuit

2341 1877 2531 1929 eidem
2567 1875 2850 1928 Ecclesiae
2888 1889 2898 1928 :
2935 1873 3068 1942 ejus
3107 1887 3250 1926 vero
3301 1871 3633 1940 martyrium
3663 1865 3914 1937 contigisse

2341 1964 2554 2018 dicitur
2586 1964 2697 2018 sub
2731 1963 3038 2016 consulatu
3072 1961 3396 2030 Stiliconis,
3439 1975 3606 2030 quem
3635 1972 3768 2010 anno
3791 1955 3919 2008 tOOet

2339 2053 2442 2106 405
2474 2069 2600 2106 eam
2633 2052 2974 2122 dignitatem
3007 2050 3281 2122 gessisse
3336 2047 3732 2117 comperimus.
3778 2043 3918 2111 Itaque

2340 2141 2741 2210 pontiﬁcatum
2771 2155 2944 2192 suum
2977 2155 3090 2192 non
3116 2139 3303 2208 potuit
3335 2137 3448 2190 nisi
3476 2152 3622 2189 anno
3651 2134 3743 2188 380
3768 2129 3920 2185 velSéS

2343 2229 2488 2283 inire
2527 2244 2716 2282 novus
2758 2227 3020 2297 praesul;
3053 2228 3208 2280 unde
3250 2243 3384 2280 cum
3431 2241 3580 2280 anno
3621 2223 3740 2291 380,
3781 2219 3923 2291 quoet

2343 2317 2614 2388 sequenti
2649 2317 2820 2370 etiam
2854 2316 3293 2370 Abundantium
3336 2315 3494 2368 illius
3543 2314 3868 2368 decessorem
3888 2306 3925 2357 in

2342 2407 2497 2460 vivis
2522 2406 2725 2476 egisse
2759 2405 3160 2474 Aquileiensis
3184 2403 3421 2458 concilii
3451 2404 3590 2456 Acta
3612 2401 3868 2460 testantur,
3885 2391 3922 2444 id

2344 2511 2459 2548 non
2495 2493 2820 2564 contigisse
2855 2493 3230 2547 manifestum
3262 2493 3361 2561 sit,
3398 2490 3731 2560 relinquitur
3755 2489 3807 2540 ut
3824 2498 3923 2538 con-

2343 2583 2542 2654 tigcrit
2571 2598 2721 2635 anno
2753 2583 2877 2636 385.
2921 2564 3052 2634 Non
3085 2584 3279 2634 tamen
3321 2595 3529 2633 sumus
3575 2576 3746 2632 nescii
3773 2569 3922 2628 .‘tlabil-

2344 2672 2564 2726 Ionium
2599 2674 2866 2724 nostrum
2899 2671 2954 2722 in
3007 2692 3026 2714 υ
3062 2669 3300 2722 i’riet‘at.
3362 2668 3566 2722 smculi
3600 2663 3768 2736 quinti
3800 2661 3929 2714 Bene-

2345 2760 2576 2813 dictinia
2611 2783 2633 2808 »ι
2690 2759 2833 2812 Acta
2899 2759 3166 2828 quaedam
3217 2757 3492 2827 ejusdem
3537 2753 3720 2825 Vigilii
3765 2749 3850 2802 abs
3889 2759 3931 2798 se

2347 2851 2662 2918 conspecta
2703 2850 2978 2901 testatum
3011 2862 3170 2916 esse,
3209 2847 3434 2916 quibus
3466 2845 3578 2914 ipsi
3610 2859 3714 2897 non
3755 2837 3862 2892 anni
3886 2832 3931 2886 20

2346 2938 2746 3007 episc0patus,
2782 2937 2888 2990 sed
2918 2939 3140 2990 tantum
3163 2934 3228 2988 '12
3259 2936 3664 2988 attribuantur.
3689 2929 3926 2982 Verumne

2347 3026 2514 3080 hisce
2557 3025 2722 3078 Actis
2767 3024 3202 3094 posterioribus
3251 3023 3430 3076 ﬁdem
3471 3021 3789 3084 habeamus,
3828 3008 3928 3066 illud

2348 3115 2675 3182 dissuadet,
2711 3115 2865 3183 quod
2899 3115 2958 3165 in
2992 3113 3100 3166 hac
3134 3112 3456 3181 hypothesi
3496 3109 3747 3180 ejusdem
3789 3097 3930 3170 Vigilii

2345 3203 2723 3273 pontiﬁcatus
2755 3202 2891 3255 iniri
2923 3201 3233 3254 debuisset
3263 3217 3422 3255 anno
3445 3200 3548 3254 388
3567 3197 3656 3252 vel
3671 3194 3781 3261 393,
3798 3187 3938 3262 proin-

2349 3292 2539 3362 deque
2570 3291 2848 3344 alterutro
2881 3289 3178 3360 posterior
3199 3290 3509 3344 essethaec
3533 3284 3788 3358 epistola;
3816 3289 3935 3350 quam

2347 3383 2542 3434 tamen
2589 3382 2900 3449 antequam
2949 3378 3270 3432 Theodosii
3321 3379 3456 3450 lege
3515 3375 3824 3430 Judzeorum
3846 3377 3935 3419 cum

2348 3468 2702 3522 Christianis
2737 3466 3017 3537 conjugia
3066 3466 3551 3535 prohiberentur,
3593 3464 3697 3516 hoc
3724 3461 3816 3525 est,
3848 3455 3936 3505 ante

2348 3573 2566 3612 annum
2596 3557 2700 3610 388
2741 3556 3022 3626 scriptam
3061 3555 3478 3625 agnoscimus.
3524 3549 3740 3606 Etenim
3772 3557 3873 3600 cum
3900 3538 3937 3589 in

2349 3663 2415 3702 ea
2449 3645 2824 3716 potissimum
2855 3647 3065 3714 agatur
3104 3643 3174 3696 de
3215 3641 3568 3714 hujusmodi
3605 3628 3936 3693 matrimoniis,

2350 3735 2705 3789 Ambrosius
2739 3733 2834 3786 cui
2874 3731 3076 3786 eadem
3109 3731 3206 3784 lex
3237 3731 3442 3802 ignota
3483 3744 3616 3784 esse
3645 3741 3752 3780 non
3769 3716 3935 3792 potuis-

2349 3825 2460 3892 set,
2494 3822 2654 3876 illius
2679 3823 2759 3875 uti
2781 3819 3125 3874 auctoritate
3159 3819 3340 3872 dubio
3375 3818 3580 3889 procul
3611 3816 3713 3870 hac
3740 3814 3790 3866 in
3813 3816 3938 3862 causa

2349 3927 2466 3966 non
2499 3911 2765 3964 omisset.

2419 3999 2596 4070 [Ann.
2630 3999 2734 4052 385
2758 3999 2814 4052 et
2835 3996 2985 4068 386.]
3007 3997 3141 4050 ΧΧίι
3165 4001 3220 4050 et
3239 3997 3408 4050 XXIa
3439 4012 3572 4050 cum
3590 3995 3838 4049 Sermone
3859 3979 3939 4034 illis

2349 4089 2628 4157 adjuncto
2663 4103 2692 4140 e
2734 4087 3044 4139 vexatione
3095 4101 3267 4154 quam
3309 4102 3343 4138 a
3377 4085 3606 4138 Justina
3650 4071 3940 4149 imperatch

2349 4177 2601 4246 aliisque
2615 4175 2852 4229 Arianis
2881 4189 3102 4245 passus
3121 4177 3212 4228 est
3225 4174 3607 4240 Ambrosius,
3631 4173 3798 4224 ortum
3814 4162 3942 4252 duxe—

2350 4282 2433 4321 re.
2461 4267 2523 4318 In
2544 4266 2824 4319 confesso
2845 4268 2936 4318 est
2954 4268 3224 4319 sanctum
3243 4263 3570 4334 praesulem
3590 4261 3674 4314 sic
3691 4257 3941 4316 fuisseagl-

2351 4359 2530 4409 talum
2554 4354 2664 4408 hac
2681 4356 3047 4422 tempestate,
3071 4356 3132 4406 ut
3151 4369 3281 4406 cum
3301 4353 3515 4406 eodem
3544 4364 3692 4404 anno
3708 4358 3807 4416 quo
3823 4340 3940 4432 incf

2349 4447 2532 4515 perat,
2569 4443 2770 4498 sedata
2803 4445 2984 4510 esset,
3037 4442 3248 4494 iterum
3289 4441 3569 4512 sequenti
3625 4425 3935 4491 reci-aduerti-

2351 4535 2624 4586 Autumat
2657 4531 2946 4584 Baronius
2977 4531 3234 4599 priorem
3256 4529 3445 4600 hujus
3463 4517 3856 4599 persecutionis
3870 4525 3943 4565 ω’

571 4615 860 4671 videntur.
895 4620 1218 4673 Ascholius
1249 4619 1404 4673 enim
1442 4620 1720 4674 Romanae
1755 4617 1982 4687 synodo
2013 4632 2108 4669 an.
2133 4617 2237 4670 382
2263 4617 2316 4678 D
2349 4639 2490 4676 num
2522 4620 2807 4674 incidisse
2840 4619 2898 4672 in
2928 4619 3030 4672 386
3062 4623 3348 4688 reparatae
3381 4618 3613 4680 salutis,
3643 4627 3748 4684 quo
3763 4603 3942 4688 san¢l|15_

570 4705 880 4761 celebratae
899 4708 1261 4777 interfuerat,
1281 4709 1453 4780 eique
1475 4707 1760 4778 Anysius,
1789 4706 2038 4758 Damaso
2063 4703 2238 4774 cujus

569 4797 1022 4850 morsanne38’i
1055 4798 1310 4868 ponitur,
1348 4797 1540 4850 adhuc
1573 4794 1914 4865 superstite,
1945 4793 2067 4864 jam
2105 4809 2240 4847 suc-

572 4881 834 4937 cedebat.
869 4883 1157 4950 Quocirca
1189 4889 1326 4942 dum
1373 4891 1428 4942 et
1477 4885 1966 4940 Thessalonicam
2021 4883 2240 4937 rediret

571 4969 912 5040 Ascholius,
945 4979 1002 5028 et
1033 4977 1414 5031 Ambrosium
1449 4977 1519 5030 de
1552 4975 1714 5030 obitu
1761 4972 1896 5044 ejus
1930 4973 2241 5028 certiorem

571 5058 836 5128 Anysius
871 5061 1110 5131 faceret,
1145 5069 1480 5132 postremos
1527 5065 1665 5118 anni
1709 5062 1816 5118 382
1853 5078 2112 5130 menses,
2173 5078 2241 5116 ac

570 5148 799 5218 primos
827 5149 932 5204 383
964 5151 1194 5206 interim
1228 5153 1536 5206 efﬂuxisse
1566 5168 1883 5206 necessum
1915 5150 2042 5205 fuit.

643 5235 817 5308 [Ann.
851 5239 1001 5312 384.]
1022 5240 1202 5294 XVIIa
1235 5244 1292 5294 et
1313 5241 1522 5294 XVIIIa
1545 5245 1747 5295 contra
1769 5240 2102 5311 Symmachi
2132 5241 2242 5294 Ite-

571 5325 849 5380 latiencm
881 5329 1030 5383 data.-
1062 5333 1216 5384 sunt.
1255 5329 1470 5384 Earum
1503 5333 1735 5399 tempus
1769 5345 1886 5384 non
1925 5329 2242 5384 difﬁculter

573 5419 861 5488 cognosic
887 5423 1097 5487 potest.
1123 5419 1270 5473 Nam
1305 5437 1435 5474 cum
1454 5418 1866 5488 Symmachus,
1890 5418 2240 5472 Valentinia-

575 5521 648 5559 no
680 5507 791 5560 sub
829 5509 1030 5561 matris
1051 5507 1544 5562 haereticaatutela
1569 5507 1761 5560 adhuc
1779 5507 1992 5575 posito,
2028 5507 2242 5562 etGra-

580 5595 734 5647 tiano
771 5596 1007 5649 Maximi
1039 5599 1242 5651 fraude
1266 5615 1333 5650 ae
1359 5597 1588 5650 scelere
1613 5595 1891 5665 extincto,
1926 5612 2246 5666 peroppor-

575 5685 770 5736 tunum
816 5686 1166 5738 revocandis
1217 5684 1553 5737 tietitioruiu
1595 5685 1901 5738 numinum
1935 5686 2246 5756 religioni-

577 5767 688 5820 bus
730 5773 1102 5826 occasionem
1135 5772 1570 5842 existimasset,
1608 5772 1798 5826 eidem
1836 5773 2245 5830 Valentiniano

2350 4714 2556 4765 noster
2574 4709 2825 4779 primum
2849 4723 3022 4761 suum
3044 4682 3307 4761 libellum
3332 4723 3442 4761 seu
3463 4682 3756 4776 epistolam
3779 4682 3942 4779 ΧΧΙεΔξ

2351 4798 2821 4852 Valentinianum
2849 4797 3166 4850 destinavit
3193 4811 3204 4850 :
3230 4797 3503 4866 proxime
3540 4796 3721 4847 autem
3739 4775 3943 4866 sequo"?

2351 4904 2504 4942 anno
2523 4889 2864 4940 Sermonem
2880 4886 2951 4939 de
2976 4885 3250 4939 Basilicis
3275 4885 3542 4938 habitum
3565 4874 3826 4936 dominica
3847 4859 3943 4920 Pﬂl'

2352 4993 2596 5044 marum,
2621 4991 2689 5028 ac
2711 4974 2996 5044 postridie
3029 4975 3310 5044 scriptam
3333 4974 3404 5026 ad
3427 4968 3800 5026 Mareellinam
3825 4966 3942 5024 θριδ-

2349 5065 2550 5119 tolam.
2566 5060 2570 5066 '
2585 5066 2853 5118 Attamen
2871 5079 2994 5116 rem
3019 5078 3198 5116 secus
3223 5079 3289 5116 se
3311 5062 3535 5116 habere
3556 5059 3842 5114 obscurum
3858 5051 3941 5096 non

2351 5157 2463 5208 est.
2523 5153 2838 5206 Enimvero
2891 5167 3007 5222 quo
3056 5154 3317 5220 tempore
3359 5149 3630 5203 eumdem
3671 5141 3944 5230 Sarmatian

2351 5242 2784 5314 pronuntiabat,
2819 5218 3067 5294 basilica
3109 5218 3324 5294 multos
3350 5238 3476 5308 jam
3515 5237 3639 5290 dies
3667 5247 3698 5285 a

2353 5333 2604 5387 obsessa
2639 5334 2782 5399 erat,
2843 5334 2897 5384 ct
2931 5330 3307 5396 Ambrosius,
3358 5343 3433 5380 ne
3465 5323 3768 5394 raperetur,
3810 5309 3945 5398 illisa

2353 5421 2567 5491 populo
2593 5420 2689 5473 diu
2713 5423 3006 5488 noctuque
3029 5417 3454 5472 asservabatur
3479 5431 3492 5483 ;
3527 5426 3694 5467 cume
3716 5401 3945 5491 contrane

2353 5509 2716 5580 intelligatur
2759 5525 2833 5562 ex
2865 5509 3115 5577 epistola
3157 5509 3228 5561 ad
3273 5505 3666 5560 Mareellinam
3706 5497 3864 5582 ipstlll‘
3895 5477 3944 5531 ad

2355 5598 2514 5653 aedes
2553 5599 2824 5668 proprias
2849 5597 2958 5650 hac
2983 5597 3112 5666 ipsa
3137 5595 3426 5648 dominica
3452 5591 3704 5646 cubitum
3724 5578 3943 5672 reflllf‘b'gi

2353 5691 2636 5758 paratum,
2661 5689 2712 5740 si
2731 5686 3062 5758 juberetur,
3080 5685 3136 5738 in
3161 5672 3751 5750 eXsiliumpi-etiuisci.
3773 5665 3944 5764 Ῐξκιιλςθ

2352 5777 2524 5832 etiam
2548 5791 2881 5845 cognoscas
2915 5775 3182 5830 eumdem
3216 5773 3477 5828 sanctum
3503 5765 3638 5821 teiia
3673 5777 3738 5829 vi,
3769 5755 3812 5808 ct
3843 5765 3876 5801 ε’
