4090 6174
101 403 206 467 893

994 402 1603 467 EPISTOLARUM
1653 404 1884 468 ORDO
1932 405 2037 467 ET
2078 405 2620 471 ARGUMENTA

3424 402 3543 468 894

103 608 224 663 hato
272 606 541 678 proxime
581 606 1120 678 superiorisumma
1146 607 1557 661 cumlihertate
1590 607 1761 661 domo
1785 588 1839 653 Ᾱ
1874 611 2133 678 apertam
2152 608 2270 661 vim
2288 612 2461 679 atque
2503 609 2794 662 insaniam
2836 587 3069 662 tandem
3100 607 3292 677 erupit
3322 607 3419 660 illa
3450 606 3541 661 fe-

102 699 154 753 in
166 697 527 752 Eccclesiam
544 700 716 767 atque
732 713 806 750 ex
822 697 1090 750 Ecclesia
1106 697 1343 751 domum
1361 697 1624 750 itavisse.
1650 697 1762 749 Ad-

103 788 268 842 debis
288 786 560 857 plurima,
598 802 729 856 quae
755 786 812 839 in
850 802 1123 840 sermone
1157 786 1761 853 memorantur,inilla

103 876 337 945 epistola
387 876 664 928 retieeri:
702 874 895 945 qualia
941 878 1075 927 sunt
1128 875 1495 945 promulgata
1528 875 1624 927 lex
1656 890 1759 943 pro

102 963 449 1017 Ariminensi
472 963 745 1028 concilio,
764 962 963 1033 jussio
984 964 1257 1019 veniendi
1278 965 1349 1017 ad
1386 964 1756 1031 Comitatum,

102 1056 296 1106 etcum
320 1052 373 1105 ei
396 1055 642 1105 sanctus
668 1051 894 1106 Prwsul
917 1067 1035 1106 non
1075 1053 1393 1122 paruisset,
1434 1052 1759 1106 excedendi

101 1140 439 1209 Mediolano,
462 1140 662 1211 hymni
696 1140 949 1211 denique
979 1140 1051 1194 ab
1083 1156 1152 1195 eo
1186 1141 1515 1211 compositi.
1552 1141 1757 1209 Neque

101 1245 234 1283 sane
258 1229 470 1299 opponi
494 1233 689 1300 potest
732 1226 925 1283 omnia
952 1230 1045 1283 illa
1080 1230 1274 1284 sorori
1294 1230 1367 1283 ab
1406 1245 1474 1283 eo
1498 1230 1628 1282 aliis
1662 1230 1756 1281 lit—

98 1318 234 1371 teris
270 1334 410 1371 esse
447 1318 820 1389 significata;
855 1335 990 1373 nam
1022 1319 1249 1373 etiamsi
1299 1334 1373 1372 ex
1404 1319 1609 1371 eodem
1646 1318 1757 1369 Ita-

100 1406 261 1458 ronio
287 1422 403 1459 non
429 1406 699 1477 ejusdem
723 1407 860 1459 anni
881 1409 998 1461 sint
1024 1408 1269 1476 epistola
1294 1409 1418 1472 XX,
1447 1412 1501 1460 et
1533 1421 1757 1459 memo-

100 1496 216 1547 rata
251 1496 479 1557 concio,
516 1496 574 1548 iu
619 1499 865 1565 utraque
914 1500 1103 1550 tamen
1134 1497 1418 1551 acerrime
1464 1496 1521 1548 in
1580 1511 1740 1548 exse-

97 1583 378 1635 crandam
436 1583 587 1636 illam
644 1584 836 1655 legem
895 1585 1211 1638 invehitur.
1262 1585 1567 1639 Postremo
1626 1600 1758 1636 eum

95 1670 402 1739 epistolam
422 1671 576 1724 illam
602 1674 657 1725 et
680 1674 1025 1727 concionem
1050 1673 1422 1743 synchronas
1464 1689 1601 1725 esse
1632 1688 1752 1725 am-

95 1758 293 1813 barum
322 1760 1082 1831 demonstretcomparatio,
1110 1779 1183 1816 ex
1216 1778 1283 1815 eo
1318 1762 1447 1831 ipso
1481 1761 1634 1831 quod
1657 1777 1757 1815 cas

97 1849 560 1917 separavitidem
600 1850 948 1919 Cardinalis,
976 1867 1149 1921 quam
1188 1866 1391 1920 parum
1430 1852 1593 1903 tirma
1625 1849 1757 1920 ejus

96 1937 282 2006 opinio
314 1938 411 2006 sit,
446 1939 815 2021 intelligitur,

158 2062 268 2115 Sed
290 2063 664 2117 neclevioris
688 2065 911 2135 negotii
927 2065 1425 2134 estpersecutioni
1443 2065 1757 2133 posteriori

95 2166 301 2205 annum
324 2152 394 2204 ab
423 2152 727 2206 incarnato
770 2154 872 2206 Dei
895 2154 996 2207 387
1038 2154 1360 2207 ascribere.
1396 2154 1542 2206 Nam
1571 2153 1759 2221 potis-

99 2240 300 2293 simum
339 2241 500 2294 circa
519 2242 821 2311 paschalia
844 2242 1320 2296 debacchabatur
1341 2243 1450 2295 ista
1479 2242 1757 2311 procella,

99 2344 339 2399 cumque
374 2334 581 2399 postea
613 2330 1032 2400 deferbuisset,
1075 2333 1306 2402 legatus
1337 2332 1408 2384 ad
1444 2332 1760 2384 Maximum

96 2418 308 2471 missus
330 2423 428 2471 est
452 2419 827 2487 Ambrosius,
855 2420 1029 2490 cujus
1061 2422 1415 2490 legationem
1445 2421 1616 2473 etiam
1649 2420 1759 2472 alia

103 2506 305 2577 legatio
330 2507 547 2561 deinde
581 2512 783 2561 secuta
817 2513 926 2577 est,
961 2525 1027 2562 ac
1059 2509 1290 2562 demum
1325 2510 1531 2577 irrupit
1560 2509 1617 2560 in
1648 2509 1760 2561 Ita-

96 2595 217 2649 liam
281 2612 420 2650 cum
479 2598 743 2651 exercitu
774 2598 929 2652 idem
985 2602 1291 2668 tyrannus,
1327 2599 1481 2668 quod
1544 2596 1759 2649 factum

94 2699 219 2738 esse
250 2701 465 2739 mense
498 2688 773 2758 Augusto
820 2687 1085 2741 nonnulli
1120 2687 1372 2740 tradunt.
1425 2686 1532 2739 His
1566 2690 1759 2738 autem

94 2774 360 2828 omnibus
389 2777 504 2827 tam
519 2776 799 2845 exiguum
822 2776 1105 2845 temporis
1130 2776 1384 2844 spatium
1407 2776 1552 2827 satis
1570 2774 1759 2827 fuisse

93 2862 183 2915 vix
213 2864 540 2933 quisquam
572 2864 790 2918 credat.
826 2865 912 2918 Ad
940 2865 1067 2917 haec
1100 2865 1493 2935 Augustinus,
1520 2867 1579 2916 ut
1609 2862 1760 2931 peri-

93 2953 292 3005 tiorum
319 2952 574 3006 calculis
598 2953 892 3022 definitur,
921 2969 1074 3007 anno
1094 2952 1197 3007 387
1218 2970 1322 3023 per
1342 2953 1489 3010 festa
1502 2952 1761 3005 Pascha-

93 3038 159 3092 lis
180 3041 462 3112 genitalis
480 3058 649 3112 aquae
665 3045 1033 3097 sacramento
1060 3044 1446 3113 regeneratus
1461 3045 1553 3095 est
1577 3057 1587 3094 :
1627 3057 1759 3111 quae

96 3144 199 3181 non
228 3130 366 3199 ipso
402 3134 483 3183 tot
514 3134 924 3201 tantarumque
956 3132 1258 3184 turbarum
1292 3147 1466 3198 anno,
1490 3131 1593 3183 sed
1628 3145 1760 3198 pro-
1802 3118 1807 3127 λ

96 3219 237 3272 xime
267 3222 547 3273 secutum
584 3219 797 3273 factum
832 3236 967 3273 esse
992 3220 1143 3273 idem
1178 3223 1443 3273 testatur.

1876 697 2051 750 mina.
2080 699 2275 767 Itaque
2301 715 2431 751 eum
2456 699 2551 753 ille
2577 698 2632 752 in
2655 698 2901 751 basilica
2926 697 3317 765 obsideretur,
3339 696 3409 749 ad
3432 710 3542 764 po-

1876 786 2076 855 pulum
2096 789 2493 854 pronuntiavit
2531 788 2750 840 dictum
2780 802 3133 840 sermonem.
3177 786 3327 838 Hinc
3362 799 3539 854 porro

1876 889 1941 928 ea
1974 891 2035 928 re
2068 875 2410 928 distractum
2444 876 2740 929 noluimus
2781 876 2852 928 ab
2888 876 3051 928 hisce
3095 874 3384 943 epistolis,
3421 877 3540 926 tum

1874 964 2029 1034 quod
2050 980 2121 1016 ex
2141 980 2205 1017 ea
2227 964 2641 1034 conjunctione
2665 965 2930 1017 historiae
2963 965 3153 1017 series
3187 963 3420 1015 facilius
3452 962 3538 1014 in-

1872 1053 2189 1124 telligatur,
2226 1057 2343 1106 tum
2376 1054 2533 1123 quod
2582 1054 2851 1107 eumdem
2903 1053 3259 1105 Marcellinae
3290 1052 3362 1103 ab
3396 1052 3539 1103 Am-

1872 1142 2075 1195 brosio
2096 1143 2344 1195 missum
2368 1142 2556 1196 fuisse
2582 1158 2698 1196 non
2721 1143 3078 1209 dubitemus,
3100 1142 3169 1194 ad
3191 1157 3363 1211 quam
3381 1140 3541 1193 simi-

1872 1230 2004 1283 liter
2032 1231 2185 1284 idem
2242 1232 2392 1285 duos
2451 1231 2600 1284 alios
2661 1232 2929 1302 sequenti
2964 1231 3212 1301 epistola
3266 1230 3533 1283 inclusos

1871 1319 2202 1373 destinavit.

1942 1426 2113 1497 [Ann.
2170 1427 2293 1498 386]
2344 1428 2527 1481 XXII“
2563 1431 2677 1482 tota
2713 1432 2804 1481 est
2844 1429 2902 1481 in
2952 1427 3203 1481 texenda
3237 1425 3530 1479 inventio-

1870 1516 1963 1569 nis
1996 1532 2064 1568 ac
2096 1516 2499 1570 translationis
2533 1534 2846 1586 corporum
2887 1517 3157 1571 Gervasii
3192 1518 3246 1569 ct
3277 1513 3531 1568 Protasii

1873 1605 2112 1657 fratrum
2147 1609 2464 1675 martyrum
2500 1606 2916 1675 descriptione.
2953 1606 3215 1659 Alterum
3248 1621 3277 1657 e
3309 1618 3535 1657 sermo-

1872 1693 2068 1760 nibus,
2104 1710 2254 1763 quos
2288 1694 2396 1746 hac
2430 1694 2675 1763 epistola
2712 1694 2997 1747 contineri
3039 1709 3217 1762 supra
3252 1692 3534 1758 diximus,

1869 1780 2087 1851 injuria
2112 1783 2360 1836 Romani
2394 1782 2652 1837 editores
2695 1782 3041 1852 expulerant
3071 1799 3100 1834 e
3144 1782 3273 1834 loco
3298 1780 3536 1849 preprio

1870 1871 1928 1923 in
1952 1886 2125 1941 quem
2148 1888 2178 1923 a
2212 1872 2385 1925 nobis
2408 1871 2750 1941 postliminii
2768 1870 2902 1940 jure
2918 1870 3225 1923 restitutus
3249 1871 3356 1922 est.
3391 1868 3536 1921 Cum

1790 1965 1842 2028 Β
1868 1976 2044 2029 porro
2095 1961 2270 2013 finem
2302 1961 2555 2013 attulerit
2587 1960 2987 2029 persecutioni
3020 1960 3223 2012 eadem
3251 1957 3533 2025 inventio,

1869 2049 2020 2102 lianc
2051 2049 2360 2118 epistolam
2411 2065 2561 2101 anno
2594 2048 2696 2102 387
2751 2065 2781 2100 a
2815 2047 3087 2114 Baronio,
3147 2064 3178 2098 a
3211 2047 3386 2099 nobis
3443 2061 3540 2097 au-

1868 2140 1985 2190 tem
2008 2136 2111 2190 386
2148 2138 2539 2205 adjudieatur.
2588 2137 2811 2189 I-Iorum
2850 2151 3164 2205 corporum
3196 2133 3536 2187 translatio-

1870 2243 2003 2280 nem
2027 2228 2353 2279 Romanum
2391 2225 2875 2295 Martyrologium
2914 2241 3023 2276 xm
3072 2223 3186 2275 kal.
3222 2222 3405 2291 julias
3439 2237 3535 2274 re-

1870 2315 2113 2381 nuntiat,
2136 2328 2252 2383 quo
2272 2313 2363 2365 die.
2385 2312 2620 2365 habitus
2642 2312 2811 2364 etiam
2835 2311 2906 2363 ab
2938 2311 3271 2381 Augustino
3295 2310 3353 2361 in
3382 2324 3537 2363 eam-

1871 2405 2000 2457 dem
2034 2419 2154 2456 rem
2190 2417 2388 2455 sermo
2452 2402 2763 2469 superest;
2824 2399 2979 2452 unde
3026 2398 3142 2451 sibi
3173 2398 3232 2450 in
3283 2398 3540 2450 animum

1871 2492 2228 2545 induxerunt
2250 2490 2431 2560 aliqui
2452 2490 2565 2542 hoc
2588 2489 2717 2557 ipso
2741 2490 2833 2557 pie
2867 2504 3034 2540 sacra
3058 2487 3153 2540 illa
3185 2488 3433 2556 pignora
3465 2487 3538 2539 ab

1870 2579 2491 2634 Ambrosiotranslata
2523 2594 2681 2631 esse.
2740 2578 3151 2630 Verumtamen
3196 2592 3227 2628 e
3257 2590 3539 2643 persecu-

1869 2670 2047 2723 tionis
2073 2670 2205 2734 Iine,
2230 2683 2403 2737 quem
2428 2667 2509 2720 illi
2534 2667 2642 2735 ipsi
2666 2666 2836 2719 festis
2851 2665 3232 2734 paschalibus
3256 2664 3538 2717 tributum

1872 2759 2092 2823 volunt,
2128 2757 2274 2809 satis
2305 2757 2604 2823 docemur,
2641 2755 2913 2825 ejusdem
2943 2752 3348 2807 translationis
3382 2752 3541 2804 cele-

1870 2847 2197 2900 brationem
2232 2849 2471 2914 propter
2500 2844 2813 2913 paschales
2847 2842 3253 2896 solemnitates
3293 2842 3351 2893 in
3383 2840 3542 2894 aliud

1868 2938 2101 3005 tempus
2136 2950 2273 2988 esse
2310 2933 2613 3002 rejectam.

1941 3059 2154 3113 ΧΧΙῐῐει
2185 3058 2537 3129 quibusdam
2578 3057 2899 3126 episcopis,
2934 3057 3030 3126 qui
3066 3071 3248 3125 super
3277 3054 3543 3107 Pascha-

1872 3151 1945 3201 tis
1968 3166 2043 3199 vn
2079 3148 2204 3200 lia].
2245 3148 2426 3199 maias
2473 3162 2625 3199 anno
2685 3145 2788 3198 337
2824 3145 3136 3197 incidentis
3197 3142 3542 3196 difficultate

1873 3237 2250 3289 Ambrosium
2285 3235 2723 3301 constituerant,
2762 3234 3099 3302 respondet.
3140 3233 3289 3284 Huic
3322 3247 3543 3283 annum

155 3344 263 3397 Sed
292 3345 615 3397 Baronium
665 3348 837 3414 atque
887 3344 1036 3398 alios
1069 3346 1126 3398 in
1172 3360 1435 3399 errorem
1482 3344 1623 3397 illud
1675 3344 1759 3395 in-

1878 3344 1904 3379 a
1942 3326 2177 3379 Christo
2217 3328 2349 3377 nato
2392 3324 2487 3375 31“»!
2531 3325 2661 3377 ideo
2694 3324 2963 3390 assignat
2998 3322 3348 3387 Buclierius,
3386 3318 3543 3389 quod

92 3429 262 3499 cinxit,
297 3433 464 3502 quod
516 3433 709 3503 legem
763 3450 915 3486 anno
947 3434 1053 3486 3&6
1100 3434 1308 3502 synodi
1364 3432 1759 3486 Arimincnsis

94 3521 267 3589 gratia
289 3522 473 3574 latam
496 3522 757 3575 arbitrati
782 3525 919 3575 sunt
936 3523 1184 3575 vexandi
1202 3522 1760 3575 Catliolicosansam

95 3608 346 3664 dedisse.
376 3610 665 3663 Novimus
689 3626 922 3681 quoque
943 3628 975 3664 a
999 3611 1360 3676 Mabillonio,
1397 3627 1469 3664 ex
1501 3626 1569 3663 eo
1603 3610 1758 3680 quod

96 3696 478 3770 Evangelium
496 3698 568 3752 de
589 3698 871 3768 ingressu
894 3699 1114 3752 Christi
1138 3699 1759 3768 Ilierosolyinamolim

97 3785 146 3838 in
166 3788 371 3841 multis
400 3786 688 3841 Ecclesiis
711 3789 896 3857 prima
920 3788 1225 3841 Adventus
1243 3788 1536 3841 dominica
1553 3788 1761 3841 recita-

97 3879 261 3942 retur,
300 3878 363 3930 et
400 3876 573 3929 etiam
617 3893 774 3930 nunc
810 3876 1121 3930 Mediolani
1173 3892 1301 3930 mos
1333 3877 1486 3930 idem
1517 3878 1756 3946 perstet,

95 3962 196 4018 hoc
218 3965 558 4033 observari,
592 3966 868 4020 nimirum
896 3967 1084 4019 eidem
1113 3966 1355 4019 annoita
1385 3965 1561 4019 tribui
1582 3980 1763 4034 posse

94 4051 232 4106 duas
253 4055 392 4108 illas
414 4054 697 4123 epistolas
721 4057 893 4125 atque
918 4056 1280 4119 Sermonem,
1317 4058 1379 4107 ut
1408 4071 1540 4124 quae
1572 4054 1641 4106 ad
1666 4069 1762 4106 so-

96 4156 279 4197 rorem
299 4146 419 4209 est,
445 4143 504 4195 in
522 4144 810 4197 Paschate
830 4144 1060 4196 dicatur
1083 4144 1323 4211 scripta,
1342 4144 1395 4196 in
1416 4146 1762 4212 sequentem

96 4246 227 4284 vero
250 4233 573 4285 adventum
598 4233 707 4285 alia
728 4236 782 4285 et
813 4236 1170 4286 memoratus
1200 4234 1405 4285 Sermo
1438 4231 1759 4301 rejiciatur.

99 4317 305 4374 Verum
345 4324 407 4373 ut
431 4320 712 4374 sileamus
746 4324 880 4374 tunc
915 4323 1196 4391 temporis
1230 4338 1343 4374 non
1378 4338 1407 4375 e
1441 4324 1762 4375 consuetu-

96 4406 241 4473 dine,
268 4409 383 4463 sed
406 4426 548 4461 casu
581 4410 831 4479 quodam
880 4410 1097 4463 lectum
1150 4426 1285 4463 esse
1319 4410 1458 4463 illud
1496 4410 1764 4481 Evange-

95 4494 248 4565 lium,
273 4498 416 4551 anni
441 4498 555 4551 duo
580 4499 979 4567 persecutioni
1004 4499 1388 4569 assignantur
1409 4500 1480 4551 al)
1516 4499 1763 4551 Ambro-

96 4584 198 4653 sio,
223 4587 506 4657 quodque
529 4602 602 4641 ex
624 4587 755 4658 lege
780 4587 1002 4657 szepius
1027 4589 1325 4641 decantata
1353 4590 1552 4641 contra
1580 4588 1762 4640 Baro-

1872 3421 2009 3467 ante
2024 3414 2325 3467 biennium
2343 3414 2585 3466 Pascha:
2612 3412 2962 3466 dominicam
2988 3428 3044 3463 xi
3069 3410 3195 3462 Kal.
3222 3409 3357 3461 Maii
3383 3408 3541 3461 cele-

1872 3503 2206 3557 lirataznilla
2226 3506 2492 3569 testatur,
2537 3518 2652 3571 quo
2686 3502 2778 3554 die
2818 3500 2969 3552 idem
2996 3499 3107 3552 hoc
3142 3498 3354 3551 festum
3386 3513 3540 3549 anno

1867 3593 1973 3647 379
1993 3594 2268 3646 evenisse
2291 3593 2351 3644 in
2374 3591 2655 3645 confesso
2676 3593 2786 3642 est.
2824 3590 3039 3641 Verum
3076 3586 3363 3639 Bucherio
3400 3585 3543 3638 illud

1870 3682 2169 3747 reclamat,
2206 3681 2359 3750 quod
2394 3695 2501 3732 nec
2554 3678 2906 3730 Ambrosius
2958 3676 3028 3729 de
3064 3676 3350 3729 Paschate
3410 3677 3541 3727 ante

1872 3789 1978 3825 sex
2002 3786 2189 3823 annos
2211 3785 2324 3821 non
2350 3768 2608 3821 redituro
2634 3767 2899 3819 dicturus
2934 3767 3060 3833 fuit,
3097 3765 3246 3836 quod
3277 3764 3536 3816 futurum

1873 3865 2002 3915 erat
2046 3859 2357 3930 proxime:
2410 3872 2518 3910 nec
2552 3856 2591 3909 ii
2622 3872 2653 3908 a
2684 3855 2904 3925 quibus
2961 3856 3058 3907 ille
3091 3853 3534 3914 consulebatur,

1873 3952 1986 4002 tam
2016 3950 2368 4018 praematura
2403 3944 2797 3999 sollicitudine
2830 3944 3169 3997 laboraturi.
3232 3942 3361 3995 Huc
3393 3940 3541 3994 adde

1874 4039 1931 4089 in
1964 4038 2231 4105 epistola,
2258 4052 2430 4105 quam
2453 4050 2604 4087 anno
2628 4033 2724 4087 381
2754 4033 3033 4101 scriptam
3066 4032 3253 4084 fuisse
3279 4031 3430 4083 idem
3454 4046 3545 4081 as-

1876 4127 2037 4191 serit,
2064 4126 2189 4178 htee
2208 4125 2384 4178 verba
2403 4120 2946 4193 temporibuspaulo
2959 4120 3391 4191 superioribus,
3409 4134 3542 4188 quae

1876 4216 1946 4268 de
1967 4215 2093 4268 solo
2113 4215 2215 4267 380
2238 4229 2389 4266 anno
2412 4214 2659 4281 possent
2692 4210 2960 4280 intelligi,
2999 4210 3192 4278 inepte
3225 4211 3541 4275 sonatura',

1875 4320 2007 4357 cum
2028 4304 2354 4373 pulchreiu
2397 4301 2709 4371 hypothesi
2749 4303 2951 4353 nostra
2992 4303 3106 4352 tam
3131 4299 3201 4351 de
3226 4298 3325 4350 illo
3365 4311 3539 4361 anno,

1874 4410 2049 4463 quam
2071 4393 2141 4445 de
2164 4392 2266 4444 383
2289 4392 2667 4459 accipiantur.
2696 4389 3116 4459 Assignandus
3135 4400 3280 4455 ergo
3300 4383 3541 4437 esthuic

1874 4482 2140 4551 epistolas
2159 4497 2348 4534 annus
2375 4480 2498 4547 386,
2516 4476 3273 4551 agnoscendusquelapsus
3292 4473 3350 4524 in
3373 4472 3540 4524 hisce

1873 4571 2174 4624 biennium
2206 4586 2379 4640 quam
2409 4569 2543 4621 inde
2576 4568 2787 4620 factam
2818 4566 2953 4618 licet
2986 4563 3304 4631 conjicere,
3331 4559 3488 4629 quod
3510 4573 3542 4612 e

96 4674 245 4728 nium
266 4675 571 4746 objicnur,
599 4679 653 4729 οι
690 4678 745 4728 in
790 4676 938 4729 hanc
974 4677 1306 4745 Opinionem
1340 4677 1556 4745 parum.
1591 4676 1760 4728 valet.
1802 4669 1852 4729 ι)
1874 4676 2116 4712 numero
2141 4657 2475 4727 septenario
2501 4657 2593 4709 his
2618 4655 2772 4709 notis
2792 4654 3014 4746 scripto
3038 4668 3115 4746 vn
3142 4651 3378 4746 primus
3404 4648 3542 4700 cha-

96 4764 486 4824 Quamobrem
537 4767 980 4835 agnoscendum
1029 4768 1122 4819 est
1178 4766 1409 4819 duobus
1470 4764 1764 4817 distinctis

95 4854 259 4907 annis
307 4870 341 4907 a
365 4853 588 4907 nefaria
611 4855 837 4909 Justina
864 4855 1134 4908 saevitum
1166 4870 1323 4908 esse.
1351 4853 1465 4907 Sed
1499 4853 1644 4906 nihil
1675 4869 1767 4906 ve-

98 4944 190 5007 tat,
225 4943 348 4997 imo
379 4960 524 4998 vero
557 4948 763 4997 cuneta
798 4944 1174 5012 persuadent,
1227 4945 1287 4996 ut
1319 4942 1524 4996 eadem
1555 4957 1764 5011 perse-

97 5031 553 5101 cutionem,quae
570 5033 623 5085 in
641 5033 766 5085 sola
786 5033 1176 5101 imperatricis
1192 5031 1528 5101 impotentia
1548 5031 1765 5085 fontem

100 5117 317 5185 habuit,
341 5120 464 5190 jam
485 5138 513 5172 ιι
551 5122 720 5175 festis
765 5120 1244 5175 Itesurreetionis
1276 5121 1414 5172 anni
1445 5120 1548 5172 385
1580 5123 1764 5173 ortam

100 5224 145 5258 ει
162 5209 435 5262 edamus.
465 5210 625 5262 lianc
649 5213 891 5265 sanctus
911 5210 1129 5279 praesul
1150 5210 1207 5261 in
1224 5209 1354 5278 ipso
1388 5209 1549 5261 initio
1572 5209 1766 5261 sorori

101 5310 218 5351 suae
253 5297 638 5367 signiﬁcavit.
688 5298 917 5352 Justina
962 5314 1101 5351 vero
1134 5314 1266 5350 cum
1308 5298 1574 5351 caruisse
1611 5297 1767 5349 illam

100 5384 304 5440 effectu
323 5386 570 5441 moleste
596 5388 790 5452 ferret,
815 5388 947 5441 odio
963 5387 1136 5441 solito
1158 5386 1549 5454 exstimulata,
1574 5387 1766 5457 legem

102 5474 153 5526 in
186 5475 586 5530 Ariminensis
634 5478 865 5531 concilii
908 5478 1157 5547 gratiam
1205 5476 1441 5529 ineunte
1494 5476 1766 5545 sequenti

102 5580 245 5618 anno
270 5566 418 5618 ferri
442 5567 685 5619 curavit.
712 5566 855 5620 Cum
884 5584 987 5620 nec
1013 5567 1184 5619 etiam
1214 5566 1359 5618 satis
1391 5564 1498 5616 hac
1537 5564 1625 5616 via
1651 5564 1767 5633 ipsi

103 5654 470 5721 procederet,
504 5658 623 5708 tum
675 5656 974 5708 conveniri
1012 5655 1196 5708 voluit
1245 5652 1625 5705 Ambrosium
1659 5669 1766 5706 no-

104 5744 305 5807 strum,
332 5745 390 5793 ut
412 5760 542 5797 cum
565 5745 856 5797 Auxentio
889 5747 1183 5797 certamen
1218 5742 1391 5795 iniret
1439 5741 1494 5793 in
1531 5740 1762 5809 palatio.

104 5832 165 5879 At
197 5837 515 5900 respuente
550 5833 699 5887 hanc
738 5834 1130 5889 conditionem
1165 5834 1367 5887 saneto
1404 5831 1673 5897 Doctorc,
1710 5830 1768 5882 in

1876 4752 2066 4800 raeter
2089 4764 2122 4797 v
2142 4747 2388 4799 detritus
2408 4746 2503 4813 sit,
2530 4748 2585 4797 et
2604 4741 2997 4795 remanserint
3036 4742 3257 4791 tantum
3281 4752 3542 4806 sequen-

1874 4840 1963 4889 tes
1996 4837 2109 4889 duo
2143 4834 2391 4895 numeri,
2428 4850 2462 4885 ιι
2499 4831 2788 4883 videlicet.
2836 4829 3071 4881 Erroris
3106 4827 3395 4897 originem
3427 4827 3541 4880 alio

1874 4925 2073 4978 refert.
2112 4924 2323 4976 li'ranc.
2380 4921 2619 4987 Balbus,
2673 4921 2733 4971 ut
2764 4918 3060 4971 videbitur
3106 4916 3343 4985 proprio
3384 4915 3539 4983 loco,

1876 5013 1975 5065 ubi
1998 5012 2170 5066 etiam
2197 5011 2268 5065 de
2301 5010 2414 5063 alio
2438 5009 2693 5078 quodam
2730 5007 2896 5076 cyclo
2934 5004 3201 5075 paschali
3231 5005 3543 5059 dicendum

1875 5101 2002 5154 erit.

1950 5214 2119 5281 (Ann.
2157 5208 2277 5276 387]
2324 5207 2450 5259 XXI
2473 5206 2541 5255 γλ
2576 5205 2795 5273 scripta
2827 5207 2917 5257 est
2946 5204 3005 5257 in
3037 5203 3225 5257 reditu
3262 5202 3543 5255 secundae

1876 5297 2189 5369 legationis
2209 5296 2281 5348 ab
2304 5295 2617 5348 Ambrosio
2637 5295 2707 5345 ad
2734 5293 3046 5345 Maximum
3086 5295 3403 5361 susceptae,
3440 5307 3538 5343 cu—

1871 5385 1974 5456 jus
2024 5385 2307 5438 rationem
2350 5386 2522 5453 atque
2568 5382 2833 5436 ordinem
2864 5381 3270 5434 Valentiniano
3313 5379 3537 5448 juniori

1879 5476 2092 5527 narrat.
2127 5472 2441 5525 Profectus
2477 5474 2599 5523 erat
2629 5475 2871 5523 sanctus
2923 5471 3170 5523 antistes
3201 5468 3374 5537 paulo
3407 5468 3539 5531 post

1880 5564 2135 5627 sedatas,
2163 5578 2311 5631 quas
2335 5561 2563 5614 Justina
2587 5561 2641 5612 in
2667 5560 2932 5613 eumdem
2960 5559 3279 5611 concitarat
3303 5554 3537 5617 turbas;

1880 5652 2221 5704 redeuntem
2280 5666 2421 5704 vero
2484 5650 2539 5701 in
2600 5648 2817 5701 Italiam
2879 5648 3031 5700 idem
3068 5650 3349 5714 tyrannus
3408 5656 3538 5692 cum

1878 5741 2140 5794 exercitu
2176 5756 2326 5809 pone
2361 5741 2601 5791 secutus
2634 5741 2719 5789 est
2754 5736 2855 5788 387
2889 5735 3097 5787 salutis
3128 5746 3299 5783 anno.

1948 5830 2133 5883 XIV“
2168 5829 2373 5882 Statio
2402 5826 2737 5895 respondet,
2760 5840 2831 5876 an
2856 5824 3110 5891 aliquem
3135 5818 3367 5889 capitali
3399 5832 3541 5872 sen-
