4090 6174
578 327 701 396 895

2023 335 2090 399 S.
2135 333 2578 402 AMBROSII.
3807 339 3894 406 896

580 538 760 601 tentia
780 543 1058 598 damnare
1079 542 1302 614 liceret,
1335 541 1680 614 ambigenti.
1711 541 2006 597 Dubitatio
2049 527 2255 596 omnis.I
2261 516 2340 594 Κ
2347 541 2408 597 in
2420 541 2612 597 citatis
2625 541 2738 597 sub
2751 539 2806 614 ej
2815 557 2886 596 us
2900 533 3076 596 finem
3104 535 3524 597 Deuteronomii
3547 533 3724 624 verbis
3739 553 3890 614 propo-

577 634 639 689 in
668 648 739 690 eo
768 633 1132 700 vertebatur,
1165 631 1324 703 quod
1353 631 1707 686 clericorum
1756 631 2024 686 nonnulli
2051 632 2242 700 erant,
2345 631 2739 687 nendaanovm
2753 630 3104 702 quaestionis
3119 629 3888 686 occasioneminvenitlrenaus
3987 642 3994 651 '

578 738 612 778 a
642 721 860 794 quibus
907 721 1318 776 communione
1363 721 1746 790 privabantur
1789 720 1850 789 ii,
1886 719 1985 791 qui
2043 716 2246 774 ultimo

581 809 872 883 supplicio
895 809 1276 864 animadverti
1292 810 1351 864 in
1371 825 1538 864 reum
1551 807 2245 880 quempiamjussissent,

583 899 873 971 Agnoscit
891 914 1068 969 porro
1087 901 1330 954 sanctus
1363 898 1719 954 Ambrosius
1757 895 2044 968 majorem
2073 913 2148 952 ex
2179 911 2248 952 eo

583 987 924 1044 accessisse
943 986 1366 1058 difﬁcultatem,
1386 987 1542 1058 quod
1563 987 1715 1040 inter
1735 985 2050 1056 episcOpos
2073 985 2249 1040 etiam

581 1092 702 1133 non
731 1076 992 1146 deerant,
1045 1077 1147 1148 qui
1177 1091 1414 1130 reorum
1461 1075 1816 1146 supplicium
1844 1075 1998 1145 apud
2059 1089 2251 1130 saecu-

581 1165 741 1220 lares
759 1164 996 1236 judices
1014 1167 1536 1236 prosequerentur.
1551 1165 1693 1220 Cum
1707 1169 1901 1220 autem
1917 1163 2250 1219 Ithacianos

588 1253 968 1321 Priscilliani,
1031 1253 1129 1324 qui
1159 1269 1312 1308 anno
1369 1253 1474 1308 385
1507 1254 1706 1309 securi
1759 1268 2087 1325 percussus
2119 1251 2248 1321 fuit,

587 1342 878 1414 supplicio
909 1341 1204 1396 efﬁciendi
1235 1344 1510 1398 auctores
1560 1342 1982 1414 designaverit,
2021 1358 2130 1398 nec
2161 1344 2254 1397 ta-

2344 720 2431 774 Illi
2454 719 2774 790 respondet
2795 720 2950 774 idem
2970 722 3214 774 sanctus
3229 735 3296 774 ea
3313 718 3563 790 epistola,
3581 733 3732 790 quam
3744 717 3892 773 XXXII
3994 773 3995 784 ξ

2348 824 2487 864 esse
2519 808 2842 880 oportebat.
2895 807 3010 863 Sed
3057 824 3190 864 cum
3233 811 3531 878 antequam
3576 806 3774 860 ultimas
3809 806 3891 860 illas
3992 835 3995 884 ι

2349 898 2557 954 Ireniei
2593 897 2818 952 litteras
2853 897 2907 952 is
2928 897 3280 968 accepisset,
3319 895 3570 966 epistolas
3599 893 3761 949 XXXI
3778 893 3892 948 etiam

2351 986 2786 1058 subjunxisset,
2818 986 2878 1040 in
2907 986 3102 1041 locum
3132 984 3375 1040 XXXIII
3409 983 3500 1038 illa
3527 981 3724 1054 rejecta
3744 981 3836 1036 fuit.
3856 981 3896 1036 In

2352 1075 2736 1146 inscriptione
2767 1075 3003 1146 quidem
3034 1073 3247 1128 XXXII
3273 1089 3306 1126 a
3336 1071 3602 1128 Romanis
3655 1068 3894 1125 editoribus

2353 1164 2506 1220 facta
2527 1167 2619 1219 est
2635 1164 2894 1234 mutatio,
2920 1164 3028 1218 sed
3050 1179 3183 1234 quae
3217 1163 3428 1218 melius
3463 1160 3606 1214 notis
3629 1158 3730 1212 illic
3745 1157 3897 1212 adden-

3987 941 3995 983 Ι

2355 1255 2448 1308 dis
2466 1252 2871 1324 explicabitur.
2906 1253 3105 1324 Itaque
3135 1255 3199 1306 ut
3243 1254 3468 1306 aetatem
3497 1249 3704 1302 illarum
3728 1245 3896 1300 investi-

2355 1359 2566 1416 gemus
2592 1385 2605 1412 ,
2634 1341 3057 1398 advertendum
3088 1343 3182 1396 est
3208 1341 3270 1395 in
3301 1338 3530 1394 XXXIII
3558 1334 3841 1392 sententiam
3863 1333 3902 1386 il-

587 1447 722 1486 men
753 1430 1180 1502 signiﬁcaverit
1209 1445 1314 1486 eos
1347 1431 1419 1485 ab
1457 1431 1920 1487 orthodoxorum
1951 1431 2252 1487 consortio
2353 1431 2490 1500 lam,
2512 1433 2706 1486 omnis
2721 1437 2963 1485 sanctus
2984 1435 3041 1484 et
3053 1428 3504 1501 primogenitae,
3529 1421 3898 1496 disputarimulto

588 1519 782 1574 adhuc
813 1519 1120 1590 expulsos,
1145 1519 1303 1590 quod
1334 1535 1453 1574 non
1484 1519 1665 1574 multo
1693 1524 1829 1591 post
1859 1520 2097 1600 Maximi
2117 1537 2255 1591 sup-

585 1608 828 1680 plicium
855 1623 1009 1663 anno
1054 1607 1158 1662 388
1206 1608 1538 1679 interempti
1586 1609 1819 1664 tandem
1875 1609 2092 1664 factum
2123 1612 2252 1666 est:

587 1697 932 1752 necessario
963 1697 1102 1751 hinc
1133 1695 1389 1751 efficitur
1417 1698 1724 1767 epistolam
1755 1698 1906 1752 hanc
1939 1699 2132 1754 medio
2164 1700 2252 1754 in-

2356 1521 2551 1576 fusius
2565 1518 2924 1592 quaminlib.
2943 1519 3016 1573 de
3041 1518 3186 1573 Cain
3219 1515 3464 1572 etAbeI.
3481 1515 3623 1569 Hinc
3647 1511 3902 1582 conjicimus

2355 1609 2416 1664 in
2433 1609 2584 1664 libro
2607 1609 2680 1664 de
2693 1607 3004 1663 Benedict.
3029 1605 3377 1662 Patriarch.
3394 1602 3540 1669 c.11,
3559 1619 3612 1657 n.
3635 1602 3712 1669 55,
3731 1599 3810 1654 ubi
3827 1597 3904 1668 agi-

2355 1701 2512 1755 tatur
2531 1697 2684 1752 idem
2717 1698 3147 1769 argumentum,
3176 1695 3249 1748 ad
3287 1693 3440 1748 hanc
3473 1689 3752 1762 epistolam
3765 1685 3906 1742 remitti

584 1785 832 1840 tervallo
865 1785 1203 1840 eorumdem
1234 1801 1522 1840 annorum
1552 1786 1658 1841 385
1689 1790 1744 1841 et
1791 1787 1896 1842 388
1928 1786 2118 1842 fuisse
2148 1789 2254 1843 da-
2355 1789 2611 1842 lectores
2624 1785 2718 1840 his
2732 1784 2866 1856 ejus
2881 1785 3109 1840 verbis:
3132 1781 3448 1838 sic-ntalibi
3460 1776 3906 1836 demonstravimus.

587 1877 726 1931 tam.

659 1981 873 2036 XXVI‘i
909 1981 1239 2052 superioris
1277 1982 1634 2037 continuatio
1665 1986 1776 2053 est,
1815 1983 1875 2038 in
1905 2001 2019 2056 quo
2051 1985 2257 2041 Domi-

589 2070 787 2125 nicum
809 2069 880 2125 de
911 2070 1174 2125 adultera
1223 2071 1466 2126 muliere
1509 2070 1820 2143 judicium,
1871 2075 2029 2145 quod
2075 2091 2256 2146 supra

593 2161 817 2214 tantum
834 2159 1216 2230 delibaverat,
1240 2159 1486 2215 uberius
1509 2162 1806 2232 expendit.
1833 2163 1972 2218 Inde
1994 2167 2086 2218 est
2103 2165 2260 2235 quod

595 2249 845 2319 utraque
874 2251 930 2302 et
961 2249 1168 2304 eodem
1211 2251 1496 2320 tempore,
1546 2252 1603 2304 et
1631 2250 1706 2304 ad
1764 2253 2035 2308 eumdem
2067 2253 2260 2308 homi-

593 2351 749 2406 nem,
780 2337 918 2392 licet
946 2336 1354 2408 inscriptionis
1372 2339 1641 2409 quaedam
1663 2341 1919 2396 varietas
1942 2343 2038 2413 sit,
2072 2342 2257 2398 missa

597 2425 882 2481 noscitur.

664 2532 909 2587 XXVII‘
937 2548 1138 2589 earum
1160 2535 1420 2590 omnium
1437 2552 1570 2607 quae
1592 2536 2004 2594 inscribuntur
2033 2539 2107 2594 ad
2135 2540 2260 2594 Ire-

597 2635 794 2690 neum,
817 2621 1000 2691 prima
1025 2622 1118 2676 vel
1151 2623 1360 2678 saltem
1389 2640 1421 2678 e
1448 2625 1654 2694 primis
1678 2641 1817 2680 esse
1854 2641 1924 2682 eo
1956 2627 2258 2697 probatur,

2288 1877 2463 1966 BEst
2483 1877 2638 1930 enim
2662 1875 2805 1928 illud
2838 1873 3152 1929 admodum
3189 1870 3495 1942 probabile
3524 1864 3820 1966 hujusmodi
3837 1862 3909 1966 api:

2358 1965 2544 2021 stolas
2573 1979 2692 2018 non
2723 1979 2790 2018 ea
2819 1965 3013 2018 mente
3045 1963 3473 2032 scriptasiesse
3503 1959 3573 2013 ab
3594 1953 3862 2020 Ambrosio,
3875 1953 3910 2003 ut

2358 2055 2699 2125 legerentur
2741 2052 2814 2106 ab
2845 2051 2920 2106 iis
2970 2050 3140 2120 solis,
3173 2050 3246 2104 ad
3295 2064 3450 2120 quos
3480 2043 3815 2116 inscriptione
3847 2053 3911 2092 sua

2359 2142 2824 2210 destinabantur,
2845 2141 2950 2195 sed
2968 2142 3030 2194 ut
3063 2138 3630 2194 communicarentur
3657 2133 3800 2188 etiam
3831 2141 3914 2182 cum
3989 2133 3998 2217 ι

2359 2231 2510 2286 aliis.
2537 2232 2612 2285 At
2643 2229 2695 2284 si
2727 2228 3080 2284 admittenda
3112 2230 3204 2282 est
3231 2227 3366 2282 haec
3399 2223 3740 2296 conjectura,
3775 2230 3917 2273 neces—
3994 2258 4002 2297 Ι

2361 2335 2492 2389 sum
2517 2321 2624 2374 erit
2641 2319 2830 2374 eidem
2852 2317 3024 2385 libro,
3043 2331 3220 2388 quem
3249 2330 3408 2370 anno
3435 2313 3658 2369 circiter
3673 2309 3761 2364 887
3775 2305 3917 2361 editum

2361 2425 2499 2465 esse
2530 2408 2962 2476 existimamus,
2997 2405 3256 2476 priorem
3287 2402 3496 2458 haberi
3515 2402 3657 2456 hanc
3681 2393 3919 2468 epistolam.

2362 2497 2507 2554 Cum
2529 2499 2720 2552 autem
2739 2497 2866 2566 ipsa
2887 2510 3004 2548 non
3026 2495 3246 2564 scripta
3268 2492 3466 2562 fuerit,
3499 2489 3610 2545 nisi
3630 2487 3748 2558 post
3763 2477 3921 2539 XXVII.

2368 2603 2501 2659 quae
2531 2586 2716 2656 prima
2765 2587 2857 2640 est
2901 2581 3366 2653 responsionum
3409 2579 3483 2633 ad
3527 2579 3810 2632 Irenaeum:
3839 2567 3924 2659 hinc

2371 2656 2626 2731 efficitur
2672 2674 2781 2728 has
2833 2672 3116 2743 epistolas
3163 2670 3358 2724 eidem
3387 2665 3628 2739 tempori
3677 2656 3928 2718 tribuendus

2371 2780 2530 2833 esse,
2557 2763 2652 2817 cui
2669 2763 3031 2833 superiores.
3055 2759 3351 2814 Caeterum
3380 2773 3512 2830 qua:
3543 2755 3633 2810 hic
3658 2750 3864 2806 diximus
3877 2757 3931 2797 sl-

2367 2854 2444 2908 tis
2468 2851 2785 2908 ostendunt
2800 2849 3102 2905 Ambrosii
3122 2847 3440 2919 epistolam
3467 2846 3527 2900 in
3547 2835 3930 2914 Appollinarium.

2374 2943 2435 2997 in
2465 2957 2580 3013 qua
2611 2940 2723 2996 sub
2755 2939 2930 2994 finem
2978 2937 3197 2992 mentio
3242 2937 3308 2992 tlt
3339 2932 3598 3006 perdicis
3645 2922 3934 2984 Hieramiane

597 2709 753 2780 quod
781 2707 953 2764 hisce
984 2710 1187 2766 verbis
1220 2711 1279 2766 in
1309 2727 1379 2767 ea
1405 2713 1666 2784 loquitur
1689 2713 2044 2785 Ambrosius
2072 2731 2084 2772 :
2126 2716 2261 2772 Non

597 2797 1000 2870 erubescaspa
1007 2805 1158 2854 trem
1178 2799 1578 2874 interrogare.
1595 2803 1828 2858 Annum
1841 2819 1982 2860 vero
1994 2820 2110 2876 quo
2123 2806 2267 2860 scri-

595 2890 694 2958 pta
725 2887 854 2955 fuit,
913 2887 1052 2943 hinc
1083 2889 1366 2959 eruimus,
1429 2891 1588 2962 quod
1637 2908 1771 2963 quae
1820 2893 2112 2948 indicatur
2157 2910 2264 2964 pro

595 2975 832 3078 ciiiiii
1137 2993 1202 3078 ii
1233 2978 1484 3052 ίηιειιίεί
1515 2976 1884 3036 commisi
2371 2975 2580 3078 3.1:;
2605 2975 2930 3078 3:15;;
2957 2975 3308 3078 έξῑιξξξοεέι·
3327 2975 3828 3078 sanitati;

603 3025 828 3033 πη---
864 3025 1104 3048 ,_-__-,
1139 3025 1202 3033 π
1233 3025 1416 3034 __--.--
1467 3025 1484 3034 -
1519 3025 1884 3036 --....--.,-...-
1935 3025 2054 3038 κν..
2083 3025 2263 3050 ..πων
2911 3027 2923 3038 .
3037 3027 3048 3037 .
3101 3025 3112 3038 .

594 3066 925 3138 videantur,
949 3082 1124 3139 quam
1144 3067 1216 3123 de
1239 3025 1490 3143 διιειὶηέ
1511 3071 1947 3140 persecutione.
1971 3070 2270 3142 Quaprop-
2371 3033 2574 3086 contra
2605 3029 2926 3084 Hermann!
2957 3041 3296 3098 Opinionem
3327 3025 3522 3080 adhuc
3550 3028 3843 3143 superesse:

595 3160 688 3213 ter
729 3158 889 3212 illam
911 3134 1032 3212 iant
1067 3157 1205 3212 huic
1255 3175 1408 3214 anno
1570 3161 1670 3213 aut
1700 3134 2129 3230 superiori738ti
2157 3134 2266 3215 tri-
2442 3155 2616 3229 [Ann.
2640 3152 2790 3226 387.]
2820 3151 3110 3221 XXXIV“,
3139 3149 3388 3206 XXXVal
3411 3151 3469 3205 et
3492 3134 3937 3230 XXXVI‘statim'a

596 3246 892 3302 buendam
923 3247 1356 3302 existimamus.
1405 3247 1476 3302 Et
1517 3263 1661 3302 sane
1707 3251 1865 3302 tanta
1921 3251 2013 3302 est
2059 3265 2264 3304 eorum
2307 3245 2578 3320 Cprimis
2598 3242 2804 3298 verbis
2826 3241 3542 3312 abundeprodunt,quam
3561 3247 3726 3323 parvo

600 3352 734 3408 quae
765 3336 826 3390 in
855 3351 925 3391 ea
970 3339 1294 3391 tractantur
1323 3352 1458 3390 cum
1503 3339 1851 3408 argumento
1896 3338 2164 3408 epistolae
2193 3339 2267 3394 ad
2324 3315 2347 3320 ν
2373 3315 2563 3406 spatio
2585 3333 2738 3387 inter
2770 3346 2837 3386 se
2860 3329 3098 3384 distent.
3133 3328 3223 3383 Ad
3262 3324 3609 3384 Horontiani
3640 3315 3937 3408 nubitationes

597 3401 1041 3496 éimplicianum
1062 3425 1344 3480 secundas
1375 3401 1631 3480 afﬁnitas
1647 3428 1821 3496 atque
1845 3401 2185 3498 consensio,
2203 3430 2269 3482 ut
2373 3401 2470 3478 his
2487 3419 2900 3492 respondetur.
2924 3417 2989 3472 In
3008 3417 3179 3472 tertia
3200 3432 3348 3472 vero
3370 3416 3634 3489 queritur
3650 3401 3938 3500 sanctltfvdlf'

600 3494 844 3570 alterius
876 3516 1104 3568 aetatem
1133 3514 1315 3570 altera
1343 3494 1774 3586 quodammodo
1806 3494 2266 3576 demonstratae
2375 3512 2546 3567 tistes
2569 3509 2828 3581 martyrii
2860 3507 3234 3576 occasiones,
3269 3522 3406 3562 cum
3435 3517 3615 3576 prope
3653 3497 3718 3552 ad
3745 3494 3840 3548 νοίί
3859 3500 3938 3541 ου’

602 3605 928 3660 conﬁrmet.
2375 3605 2497 3658 tum
2513 3601 2636 3674 jam
2657 3599 3054 3671 pervenisset,
3075 3596 3192 3652 sibi
3214 3597 3474 3666 ereptas.
3499 3592 3678 3648 Nemo
3691 3588 3850 3641 autem
3869 3587 3941 3630 non

2375 3691 2536 3746 videt
2575 3690 2691 3744 hoc
2728 3703 2847 3743 non
2877 3702 3058 3758 posse
3103 3685 3218 3740 alio
3261 3683 3478 3739 referri
3520 3678 3700 3750 magis
3743 3675 3942 3758 congrue:

2379 3795 2554 3853 quam
2575 3777 2648 3832 ad
2679 3749 2942 3832 crudelia
2988 3773 3238 3829 Justinae
3288 3770 3596 3827 saevientis
3638 3770 3883 3853 tempore:
3913 3749 3946 3853 ei

2380 3845 2652 3941 quamvis
2681 3864 2926 3920 deﬁnire
2955 3878 3074 3918 non
3117 3861 3292 3916 facile
3325 3861 3426 3930 sit,
3475 3873 3614 3914 num
3640 3855 3806 3941 hmca
3827 3845 3946 3941 long?

2381 3935 2582 4028 elapsa
2613 3956 2852 4010 essent:
2881 3956 3076 4007 tamen
3111 3951 3206 4006 his
3228 3950 3438 4006 verbis
3470 3948 3704 4004 sanctus
3730 3939 3807 4001 vir
3827 3935 3952 4024 loqu}:

2380 4049 2496 4115 tur,
2527 4059 2660 4116 quae
2691 4041 2946 4096 vicinam
2977 4039 3358 4096 occasionem
3397 4028 3798 4111 quodammodo
3822 4028 3951 4090 magis

2383 4133 2698 4190 declarent.

665 3713 934 3770 XXVIIIli
962 3713 1110 3770 satis
1161 3713 1449 3770 concinne
1498 3714 1758 3770 cohaeret
1805 3717 1978 3785 atque
2011 3729 2270 3770 connec-

599 3803 742 3860 titur
763 3819 895 3858 cum
914 3803 1244 3874 superiore.
1281 3803 1550 3874 Namque
1592 3804 1695 3858 ubi
1723 3819 1905 3874 supra
1934 3803 2273 3874 expositum

601 3895 694 3948 est
709 3909 885 3965 quam
907 3892 1229 3965 fugiendus
1251 3893 1427 3948 nobis
1445 3893 1522 3946 sit
1542 3892 1944 3963 improborum
1963 3891 2272 3947 convictus

603 3985 662 4038 et
691 3983 970 4052 societas,
1003 3983 1100 4038 hic
1129 3983 1418 4037 Irenaeum
1463 3981 1536 4035 ad
1585 3981 1992 4036 sublimiorem
2024 3980 2272 4053 gradum

601 4074 930 4143 promovet,
957 4087 1090 4126 eum
1113 4073 1313 4142 utpote
1335 4069 1760 4126 ecclesiasticae
1800 4069 2024 4124 militiae
2054 4067 2278 4139 ascrip-

604 4163 749 4232 tum,
773 4161 1007 4217 ceteris
1027 4160 1382 4216 Christianis
1405 4159 1541 4214 vitae
1559 4158 1948 4214 sanctimonia
1963 4157 2273 4228 praecelle-

601 4267 670 4306 re
699 4250 918 4306 debere
947 4249 1332 4322 patefaciens.
1383 4249 1536 4304 Hinc
1577 4249 1878 4320 intelligas
1910 4247 2114 4302 eadem
2145 4244 2274 4316 epi-

605 4339 758 4396 stola
805 4339 1116 4412 superiore
1168 4339 1320 4394 hanc
1349 4354 1468 4394 non
1525 4352 1664 4392 esse
1695 4336 1811 4391 nisi
1842 4351 2026 4406 parvo
2083 4334 2274 4406 spatio

602 4429 1018 4506 Posteriomm'
2382 4403 2668 4493 nius'ctlm
2693 4435 2751 4488 in
2772 4433 3086 4489 Ambrosu'
3109 4433 3246 4498 vita,
3270 4435 3396 4486 tum
3415 4430 3476 4484 in
3495 4421 3804 4482 Annalibus
3815 4403 3958 4506 Βῖοθίθξ
4010 4419 4011 4440 ‘

671 4538 890 4594 XXIX'Ii
919 4537 1215 4608 praecepta
1245 4533 1490 4606 majoris
1523 4533 1715 4588 adhuc
1742 4531 2130 4604 perfectionis
2157 4533 2277 4586 tra-
2347 4603 2362 4608 _
2384 4525 2653 4582 siasticis
2673 4524 2746 4600 ad
2766 4539 2984 4578 annum
3021 4521 3126 4577 375
3145 4536 3214 4576 ac
3249 4519 3356 4576 385
3380 4532 3598 4608 omnes
3629 4504 3959 4608 Λωὶξνοξξξξξ

603 4626 687 4685 dit
715 4596 963 4682 Irenaeo.
995 4596 1266 4679 Ostendit
1307 4596 1464 4678 enim
1522 4622 1595 4676 ad
1627 4596 1764 4676 tam-
1789 4620 2110 4692 perfectam
2143 4635 2276 4674 cum
2315 4603 2458 4675 Dad
2478 4596 2920 4685 Simplicianum
2951 4609 3234 4681 epistolas
3265 4625 3299 4663 a
3329 4611 3540 4663 sancto
3562 4596 3800 4692 P11138910
3817 4596 3958 4692 Ρηξξξξ

609 4671 687 4685 -μ-
717 4671 963 4682 "Vm"-
1002 4671 1264 4679 ν-ν---πη
1311 4671 1464 4678 σ--η-
1525 4671 1595 4676 --
1631 4671 1742 4676 τψ-
1792 4671 2110 4692 run--m—
2150 4671 2276 4674 -ω-
2317 4671 2356 4675 τ
2608 4671 2622 4685 .
2989 4671 3005 4681 .
3928 4671 3957 4692 ,η

609 4731 840 4771 summo
863 4715 1020 4770 bono
1044 4711 1522 4785 conjunctionem
1538 4710 1804 4780 aspirare
1825 4709 2020 4780 ipsum
2038 4708 2275 4776 debere,
2384 4704 2513 4760 initi
2533 4703 2912 4774 episc0patus
2934 4699 3106 4754 annis
3146 4698 3406 4768 scriptas
3445 4694 3677 4785 asserit,
3709 4689 3762 4742 ut
3785 4671 3959 4785 alni->23

699 4769 773 4858 ad
803 4803 1102 4869 inferiora,
1137 4769 1270 4874 quae
1328 4802 1480 4856 hanc
1511 4799 1586 4855 ob
1611 4769 1866 4854 causam
1889 4769 2279 4894 relinquenda
2385 4794 2460 4894 ad
2489 4769 2800 4894 epistolam
2828 4787 3436 4894 .LXVnepricabit‘ur.
3468 4784 3609 4894 Quae
3638 4789 3766 4894 vero
3788 4769 3964 4894 illam

609 4895 767 4958 sunt,
792 4907 1090 4964 nunquam
1109 4861 1327 4946 redeat.
1365 4891 1531 4944 Hanc
1559 4904 1704 4960 ergo
1751 4861 2280 4958 epistolam.supe-
2385 4883 2563 4938 nione
2595 4879 2926 4936 doctissimi
2972 4877 3299 4934 Cardinalis
3331 4876 3451 4930 hoc
3495 4873 3625 4964 loco
3654 4881 3754 4964 nos
3787 4861 3947 4964 "of:

608 4946 802 5035 tiores
836 4946 984 5035 duas
1013 4981 1181 5036 brevi
1214 4983 1480 5036 secutam
1529 4946 1772 5033 dubium
1788 4946 1922 5032 ‘non
1971 4979 2083 5032 est.
2117 4946 2285 5040 Quod
2387 4987 2456 5026 ea
2485 4969 2862 5042 potissimum
2905 4969 3065 5035 sunt,
3115 4967 3169 5020 1ο
3207 4964 3366 5036 quod
3416 4959 3762 5030 intelligatur
3793 4946 3963 5042 63.3353

609 5071 898 5141 praaterea
926 5069 1186 5126 Gratiani
1216 5069 1486 5124 luctuosa
1510 5083 1694 5136 mors,
1715 5083 1848 5138 quae
1878 5081 1997 5120 non
2029 5064 2286 5119 obscure
2391 5058 2637 5115 exordio
2667 5057 2935 5127 epistolae
2964 5055 3280 5125 XXXVIII,
3316 5049 3697 5107 Ambrosium
3727 5026 3966 5141 cumini-1:3

610 5121 831 5214 ibidem
861 5158 1169 5228 indicatur,
1204 5159 1450 5213 multum
1481 5121 1808 5211 confirmat.
2392 5147 2658 5202 exaravit
2685 5146 2746 5200 in
2773 5145 2966 5200 medio
3011 5145 3144 5214 ipso
3171 5142 3550 5213 1concionum
3588 5121 3965 5228 suarumflﬁ':

1204 5205 1894 5317 inn—exuponeh-do-ngaei
1929 5243 2082 5298 loco.
2119 5241 2286 5296 I-Ianc
2391 5235 2730 5292 exstitisse:
2767 5234 2825 5287 2°
2844 5205 3114 5288 ethnicbs
3131 5205 3524 5302 philosophos
3553 5241 3587 5280 θ
3617 5217 3788 5319 saetis

1667 5298 2070 5406 obsignasset,
2104 5329 2289 5384 tradi-
2393 5324 2736 5380 auctoribus
2751 5322 2997 5393 plurima
3015 5298 3330 5386 mutuatos,
3356 5298 3477 5372 non
3513 5310 3678 5408 quasi
3696 5298 3970 5408 aliut-138::

613 5379 970 5394 ...μωνυηω
1008 5379 1202 5390 υ........
1243 5379 1320 5390 ν.-
1347 5379 1414 5390 ..ν
1449 5379 1634 5390 .,.,..,
1669 5379 1798 5388 νην-
1848 5379 2070 5400 -_,----,
2109 5379 2250 5384 πη-
2418 5379 2450 5380 ,,
2484 5379 2491 5380 ,
2751 5379 2768 5393 ,
3318 5379 3326 5386 ,
3530 5379 3548 5386 _

613 5427 920 5498 dissetque
950 5425 1276 5492 tabellario,
1309 5379 1419 5480 ;bS
1465 5439 1529 5479 se
1563 5379 1862 5478 exarata;
1907 5419 2115 5492 primis
2148 5417 2284 5491 ejus
2393 5415 2488 5484 do,
2523 5413 2630 5468 sed
2663 5428 2737 5468 ex
2769 5411 3056 5466 institudo
3083 5409 3335 5498 probare
3377 5379 3948 5498 aggredituhﬂ‘jfﬂ

624 5467 1225 5572 verbisltestiﬂcatur.
1264 5467 1276 5492 ’
1907 5467 1928 5492 ι
2181 5467 2203 5491 υ
2395 5504 2738 5576 gumentum
2759 5501 2935 5556 etiam
2959 5499 3020 5554 in
3037 5497 3309 5570 Exposit.
3323 5492 3478 5566 psal.
3505 5503 3678 5576 cxvni
3705 5483 3756 5536 et
3778 5477 3824 5576 ξπ
3850 5467 3972 5576 Ῐξξξ

1275 5605 1334 5657 et
1388 5599 1659 5656 XXXIIIa
1714 5599 1804 5653 sic
1862 5597 1979 5653 sibi
2034 5597 2290 5652 invicem
2395 5559 2470 5648 de
2491 5589 2876 5647 Patriarchis
2905 5559 3157 5643 maxime
3185 5559 3418 5640 tractat.
3454 5580 3636 5673 Igitur
3662 5559 3972 5673 ὶιαιιάιξδξὲἲ

618 5653 1098 5747 concatenantur.
1123 5691 1268 5745 Cum
1291 5690 1537 5743 sanctus
1571 5687 1793 5758 praesul
1835 5685 2152 5757 quaestioni
2173 5685 2291 5741 sibi
2395 5680 2698 5736 vcrsimile
2721 5681 2833 5746 est.
2861 5675 3212 5733 omnesillas
3235 5653 3972 5776 commentationesqufiz:

1341 5741 1595 5846 epistold
1629 5774 1820 5833 XXXI
1851 5741 2291 5846 satisfecisset,
2395 5770 2694 5843 superbos
2709 5741 2846 5824 illos
2871 5769 3044 5841 atque
3062 5763 3363 5836 imperitos
3386 5755 3671 5820 homines,
3701 5743 3788 5820 qui
3815 5741 3946 5792 πονο

2453 4257 2809 4314 ΧΧΧνιιιθι
2825 4255 3150 4310 XXXVIII"
3170 4253 3245 4308 ad
3265 4251 3704 4324 Simplicianum
3730 4228 3956 4324 άαωῌειιιιί

2383 4365 2539 4418 eum,
2575 4347 2675 4418 qui
2703 4345 3087 4400 Ambrosium
3118 4342 3354 4412 excepit
3386 4319 3447 4396 in
3476 4322 3958 4418 episcopatu.£3ll:<i'
4010 4319 4011 4358 ‘
