4090 6174
70 363 201 430 89⁹7

1013 346 1624 418 EPISTOLARUM
1669 347 1902 414 ORDO
1947 338 2055 414 ΕΤ
2094 351 2640 416 ARGUMENTA

3427 343 3552 425 898

81 562 335 618 eosdem
363 560 638 614 auctores
662 571 693 611 e
713 554 1097 626 profanorum
1137 553 1399 608 fontibus
1441 552 1720 606 hausisse
1745 567 1760 621 ;
1787 537 1850 603 Α
1879 551 2164 623 telligitur
2191 551 2460 606 eumdem
2489 570 2592 621 xu,
2629 553 2756 609 Kal.
2789 554 3077 610 Octobres
3108 555 3244 610 anni
3274 554 3377 609 338
3407 569 3546 610 non-

82 654 170 707 uti
201 652 454 706 testatur
485 649 729 702 sanctus
754 643 1151 715 Augustinus,
1186 643 1378 712 inepte
1395 641 1759 711 jactitabant,

82 740 158 794 ad
181 739 338 794 idem
360 734 786 807 propemodum
818 736 1050 800 tempus
1085 746 1222 784 esse
1253 729 1618 784 referendas.
1651 729 1764 782 Po-

85 833 315 883 stremo
344 829 503 879 tanta
533 826 627 878 est
655 820 838 890 hujus
886 819 1156 873 XXXVII
1199 818 1464 888 epistolae
1497 833 1629 870 cum
1660 816 1762 870 lib.

89 917 166 972 de
196 915 400 983 Jacob,
437 918 495 968 et
539 910 669 965 Vita
693 910 866 963 beata
889 910 947 961 in
966 907 1296 961 elocutione
1328 909 1501 976 atque
1535 905 1593 958 in
1626 920 1766 958 sen-

86 1005 296 1060 tentiis
324 1017 393 1056 ac
422 1004 544 1056 toto
575 999 925 1070 argumento
952 997 1248 1066 cognatio,
1269 998 1331 1048 ut
1353 994 1523 1047 facile
1547 993 1619 1047 ab
1639 1008 1768 1047 om-

85 1094 272 1147 nibus
323 1091 515 1145 eidem
557 1086 807 1157 tempori
851 1084 1283 1154 adjudicentur.
1326 1081 1492 1147 Quod
1521 1097 1664 1136 vero
1696 1080 1770 1134 ad

90 1179 364 1246 XXXIII,
384 1193 515 1232 cum
533 1174 864 1245 superioris
885 1173 1240 1226 continuatio
1264 1171 1359 1240 sit,
1381 1171 1532 1224 inter
1552 1173 1770 1223 utram-

88 1285 210 1341 que
241 1266 617 1336 interjectum
649 1265 877 1316 constat
909 1277 1026 1314 non
1056 1275 1194 1314 esse
1215 1259 1460 1331 longum
1492 1257 1766 1327 spatium.

165 1356 442 1410 XXXIX‘
473 1353 754 1408 Faustino
784 1352 1034 1404 mortem
1074 1348 1302 1402 sororis
1333 1347 1644 1400 immodice
1676 1345 1770 1398 lu-

91 1446 267 1519 genti
298 1444 586 1498 destinata
615 1443 725 1495 est.
760 1439 850 1492 Ad
881 1454 1014 1491 eum
1047 1436 1444 1491 communium
1478 1434 1772 1488 calamita-

89 1540 226 1588 tum
259 1531 532 1600 exemplo
562 1526 983 1584 consolandum
1004 1525 1083 1579 ibi
1107 1527 1507 1578 memorantur
1528 1523 1774 1576 semiru-

94 1630 305 1677 tarum
338 1620 566 1674 urbium
587 1616 900 1684 cadavera,
929 1629 1076 1685 quas
1098 1613 1335 1684 quidem
1359 1613 1591 1666 urbium
1614 1625 1774 1665 ever-

95 1712 314 1766 siones
365 1712 426 1762 ut
471 1707 541 1760 ad
589 1705 973 1774 irruptionem
1022 1703 1260 1755 .‘ilnximi
1307 1700 1537 1771 tyranni
1569 1699 1627 1753 in
1657 1700 1774 1752 Ita-

93 1800 240 1854 liam
292 1797 510 1852 referat
557 1793 880 1860 Baronius,
932 1792 1131 1845 Pacati
1182 1791 1362 1844 utitur
1407 1789 1770 1843 auctoritate.

96 1889 326 1942 Verum
373 1889 569 1938 tamen
615 1898 732 1937 non
762 1883 834 1936 de
870 1859 1062 1950 Italia,
1105 1879 1214 1934 sed
1242 1880 1314 1933 de
1342 1877 1550 1933 Galliis
1582 1877 1778 1947 agitur
1806 1859 1858 1922 Β

94 1992 172 2032 eo
222 1974 420 2031 Pacati
466 1973 598 2028 loco
649 1986 824 2042 quem
869 1969 1128 2023 indicare
1177 1967 1251 2021 ad
1285 1967 1344 2021 id
1375 1966 1623 2020 videtur.
1658 1964 1776 2019 Sed

99 2081 242 2120 cum
272 2063 515 2118 easdem
545 2061 831 2115 nobilium
877 2057 1114 2112 urbium
1163 2056 1502 2110 excisiones
1543 2055 1615 2108 ad
1646 2053 1776 2107 bel-

94 2155 228 2209 lum
257 2150 510 2224 Eugenii
541 2149 766 2204 referre
797 2147 953 2201 haud
985 2146 1181 2200 minus
1211 2144 1453 2199 difﬁcile
1485 2143 1581 2210 sit,
1603 2158 1779 2213 quam

98 2243 180 2297 ad
230 2240 492 2307 Maximi,
545 2255 578 2292 a
622 2236 862 2292 Baronii
923 2233 1212 2290 sententia
1255 2250 1372 2288 non
1418 2232 1775 2300 recedimus,

103 2332 388 2401 hancque
417 2327 726 2398 epistolam
758 2327 1009 2378 exeunte
1057 2338 1210 2376 anno
1239 2322 1366 2389 387,
1401 2336 1533 2375 cum
1561 2319 1781 2374 verisi-

100 2419 313 2475 milius
345 2419 617 2472 occurrat
646 2413 814 2485 nihil,
849 2413 1130 2482 scriptam
1161 2414 1458 2481 putamus.

183 2507 362 2580 [Ann.
404 2505 508 2560 388
547 2507 644 2557 aut
682 2500 832 2573 389.]
853 2501 983 2555 XLa
1012 2504 1130 2554 tota
1161 2503 1253 2554 est
1283 2500 1341 2552 in
1370 2495 1784 2568 persuadendo

105 2595 479 2662 Theodosio,
504 2595 566 2646 ut
584 2592 837 2646 edictum
862 2590 933 2642 de
956 2604 1262 2659 synagoga
1287 2588 1538 2658 quadam
1557 2586 1788 2640 Judan-

103 2701 246 2741 rum
268 2684 342 2738 ab
366 2681 645 2752 episcopo
669 2679 848 2733 castri
869 2678 1134 2733 Gallicini
1157 2673 1786 2744 reaedilicanda,deque

105 2772 427 2830 monachis
449 2771 548 2841 qui
570 2770 766 2822 fanum
801 2767 1343 2820 Valentinianorum
1374 2764 1789 2818 haereticorum

106 2863 190 2917 ab
232 2862 310 2916 iis
343 2857 694 2914 contumelia
725 2855 1029 2926 provocati
1059 2853 1460 2920 incenderant,
1497 2851 1788 2920 supplicio

107 2949 454 3005 afﬁciendis
477 2949 876 3001 revocaretur.
895 2941 1206 2997 Contendit
1240 2939 1640 2995 Gothofredus
1673 2953 1790 2993 non

110 3040 297 3093 aliam
326 3037 520 3108 legem
549 3034 795 3088 indicari
826 3032 935 3085 hac
968 3031 1236 3100 epistola,
1262 3029 1378 3084 nisi
1400 3029 1517 3101 leg.
1551 3027 1674 3082 dde
1692 3027 1792 3082 Ju-

113 3129 297 3197 ἀνείς,
320 3121 824 3192 Constantinopoli
861 3138 922 3173 ιη
954 3119 1080 3173 Kal.
1117 3119 1354 3172 Octobr.
1399 3119 1535 3171 anni
1571 3116 1674 3171 393
1704 3116 1792 3169 la-

1880 641 2015 694 dum
2047 641 2380 695 recessisse
2438 643 2728 712 Aquileia,
2785 660 2844 696 v1
2900 660 3040 698 vero
3090 644 3224 698 idus
3270 643 3543 715 ejusdem

1880 729 2105 783 mensis
2133 728 2255 800 jam
2287 731 2526 784 venisse
2559 731 2973 801 Mediolanum,
3008 749 3120 803 qua
3171 734 3230 786 in
3263 733 3406 787 urbe
3438 749 3544 786 us-

1881 833 1994 888 que
2026 818 2098 870 ad
2131 818 2344 872 maium
2378 821 2684 889 sequentis
2718 820 2852 872 anni
2887 825 3285 874 commoratus
3316 823 3426 876 est.
3459 821 3550 874 Ex

1881 905 2099 975 quibus
2130 905 2313 975 liquet
2343 905 2454 959 hoc
2504 907 2635 976 ipso
2681 907 2988 962 intervallo
3021 911 3286 962 sanctum
3317 925 3552 978 praesu-

1881 993 2016 1062 lem,
2066 993 2166 1064 qui
2211 994 2585 1065 negotiorum
2636 1011 2880 1048 suorum
2913 1011 3092 1050 causa
3126 995 3452 1066 Aquileiam
3485 1012 3552 1052 se

1884 1083 2246 1151 contulerat,
2321 1098 2502 1151 super
2576 1085 2876 1138 memorati
2943 1084 3116 1139 edicti
3176 1085 3551 1142 revocatione

1884 1169 2208 1240 scripsisse
2241 1171 2314 1224 ad
2345 1171 2766 1226 Theodosium.

1954 1259 2110 1312 XLIa
2141 1274 2269 1312 eam
2301 1259 2375 1313 ob
2407 1275 2532 1313 rem
2562 1265 2800 1315 exarata
2846 1264 2936 1315 est
2986 1262 3058 1315 ab
3109 1262 3448 1333 Ambrosio,
3495 1267 3558 1318 ut

1885 1362 2154 1401 sororem
2185 1347 2405 1402 faceret
2436 1349 2768 1418 certiorem,
2803 1365 2919 1420 quo
2967 1353 3135 1420 pacto
3186 1352 3453 1422 episcopi
3484 1367 3553 1406 ac

1883 1436 2309 1490 monachorum
2345 1452 2544 1505 causa,
2579 1437 2650 1490 de
2681 1453 2796 1508 qua
2827 1439 3023 1509 agitur
3058 1440 3117 1492 in
3167 1441 3415 1509 epistola
3447 1456 3554 1494 su-

1884 1524 2124 1594 periori,
2186 1523 2419 1578 felicem
2479 1526 2700 1579 exitum
2749 1529 2913 1580 esset
2959 1532 3297 1582 consecuta.
3349 1527 3556 1582 Eidem

1885 1611 2157 1682 adjunxit
2188 1616 2244 1666 et
2273 1627 2406 1666 eum
2436 1629 2790 1683 sermonem,
2817 1631 2992 1685 quem
3020 1631 3302 1670 reversus
3335 1616 3557 1672 Medio-

1887 1700 2106 1769 lanum,
2159 1700 2364 1754 eadem
2407 1702 2477 1754 de
2515 1717 2577 1754 re
2611 1717 2810 1755 coram
2841 1703 3179 1757 Theodosio
3210 1706 3557 1774 pronuntia-

1888 1789 1990 1842 vit.
2046 1789 2197 1842 Hinc
2231 1805 2402 1843 nemo
2433 1794 2609 1860 neget
2640 1790 2789 1843 hanc
2820 1791 3128 1860 epistolam
3160 1809 3340 1862 parvo
3374 1795 3559 1848 inter-

1890 1877 2044 1931 vallo
2079 1881 2390 1947 postquam
2423 1879 2698 1946 superior
2745 1879 2962 1948 scripta
3008 1879 3242 1949 fuisset,
3296 1885 3560 1938 secutam

1892 1982 2048 2022 esse.
2087 1966 2300 2020 Nullus
2329 1966 2484 2020 enim
2515 1967 2681 2021 locus
2706 1970 2796 2021 est
2817 1967 3140 2038 dubitandi,
3176 1969 3560 2026 Ambrosium

1891 2057 1993 2110 ubi
2050 2055 2300 2126 primum
2350 2057 2405 2109 ei
2453 2054 2634 2122 licuit,
2683 2055 2754 2108 ad
2806 2056 3010 2110 sedem
3049 2073 3218 2111 suam
3250 2074 3560 2114 reversum

1893 2161 2054 2214 esse,
2087 2148 2148 2198 ut
2177 2144 2250 2196 iis
2283 2159 2314 2196 a
2346 2143 2563 2214 quibus
2595 2143 2787 2212 decipi
2818 2145 3110 2213 potuisset
3141 2145 3350 2217 religio
3379 2147 3562 2216 impe-

1894 2233 2130 2301 ratoris,
2163 2232 2356 2286 aditus
2388 2231 2794 2300 praecluderet,
2831 2236 2887 2285 et
2917 2232 3045 2302 ipse
3064 2247 3268 2288 eorum
3297 2251 3430 2306 quae
3459 2251 3561 2307 pe-

1894 2322 2182 2392 reptabat,
2219 2321 2384 2374 fieret
2417 2335 2678 2389 compos.

1967 2410 2153 2465 XLIIIII
2184 2409 2505 2478 respondet
2535 2407 2782 2477 Syricio.
2817 2408 3083 2479 Namque
3114 2409 3210 2463 hic
3232 2425 3399 2481 papa,
3426 2427 3561 2467 cum

1902 2501 2106 2556 Romae
2157 2497 2455 2553 Joviniani
2498 2496 2752 2550 haeresis
2791 2497 2981 2566 palam
3013 2498 3329 2568 erupisset,
3365 2499 3564 2556 habito

1902 2589 2151 2644 Romani
2185 2587 2327 2642 cleri
2359 2586 2631 2654 concilio,
2665 2585 2798 2656 ejus
2825 2590 3125 2642 auctorem
3147 2605 3213 2642 ac
3238 2593 3564 2646 sectatores

1900 2676 2284 2731 anathematis
2316 2691 2506 2744 poenae
2541 2675 2815 2744 subjecit.
2852 2676 2998 2730 Tum
3036 2693 3179 2732 vero
3221 2680 3567 2748 synodicam

1901 2765 2212 2836 epistolam
2239 2764 2312 2817 ad
2347 2764 2820 2818 Mediolanenses
2860 2765 2992 2820 ideo
3025 2767 3285 2837 scripsit,
3319 2772 3380 2822 ut
3410 2768 3566 2824 idem

1904 2854 2242 2922 haereticus,
2276 2869 2451 2923 quem
2481 2868 2513 2906 e
2545 2854 2902 2908 monasterio
2934 2870 3052 2909 non
3081 2857 3285 2925 procul
3319 2872 3351 2909 a
3384 2858 3570 2911 muris

1904 2943 2448 2998 Mediolanensibus
2480 2943 2675 3012 posito
2705 2944 2761 2995 et
2793 2943 3093 2998 Ambrosii
3123 2945 3428 3016 vigilantia
3458 2963 3572 3018 gu-

1905 3033 2150 3086 bernato
2198 3030 2543 3102 profugisse
2594 3035 2856 3101 noverat,
2901 3032 2960 3086 in
2992 3033 3089 3086 illa
3122 3035 3266 3088 urbe
3297 3039 3576 3105 tanquam

1906 3121 2122 3192 anguis
2145 3115 2389 3191 quidam
2419 3120 2479 3173 in
2510 3135 2693 3189 specu
2727 3137 2836 3175 suo
2854 3119 3262 3176 suifocaretur.
3297 3125 3576 3194 Acceptis

113 3169 273 3184 um-
325 3169 824 3192 νηυηηη-..-τμ-
956 3169 1080 3173 --τη
1131 3169 1150 3172 -
1582 3169 1628 3171 η
1907 3169 2118 3192 *πο---
2159 3169 2389 3191 rw“---
2511 3169 2693 3189 πη-
2727 3169 2831 3175 η-
2855 3169 3262 3176 ηπη---ηη-
3297 3169 3576 3194 .--νντηυ

111 3222 241 3272 tam
260 3169 297 3285 ;’
314 3219 487 3284 atque
527 3212 672 3266 adeo
714 3209 979 3264 eamdem
1011 3208 1320 3278 epistolam
1343 3207 1479 3260 huic
1500 3205 1617 3276 ipsi
1638 3202 1792 3259 anno
1825 3169 1876 3232 Ο
1909 3209 2122 3280 Syricii
2157 3209 2389 3277 litteris,
2424 3209 2689 3262 eamdem
2720 3209 2998 3264 haeresim
3017 3210 3074 3264 in
3099 3211 3326 3281 synodo
3359 3212 3580 3267 Medio-

116 3303 579 3360 attribuendam.
624 3298 1054 3353 Conﬁrmandae
1101 3313 1227 3350 suae
1277 3295 1538 3365 opinioni
1577 3294 1792 3348 addere

113 3396 372 3463 insuper
389 3392 440 3446 is
460 3389 753 3460 potuisset
781 3387 854 3440 ab
878 3386 1195 3440 Ambrosio
1219 3387 1275 3438 et
1296 3386 1559 3437 incensae
1583 3383 1794 3437 dudum

117 3479 637 3549 ConstantinOpoli
655 3478 865 3531 domus
883 3473 1262 3544 episcopalis,
1279 3476 1337 3528 et
1354 3472 1588 3543 injuriae
1603 3472 1800 3525 Antio-

123 3570 340 3626 chenis
363 3585 396 3621 a
412 3567 749 3622 Theodosio
772 3563 1119 3618 condonatae
1137 3562 1495 3616 mentionem
1517 3561 1665 3614 fieri.
1691 3559 1799 3614 Ni-

123 3659 455 3716 hilominus
475 3661 667 3710 tamen
689 3655 822 3708 istis
841 3652 1118 3708 omnibus
1141 3651 1334 3721 potior
1355 3650 1529 3704 nobis
1547 3653 1639 3703 est
1658 3650 1803 3702 Pau-

123 3749 235 3804 lini
261 3747 606 3814 auctoritas,
641 3745 700 3798 in
730 3742 1116 3813 prseceptoris
1141 3740 1236 3794 sui
1257 3739 1440 3792 rebus
1465 3741 1636 3792 testis
1657 3753 1804 3792 ocu-

125 3837 251 3893 lati.
278 3838 497 3905 Aperte
518 3837 712 3887 autem
735 3831 831 3885 hic
853 3829 1178 3900 profitetur,
1204 3834 1501 3882 exstincto
1521 3827 1801 3895 Maximo,

141 3925 473 3981 Theodosio
521 3921 838 3977 constituto
886 3918 1246 3982 Mediolani,
1298 3915 1618 3970 Ambrosio
1668 3930 1808 3969 vero

134 4017 410 4087 episcOpo
436 4012 754 4067 constituto
783 4007 1096 4080 Aquileiae,
1122 4006 1401 4076 scriptam
1434 4004 1624 4059 fuisse
1655 4003 1808 4058 hanc

132 4103 471 4175 epistolam.
522 4099 592 4154 Et
638 4113 846 4152 revera
895 4098 955 4150 in
1003 4095 1258 4149 Maximo
1295 4093 1808 4148 commemorando

136 4189 498 4248 Ambrosius
531 4189 612 4242 ibi
639 4187 858 4242 multus
892 4188 1004 4255 est,
1041 4184 1308 4254 satisque
1337 4183 1526 4236 innuit
1555 4183 1685 4252 ipsa
1712 4197 1810 4235 ra-

137 4283 297 4337 tione
344 4295 464 4350 qua
510 4277 582 4332 de
625 4277 728 4331 illo
777 4274 916 4346 agit,
963 4289 1096 4328 cum
1128 4287 1246 4326 non
1278 4288 1310 4324 a
1339 4271 1518 4343 longo
1551 4273 1811 4339 tempore

141 4368 469 4424 Theodosii
496 4365 678 4420 armis
711 4364 1005 4418 devictum
1045 4376 1204 4416 esse.
1250 4360 1494 4416 Constat
1522 4359 1704 4431 igitur
1731 4358 1813 4412 le-

1909 3299 2027 3352 lani
2062 3302 2262 3352 coacta
2295 3297 2558 3350 damnari
2593 3299 2819 3352 curavit
2849 3299 3228 3369 Ambrosius,
3264 3304 3321 3354 et
3351 3300 3585 3370 episco-

1906 3403 2116 3458 porum
2147 3387 2529 3456 praesentium
2559 3387 2793 3440 nomine
2828 3387 2884 3441 id
2915 3387 2991 3440 ita
3014 3387 3582 3460 signiﬁcavitponti-

1911 3476 2028 3546 fici,
2063 3479 2126 3530 ut
2158 3475 2334 3530 simul
2364 3475 2642 3529 haeresim
2674 3475 2886 3529 validis
2936 3477 3264 3531 rationibus
3309 3477 3580 3533 confuta-

1913 3568 2020 3619 ret.
2053 3564 2116 3618 In
2149 3564 2546 3636 cognitionem
2579 3565 2770 3618 aetatis
2805 3563 2988 3635 hujus
3035 3565 3304 3635 epistolae
3344 3567 3585 3623 deduci-

1916 3669 2048 3708 mur
2103 3653 2200 3707 his
2258 3652 2392 3723 ejus
2449 3653 2652 3706 verbis
2705 3670 2716 3706 :
2766 3655 3044 3725 impietas
3089 3655 3586 3728 Manichaeorum,

1919 3758 2085 3814 quam
2138 3741 2639 3796 clementissimus
2696 3741 3024 3812 imperator
3067 3751 3420 3799 exsecratus
3475 3750 3590 3801 est.

1917 3830 2060 3894 Quae
2094 3828 2331 3901 quidem
2364 3830 2545 3884 verba
2575 3830 2648 3883 ad
2679 3829 2874 3901 legem
2905 3832 2973 3885 20
3003 3833 3078 3887 de
3107 3832 3432 3888 Haereticis
3449 3849 3588 3890 ann.

1919 3918 2018 3972 391
2054 3918 2484 3990 promulgatam
2519 3918 2908 3973 referuntura
2927 3919 3264 3975 Godofredo
3291 3937 3305 3990 ;
3334 3925 3588 3978 attamen

1924 4024 2058 4062 cum
2101 4007 2183 4061 ibi
2229 4007 2387 4061 nulla
2437 4007 2898 4062 Manichaeorum
2946 4012 3162 4064 mentio
3207 4012 3324 4081 ﬁat,
3369 4012 3487 4066 illis
3517 4011 3592 4065 ad

1922 4097 2115 4168 legem
2150 4096 2215 4150 18
2244 4096 2318 4151 de
2346 4095 2672 4150 Haereticis
2701 4097 2957 4152 allusum
2996 4115 3135 4153 esse
3167 4115 3301 4154 cum
3333 4101 3587 4155 Baronio

1925 4186 2355 4240 existimamus.
2387 4184 2533 4239 Cum
2561 4201 2706 4257 ergo
2737 4185 2865 4241 haec
2898 4187 3099 4241 ultima
3136 4188 3235 4243 lex
3279 4205 3432 4243 anno
3464 4187 3589 4258 389,

1925 4291 1962 4328 ν
1994 4274 2120 4328 Kal.
2154 4273 2364 4342 Julias,
2397 4273 2512 4327 lata
2542 4274 2842 4345 prodatur,
2889 4292 3008 4331 non
3047 4277 3440 4349 incongruum
3485 4293 3597 4347 pu-

1926 4367 2119 4418 tamus
2152 4363 2298 4433 fore,
2334 4364 2388 4417 si
2418 4363 2734 4418 concilium
2765 4380 2834 4419 ac
2865 4365 3175 4435 epistolam
3206 4367 3398 4420 eidem
3441 4381 3596 4420 anno

141 4475 302 4531 gem,
321 4473 457 4528 quae
479 4470 718 4509 causam
740 4451 992 4523 praebuit
1013 4451 1150 4504 huic
1189 4450 1477 4542 epistolae,
1516 4463 1634 4504 non
1664 4446 1814 4502 Con-
1843 4481 1898 4542 Β
1930 4452 2022 4506 vel
2052 4451 2247 4523 potius
2277 4451 2382 4506 390
2412 4452 2848 4523 adjudicemus.

140 4545 548 4615 stantinopoli,
584 4543 691 4598 sed
725 4540 1038 4596 Mediolani
1067 4539 1279 4594 editam
1313 4537 1541 4607 fuisse;
1575 4553 1643 4590 ac
1672 4553 1814 4606 pro-

143 4637 280 4690 inde
313 4635 390 4688 ab
422 4649 490 4687 ea
519 4648 692 4703 quam
711 4631 1021 4701 proposuit
1043 4630 1196 4682 idem
1218 4627 1612 4696 Godofredus,
1638 4627 1815 4698 longe

143 4726 470 4779 diversam.
494 4721 661 4786 Quod
700 4721 772 4773 ad
795 4719 1027 4774 veniam
1045 4718 1237 4772 datam
1259 4715 1666 4784 Antiochenis,
1691 4731 1819 4770 eam

145 4813 515 4868 Sozomenus
538 4809 639 4862 lib.
664 4809 752 4875 23,
788 4823 915 4878 cap.
948 4823 1048 4874 vn,
1082 4805 1263 4860 refert
1299 4805 1371 4858 ad
1403 4804 1546 4857 illud
1565 4807 1818 4872 tempus,

147 4919 265 4973 quo
296 4899 674 4954 Theodosius
722 4897 795 4950 ad
843 4895 1064 4951 bellum
1091 4894 1358 4965 Eugenio
1387 4896 1634 4963 tyranno
1666 4891 1822 4946 infe-

149 4990 405 5045 rendum
450 5002 587 5041 sese
632 4985 873 5056 parabat
918 4999 931 5038 ε
983 4983 1090 5037 sed
1141 4983 1336 5052 ipsum
1365 4983 1427 5036 in
1460 4982 1574 5036 hoc
1623 4995 1823 5034 errare

151 5093 361 5133 omnes
395 5076 747 5147 agnoscunt.
781 5072 949 5138 Quod
979 5087 1122 5127 vero
1145 5071 1217 5124 ad
1240 5071 1506 5140 episcopi
1535 5069 1823 5124 Constan-

150 5165 522 5237 tinopolitani
553 5164 832 5217 incensas
855 5162 1038 5230 aedes,
1064 5176 1213 5232 quas
1235 5175 1388 5214 anno
1405 5159 1509 5213 388
1532 5159 1822 5228 flagrasse

155 5260 352 5310 narrat
374 5254 671 5322 Socrates,
692 5267 794 5306 eas
821 5250 1088 5321 profecto
1118 5249 1262 5303 nihil
1295 5247 1556 5314 ofﬁcere,
1589 5249 1822 5318 quomi-

156 5361 265 5400 nus
297 5346 360 5398 in
391 5342 640 5413 epistola
671 5341 943 5411 ejusdem
963 5340 1099 5393 anni
1123 5337 1468 5391 adverbium
1488 5337 1701 5391 dudum
1725 5337 1824 5390 ad-

157 5433 343 5488 hiberi
394 5431 530 5502 jure
579 5429 851 5499 potuerit,
905 5429 1034 5482 loco
1094 5442 1204 5481 suo
1261 5425 1821 5480 demonstrabimus.

160 5521 543 5577 Statuendum
590 5519 783 5588 itaque
833 5517 983 5570 hanc
1031 5515 1340 5586 epistolam
1375 5517 1511 5568 tunc
1543 5515 1825 5585 temporis

159 5611 351 5668 fuisse
385 5609 686 5680 scriptam,
719 5622 852 5661 cum
882 5605 1194 5677 proﬂigato
1226 5603 1502 5673 Maximo,
1551 5603 1826 5659 Mediola-

161 5717 299 5764 nam
331 5699 506 5758 rediit
533 5698 868 5775 imperator.
900 5694 1078 5772 Atqui
1119 5709 1196 5753 ex
1235 5691 1440 5752 codice
1476 5691 1697 5750 Theod.
1732 5694 1826 5749 in-

2002 4541 2176 4613 [Ann.
2226 4539 2376 4612 389.]
2423 4541 2635 4595 XLIIIan
2666 4544 2722 4594 et
2751 4541 2960 4595 XLIVa
2993 4541 3354 4595 Horontiano
3386 4540 3597 4595 inscri-
3659 4563 3661 4566 ί

1930 4630 2168 4692 buntur.
2204 4630 2312 4684 Hic
2343 4633 2477 4697 post
2507 4629 2724 4683 lectum
2754 4630 3170 4684 Hexaemeron
3201 4645 3329 4683 eam
3362 4630 3436 4684 ob
3470 4646 3601 4684 cau-

1933 4735 2060 4773 sam
2093 4719 2416 4789 scripserat
2451 4717 2786 4786 Ambrosio,
2820 4721 2882 4771 ut
2911 4719 3049 4788 quia
3071 4717 3288 4772 ibidem
3311 4735 3428 4772 non
3449 4719 3597 4773 satis

1935 4807 2290 4878 explicatum
2319 4807 2565 4875 viderat,
2599 4823 2706 4859 cur
2734 4809 3071 4875 postremus
3105 4821 3301 4860 rerum
3343 4807 3603 4862 omnium

1934 4896 2110 4950 homo
2141 4902 2375 4949 creatus
2406 4912 2438 4948 a
2473 4895 2593 4949 Deo
2624 4897 2804 4962 esset,
2839 4895 2982 4949 illud
3028 4883 3159 4949 sibi
3193 4896 3428 4965 planius
3458 4912 3601 4966 ape-

1935 4985 2050 5038 rire
2081 5000 2198 5038 non
2228 4986 2594 5056 gravaretur.
2651 4983 2865 5037 Primis
2915 4983 3048 5054 ejus
3099 4985 3297 5039 dubiis
3349 5001 3482 5039 cum
3513 5001 3604 5040 sa-

1933 5073 2261 5127 tisfecisset
2292 5075 2536 5126 sanctus
2583 5073 2854 5142 antistes,
2889 5073 3062 5126 aliam
3093 5073 3496 5128 difficultatem
3527 5090 3603 5130 ex

1936 5161 2207 5231 ejusdem
2238 5161 2447 5231 Operis
2481 5157 2732 5215 lectione
2767 5161 2880 5214 sibi
2904 5165 3172 5215 exortam
3202 5163 3412 5217 iterum
3445 5163 3601 5218 idem

1936 5251 2020 5304 illi
2049 5250 2378 5320 proposuit.
2414 5250 2577 5304 Hanc
2609 5250 2880 5304 similiter
2911 5251 3264 5306 Ambrosius
3295 5251 3601 5308 dissolvit:

1937 5355 2013 5394 ex
2033 5340 2250 5410 quibus
2274 5340 2584 5408 responsis
2608 5343 2880 5394 constant
2901 5339 2992 5394 hae
3016 5340 3146 5394 duae
3167 5340 3606 5410 epistolae.Con-

1939 5431 2053 5482 stat
2082 5428 2263 5500 igitur
2292 5432 2596 5499 utramque
2630 5428 2997 5482 Hexaemero
3020 5429 3409 5498 posteriorem
3440 5442 3602 5495 esse,

1937 5517 1997 5572 id
2029 5521 2120 5572 est
2149 5533 2302 5571 anno
2333 5517 2456 5587 389,
2491 5519 2648 5572 circa
2678 5533 2854 5589 quem
2882 5518 3026 5572 illud
3055 5517 3264 5587 Operis
3294 5517 3355 5570 in
3385 5514 3604 5585 vulgus

1940 5606 2165 5661 exiisse
2197 5605 2628 5662 declaravimus
2665 5623 2676 5662 :
2713 5607 2952 5662 easdem
2984 5609 3176 5660 tamen
3219 5604 3373 5659 haud
3421 5604 3608 5658 inter-

1933 5695 2096 5774 jecto
2128 5697 2308 5773 longo
2337 5699 2598 5773 tempore
2643 5696 2789 5756 illud
2830 5698 3069 5754 secutas
3113 5694 3249 5750 hinc
3290 5691 3602 5780 evincitur,
