4090 6174
631 289 751 352 899

2093 283 2155 348 S.
2199 278 2640 348 AMBROSII.

3887 291 3976 354 900

631 485 788 556 quod
811 499 943 538 cum
962 483 1361 539 Horontianus
1384 483 1720 552 Ambrosio,
1748 483 1922 553 cujus
1945 483 2218 536 manibus
2243 482 2301 535 in
2411 482 2533 536 dini
2561 481 2998 551 accensuimus,
3033 481 3193 552 quod
3223 482 3279 535 in
3309 497 3375 536 ea
3405 497 3624 553 quoque
3665 498 3778 538 sure
3819 501 3972 540 senec-

633 573 944 627 diaconum
975 575 1072 626 aut
1102 574 1512 642 presbyterum
1546 572 1736 626 fuerat
1767 575 2176 639 consecratus,
2211 587 2302 624 ar-

633 662 897 716 ctissima
927 662 1364 716 necessitudine
1396 666 1888 732 conjungeretur,
1941 659 2165 714 nullum
2196 659 2300 712 du-

629 750 791 804 bium
838 754 947 818 est,
994 752 1136 820 quin
1187 750 1340 804 idem
1391 750 1488 803 ille
1542 749 1970 817 Hexaemeron,
2017 765 2155 802 mox
2200 747 2302 800 ubi

631 839 849 892 editum
881 838 1006 908 fuit,
1040 839 1112 892 ab
1145 854 1215 892 eo
1247 838 1540 907 acceperit
1573 837 1996 907 evolveritque.

700 963 885 1016 XLV"al
919 979 1118 1016 earum
1148 979 1280 1033 quae
1311 963 1382 1016 ab
1414 962 1696 1016 Sabinum
1727 963 1966 1030 scriptae
1985 960 2294 1029 habentur,

631 1053 897 1106 ordinem
929 1052 1108 1105 ducit.
1143 1050 1274 1105 Fuit
1303 1055 1496 1105 autem
1521 1050 1778 1104 Sabinus
1803 1049 1900 1102 ille
1929 1049 2300 1102 Placentinus

633 1140 1078 1210 episcopus,qui
1096 1140 1460 1210 Aquileiensi
1475 1139 1724 1192 concilio
1738 1135 2300 1206 subscripsit,cujus

635 1229 982 1282 miraculum
1007 1229 1299 1298 quoddam
1319 1228 1576 1281 refertur
1593 1228 1694 1281 lib.
1719 1245 1753 1279 v
1774 1225 1925 1280 Dial.
1951 1228 2140 1279 sancti
2161 1226 2304 1279 Gre-

633 1318 788 1388 gorii
837 1333 943 1386 cap
997 1317 1082 1385 lO,
1135 1321 1191 1370 et
1239 1332 1454 1370 nomen
1490 1316 1549 1370 in
1579 1314 2016 1386 illm-tyrologio
2048 1314 2304 1368 Romano

634 1405 706 1458 ad
738 1422 798 1458 iu
829 1405 966 1459 Idus
999 1405 1342 1460 Decembris
1389 1407 1900 1458 commemoratur.
1952 1403 2304 1455 Ilexaemeri

633 1509 866 1564 quoque
897 1494 1070 1548 lectio
1104 1495 1217 1564 ipsi
1249 1496 1513 1548 moverat
1560 1493 1872 1564 quamdam
1920 1494 2160 1561 propter
2192 1491 2302 1544 hoc

633 1582 1056 1650 diflicultatem,
1090 1582 1248 1652 quod
1279 1583 1424 1636 nihil
1455 1579 1675 1635 ibidem
1699 1581 1769 1634 de
1786 1579 2066 1649 “paradiso
2099 1579 2300 1648 dispu-

633 1673 874 1725 taretur.
909 1669 1158 1741 Cognito
1195 1686 1269 1723 ex
1299 1669 1433 1738 ejus
1465 1669 1675 1721 litteris
1707 1669 1806 1721 illo
1830 1667 2028 1736 dubio,
2056 1667 2303 1720 Ambro-

636 1759 765 1812 sius
808 1774 914 1811 cur
963 1758 1106 1810 illud
1137 1760 1308 1825 caput
1340 1757 1844 1825 prwtermisisset,
1883 1755 2031 1808 hanc
2065 1771 2304 1808 causam

2409 570 2550 624 tutis
2582 571 2936 624 mentionem
2967 570 3214 640 injiciat.

2482 657 2656 730 [Ann.
2709 657 2860 730 390.]
2913 659 3014 712 L1a
3057 658 3391 714 Theodosio
3421 660 3732 728 imperatori
3762 660 3972 716 Mediola-

2411 763 2550 801 num
2578 747 2892 818 pos'tquam
2925 747 3371 802 Thessalonicae
3404 751 3628 817 strages
3674 748 3808 801 edita
3847 755 3970 813 esset,

2410 836 2669 890 venienti
2718 835 2792 889 ob
2838 836 2893 890 id
2946 837 3130 904 missa
3178 839 3289 904 est,
3343 838 3403 890 ut
3439 837 3766 890 Ambrosius
3793 853 3879 890 cur
3898 855 3972 892 non

2413 926 2825 993 exspectasset
2871 922 3006 994 ejus
3054 924 3390 990 adventum,
3439 939 3642 978 causas
3687 931 3971 994 preponeret.

2412 1013 2647 1066 Caedem
2693 1013 2884 1066 autem
2937 1013 3095 1065 illam
3144 1027 3296 1065 anno
3339 1011 3443 1065 399
3483 1014 3743 1081 patratum
3772 1011 3918 1066 fuisse
3939 1015 3972 1066 in

2413 1099 2694 1155 confesso
2727 1104 2838 1154 est.

2483 1206 2656 1278 [Ann.
2689 1205 2838 1278 392.]
2871 1206 2996 1260 ΙιΙΙει
3026 1221 3096 1260 eo
3127 1208 3390 1276 tempore
3423 1207 3608 1260 datam
3629 1221 3688 1260 se
3707 1205 3879 1276 prodit,
3897 1222 3971 1276 quo

2413 1296 2665 1350 Rufinus
2697 1311 2770 1349 ex
2802 1297 3089 1366 magistro
3121 1295 3453 1350 officiorum
3483 1294 3680 1349 consul
3708 1297 3756 1347 et
3792 1294 3969 1363 prafec.

2411 1388 2506 1438 tus
2538 1385 2814 1454 praetorio
2847 1388 3082 1438 creatus
3106 1382 3234 1437 fuit.
3267 1383 3412 1437 Cum
3434 1387 3619 1437 autem
3640 1399 3758 1436 eum
3777 1399 3894 1436 anno
3907 1383 3970 1435 392

2410 1472 2483 1525 ad
2515 1471 2622 1525 has
2657 1472 2974 1543 dignitates
3007 1472 3255 1543 gradum
3295 1471 3514 1526 fecisse
3555 1487 3666 1526 non
3707 1470 3968 1540 ambigatur,

2411 1560 2562 1614 hanc
2595 1560 2904 1630 epistolam
2937 1560 3144 1614 eodem
3173 1575 3326 1615 anno
3358 1560 3430 1614 ad
3475 1559 3745 1614 Titianum
3773 1558 3970 1629 perlatam

2411 1653 2661 1703 constat.

2482 1755 2636 1808 Lllla
2669 1755 3038 1809 immaturam
3066 1771 3134 1809 ac
3164 1755 3396 1810 tristem
3424 1755 3784 1810 Valentiniani
3803 1753 3967 1806 minoris

635 1846 846 1914 reddit,
883 1847 1038 1915 quod
1069 1845 1341 1897 videlicet
1373 1845 1526 1897 idem
1557 1848 1971 1916 argumentum
2001 1847 2134 1897 ante
2168 1844 2300 1913 plu-
2327 1845 2378 1907 Β
2411 1847 2658 1898 mortem
2707 1848 2972 1898 amanter
3017 1844 3201 1915 luget,
3249 1845 3320 1898 de
3371 1843 3543 1915 cujus
3573 1843 3729 1898 etiam
3756 1840 3968 1912 sepultum

633 1950 733 1989 res
765 1950 953 1988 annos
979 1933 1102 2004 jam
1135 1933 1529 1986 tractavisset.
1567 1933 1717 1986 Hinc
1750 1932 2044 2000 intelligas
2077 1933 2301 2004 episto-

632 2023 744 2076 lam
779 2023 929 2076 hanc
963 2022 1174 2076 librum
1207 2021 1280 2074 de
1314 2021 1610 2074 Paradiso
1641 2037 1758 2074 non
1789 2022 1994 2090 paucis
2017 2021 2210 2090 annis,
2237 2021 2302 2072 li-

628 2111 800 2166 brum
831 2125 973 2164 vero
1015 2110 1428 2164 Hexaemeron
1459 2109 1625 2162 brevi
1649 2110 1836 2178 spatio
1857 2113 2118 2162 secutam
2139 2125 2297 2163 esse.

700 2218 910 2270 XLVIa
943 2220 998 2270 et
1028 2217 1260 2270 XLVIIa
1291 2215 1510 2270 Sabino
1543 2231 1777 2286 quoque
1823 2232 1889 2269 se
1939 2216 2158 2269 missas
2210 2215 2299 2269 fe-

629 2310 786 2360 runt.
823 2305 1040 2358 Harum
1072 2304 1254 2374 priori
1286 2304 1663 2358 occasionem
1701 2305 1860 2357 dedit
1908 2305 2116 2358 nescio
2165 2304 2300 2374 quis

633 2393 1072 2464 Apollinarista,
1107 2393 1207 2462 qui
1238 2393 1311 2445 ad
1343 2408 1512 2446 suam
1561 2393 1839 2446 haeresim
1887 2392 2300 2462 proseminan-

634 2481 766 2538 dam
795 2485 986 2536 terras
1036 2496 1104 2533 ac
1147 2481 1328 2534 maria
1367 2484 1806 2551 peragraverat.
1843 2481 1999 2534 Idem
2033 2497 2163 2534 cum
2194 2495 2300 2533 ve-

631 2573 823 2626 nisset
853 2570 1267 2638 Mediolanum,
1290 2570 1560 2639 quaadam
1580 2569 1640 2623 in
1663 2569 1966 2644 Ambrosii
1988 2569 2155 2622 libris
2181 2585 2302 2622 car-

633 2676 773 2732 pere
820 2659 996 2728 coepit
1043 2675 1055 2712 :
1108 2673 1282 2728 quem
1327 2657 1561 2726 publica
1604 2674 1636 2710 a
1683 2673 1749 2712 se
1795 2657 2157 2711 confutatam
2188 2657 2299 2710 hac

633 2748 883 2818 epistola
914 2746 1140 2801 nuntiat
1171 2750 1416 2800 sanctus
1447 2746 1674 2800 doctor.
1706 2746 1768 2798 In
1800 2747 2073 2815 sequenti
2105 2750 2298 2800 autem

626 2838 729 2892 ubi
747 2838 817 2891 de
850 2837 1001 2914 libro
1035 2851 1210 2905 quem
1240 2835 1575 2888 distinctius
1604 2850 1778 2904 quam
1798 2839 1966 2888 antea
1988 2835 2294 2904 scriptum,

628 2927 701 2981 ad
733 2925 1012 2980 Sabinum
1044 2924 1264 2977 deferri
1301 2926 1634 2992 curaverat,
1668 2938 1855 2992 pauca
1887 2925 2192 2992 praemisit,
2226 2923 2296 2976 de

630 3015 815 3070 mutui
839 3012 1175 3067 commercii
1195 3011 1598 3081 epistolarum,
1616 3012 1674 3064 in
1693 3011 1908 3082 quibus
1924 3011 2298 3080 potissimum

628 3103 849 3174 aliquid
871 3118 901 3156 e
924 3101 1246 3170 Scripturis
1269 3099 1635 3168 discutiatur,
1661 3101 1902 3154 utilitate
1937 3100 2130 3154 fusius
2152 3101 2294 3171 agit.

2410 1932 2792 1986 acceleranda
2822 1933 3152 2004 interpellat
3173 1932 3592 1986 Theodosium.
3616 1931 3822 1985 Certum
3844 1934 3967 1982 autem

2410 2024 2502 2074 est
2530 2036 2682 2074 anno
2715 2021 2819 2074 392
2849 2021 3120 2075 eumdem
3169 2021 3333 2075 illum
3379 2021 3816 2075 Valentinianum
3838 2017 3966 2070 idibus

2410 2110 2546 2162 maii
2577 2109 2934 2163 exstinctum
2982 2125 3158 2180 esse;
3209 2110 3364 2164 unde
3417 2110 3564 2163 hanc
3611 2107 3872 2179 epistolam
3897 2121 3965 2158 non

2409 2197 2484 2250 ita
2519 2198 2698 2252 multo
2730 2201 2864 2267 post
2893 2198 3138 2252 missam
3167 2198 3360 2252 fuisse
3394 2198 3774 2268 intelligimus.

2482 2286 2631 2339 LIV"l
2661 2290 2716 2340 et
2749 2287 2875 2339 LVa
2908 2287 3189 2355 Eusebio,
3225 2289 3326 2357 qui
3360 2290 3531 2356 caput
3560 2289 3674 2341 erat
3707 2284 3881 2340 nobilis
3915 2281 3965 2334 fa-

2411 2375 2588 2428 miliae
2634 2375 3052 2446 Bononiensis,
3101 2375 3413 2430 destinatae
3456 2379 3609 2428 sunt.
3655 2375 3835 2445 Agitur
3856 2372 3896 2423 in
3917 2384 3968 2421 ea.

2409 2479 2540 2516 rum
2582 2463 2763 2518 altera
2815 2464 2885 2518 de
2935 2464 3190 2535 quodam
3248 2465 3613 2534 apparitore,
3669 2463 3830 2532 deque
3872 2457 3964 2512 tussi

2411 2549 2676 2605 Faustini
2725 2553 2890 2622 pueri
2927 2567 2940 2606 :
2975 2555 3032 2606 at
3061 2553 3122 2606 in
3152 2553 3334 2607 altera
3368 2553 3632 2607 eumdem
3662 2564 3866 2620 puerum
3887 2560 3965 2598 cum

2409 2639 2692 2694 Faustino
2736 2641 2927 2710 ipsius
2967 2646 3132 2712 patre
3175 2642 3249 2696 ad
3297 2657 3434 2696 eum
3483 2639 3784 2696 Bononiam
3814 2634 3966 2707 profer-

2407 2731 2550 2797 tum,
2587 2729 2900 2783 Mediolani
2943 2734 3136 2784 autem
3186 2746 3394 2785 secum
3434 2730 3774 2786 remansisse
3800 2723 3966 2778 Ambro-

2408 2817 2564 2871 sium
2610 2822 2784 2888 atque
2833 2819 3204 2872 Ambrosiam
3256 2821 3407 2874 scite
3453 2820 3668 2873 nuntiat
3697 2815 3965 2871 noster.\m-

2404 2905 2668 2960 brosius.
2703 2908 2885 2960 Porro
2919 2923 3052 2960 cum
3084 2907 3353 2963 eamdem
3385 2909 3537 2962 hanc
3558 2905 3879 2961 Ambrosiam
3894 2913 3965 2952 non
4010 2917 4011 2920 η

2406 2995 2480 3048 ob
2513 2994 2668 3048 aliud
2701 2995 3034 3065 spiritalem
3063 2995 3389 3050 columbam
3423 2999 3610 3064 vocet,
3657 2992 3761 3048 nisi
3787 2989 3891 3061 quia
3912 2987 3965 3054 ip-

2407 3097 2535 3136 sam
2583 3083 2859 3154 virginali
2906 3084 3060 3152 velo,
3110 3085 3264 3138 sicut
3309 3086 3385 3138 ad
3434 3085 3533 3155 lib,
3565 3085 3635 3139 de
3663 3081 3830 3135 Instit.
3861 3075 3963 3142 t'iz‘zl-

626 3194 814 3247 I’orro
847 3207 979 3245 cum
1011 3204 1261 3260 prorsus
1294 3188 1618 3242 verisimile
1659 3189 1738 3242 sit
1769 3193 2293 3242 commentationes

2408 3172 2744 3225 adnotatum
2793 3176 2905 3241 est,
2956 3177 3463 3230 consecraverat:
3506 3174 3637 3228 hinc
3667 3168 3905 3240 colligitur
3924 3177 3968 3214 er

625 3280 1075 3348 Ambrosianas,
1127 3293 1276 3348 quas
1321 3276 1600 3330 arrodere
1647 3293 1832 3330 ausus
1881 3282 2153 3330 narratur
2195 3278 2291 3331 illc

626 3365 1066 3440 Apollinaris‘ta,
1119 3381 1385 3437 quasque
1433 3365 1697 3435 peritiori
1743 3381 1914 3418 manu
1961 3366 2291 3436 descriptas

628 3473 695 3512 se
725 3457 1137 3512 transmisisse
1170 3455 1524 3508 Ambrosius
1546 3458 1848 3523 memorat,
1883 3455 2122 3508 easdem
2155 3470 2292 3508 esse

626 3563 695 3602 ac
744 3547 930 3602 libros
973 3545 1048 3600 de
1098 3545 1276 3614 Fide,
1323 3559 1391 3597 ac
1441 3543 1516 3598 de
1559 3543 1755 3597 Incar.
1808 3544 1972 3598 Dom.
2015 3560 2290 3613 sacram.,

627 3653 760 3692 cum
791 3640 1080 3705 prmterea
1107 3634 1160 3687 is
1193 3633 1264 3686 de
1295 3648 1363 3686 se
1395 3633 1568 3702 quasi
1593 3631 1718 3702 jam
1749 3647 1893 3686 sene
1936 3633 2294 3687 mentionem

627 3725 820 3795 faciat,
855 3725 942 3778 eis
972 3724 1044 3777 de
1077 3722 1278 3776 causis
1309 3737 1426 3775 non
1457 3721 1812 3775 arbitramur
1841 3726 2148 3792 utramque
2180 3722 2295 3791 epi-

625 3815 837 3869 stolam
882 3814 955 3866 ad
987 3813 1166 3866 alium
1197 3827 1414 3865 annum
1443 3811 1654 3866 melius
1688 3827 1864 3881 quam
1898 3811 1970 3864 ad
2003 3811 2160 3866 hunc
2187 3810 2292 3866 889

624 3903 718 3957 vel
748 3902 982 3955 circiter
1009 3901 1218 3954 referri
1247 3915 1448 3971 posse.

692 4027 953 4082 ΧῑΝΙΙΙιι
985 4029 1044 4079 ut
1073 4029 1441 4096 argumento,
1475 4025 1564 4079 sic
1587 4029 1642 4079 et
1665 4027 1832 4078 aatate
1857 4024 2172 4096 conjuncta
2197 4028 2287 4080 est

622 4116 1053 4188 superioribus.
1087 4115 1348 4169 Libellos
1381 4115 1536 4168 enim
1567 4101 1722 4185 quos
1753 4114 1849 4168 hic
1878 4117 2128 4168 testatur
2154 4120 2289 4168 Am-

619 4207 862 4263 brosius
894 4206 1010 4258 sibi
1042 4204 1324 4271 redditos,
1360 4220 1476 4257 non
1507 4203 1656 4257 alios
1689 4202 1762 4256 ab
1796 4203 1890 4256 his
1919 4218 2058 4256 esse
2091 4203 2286 4257 credi-

619 4312 774 4366 mus,
809 4295 906 4366 qui
941 4294 1113 4347 missi
1142 4293 1360 4347 Sabiuo
1391 4308 1571 4362 supra
1611 4291 1902 4345 dicuntur.
1937 4291 2116 4362 quue
2147 4291 2286 4346 hinc

618 4386 792 4442 etiam
821 4385 1006 4437 astrui
1037 4385 1250 4452 potest,
1285 4382 1443 4452 quod
1475 4380 1664 4434 artatis
1713 4396 1840 4434 suae
1891 4380 2284 4450 provectioris

616 4491 725 4530 nec
749 4475 806 4528 in
823 4474 932 4527 hac
948 4471 1195 4543 epistola
1215 4471 1568 4523 mentionem
1583 4469 2022 4524 omittatbeatus
2039 4471 2282 4540 praesul.

593 4618 603 4622 ν
671 4599 898 4653 XLIX“
947 4613 979 4651 e
1030 4594 1336 4665 superiore
1384 4593 1558 4647 etiam
1599 4593 1826 4664 pendet.
1878 4593 2106 4648 Etenim
2152 4611 2283 4649 cum

617 4688 910 4760 epistolis,
963 4685 1214 4740 maxime
1255 4699 1396 4738 vero
1427 4684 1644 4754 quibus
1675 4683 1896 4754 aliquid
1927 4700 1957 4738 e
1989 4684 2179 4738 sacris
2209 4683 2283 4738 li-

613 4779 741 4833 bris
773 4776 1158 4844 examinetur,
1209 4789 1450 4844 operam
1500 4787 1566 4828 se
1616 4773 1885 4826 daturum
1917 4773 2283 4844 frequentio-

614 4882 739 4921 rem
773 4866 891 4918 illic
925 4867 1170 4918 testctur
1201 4863 1554 4918 Ambrosius
1586 4865 1806 4931 noster,
1859 4864 1921 4916 in
1970 4863 2079 4917 hac
2121 4863 2283 4932 epis-

615 4955 752 5025 tola,
788 4971 920 5026 quae
948 4955 1009 5006 in
1042 4953 1352 5007 sententiis
1387 4952 1604 5006 divinis
1636 4968 1784 5021 pene
1816 4955 1935 5006 tota
1965 4957 2074 5021 est,
2109 4953 2284 5006 Iidem

615 5045 882 5116 profecto
935 5043 1145 5096 liberat
1196 5058 1364 5096 suam
1401 5057 1412 5096 :
1446 5042 1810 5116 proindeque
1861 5042 1932 5095 ab
1977 5042 2110 5096 aliis
2156 5057 2285 5096 eam

617 5133 882 5189 abstrahi
913 5149 1030 5186 non
1062 5137 1332 5202 Oporlcre
1363 5131 1603 5201 negabit
1636 5147 1828 5186 nemo.

689 5259 760 5311 L‘I
791 5257 1109 5311 (lbromatii
1141 5257 1420 5327 precibus
1453 5272 1744 5313 concessa
1767 5260 1856 5311 est
1880 5255 2282 5327 Aquileiensis

617 5347 904 5418 episcopi,
939 5347 1039 5416 qui
1074 5347 1471 5415 Ambrosium,
1507 5349 1567 5399 ut
1595 5346 1714 5399 sibi
1743 5347 1964 5416 aliquid
2009 5361 2039 5400 c
2089 5345 2282 5399 sacris

618 5436 925 5492 codicibus
957 5436 1255 5506 cpistolari
1288 5435 1674 5488 familiaritate
1708 5435 2064 5504 diSputatum
2095 5435 2280 5488 mitte-

620 5530 726 5596 ret,
763 5526 1199 5580 obsecraverat.
1252 5523 1400 5592 Ejus
1449 5522 1662 5592 optatis
1693 5526 1754 5576 ut
1797 5522 2048 5578 Sanctus
2081 5529 2284 5578 noster

618 5616 1009 5683 satisfaceret,
1044 5629 1074 5668 e
1106 5612 1411 5685 prophetia
1462 5611 1694 5664 Balaam
1744 5611 1922 5682 elegit
1967 5629 2281 5685 argumen-

616 5706 759 5764 tum.
787 5706 1102 5778 Pr0pterea
1127 5717 1270 5760 vero
1295 5701 1444 5755 hanc
1465 5700 1772 5774 epistolam
1795 5703 2168 5778 superiorum
2188 5718 2280 5764 or-

2309 4565 2350 4617 Γ·

2406 3262 2538 3314 dem
2584 3260 2756 3332 libro,
2801 3262 2896 3315 cui
2926 3277 3036 3316 nos
3067 3278 3285 3316 annum
3313 3264 3423 3318 392
3450 3262 3812 3327 attribuimus,
3837 3255 3964 3325 poste-

2404 3349 2596 3404 riores
2625 3365 2763 3414 esse
2795 3348 2904 3403 has
2935 3350 3241 3420 epistolas.

2477 3456 2573 3510 LV
2580 3457 2628 3510 1⁸
2657 3456 2967 3527 Theophili
3001 3457 3387 3513 Alexandrini
3417 3457 3720 3528 respondet
3759 3445 3962 3521 epistola.

2405 3545 2647 3600 Materia
2676 3547 2979 3600 seribendi
3008 3547 3199 3601 fuerat
3229 3548 3658 3602 Antiochenam
3679 3533 3961 3600 schisma,dt‘

2403 3651 2520 3706 (1υο
2550 3636 2718 3705 Plura
2765 3637 2838 3689 ad
2884 3637 3186 3690 Ambrosii
3234 3637 3548 3706 epistolam
3579 3631 3799 3690 dicenda
3835 3625 3959 3680 erunt.

2402 3725 2852 3780 Observandum
2883 3725 3115 3780 interim
3145 3725 3206 3778 in
3229 3727 3439 3780 eadem
3459 3723 3673 3794 culpari
3693 3717 3960 3775 Flavianum.

2401 3813 2556 3884 quod
2603 3829 2670 3868 se
2715 3814 3006 3869 adversus
3056 3813 3352 3884 Capuanae
3397 3813 3606 3884 synodi
3657 3804 3962 3864 auctoritatem

2399 3903 2708 3972 rescriptis
2753 3919 2786 3957 a
2833 3903 3192 3973 Theodosio,
3243 3904 3345 3974 qui
3389 3907 3526 3958 tunc
3555 3903 3614 3956 in
3641 3900 3883 3954 Orientem
3904 3900 3960 3939 re-

2396 4005 2613 4045 versus
2664 3995 2808 4060 erat,
2861 3993 3188 4062 impetratis
3229 3991 3687 4048 communiisset.
3733 3974 3960 4040 Exactoin

2394 4079 2558 4134 Italio
2587 4081 2784 4150 prOpe‘
2799 4081 3051 4151 trienno,
3084 4082 3404 4152 imperator
3432 4097 3546 4136 non
3576 4079 3684 4134 nisi
3710 4091 3759 4130 vx
3777 4070 3874 4126 Kal.
3892 4065 3958 4117 De

2397 4169 2654 4223 cembris
2682 4169 2821 4223 anni
2841 4168 2940 4224 391
2965 4171 3219 4226 redierat
3237 4166 3803 4240 ConstantinOpolim:
3827 4153 3960 4228 βοὴν

2397 4257 2588 4328 deque
2619 4259 2910 4328 synodum
2953 4259 3112 4314 illam
3155 4260 3307 4315 intra
3349 4277 3490 4315 cum
3535 4258 3680 4312 diem
3704 4257 3848 4322 atque
3867 4242 3956 4295 ldus

2400 4347 2582 4400 Maias
2631 4348 2766 4402 anni
2813 4349 3141 4420 sequentis,
3187 4364 3305 4420 quo
3344 4350 3440 4404 die
3487 4349 3736 4404 necatum
3773 4335 3955 4420 dixitms

2398 4435 2890 4506 Valentinianum,
2913 4418 2921 4420 ⁷
2941 4418 3225 4492 Ῐῖῧδίιίιῐη-
3243 4439 3436 4494 fuisse
3477 4448 3712 4492 necesse
3745 4431 3832 4482 est.
3857 4418 3954 4509 Natu

2394 4529 2529 4594 post
2571 4525 2628 4578 id
2673 4504 2955 4596 temporis
3006 4531 3336 4582 conventus
3372 4523 3724 4598 episcopales
3764 4518 3812 4570 in
3846 4504 3953 4562 Italia

2393 4614 2600 4668 haberi
2631 4629 2737 4684 per
2766 4615 3014 4670 excitata
3045 4616 3117 4670 ab
3151 4615 3418 4688 Eugenio
3451 4620 3682 4684 tyranno
3709 4603 3831 4661 bella
3854 4607 3951 4649 neu-

2393 4702 2614 4774 tiquam
2643 4704 2824 4758 licuit.
2860 4704 3048 4759 Finita
3079 4706 3329 4775 synodo,
3351 4704 3507 4776 quod
3535 4703 3593 4755 in
3621 4714 3680 4753 ea
3709 4703 3854 4760 sui)"r

2393 4765 2617 4845 morato
2649 4793 2901 4848 dissidio
2931 4765 3211 4848 statutum
3243 4765 3454 4862 fuerat,
3477 4783 3771 4856 TheOphito
3795 4765 3951 4842 δίεφθ’

2394 4886 2600 4935 carunt
2627 4882 2886 4951 Capuani
2915 4884 3142 4936 Patres.
3179 4886 3252 4937 At
3281 4883 3410 4953 ipse
3440 4895 3568 4935 cum
3587 4877 3768 4948 postea
3793 4865 3948 4918 litteras

2394 4970 2659 5024 eamdem
2690 4971 2765 5025 ob
2798 4987 3037 5026 causam
3088 4972 3449 5027 destinasset
3485 4968 3555 5022 ad
3583 4953 3946 5046 Anibrositimi‘tt

2391 5058 2521 5114 viro
2551 5063 2758 5114 sancto
2787 5061 3118 5130 epistolam,
3169 5061 3241 5115 de
3289 5075 3402 5131 qua
3443 5058 3535 5112 hic
3575 5053 3761 5125 agitur,
3790 5030 3944 5131 ᾲιξουίξ·

2391 5147 2535 5213 Quis
2567 5150 2747 5221 igitur
2777 5126 2871 5204 eiii
2903 5126 3133 5204 inﬁcias
3163 5151 3264 5204 vix
3293 5126 3450 5203 illam
3479 5150 3605 5200 ante
3632 5126 3945 5195 εωιίθθξθιι·

2390 5240 2513 5292 tum
2545 5240 2728 5294 scribi
2757 5241 3026 5309 potuisse
3051 5242 3078 5294 ι)
3935 5311 3941 5318 ,

2461 5346 2764 5416 Superiori
2795 5347 3062 5416 epistolae
3110 5347 3282 5400 aliam
3329 5341 3678 5416 subjecimus
3711 5333 3763 5385 in
3788 5325 3942 5420 Bonoil

2391 5415 2697 5490 hereseos
2728 5415 3004 5506 postulati
3038 5452 3214 5491 causa
3247 5415 3589 5494 versantem.
3630 5426 3740 5480 Jam
3765 5415 3940 5506 101⁸0³⁵

2389 5525 2450 5578 in
2481 5524 2754 5594 Capuano
2780 5542 3094 5594 concessu,
3122 5527 3191 5580 de
3213 5542 3328 5597 quo
3349 5523 3600 5594 proxime
3628 5495 3940 5598 antedit‘e‘lﬁ

2396 5629 2548 5681 mus,
2571 5618 2808 5668 tractata
2832 5616 3050 5686 fuerat;
3075 5615 3325 5688 ejusque
3343 5608 3587 5684 cognitio
3615 5596 3795 5658 vicinis
3819 5587 3939 5688 astat-5

2395 5679 2660 5763 haeretici
2676 5705 2976 5784 episcopis
2999 5679 3071 5762 ad
3086 5679 3367 5763 maturius
3381 5679 3443 5762 et
3451 5691 3749 5758 accuratius
3759 5679 3937 5740 enim
