4090 6174
239 288 416 351 901'

1139 284 1753 351 EPISTOLARUM
1798 286 2032 350 ORDO
2080 287 2187 349 ET
2228 288 2796 353 ARGUMENTA.

3574 291 3694 354 902

240 485 612 540 demandata.
637 485 782 540 Cum
802 486 1133 540 veroiidem
1157 487 1450 540 antistites
1468 488 1920 541 consuluissent
1941 470 1996 533 Ᾰ
2027 488 2359 559 peregisse,
2396 504 2527 542 cum
2560 489 2687 542 hinc
2712 490 3019 544 scriberet.
3049 490 3264 543 Verum
3289 504 3419 559 quae
3444 489 3695 558 praemit-

241 578 545 629 auctorem
580 574 763 644 hujus
795 576 1083 645 epistolae,
1109 592 1175 629 ac
1207 578 1259 628 ei
1288 576 1577 645 judicium
1611 576 1721 630 hoc
1754 577 1916 629 vide-

240 666 447 717 rentur
476 664 855 732 permittere;
908 664 1003 717 hic
1035 681 1151 718 non
1185 665 1321 729 sibi,
1359 665 1465 717 sed
1514 665 1662 734 ipsis
1715 667 1915 733 utpote

241 752 461 821 quibus
487 752 872 805 commissum
897 756 1074 805 erata
1101 753 1373 820 concilio,
1392 753 1447 805 id
1473 756 1805 822 competere
1830 768 1917 806 re-

241 855 532 909 sponsum
566 840 756 893 dedit:
807 856 875 892 ae
916 842 1090 893 simul
1124 843 1293 893 etiam
1328 857 1589 894 errorem
1628 842 1916 894 Bonosia-

238 944 382 982 num
404 929 564 981 circa
598 933 939 998 perpetuam
976 930 1239 997 Deiparaa
1273 930 1670 999 virginitatem
1722 930 1939 983 valide'

246 1017 593 1070 confutavit.
628 1017 728 1068 Illa
762 1017 996 1086 quidem
1018 1018 1253 1085 planum
1278 1017 1499 1070 faciunt
1518 1018 1665 1070 hanc
1690 1018 1915 1086 episto-

245 1106 366 1159 lam
401 1105 697 1175 superiori
728 1105 1125 1173 synchronam
1162 1122 1320 1175 esse,
1355 1110 1410 1159 et
1441 1107 1513 1158 ab
1563 1107 1766 1159 eadem
1796 1121 1914 1159 non

245 1192 443 1248 solum
467 1193 579 1248 hoc
600 1195 858 1261 nomine,
881 1195 986 1247 sed
1013 1195 1184 1247 etiam
1209 1194 1364 1263 quod
1387 1192 1677 1263 Capuanae
1702 1194 1913 1263 synodi

240 1284 519 1352 tanquam
549 1298 688 1351 pars
721 1282 903 1335 altera
934 1283 1028 1351 sit,
1064 1283 1123 1335 in
1170 1282 1423 1335 editione
1472 1284 1732 1336 Romana
1766 1282 1915 1335 male

242 1370 623 1424 abstractam.
657 1371 805 1424 Illud
863 1386 1005 1424 vero
1066 1370 1390 1439 difficilius,
1428 1372 1660 1424 cuinam
1690 1371 1916 1424 auctori

242 1458 381 1511 haec
404 1458 703 1527 debeatur,
737 1458 1091 1528 patefacere.
1127 1459 1273 1511 Sunt
1308 1459 1566 1513 rationes
1598 1461 1658 1512 in
1702 1463 1917 1512 utram-

248 1561 371 1616 que
392 1549 618 1616 partem
641 1546 1090 1617 haudquaquam
1116 1548 1299 1615 leves,
1334 1564 1482 1617 quas
1517 1548 1647 1602 loco
1677 1549 1916 1617 proprio

245 1635 642 1689 excutiemus.

320 1738 495 1810 [Ann.
529 1740 677 1813 393.]
712 1742 887 1795 LVIIat
921 1742 1186 1812 Eugenio
1234 1746 1504 1811 tyranno,
1556 1759 1661 1796 cur
1691 1759 1761 1797 eo
1793 1744 1919 1797 Me-

2028 580 2228 630 tuntur
2257 577 2429 646 paulo
2490 580 2790 647 superius,
2828 580 3007 632 multo
3066 580 3200 648 plus
3256 577 3477 649 negotii
3509 577 3691 630 verba

2029 664 2356 719 facescunt.
2419 666 2515 719 Sic
2555 671 2749 720 autem
2808 666 3061 720 habent:
3126 667 3378 736 ()bjerti,
3440 666 3518 718 ait
3574 665 3688 734 ille,

2029 753 2375 808 barbaricis
2404 755 2680 822 motibus,
2708 762 2762 807 et
2786 755 3074 809 belIorum
3092 755 3395 825 procellis,
3424 755 3485 807 in
3503 754 3695 808 medio

2036 858 2345 896 versamur
2372 843 2661 897 bellorum
2708 844 2886 897 freto.
2922 844 3093 897 IIunc
3126 844 3317 896 locum
3350 842 3421 895 ad
3454 842 3693 895 Maximi

2028 931 2258 999 tyranni
2288 931 2443 984 bella
2500 932 2875 986 referendum
2933 936 3233 986 autumant
3291 932 3583 985 Baronius
3633 932 3692 983 in

2028 1018 2339 1072 Ambrosii
2383 1019 2510 1071 Vita
2543 1023 2598 1073 et
2627 1021 2685 1072 in
2716 1021 3068 1085 Annalibus,
3110 1020 3400 1090 L'ghellus
3430 1020 3489 1072 in
3522 1019 3692 1072 Italia

2026 1122 2219 1175 sacra,
2255 1110 2310 1161 et
2344 1107 2722 1163 Bollandistae
2753 1109 2812 1161 in
2843 1111 3017 1162 Actis
3046 1108 3214 1178 Iug/ns
3236 1109 3429 1161 sancti
3451 1108 3690 1161 Severi.

2028 1194 2298 1264 Hincque
2332 1197 2617 1268 colligunt
2648 1201 2703 1251 et
2726 1198 2876 1250 hanc
2909 1198 3219 1266 epistolam
3249 1212 3401 1251 anno
3418 1196 3520 1249 387
3554 1211 3693 1249 esse

2026 1283 2416 1353 tribuendam,
2467 1288 2523 1337 et
2580 1302 2712 1339 cum
2770 1287 2976 1340 eodem
3034 1286 3416 1340 concurrisse
3476 1300 3694 1337 annum

2027 1371 2438 1426 Ambrosianae
2474 1375 2666 1426 aetatis
2697 1374 2784 1426 53.
2846 1374 3085 1427 Addunt
3139 1375 3385 1443 insuper
3423 1375 3695 1425 sanctum

2025 1460 2363 1528 praesulem,
2400 1477 2532 1515 cum
2565 1462 2740 1531 vitam
2773 1463 2845 1515 ad
2904 1479 3092 1532 usque
3154 1478 3419 1515 mensem
3451 1460 3694 1530 aprilem

2026 1548 2160 1599 anni
2185 1548 2287 1600 387
2302 1550 2666 1619 produxerit,
2685 1566 2873 1604 annos
2892 1550 3234 1619 implevisse
3251 1555 3695 1620 quatuorsupra

2026 1637 2357 1706 sexaginta.
2380 1637 2524 1690 Illud
2549 1642 2743 1691 autem
2767 1640 3166 1707 opinionisuze
3184 1638 3476 1707 impendio
3498 1636 3694 1690 favere

2023 1728 2247 1793 putant,
2302 1726 2467 1795 quod
2521 1727 2580 1778 in
2641 1727 2994 1780 Maximiano
3054 1727 3209 1779 bello
3268 1727 3469 1780 fusum
3520 1725 3698 1778 fuerit

245 1828 547 1883 diolanum
579 1830 917 1897 accedente,
952 1830 1307 1884 Ambrosius
1352 1832 1488 1884 hinc
1532 1832 1912 1901 recessisset,

2037 1813 2205 1865 multo
2261 1813 2395 1881 plus
2456 1814 2789 1884 sanguinis,
2841 1831 3016 1888 quam
3067 1815 3124 1866 in
3179 1814 3544 1885 Eugeniano.
3579 1812 3696 1866 Sed

246 1932 491 1970 causam
513 1919 719 1986 aperit.
747 1918 1051 1971 Estautem
1076 1934 1360 1989 perquam
1393 1920 1693 1974 versimile
1716 1924 1918 1990 tyran-

243 2022 392 2061 num
423 2006 585 2059 illum
618 2023 737 2060 non
787 2007 983 2060 statim
1006 1998 1224 2077 'atque,
1260 2008 1668 2062 Valentiniano
1720 2009 1918 2063 idibus

243 2094 386 2148 maii
419 2111 450 2148 e
483 2095 636 2148 Vivis
670 2095 924 2163 sublato,
957 2096 1015 2149 in
1047 2097 1262 2149 solium
1295 2097 1366 2150 ab
1391 2096 1725 2168 Arbogaste
1746 2098 1921 2151 collo-

244 2185 421 2237 catus
451 2186 562 2251 est,
587 2184 647 2236 in
672 2184 1183 2253 Italiamimpetum
1203 2184 1444 2249 fecisse,
1480 2188 1536 2237 at
1574 2185 1739 2254 prius
1771 2186 1918 2239 alias

242 2272 539 2342 quasdam
561 2273 865 2325 absolutas
889 2273 961 2325 ab
996 2288 1064 2326 co
1088 2289 1227 2326 esse
1260 2274 1688 2343 expeditiones.
1715 2275 1775 2327 Id
1800 2274 1921 2344 qui-

241 2361 387 2414 dem
418 2363 537 2414 tum
571 2376 601 2414 e
637 2361 878 2415 Paulino
910 2363 968 2414 in
1018 2362 1330 2416 Ambrosii
1389 2360 1535 2425 Vita,
1594 2365 1649 2415 et
1696 2362 1917 2416 Severo

244 2449 594 2503 Alexandro
607 2450 761 2519 apud
777 2450 1129 2520 Gregorium
1143 2450 1551 2504 Turonensem
1564 2451 1721 2504 Hist.
1737 2451 1837 2505 lib.
1854 2469 1916 2521 ιι,

246 2555 308 2591 c.
332 2537 809 2608 9,intelligimus,
839 2542 956 2591 tum
977 2555 1050 2591 ex
1071 2538 1325 2607 hacipsa
1350 2539 1618 2608 epistola,
1645 2540 1746 2593 ubi
1776 2542 1918 2593 Am-

242 2626 498 2680 brosius
512 2627 779 2679 eumdem
794 2626 1124 2696 Eugenium
1144 2628 1204 2679 in
1222 2628 1576 2697 primordiis
1589 2629 1827 2699 imperii
1848 2629 1920 2682 ad

244 2731 327 2768 se
344 2716 689 2783 scripsisse,
708 2731 775 2768 ac
790 2731 855 2768 se
878 2719 1103 2785 postea,
1128 2716 1434 2785 siquando
1455 2717 1802 2770 emersisset
1824 2718 1922 2770 ali-

245 2819 373 2874 qua
404 2804 755 2871 necessitas,
782 2804 853 2856 ad
877 2820 1006 2857 eum
1029 2820 1259 2873 quoque
1284 2805 1509 2858 litteras
1533 2806 1772 2860 dedisse
1794 2810 1919 2860 tes-

244 2892 531 2946 tiﬁcatur.
582 2892 691 2945 llis
723 2908 866 2961 ergo
899 2893 1055 2945 ducti
1115 2906 1242 2946 eam
1274 2895 1505 2963 tyranni
1535 2895 1918 2964 irruptionem

245 2995 377 3035 non
406 2980 523 3034 nisi
554 2986 804 3034 exeunte
837 2998 990 3034 anno
1021 2981 1124 3034 392
1155 2982 1247 3035 vel
1296 2978 1491 3052 potius
1540 2983 1778 3038 ineunte
1816 2983 1920 3038 393

200 3116 205 3121 .
244 3053 469 3123 factam
494 3072 765 3139 putamus
788 3086 801 3138 ;
843 3074 1015 3140 atque
1038 3070 1183 3124 adeo
1208 3071 1360 3124 hanc
1400 3072 1709 3141 epistolam
1732 3074 1921 3127 eidem

247 3160 506 3227 tempori
537 3158 985 3211 attribuendam.

333 3265 534 3318 LVIII“
565 3266 625 3318 in
643 3268 986 3335 argumenta
1008 3269 1281 3320 versatur
1300 3267 1471 3337 plane
1495 3268 1734 3321 celebri.
1761 3267 1922 3322 Nihil

249 3356 418 3409 enim
451 3369 519 3408 ea
549 3358 892 3424 tempestate
908 3355 1137 3408 Paulini
1159 3355 1331 3408 avitis
1350 3359 1524 3425 atque
1544 3357 1799 3425 propriis
1818 3357 1923 3410 ho-

251 3442 510 3498 noribus
530 3443 1272 3498 nobilissimiabdicatione
1290 3460 1357 3497 ac
1382 3461 1634 3498 secessu
1674 3445 1922 3499 illustri-

250 3531 495 3587 us.Non
506 3535 699 3585 tamen
713 3533 933 3601 scripta
947 3535 1038 3586 est
1060 3533 1189 3586 haec
1205 3534 1472 3602 epistola,
1490 3538 1800 3603 postquam
1824 3535 1922 3588 ille

249 3620 472 3676 Nolam
499 3620 622 3689 jam
652 3625 1005 3689 recesserat,
1032 3622 1089 3675 id
1121 3625 1231 3689 est,
1265 3639 1417 3676 anno
1448 3623 1572 3691 394,
1610 3626 1670 3676 ut
1717 3625 1922 3693 opina-

248 3714 357 3765 tus
391 3710 622 3763 videtur
652 3710 961 3763 Baronius.
1016 3710 1165 3763 Nam
1216 3715 1608 3781 praeterquam
1649 3712 1805 3781 quod
1849 3727 1923 3766 ex

252 3798 533 3869 epistolis
565 3797 834 3869 ejusdem
865 3799 1095 3852 Paulini
1142 3800 1215 3852 ad
1261 3801 1535 3869 Alypium
1581 3804 1755 3870 atque
1804 3802 1923 3854 Au-

253 3889 590 3960 gustinum,
613 3903 722 3941 nec
740 3903 859 3941 non
880 3889 1187 3958 utriusque
1229 3889 1298 3941 ad
1324 3890 1591 3943 eumdem
1616 3890 1925 3943 Paulinum

254 3977 420 4032 haud
450 3977 600 4030 male
632 3976 930 4047 colligitur
983 3977 1180 4045 ipsum
1236 3978 1309 4030 ab
1368 3994 1521 4032 anno
1579 3978 1684 4033 393
1716 3979 1927 4032 Nolam

259 4066 509 4121 venisse
527 4081 540 4133 ;
556 4065 827 4134 haecipsa
843 4065 1090 4134 epistola
1112 4067 1259 4119 satis
1283 4067 1501 4120 indicat
1523 4067 1924 4137 Ambrosium,

259 4171 401 4209 cum
429 4170 560 4209 eam
592 4154 854 4223 scripsit,
888 4154 1046 4208 illius
1095 4159 1416 4224 conSpectu
1446 4172 1746 4226 nunquam
1775 4156 1926 4225 poti-

258 4248 406 4297 tum.
444 4243 600 4296 Vidit
630 4246 822 4297 autem
856 4246 1061 4311 postea
1113 4244 1385 4296 eumdem
1445 4243 1777 4312 Florentiae,
1811 4261 1928 4315 quo

260 4336 529 4401 tempore
563 4333 807 4387 Romam
840 4332 950 4385 iter
986 4332 1258 4401 habebat,
1294 4333 1489 4385 statim
1530 4334 1665 4387 hinc
1716 4334 1931 4387 Notum

263 4437 333 4475 se
366 4424 737 4490 recepturus.
774 4420 904 4474 Huc
936 4422 1107 4474 etiam
1139 4421 1386 4489 accedit,
1420 4422 1576 4491 quod
1607 4422 1815 4491 primis
1838 4438 1934 4475 an-

262 4510 384 4577 nis,
417 4526 571 4581 quos
603 4510 723 4580 egit
754 4510 1081 4563 Barcinone
1113 4510 1267 4563 idem
1310 4510 1612 4579 Paulinus,
1654 4528 1771 4566 non
1803 4528 1931 4566 om-
1963 4550 2016 4610 D

190 4610 197 4619 '
265 4615 379 4653 nes
411 4599 588 4652 simul
619 4615 760 4652 suas
794 4599 1099 4652 facultates
1133 4599 1540 4668 publicaverit,
1576 4601 1932 4654 vendiderit-

266 4703 407 4760 quc,
440 4688 547 4741 sed
581 4686 711 4741 illas
741 4688 802 4740 in
832 4688 1034 4757 plures
1065 4690 1263 4757 partes
1296 4689 1522 4742 sensim
1567 4689 1930 4743 distraxerit.

266 4777 472 4847 Itaque
504 4792 634 4829 cum
664 4777 919 4830 venditis
969 4777 1085 4830 illis
1138 4777 1433 4845 omnibus,
1485 4778 1795 4831 Paulinum
1842 4779 1932 4847 ip-

266 4880 404 4918 sum
429 4865 552 4935 jam
584 4865 800 4918 factum
830 4881 1147 4935 pauperem
1178 4870 1427 4919 testatur
1457 4866 1830 4929 Ambrosius,
1866 4867 1934 4919 il-

269 4954 395 5007 lum
426 4954 486 5006 in
516 4955 823 5024 procinctu
851 4956 923 5007 ad
946 4955 1057 5007 iter
1080 4972 1272 5022 suum,
1302 4972 1432 5008 cum
1456 4955 1707 5008 Sanctus
1732 4959 1932 5008 noster

267 5042 385 5096 ista
418 5043 727 5111 scriberet,
757 5043 877 5114 jam
910 5045 1031 5097 tum
1057 5043 1243 5097 fuisse
1264 5044 1690 5097 existimamus.
1715 5043 1932 5097 Ethinc

270 5132 499 5187 clarum
547 5133 609 5186 fit
657 5134 805 5186 hanc
854 5135 1044 5202 ipsam
1092 5133 1400 5202 epistolam
1442 5133 1771 5202 adjudicari
1819 5149 1935 5186 non

268 5237 457 5293 posse
490 5222 701 5275 melius
732 5239 905 5293 quam
940 5225 1037 5275 aut
1074 5222 1212 5275 anni
1258 5224 1361 5275 392
1412 5223 1727 5292 postremis
1769 5238 1936 5276 men-

271 5311 469 5379 sibus,
501 5316 597 5364 aut
626 5312 831 5381 primis
874 5312 996 5365 89:3.

346 5419 499 5472 LIX“
532 5418 673 5472 illud
726 5419 1136 5472 observatione
1196 5418 1440 5489 dignum
1496 5436 1617 5489 prae
1676 5434 1740 5472 se
1799 5417 1928 5488 fert,

273 5508 435 5580 quod
496 5523 703 5577 nempe
761 5510 939 5578 quoto
998 5507 1187 5561 aetatis
1241 5507 1540 5560 Ambrosii
1594 5524 1745 5562 anno
1806 5508 1937 5561 data

273 5598 477 5665 fuerit,
511 5597 747 5669 planum
779 5597 973 5651 faciat.
1016 5600 1228 5667 Aperte
1248 5598 1403 5651 enim
1426 5599 1675 5650 testatur
1696 5599 1939 5650 sanctus

275 5688 544 5748 Antistes
600 5704 812 5747 annum
864 5687 1102 5743 tertium
1164 5692 1222 5743 et
1283 5686 1820 5763 quinquagesimum
1874 5700 1942 5743 se

1958 3195 2008 3255 C

2026 1903 2221 1954 tamen
2252 1901 2381 1954 haec
2414 1918 2615 1955 eorum
2650 1904 2796 1955 ratio
2858 1903 2999 1955 nihil
3058 1903 3276 1956 efﬁcit:
3337 1917 3588 1972 namque
3636 1901 3693 1955 in

2026 1989 2275 2059 epistola
2298 1989 2367 2042 de
2385 2006 2498 2059 qua
2522 1990 2836 2059 loquimur,
2870 1990 3168 2043 barbarici
3204 1994 3395 2043 motus
3419 2008 3486 2043 ac
3504 1988 3696 2043 bello-

2026 2094 2152 2131 rum
2188 2078 2464 2146 procellm
2486 2082 3036 2145 commemorantur,
3054 2096 3123 2131 an
3149 2095 3290 2132 vero
3317 2080 3519 2133 eadem
3542 2078 3697 2131 bella

2027 2166 2357 2220 exstiterint
2388 2166 2519 2218 aliis
2552 2167 2908 2236 quibusdam
2942 2168 3292 2232 crudeliora,
3351 2183 3523 2220 nemo
3558 2167 3695 2219 hinc

2024 2258 2253 2326 probet.
2292 2257 2509 2309 Mavult
2534 2257 2907 2317 Hermannus
2930 2257 3122 2309 locum
3145 2257 3440 2310 Ambrosii
3464 2273 3494 2308 a
3521 2256 3694 2308 nobis

2024 2348 2392 2416 prOpositum
2416 2345 2484 2398 de
2511 2346 2664 2398 bello
2692 2344 2941 2414 Eugenii
2967 2346 3249 2413 scriptum
3274 2344 3491 2398 fuisse:
3519 2344 3694 2414 idque

2027 2434 2327 2488 contendit
2376 2450 2508 2486 cum
2564 2433 2973 2486 Ambrosianee
3025 2434 3159 2485 vitae
3212 2433 3455 2486 historia
3502 2434 3694 2503 magis

2029 2538 2380 2594 congruere,
2416 2538 2589 2592 quam
2623 2522 2859 2592 quidem
2894 2521 3042 2575 ultra
3079 2522 3144 2574 5'7
3188 2538 3405 2575 annum
3438 2521 3696 2591 produc-

2030 2614 2147 2665 tam
2178 2615 2372 2682 negat.
2401 2611 2516 2665 Sed
2546 2611 2657 2663 hoc
2676 2628 2792 2663 non
2812 2627 3001 2680 usque
3021 2610 3165 2663 adeo
3189 2610 3568 2679 perspicuum
3584 2612 3694 2664 est.

2032 2700 2353 2754 Fatendum
2384 2716 2527 2770 ergo
2562 2704 2878 2753 memorata
2909 2700 3088 2752 verba
3121 2699 3248 2752 sive
3272 2698 3543 2768 Eugenii,
3571 2698 3697 2751 sive

2034 2789 2269 2843 Maximi
2303 2788 2457 2842 bello
2496 2786 3034 2856 accommodentur,
3067 2787 3309 2858 perinde
3352 2803 3510 2841 esse.
3545 2786 3697 2839 Illud

2034 2881 2225 2931 autem
2286 2877 2524 2931 Baronii
2569 2877 2829 2947 opinioni
2864 2878 3053 2947 magis
3089 2877 3287 2930 favere
3338 2876 3486 2929 forte
3532 2875 3699 2928 vide-

2031 2970 2179 3035 atur,
2214 2966 2368 3036 quod
2403 2965 2757 3019 Ambrosius
2806 2965 2865 3019 in
2906 2982 3023 3018 non
3070 2968 3276 3035 paucis
3312 2965 3701 3034 epistolarum

2035 3054 2407 3125 Superiorum
2421 3055 2571 3108 locis
2588 3055 2912 3107 senectutis
2928 3071 3053 3107 sua}
3075 3056 3427 3108 mentionem
3448 3053 3699 3107 subinde

2034 3143 2221 3212 iteret,
2248 3144 2404 3214 quod
2438 3159 2579 3195 sane
2616 3142 2698 3195 illi
2723 3142 2849 3196 viro
2877 3144 3072 3195 minus
3107 3143 3398 3210 convenit,
3437 3143 3537 3212 qui
3566 3142 3700 3195 vitae

2037 3232 2394 3286 curriculum
2426 3248 2577 3285 anno
2610 3231 2675 3285 57
2707 3248 2881 3302 quam
2912 3232 3011 3300 qui
3042 3231 3107 3283 0'7
3131 3231 3548 3284 terminaverit.
3583 3230 3701 3283 Ve-

2035 3325 2361 3375 rumtamen
2404 3337 2535 3393 non
2598 3321 2943 3391 ignoramus
2988 3319 3132 3372 illud
3195 3319 3413 3372 Basilio
3453 3318 3701 3388 aliisque

2038 3412 2260 3464 sanctis
2283 3409 2636 3480 quibusdam
2659 3426 2771 3462 usu
2790 3409 3053 3477 venisse,
3085 3410 3145 3461 ut
3164 3408 3436 3478 quamvis
3454 3408 3511 3460 in
3536 3409 3702 3461 aetate

2036 3501 2233 3553 minus
2263 3502 2540 3568 provecta
2574 3499 2726 3551 diem
2761 3497 3031 3565 obierint,
3070 3497 3140 3549 de
3194 3512 3259 3550 se
3305 3499 3501 3550 tamen
3533 3496 3705 3566 quasi

2034 3587 2158 3659 jam
2190 3588 2436 3641 senibus
2468 3587 2625 3656 loqui
2658 3588 2938 3639 amarent.
2974 3585 3112 3638 Inde
3144 3587 3235 3638 est
3265 3585 3419 3655 quod
3462 3584 3703 3638 lectori-

2039 3677 2153 3731 bus
2200 3678 2494 3745 integrum
2545 3675 2878 3744 relinquere
2937 3674 3188 3729 velimus
3252 3674 3339 3727 rei
3391 3672 3701 3743 judicium.

2041 3766 2349 3819 Monemus
2380 3767 2572 3817 tamen
2605 3764 2745 3817 illud
2778 3763 3141 3816 discriminis
3200 3764 3258 3816 in
3318 3762 3699 3832 episcOpatus

2043 3853 2344 3907 Ambrosii
2373 3852 2543 3905 annis
2576 3852 2717 3904 nihil
2760 3855 3003 3921 mutare,
3059 3852 3166 3905 sed
3216 3852 3409 3905 solum
3448 3852 3508 3904 in
3559 3851 3706 3905 actis

2041 3946 2172 3996 ante
2224 3942 2677 4012 episcopatum;
2736 3941 2847 3993 hos
2896 3944 3088 3994 tamen
3139 3942 3303 4010 ipsos
3352 3939 3487 4010 plus
3537 3953 3706 4010 {equo

2041 4032 2370 4101 producere
2402 4030 2633 4083 videtur
2664 4031 2975 4083 Baronius.

2116 4157 2243 4209 LX3
2276 4156 2588 4209 Paternum
2621 4154 2897 4223 deterret,
2934 4171 3006 4208 ne
3040 4154 3221 4209 filium
3270 4171 3402 4209 cum
3432 4157 3603 4223 nepte
3636 4168 3711 4208 ex

2045 4245 2183 4313 filia,
2219 4245 2275 4297 id
2309 4247 2399 4298 est
2428 4244 2785 4297 avunculum
2817 4259 2950 4296 cum
2981 4244 3098 4297 tilia
3136 4246 3389 4311 sororis,
3423 4245 3712 4297 matrimo-

2044 4333 2143 4388 nio
2171 4334 2405 4405 jungat.
2441 4333 2658 4386 Nititur
2688 4336 2879 4385 autem
2908 4333 2969 4385 in
3017 4332 3417 4385 dissuadendo
3465 4330 3709 4400 potissi-

2046 4439 2205 4477 mum
2261 4423 2356 4475 his
2410 4421 2775 4492 argumentis
2840 4421 3197 4474 Ambrosius
3265 4423 3495 4488 noster,
3554 4417 3711 4488 quod

2046 4511 2391 4583 hujusmodi
2416 4510 2761 4581 coniugium
2781 4512 2835 4562 et
2857 4509 3073 4563 divinis
3098 4509 3333 4578 legibus
3354 4507 3710 4560 contrarium
3754 4512 3757 4517 ‘

2047 4603 2124 4654 sit
2156 4604 2211 4654 et
2261 4600 2623 4669 prohibitum
2674 4598 3091 4651 constitutione
3138 4596 3478 4663 Theodosii,
3532 4611 3564 4648 a
3595 4610 3709 4665 quo

2049 4688 2491 4759 amplissimum,
2518 4687 2723 4756 inquit,
2750 4686 3033 4755 accepisti
3047 4686 3345 4737 honorem.
3374 4684 3514 4737 Haec
3534 4699 3709 4753 porro

2048 4779 2231 4831 verba
2264 4792 2398 4830 cum
2440 4775 2621 4844 aptari
2677 4789 2794 4826 non
2845 4774 3079 4842 possint
3126 4773 3493 4826 commodius
3537 4788 3712 4842 quam

2051 4866 2321 4936 dignitati
2373 4863 2606 4917 comitis
2653 4878 2881 4915 sacrar.
2945 4863 3174 4932 Largit.
3226 4878 3339 4932 qua
3399 4862 3712 4915 Paternum

2053 4957 2321 5009 ornatum
2353 4952 2542 5005 fuisse
2576 4968 2648 5004 ex
2682 4951 2879 5004 multis
2911 4950 3250 5020 Symmachi
3299 4951 3567 5020 epistolis
3617 4966 3712 5004 co-

2054 5057 2346 5115 gnoscere
2379 5043 2489 5108 est,
2534 5055 2825 5110 quamque
2875 5040 2946 5093 ab
3001 5040 3205 5093 eodem
3249 5041 3713 5093 administratam

2052 5148 2204 5187 anno
2236 5130 2339 5183 393
2370 5129 2586 5182 indicat
2616 5130 2711 5182 lex
2744 5128 2808 5182 ’14
2842 5130 2913 5181 de
2954 5130 3239 5197 dicta/Iis,
3285 5129 3434 5183 hanc
3474 5145 3712 5200 quoque

2052 5219 2359 5291 epistolam
2389 5219 2577 5271 eidem
2608 5234 2760 5271 anno
2793 5218 2895 5270 393
2926 5219 3333 5287 attribuamus,
3370 5219 3542 5271 nobis
3584 5232 3713 5287 per-

2051 5311 2320 5365 suadent.
2356 5307 2519 5372 Quod
2551 5311 2743 5360 autem
2777 5308 2848 5359 ad
2893 5307 3352 5377 prohibitionem
3393 5304 3713 5359 Theodosii

2051 5416 2229 5468 supra
2266 5401 2663 5466 memoratam,
2700 5412 2764 5449 ea
2798 5396 3035 5467 quidem
3070 5397 3139 5450 ad
3171 5401 3397 5450 aztatcm
3449 5397 3711 5447 nostram

2049 5488 2401 5542 transmissa
2431 5502 2548 5540 non
2576 5489 2688 5553 est,
2749 5486 2856 5539 sed
2916 5485 3049 5556 ejus
3096 5487 3155 5538 in
3196 5484 3328 5537 aliis
3360 5480 3710 5552 quibusdam

2048 5581 2240 5632 exstat
2268 5577 2504 5644 mentio,
2544 5568 3036 5648 quemadmodum
3059 5590 3090 5628 a
3121 5573 3295 5627 nobis
3320 5568 3712 5627 declarabitur

2043 5666 2282 5741 proprio
2315 5666 2466 5726 loco.
