  <div class='ocr_page' id='page_1' title='image "/cluster/home/n/w/nwhite01/storage/ocr_20150623/16/hvd.32044096580444/457.png"; bbox 0 0 4090 6174; ppageno 0'>
   <div class='ocr_carea' id='block_1_1' title="bbox 481 316 601 393">
    <p class='ocr_par' dir='ltr' id='par_1_1' title="bbox 481 316 601 393">
     <span class='ocr_line' id='line_1_1' title="bbox 481 316 601 393; baseline 0 0"><span class='ocrx_word' id='word_1_1' title='bbox 481 316 601 393; x_wconf 83' lang='lat'><strong>903</strong></span> 
     </span>
    </p>
   </div>
   <div class='ocr_carea' id='block_1_2' title="bbox 1946 310 2499 389">
    <p class='ocr_par' dir='ltr' id='par_1_2' title="bbox 1946 310 2499 389">
     <span class='ocr_line' id='line_1_2' title="bbox 1946 310 2499 389; baseline 0.002 -2"><span class='ocrx_word' id='word_1_2' title='bbox 1946 312 2011 388; x_wconf 88' lang='lat' dir='ltr'><strong>S.</strong></span> <span class='ocrx_word' id='word_1_3' title='bbox 2058 310 2499 389; x_wconf 74' lang='lat' dir='ltr'><strong>AMBROSII.</strong></span> 
     </span>
    </p>
   </div>
   <div class='ocr_carea' id='block_1_3' title="bbox 3800 326 3899 394">
    <p class='ocr_par' dir='ltr' id='par_1_3' title="bbox 3800 326 3899 394">
     <span class='ocr_line' id='line_1_3' title="bbox 3800 326 3899 394; baseline 0 0"><span class='ocrx_word' id='word_1_4' title='bbox 3800 326 3899 394; x_wconf 58' lang='grc' dir='ltr'><strong>Μ</strong></span> 
     </span>
    </p>
   </div>
   <div class='ocr_carea' id='block_1_4' title="bbox 558 506 3893 602">
    <p class='ocr_par' dir='ltr' id='par_1_4' title="bbox 558 506 3893 602">
     <span class='ocr_line' id='line_1_4' title="bbox 558 506 3893 602; baseline 0 -18"><span class='ocrx_word' id='word_1_5' title='bbox 558 528 735 602; x_wconf 91' lang='lat' dir='ltr'><strong>[Ann.</strong></span> <span class='ocrx_word' id='word_1_6' title='bbox 771 526 925 601; x_wconf 78' lang='lat'><strong>894.]</strong></span> <span class='ocrx_word' id='word_1_7' title='bbox 957 528 1116 583; x_wconf 71' lang='lat' dir='ltr'><strong>LXIII</strong></span> <span class='ocrx_word' id='word_1_8' title='bbox 1145 527 1220 583; x_wconf 91' lang='lat' dir='ltr'><strong>ad</strong></span> <span class='ocrx_word' id='word_1_9' title='bbox 1259 526 1684 596; x_wconf 83' lang='lat' dir='ltr'><strong>Theodosium,</strong></span> <span class='ocrx_word' id='word_1_10' title='bbox 1719 541 1751 580; x_wconf 91' lang='lat' dir='ltr'><strong>a</strong></span> <span class='ocrx_word' id='word_1_11' title='bbox 1783 540 1899 597; x_wconf 90' lang='lat' dir='ltr'><strong>quo</strong></span> <span class='ocrx_word' id='word_1_12' title='bbox 1932 527 2177 580; x_wconf 90' lang='lat' dir='ltr'><strong>sanctus</strong></span> <span class='ocrx_word' id='word_1_13' title='bbox 2209 506 2489 579; x_wconf 68' lang='lat' dir='ltr'><strong>Afariam</strong></span> <span class='ocrx_word' id='word_1_14' title='bbox 2523 523 2774 579; x_wconf 80' lang='lat' dir='ltr'><strong>divisam</strong></span> <span class='ocrx_word' id='word_1_15' title='bbox 2814 523 2941 581; x_wconf 90' lang='lat' dir='ltr'><strong>fore</strong></span> <span class='ocrx_word' id='word_1_16' title='bbox 2978 523 3390 597; x_wconf 82' lang='lat' dir='ltr'><strong>indicavimus,</strong></span> <span class='ocrx_word' id='word_1_17' title='bbox 3422 526 3687 582; x_wconf 82' lang='lat' dir='ltr'><strong>nimirum</strong></span> <span class='ocrx_word' id='word_1_18' title='bbox 3712 527 3767 583; x_wconf 91' lang='lat' dir='ltr'><strong>in</strong></span> <span class='ocrx_word' id='word_1_19' title='bbox 3810 544 3893 585; x_wconf 86' lang='lat' dir='ltr'><strong>eas</strong></span> 
     </span>
    </p>
   </div>
   <div class='ocr_carea' id='block_1_5' title="bbox 490 613 3901 689">
    <p class='ocr_par' dir='ltr' id='par_1_5' title="bbox 490 613 3901 689">
     <span class='ocr_line' id='line_1_5' title="bbox 490 613 3901 689; baseline -0 -16"><span class='ocrx_word' id='word_1_20' title='bbox 490 619 584 673; x_wconf 90' lang='lat' dir='ltr'><strong>vir</strong></span> <span class='ocrx_word' id='word_1_21' title='bbox 634 617 707 672; x_wconf 93' lang='lat' dir='ltr'><strong>de</strong></span> <span class='ocrx_word' id='word_1_22' title='bbox 757 618 1084 689; x_wconf 77' lang='lat' dir='ltr'><strong>gratiarum</strong></span> <span class='ocrx_word' id='word_1_23' title='bbox 1123 616 1459 672; x_wconf 83' lang='lat' dir='ltr'><strong>actionibus</strong></span> <span class='ocrx_word' id='word_1_24' title='bbox 1511 616 1585 670; x_wconf 90' lang='lat' dir='ltr'><strong>ob</strong></span> <span class='ocrx_word' id='word_1_25' title='bbox 1634 614 2011 685; x_wconf 83' lang='lat' dir='ltr'><strong>proﬂigatum</strong></span> <span class='ocrx_word' id='word_1_26' title='bbox 2052 628 2172 667; x_wconf 88' lang='lat' dir='ltr'><strong>non</strong></span> <span class='ocrx_word' id='word_1_27' title='bbox 2283 613 2570 683; x_wconf 77' lang='lat' dir='ltr'><strong>epistolas</strong></span> <span class='ocrx_word' id='word_1_28' title='bbox 2600 614 2694 668; x_wconf 87' lang='lat' dir='ltr'><strong>vel</strong></span> <span class='ocrx_word' id='word_1_29' title='bbox 2728 629 2862 685; x_wconf 90' lang='lat' dir='ltr'><strong>quae</strong></span> <span class='ocrx_word' id='word_1_30' title='bbox 2892 614 2966 669; x_wconf 92' lang='lat' dir='ltr'><strong>de</strong></span> <span class='ocrx_word' id='word_1_31' title='bbox 3014 613 3339 686; x_wconf 90' lang='lat' dir='ltr'><strong>Scripturis</strong></span> <span class='ocrx_word' id='word_1_32' title='bbox 3385 615 3788 685; x_wconf 89' lang='lat' dir='ltr'><strong>edisserendis,</strong></span> <span class='ocrx_word' id='word_1_33' title='bbox 3832 618 3901 672; x_wconf 85' lang='lat' dir='ltr'><strong>in-</strong></span> 
     </span>
    </p>
   </div>
   <div class='ocr_carea' id='block_1_6' title="bbox 492 701 3903 777">
    <p class='ocr_par' dir='ltr' id='par_1_6' title="bbox 492 701 3903 777">
     <span class='ocr_line' id='line_1_6' title="bbox 492 701 3903 777; baseline -0.001 -16"><span class='ocrx_word' id='word_1_34' title='bbox 492 706 622 761; x_wconf 91' lang='lat' dir='ltr'><strong>sine</strong></span> <span class='ocrx_word' id='word_1_35' title='bbox 653 706 935 761; x_wconf 89' lang='lat' dir='ltr'><strong>miraculo</strong></span> <span class='ocrx_word' id='word_1_36' title='bbox 972 704 1307 777; x_wconf 79' lang='lat' dir='ltr'><strong>Eugenium</strong></span> <span class='ocrx_word' id='word_1_37' title='bbox 1335 707 1649 775; x_wconf 78' lang='lat' dir='ltr'><strong>tyrannum</strong></span> <span class='ocrx_word' id='word_1_38' title='bbox 1696 704 1817 757; x_wconf 90' lang='lat' dir='ltr'><strong>Deo</strong></span> <span class='ocrx_word' id='word_1_39' title='bbox 1851 702 2171 757; x_wconf 76' lang='lat' dir='ltr'><strong>reddendis</strong></span> <span class='ocrx_word' id='word_1_40' title='bbox 2286 701 2504 757; x_wconf 71' lang='lat' dir='ltr'><strong>stitutaa</strong></span> <span class='ocrx_word' id='word_1_41' title='bbox 2536 706 2694 772; x_wconf 90' lang='lat' dir='ltr'><strong>sunt,</strong></span> <span class='ocrx_word' id='word_1_42' title='bbox 2726 702 2820 757; x_wconf 86' lang='lat' dir='ltr'><strong>vel</strong></span> <span class='ocrx_word' id='word_1_43' title='bbox 2861 719 2994 774; x_wconf 64' lang='lat' dir='ltr'><strong>qua:</strong></span> <span class='ocrx_word' id='word_1_44' title='bbox 3050 703 3111 757; x_wconf 90' lang='lat' dir='ltr'><strong>in</strong></span> <span class='ocrx_word' id='word_1_45' title='bbox 3170 706 3331 759; x_wconf 90' lang='lat' dir='ltr'><strong>serio</strong></span> <span class='ocrx_word' id='word_1_46' title='bbox 3387 703 3578 775; x_wconf 89' lang='lat' dir='ltr'><strong>aliquo</strong></span> <span class='ocrx_word' id='word_1_47' title='bbox 3631 707 3903 760; x_wconf 84' lang='lat' dir='ltr'><strong>versantur</strong></span> 
     </span>
    </p>
   </div>
   <div class='ocr_carea' id='block_1_7' title="bbox 488 790 2179 865">
    <p class='ocr_par' dir='ltr' id='par_1_7' title="bbox 488 790 2179 865">
     <span class='ocr_line' id='line_1_7' title="bbox 488 790 2179 865; baseline -0.004 -16"><span class='ocrx_word' id='word_1_48' title='bbox 488 794 717 850; x_wconf 84' lang='lat' dir='ltr'><strong>litteras</strong></span> <span class='ocrx_word' id='word_1_49' title='bbox 749 798 1089 865; x_wconf 90' lang='lat' dir='ltr'><strong>acceperat,</strong></span> <span class='ocrx_word' id='word_1_50' title='bbox 1123 794 1442 865; x_wconf 86' lang='lat' dir='ltr'><strong>responsio</strong></span> <span class='ocrx_word' id='word_1_51' title='bbox 1474 796 1588 847; x_wconf 91' lang='lat' dir='ltr'><strong>est.</strong></span> <span class='ocrx_word' id='word_1_52' title='bbox 1613 792 1736 847; x_wconf 84' lang='lat' dir='ltr'><strong>llac</strong></span> <span class='ocrx_word' id='word_1_53' title='bbox 1759 807 1904 863; x_wconf 84' lang='lat' dir='ltr'><strong>ergo</strong></span> <span class='ocrx_word' id='word_1_54' title='bbox 1928 790 2179 845; x_wconf 87' lang='lat' dir='ltr'><strong>Ambro-</strong></span> 
     </span>
    </p>
   </div>
   <div class='ocr_carea' id='block_1_8' title="bbox 2286 791 3901 863">
    <p class='ocr_par' dir='ltr' id='par_1_8' title="bbox 2286 791 3901 863">
     <span class='ocr_line' id='line_1_8' title="bbox 2286 791 3901 863; baseline 0.001 -19"><span class='ocrx_word' id='word_1_55' title='bbox 2286 794 2657 863; x_wconf 89' lang='lat' dir='ltr'><strong>argumento,</strong></span> <span class='ocrx_word' id='word_1_56' title='bbox 2690 792 2786 846; x_wconf 87' lang='lat' dir='ltr'><strong>vel</strong></span> <span class='ocrx_word' id='word_1_57' title='bbox 2817 792 2890 846; x_wconf 91' lang='lat' dir='ltr'><strong>ad</strong></span> <span class='ocrx_word' id='word_1_58' title='bbox 2918 795 3284 863; x_wconf 90' lang='lat' dir='ltr'><strong>postremum</strong></span> <span class='ocrx_word' id='word_1_59' title='bbox 3340 808 3472 863; x_wconf 67' lang='lat' dir='ltr'><strong>qum</strong></span> <span class='ocrx_word' id='word_1_60' title='bbox 3520 791 3802 847; x_wconf 82' lang='lat' dir='ltr'><strong>familiaris</strong></span> <span class='ocrx_word' id='word_1_61' title='bbox 3825 808 3901 846; x_wconf 86' lang='lat' dir='ltr'><strong>ur-</strong></span> 
     </span>
    </p>
   </div>
   <div class='ocr_carea' id='block_1_9' title="bbox 492 878 3901 954">
    <p class='ocr_par' dir='ltr' id='par_1_9' title="bbox 492 878 3901 954">
     <span class='ocr_line' id='line_1_9' title="bbox 492 878 3901 954; baseline 0 -17"><span class='ocrx_word' id='word_1_62' title='bbox 492 883 622 937; x_wconf 91' lang='lat' dir='ltr'><strong>sius</strong></span> <span class='ocrx_word' id='word_1_63' title='bbox 670 883 1088 954; x_wconf 86' lang='lat' dir='ltr'><strong>imperatorem</strong></span> <span class='ocrx_word' id='word_1_64' title='bbox 1143 898 1349 937; x_wconf 90' lang='lat' dir='ltr'><strong>eorum</strong></span> <span class='ocrx_word' id='word_1_65' title='bbox 1398 897 1532 953; x_wconf 91' lang='lat' dir='ltr'><strong>quae</strong></span> <span class='ocrx_word' id='word_1_66' title='bbox 1589 879 1994 952; x_wconf 83' lang='lat' dir='ltr'><strong>exsequendis</strong></span> <span class='ocrx_word' id='word_1_67' title='bbox 2042 878 2176 949; x_wconf 88' lang='lat' dir='ltr'><strong>ejus</strong></span> <span class='ocrx_word' id='word_1_68' title='bbox 2288 879 2566 934; x_wconf 89' lang='lat' dir='ltr'><strong>banitatis</strong></span> <span class='ocrx_word' id='word_1_69' title='bbox 2598 884 2773 951; x_wconf 89' lang='lat' dir='ltr'><strong>atque</strong></span> <span class='ocrx_word' id='word_1_70' title='bbox 2803 879 2986 935; x_wconf 84' lang='lat' dir='ltr'><strong>officii</strong></span> <span class='ocrx_word' id='word_1_71' title='bbox 3037 881 3506 953; x_wconf 83' lang='lat' dir='ltr'><strong>significationes</strong></span> <span class='ocrx_word' id='word_1_72' title='bbox 3542 881 3749 935; x_wconf 89' lang='lat' dir='ltr'><strong>tantum</strong></span> <span class='ocrx_word' id='word_1_73' title='bbox 3790 896 3901 937; x_wconf 87' lang='lat' dir='ltr'><strong>con-</strong></span> 
     </span>
    </p>
   </div>
   <div class='ocr_carea' id='block_1_10' title="bbox 423 967 2493 1042">
    <p class='ocr_par' dir='ltr' id='par_1_10' title="bbox 423 967 2493 1042">
     <span class='ocr_line' id='line_1_10' title="bbox 423 967 2493 1042; baseline -0.002 -16"><span class='ocrx_word' id='word_1_74' title='bbox 423 993 429 998; x_wconf 89' lang='grc'>·</span> <span class='ocrx_word' id='word_1_75' title='bbox 489 971 809 1042; x_wconf 87' lang='lat' dir='ltr'><strong>postulatis</strong></span> <span class='ocrx_word' id='word_1_76' title='bbox 844 972 977 1042; x_wconf 89' lang='lat' dir='ltr'><strong>ipse</strong></span> <span class='ocrx_word' id='word_1_77' title='bbox 1026 971 1404 1041; x_wconf 87' lang='lat' dir='ltr'><strong>praestiterat,</strong></span> <span class='ocrx_word' id='word_1_78' title='bbox 1455 970 1766 1025; x_wconf 86' lang='lat' dir='ltr'><strong>certiorem</strong></span> <span class='ocrx_word' id='word_1_79' title='bbox 1814 968 1972 1023; x_wconf 87' lang='lat' dir='ltr'><strong>facit.</strong></span> <span class='ocrx_word' id='word_1_80' title='bbox 2005 967 2176 1022; x_wconf 92' lang='lat' dir='ltr'><strong>Unde</strong></span> <span class='ocrx_word' id='word_1_81' title='bbox 2288 968 2493 1023; x_wconf 88' lang='lat' dir='ltr'><strong>tinent.</strong></span> 
     </span>
    </p>
   </div>
   <div class='ocr_carea' id='block_1_11' title="bbox 500 1058 2183 1131">
    <p class='ocr_par' dir='ltr' id='par_1_11' title="bbox 500 1058 2183 1131">
     <span class='ocr_line' id='line_1_11' title="bbox 500 1058 2183 1131; baseline -0.002 -16"><span class='ocrx_word' id='word_1_82' title='bbox 500 1060 632 1115; x_wconf 81' lang='lat' dir='ltr'><strong>haec</strong></span> <span class='ocrx_word' id='word_1_83' title='bbox 664 1059 917 1130; x_wconf 90' lang='lat' dir='ltr'><strong>epistola</strong></span> <span class='ocrx_word' id='word_1_84' title='bbox 950 1075 1056 1130; x_wconf 90' lang='lat' dir='ltr'><strong>per</strong></span> <span class='ocrx_word' id='word_1_85' title='bbox 1086 1076 1152 1115; x_wconf 90' lang='lat' dir='ltr'><strong>se</strong></span> <span class='ocrx_word' id='word_1_86' title='bbox 1183 1060 1445 1131; x_wconf 85' lang='lat' dir='ltr'><strong>loquitur</strong></span> <span class='ocrx_word' id='word_1_87' title='bbox 1473 1074 1592 1113; x_wconf 90' lang='lat' dir='ltr'><strong>non</strong></span> <span class='ocrx_word' id='word_1_88' title='bbox 1623 1058 1738 1114; x_wconf 92' lang='lat' dir='ltr'><strong>alio</strong></span> <span class='ocrx_word' id='word_1_89' title='bbox 1766 1072 1922 1112; x_wconf 90' lang='lat' dir='ltr'><strong>anno</strong></span> <span class='ocrx_word' id='word_1_90' title='bbox 1948 1058 2183 1112; x_wconf 72' lang='lat' dir='ltr'><strong>nisi394</strong></span> 
     </span>
    </p>
   </div>
   <div class='ocr_carea' id='block_1_12' title="bbox 499 1147 2181 1219">
    <p class='ocr_par' dir='ltr' id='par_1_12' title="bbox 499 1147 2181 1219">
     <span class='ocr_line' id='line_1_12' title="bbox 499 1147 2181 1219; baseline -0.001 -15"><span class='ocrx_word' id='word_1_91' title='bbox 499 1164 567 1204; x_wconf 90' lang='lat' dir='ltr'><strong>se</strong></span> <span class='ocrx_word' id='word_1_92' title='bbox 596 1148 851 1203; x_wconf 90' lang='lat' dir='ltr'><strong>missam</strong></span> <span class='ocrx_word' id='word_1_93' title='bbox 883 1163 1044 1218; x_wconf 90' lang='lat' dir='ltr'><strong>esse,</strong></span> <span class='ocrx_word' id='word_1_94' title='bbox 1081 1164 1214 1203; x_wconf 93' lang='lat' dir='ltr'><strong>cum</strong></span> <span class='ocrx_word' id='word_1_95' title='bbox 1247 1153 1532 1219; x_wconf 77' lang='lat' dir='ltr'><strong>tyrannus</strong></span> <span class='ocrx_word' id='word_1_96' title='bbox 1576 1147 1674 1202; x_wconf 92' lang='lat' dir='ltr'><strong>ille</strong></span> <span class='ocrx_word' id='word_1_97' title='bbox 1705 1147 1819 1203; x_wconf 91' lang='lat' dir='ltr'><strong>hoc</strong></span> <span class='ocrx_word' id='word_1_98' title='bbox 1861 1148 1994 1217; x_wconf 91' lang='lat' dir='ltr'><strong>ipso</strong></span> <span class='ocrx_word' id='word_1_99' title='bbox 2026 1162 2181 1202; x_wconf 89' lang='lat' dir='ltr'><strong>anno</strong></span> 
     </span>
    </p>
   </div>
   <div class='ocr_carea' id='block_1_13' title="bbox 502 1236 1680 1307">
    <p class='ocr_par' dir='ltr' id='par_1_13' title="bbox 502 1236 1680 1307">
     <span class='ocr_line' id='line_1_13' title="bbox 502 1236 1680 1307; baseline -0.003 -14"><span class='ocrx_word' id='word_1_100' title='bbox 502 1252 707 1293; x_wconf 89' lang='lat' dir='ltr'><strong>mense</strong></span> <span class='ocrx_word' id='word_1_101' title='bbox 740 1237 1064 1307; x_wconf 90' lang='lat' dir='ltr'><strong>septembri</strong></span> <span class='ocrx_word' id='word_1_102' title='bbox 1093 1236 1271 1291; x_wconf 90' lang='lat' dir='ltr'><strong>luerit</strong></span> <span class='ocrx_word' id='word_1_103' title='bbox 1302 1237 1680 1306; x_wconf 87' lang='lat' dir='ltr'><strong>supplicium.</strong></span> 
     </span>
    </p>
   </div>
   <div class='ocr_carea' id='block_1_14' title="bbox 575 1342 2181 1414">
    <p class='ocr_par' dir='ltr' id='par_1_14' title="bbox 575 1342 2181 1414">
     <span class='ocr_line' id='line_1_14' title="bbox 575 1342 2181 1414; baseline -0.001 -17"><span class='ocrx_word' id='word_1_104' title='bbox 575 1344 754 1398; x_wconf 68' lang='lat' dir='ltr'><strong>LXlI‘I</strong></span> <span class='ocrx_word' id='word_1_105' title='bbox 784 1343 974 1397; x_wconf 91' lang='lat' dir='ltr'><strong>eidem</strong></span> <span class='ocrx_word' id='word_1_106' title='bbox 1004 1342 1279 1414; x_wconf 88' lang='lat' dir='ltr'><strong>principi,</strong></span> <span class='ocrx_word' id='word_1_107' title='bbox 1314 1343 1523 1397; x_wconf 92' lang='lat' dir='ltr'><strong>eodem</strong></span> <span class='ocrx_word' id='word_1_108' title='bbox 1574 1346 1859 1412; x_wconf 88' lang='lat' dir='ltr'><strong>tempore,</strong></span> <span class='ocrx_word' id='word_1_109' title='bbox 1892 1344 1949 1396; x_wconf 92' lang='lat' dir='ltr'><strong>et</strong></span> <span class='ocrx_word' id='word_1_110' title='bbox 1993 1342 2051 1395; x_wconf 92' lang='lat' dir='ltr'><strong>in</strong></span> <span class='ocrx_word' id='word_1_111' title='bbox 2083 1357 2181 1395; x_wconf 90' lang='lat' dir='ltr'><strong>ar-</strong></span> 
     </span>
    </p>
   </div>
   <div class='ocr_carea' id='block_1_15' title="bbox 472 1429 2183 1505">
    <p class='ocr_par' dir='ltr' id='par_1_15' title="bbox 472 1429 2183 1505">
     <span class='ocr_line' id='line_1_15' title="bbox 472 1429 2183 1505; baseline -0.001 -18"><span class='ocrx_word' id='word_1_112' title='bbox 472 1455 486 1470; x_wconf 76' lang='grc' dir='ltr'><strong>ν</strong></span> <span class='ocrx_word' id='word_1_113' title='bbox 505 1435 789 1505; x_wconf 86' lang='lat' dir='ltr'><strong>gumento</strong></span> <span class='ocrx_word' id='word_1_114' title='bbox 819 1448 937 1487; x_wconf 90' lang='lat' dir='ltr'><strong>non</strong></span> <span class='ocrx_word' id='word_1_115' title='bbox 967 1431 1226 1486; x_wconf 89' lang='lat' dir='ltr'><strong>absimili</strong></span> <span class='ocrx_word' id='word_1_116' title='bbox 1253 1435 1491 1486; x_wconf 86' lang='lat' dir='ltr'><strong>exarata</strong></span> <span class='ocrx_word' id='word_1_117' title='bbox 1524 1434 1633 1485; x_wconf 89' lang='lat' dir='ltr'><strong>est.</strong></span> <span class='ocrx_word' id='word_1_118' title='bbox 1667 1431 1891 1501; x_wconf 89' lang='lat' dir='ltr'><strong>Quippe</strong></span> <span class='ocrx_word' id='word_1_119' title='bbox 1917 1446 2032 1501; x_wconf 88' lang='lat' dir='ltr'><strong>qua</strong></span> <span class='ocrx_word' id='word_1_120' title='bbox 2062 1429 2183 1485; x_wconf 91' lang='lat' dir='ltr'><strong>illis</strong></span> 
     </span>
    </p>
   </div>
   <div class='ocr_carea' id='block_1_16' title="bbox 508 1519 2184 1590">
    <p class='ocr_par' dir='ltr' id='par_1_16' title="bbox 508 1519 2184 1590">
     <span class='ocr_line' id='line_1_16' title="bbox 508 1519 2184 1590; baseline -0.001 -16"><span class='ocrx_word' id='word_1_121' title='bbox 508 1520 866 1577; x_wconf 91' lang='lat' dir='ltr'><strong>Ambrosius</strong></span> <span class='ocrx_word' id='word_1_122' title='bbox 898 1520 972 1575; x_wconf 91' lang='lat' dir='ltr'><strong>ab</strong></span> <span class='ocrx_word' id='word_1_123' title='bbox 1016 1520 1371 1590; x_wconf 86' lang='lat' dir='ltr'><strong>imperatore</strong></span> <span class='ocrx_word' id='word_1_124' title='bbox 1418 1520 1651 1574; x_wconf 86' lang='lat' dir='ltr'><strong>veniam</strong></span> <span class='ocrx_word' id='word_1_125' title='bbox 1698 1520 1861 1590; x_wconf 88' lang='lat' dir='ltr'><strong>petit,</strong></span> <span class='ocrx_word' id='word_1_126' title='bbox 1916 1519 2019 1589; x_wconf 85' lang='lat' dir='ltr'><strong>qui</strong></span> <span class='ocrx_word' id='word_1_127' title='bbox 2050 1534 2184 1573; x_wconf 93' lang='lat' dir='ltr'><strong>cum</strong></span> 
     </span>
    </p>
   </div>
   <div class='ocr_carea' id='block_1_17' title="bbox 508 1606 2186 1680">
    <p class='ocr_par' dir='ltr' id='par_1_17' title="bbox 508 1606 2186 1680">
     <span class='ocr_line' id='line_1_17' title="bbox 508 1606 2186 1680; baseline -0.002 -16"><span class='ocrx_word' id='word_1_128' title='bbox 508 1612 822 1680; x_wconf 75' lang='lat' dir='ltr'><strong>tyrannum</strong></span> <span class='ocrx_word' id='word_1_129' title='bbox 852 1611 1060 1664; x_wconf 87' lang='lat' dir='ltr'><strong>essent</strong></span> <span class='ocrx_word' id='word_1_130' title='bbox 1089 1608 1300 1678; x_wconf 86' lang='lat' dir='ltr'><strong>secuti,</strong></span> <span class='ocrx_word' id='word_1_131' title='bbox 1323 1623 1393 1663; x_wconf 93' lang='lat' dir='ltr'><strong>eo</strong></span> <span class='ocrx_word' id='word_1_132' title='bbox 1425 1608 1757 1677; x_wconf 90' lang='lat' dir='ltr'><strong>interfecto,</strong></span> <span class='ocrx_word' id='word_1_133' title='bbox 1793 1606 2186 1678; x_wconf 81' lang='lat' dir='ltr'><strong>confugerant</strong></span> 
     </span>
    </p>
   </div>
   <div class='ocr_carea' id='block_1_18' title="bbox 516 1695 2011 1768">
    <p class='ocr_par' dir='ltr' id='par_1_18' title="bbox 516 1695 2011 1768">
     <span class='ocr_line' id='line_1_18' title="bbox 516 1695 2011 1768; baseline -0.002 -15"><span class='ocrx_word' id='word_1_134' title='bbox 516 1699 575 1753; x_wconf 90' lang='lat' dir='ltr'><strong>in</strong></span> <span class='ocrx_word' id='word_1_135' title='bbox 609 1697 923 1768; x_wconf 89' lang='lat' dir='ltr'><strong>ecclesias,</strong></span> <span class='ocrx_word' id='word_1_136' title='bbox 956 1696 1222 1751; x_wconf 89' lang='lat' dir='ltr'><strong>criminis</strong></span> <span class='ocrx_word' id='word_1_137' title='bbox 1260 1697 1354 1751; x_wconf 90' lang='lat' dir='ltr'><strong>sui</strong></span> <span class='ocrx_word' id='word_1_138' title='bbox 1385 1711 1620 1766; x_wconf 87' lang='lat' dir='ltr'><strong>poenam</strong></span> <span class='ocrx_word' id='word_1_139' title='bbox 1641 1695 2011 1750; x_wconf 89' lang='lat' dir='ltr'><strong>declinaturi.</strong></span> 
     </span>
    </p>
   </div>
   <div class='ocr_carea' id='block_1_19' title="bbox 2362 1056 3895 1129">
    <p class='ocr_par' dir='ltr' id='par_1_19' title="bbox 2362 1056 3895 1129">
     <span class='ocr_line' id='line_1_19' title="bbox 2362 1056 3895 1129; baseline 0.003 -20"><span class='ocrx_word' id='word_1_140' title='bbox 2362 1056 2557 1111; x_wconf 90' lang='lat' dir='ltr'><strong>Prima</strong></span> <span class='ocrx_word' id='word_1_141' title='bbox 2589 1058 2781 1112; x_wconf 93' lang='lat' dir='ltr'><strong>series</strong></span> <span class='ocrx_word' id='word_1_142' title='bbox 2812 1056 3084 1129; x_wconf 88' lang='lat' dir='ltr'><strong>epistolis</strong></span> <span class='ocrx_word' id='word_1_143' title='bbox 3117 1059 3355 1113; x_wconf 91' lang='lat' dir='ltr'><strong>omnino</strong></span> <span class='ocrx_word' id='word_1_144' title='bbox 3384 1057 3661 1113; x_wconf 89' lang='lat' dir='ltr'><strong>tredecim</strong></span> <span class='ocrx_word' id='word_1_145' title='bbox 3688 1061 3895 1127; x_wconf 82' lang='lat' dir='ltr'><strong>constat,</strong></span> 
     </span>
    </p>
   </div>
   <div class='ocr_carea' id='block_1_20' title="bbox 2291 1145 3897 1219">
    <p class='ocr_par' dir='ltr' id='par_1_20' title="bbox 2291 1145 3897 1219">
     <span class='ocr_line' id='line_1_20' title="bbox 2291 1145 3897 1219; baseline 0.002 -20"><span class='ocrx_word' id='word_1_146' title='bbox 2291 1145 2363 1199; x_wconf 90' lang='lat' dir='ltr'><strong>de</strong></span> <span class='ocrx_word' id='word_1_147' title='bbox 2392 1145 2611 1216; x_wconf 86' lang='lat' dir='ltr'><strong>quibus</strong></span> <span class='ocrx_word' id='word_1_148' title='bbox 2642 1145 2787 1200; x_wconf 90' lang='lat' dir='ltr'><strong>illud</strong></span> <span class='ocrx_word' id='word_1_149' title='bbox 2816 1150 2909 1201; x_wconf 92' lang='lat' dir='ltr'><strong>est</strong></span> <span class='ocrx_word' id='word_1_150' title='bbox 2928 1146 3382 1217; x_wconf 89' lang='lat' dir='ltr'><strong>admonendum,</strong></span> <span class='ocrx_word' id='word_1_151' title='bbox 3407 1162 3535 1202; x_wconf 88' lang='lat' dir='ltr'><strong>eam</strong></span> <span class='ocrx_word' id='word_1_152' title='bbox 3557 1146 3769 1203; x_wconf 86' lang='lat' dir='ltr'><strong>scilicet</strong></span> <span class='ocrx_word' id='word_1_153' title='bbox 3793 1163 3897 1219; x_wconf 71' lang='lat' dir='ltr'><strong>qua:</strong></span> 
     </span>
    </p>
   </div>
   <div class='ocr_carea' id='block_1_21' title="bbox 2291 1234 3899 1306">
    <p class='ocr_par' dir='ltr' id='par_1_21' title="bbox 2291 1234 3899 1306">
     <span class='ocr_line' id='line_1_21' title="bbox 2291 1234 3899 1306; baseline 0.002 -19"><span class='ocrx_word' id='word_1_154' title='bbox 2291 1234 2352 1288; x_wconf 92' lang='lat' dir='ltr'><strong>in</strong></span> <span class='ocrx_word' id='word_1_155' title='bbox 2381 1234 2628 1289; x_wconf 89' lang='lat' dir='ltr'><strong>aliarum</strong></span> <span class='ocrx_word' id='word_1_156' title='bbox 2658 1234 2851 1289; x_wconf 89' lang='lat' dir='ltr'><strong>fronte</strong></span> <span class='ocrx_word' id='word_1_157' title='bbox 2882 1235 3123 1306; x_wconf 88' lang='lat' dir='ltr'><strong>ponitur</strong></span> <span class='ocrx_word' id='word_1_158' title='bbox 3150 1239 3208 1291; x_wconf 93' lang='lat' dir='ltr'><strong>et</strong></span> <span class='ocrx_word' id='word_1_159' title='bbox 3236 1236 3583 1291; x_wconf 89' lang='lat' dir='ltr'><strong>inscribitur</strong></span> <span class='ocrx_word' id='word_1_160' title='bbox 3626 1235 3694 1290; x_wconf 90' lang='lat' dir='ltr'><strong>ad</strong></span> <span class='ocrx_word' id='word_1_161' title='bbox 3722 1235 3899 1291; x_wconf 64' lang='lat' dir='ltr'><strong>Irenae-</strong></span> 
     </span>
    </p>
   </div>
   <div class='ocr_carea' id='block_1_22' title="bbox 2292 1323 3903 1396">
    <p class='ocr_par' dir='ltr' id='par_1_22' title="bbox 2292 1323 3903 1396">
     <span class='ocr_line' id='line_1_22' title="bbox 2292 1323 3903 1396; baseline 0.002 -19"><span class='ocrx_word' id='word_1_162' title='bbox 2292 1339 2410 1393; x_wconf 91' lang='lat' dir='ltr'><strong>um,</strong></span> <span class='ocrx_word' id='word_1_163' title='bbox 2469 1338 2587 1379; x_wconf 92' lang='lat' dir='ltr'><strong>non</strong></span> <span class='ocrx_word' id='word_1_164' title='bbox 2645 1323 3016 1379; x_wconf 89' lang='lat' dir='ltr'><strong>incommode</strong></span> <span class='ocrx_word' id='word_1_165' title='bbox 3074 1323 3298 1396; x_wconf 87' lang='lat' dir='ltr'><strong>subjici</strong></span> <span class='ocrx_word' id='word_1_166' title='bbox 3352 1324 3621 1395; x_wconf 90' lang='lat' dir='ltr'><strong>potuisse</strong></span> <span class='ocrx_word' id='word_1_167' title='bbox 3682 1323 3903 1395; x_wconf 71' lang='lat' dir='ltr'><strong>epistola</strong></span> 
     </span>
    </p>
   </div>
   <div class='ocr_carea' id='block_1_23' title="bbox 2290 1410 3906 1484">
    <p class='ocr_par' dir='ltr' id='par_1_23' title="bbox 2290 1410 3906 1484">
     <span class='ocr_line' id='line_1_23' title="bbox 2290 1410 3906 1484; baseline 0.001 -18"><span class='ocrx_word' id='word_1_168' title='bbox 2290 1410 2531 1466; x_wconf 84' lang='lat' dir='ltr'><strong>XXVII.</strong></span> <span class='ocrx_word' id='word_1_169' title='bbox 2567 1412 2828 1483; x_wconf 89' lang='lat' dir='ltr'><strong>Utraque</strong></span> <span class='ocrx_word' id='word_1_170' title='bbox 2860 1412 3015 1466; x_wconf 93' lang='lat' dir='ltr'><strong>enim</strong></span> <span class='ocrx_word' id='word_1_171' title='bbox 3047 1416 3105 1467; x_wconf 91' lang='lat' dir='ltr'><strong>et</strong></span> <span class='ocrx_word' id='word_1_172' title='bbox 3134 1413 3325 1468; x_wconf 90' lang='lat' dir='ltr'><strong>eidem</strong></span> <span class='ocrx_word' id='word_1_173' title='bbox 3356 1413 3601 1484; x_wconf 80' lang='lat' dir='ltr'><strong>Irenaeo,</strong></span> <span class='ocrx_word' id='word_1_174' title='bbox 3627 1413 3751 1467; x_wconf 90' lang='lat' dir='ltr'><strong>etin</strong></span> <span class='ocrx_word' id='word_1_175' title='bbox 3776 1412 3906 1468; x_wconf 88' lang='lat' dir='ltr'><strong>locos</strong></span> 
     </span>
    </p>
   </div>
   <div class='ocr_carea' id='block_1_24' title="bbox 2294 1498 3499 1572">
    <p class='ocr_par' dir='ltr' id='par_1_24' title="bbox 2294 1498 3499 1572">
     <span class='ocr_line' id='line_1_24' title="bbox 2294 1498 3499 1572; baseline 0.003 -19"><span class='ocrx_word' id='word_1_176' title='bbox 2294 1498 2567 1570; x_wconf 81' lang='lat' dir='ltr'><strong>ejusdem</strong></span> <span class='ocrx_word' id='word_1_177' title='bbox 2595 1500 2732 1555; x_wconf 89' lang='lat' dir='ltr'><strong>libri</strong></span> <span class='ocrx_word' id='word_1_178' title='bbox 2755 1499 2945 1555; x_wconf 82' lang='lat' dir='ltr'><strong>Exodi</strong></span> <span class='ocrx_word' id='word_1_179' title='bbox 2968 1502 3207 1572; x_wconf 64' lang='lat' dir='ltr'><strong>scriptae</strong></span> <span class='ocrx_word' id='word_1_180' title='bbox 3237 1500 3499 1557; x_wconf 90' lang='lat' dir='ltr'><strong>fuerunt.</strong></span> 
     </span>
    </p>
   </div>
   <div class='ocr_carea' id='block_1_25' title="bbox 2364 1586 3906 1663">
    <p class='ocr_par' dir='ltr' id='par_1_25' title="bbox 2364 1586 3906 1663">
     <span class='ocr_line' id='line_1_25' title="bbox 2364 1586 3906 1663; baseline -0.001 -20"><span class='ocrx_word' id='word_1_181' title='bbox 2364 1586 2648 1643; x_wconf 89' lang='lat' dir='ltr'><strong>Similiter</strong></span> <span class='ocrx_word' id='word_1_182' title='bbox 2673 1588 2849 1643; x_wconf 90' lang='lat' dir='ltr'><strong>etiam</strong></span> <span class='ocrx_word' id='word_1_183' title='bbox 2880 1590 3067 1644; x_wconf 61' lang='lat' dir='ltr'><strong>LXXat</strong></span> <span class='ocrx_word' id='word_1_184' title='bbox 3084 1593 3141 1646; x_wconf 89' lang='lat' dir='ltr'><strong>et</strong></span> <span class='ocrx_word' id='word_1_185' title='bbox 3170 1590 3384 1645; x_wconf 66' lang='lat' dir='ltr'><strong>LXXI&#39;</strong></span> <span class='ocrx_word' id='word_1_186' title='bbox 3407 1606 3542 1663; x_wconf 68' lang='lat' dir='ltr'><strong>qum</strong></span> <span class='ocrx_word' id='word_1_187' title='bbox 3563 1590 3706 1646; x_wconf 66' lang='lat' dir='ltr'><strong>datm</strong></span> <span class='ocrx_word' id='word_1_188' title='bbox 3721 1594 3837 1645; x_wconf 84' lang='lat' dir='ltr'><strong>sunt</strong></span> <span class='ocrx_word' id='word_1_189' title='bbox 3854 1589 3906 1643; x_wconf 84' lang='lat' dir='ltr'><strong>ad</strong></span> 
     </span>
    </p>
   </div>
   <div class='ocr_carea' id='block_1_26' title="bbox 2296 1676 3907 1751">
    <p class='ocr_par' dir='ltr' id='par_1_26' title="bbox 2296 1676 3907 1751">
     <span class='ocr_line' id='line_1_26' title="bbox 2296 1676 3907 1751; baseline 0.001 -20"><span class='ocrx_word' id='word_1_190' title='bbox 2296 1676 2744 1748; x_wconf 86' lang='lat' dir='ltr'><strong>Horontianum,</strong></span> <span class='ocrx_word' id='word_1_191' title='bbox 2795 1681 2852 1733; x_wconf 90' lang='lat' dir='ltr'><strong>et</strong></span> <span class='ocrx_word' id='word_1_192' title='bbox 2896 1678 3251 1750; x_wconf 87' lang='lat' dir='ltr'><strong>quibuscum</strong></span> <span class='ocrx_word' id='word_1_193' title='bbox 3294 1680 3509 1735; x_wconf 64' lang='lat' dir='ltr'><strong>anima;</strong></span> <span class='ocrx_word' id='word_1_194' title='bbox 3556 1678 3615 1734; x_wconf 92' lang='lat' dir='ltr'><strong>in</strong></span> <span class='ocrx_word' id='word_1_195' title='bbox 3654 1681 3907 1751; x_wconf 86' lang='lat' dir='ltr'><strong>peccatum</strong></span> 
     </span>
    </p>
   </div>
   <div class='ocr_carea' id='block_1_27' title="bbox 582 1765 3904 1858">
    <p class='ocr_par' dir='ltr' id='par_1_27' title="bbox 582 1765 3904 1858">
     <span class='ocr_line' id='line_1_27' title="bbox 582 1765 3904 1858; baseline -0.002 -16"><span class='ocrx_word' id='word_1_196' title='bbox 582 1785 757 1858; x_wconf 90' lang='lat' dir='ltr'><strong>[Ann.</strong></span> <span class='ocrx_word' id='word_1_197' title='bbox 806 1765 957 1857; x_wconf 82' lang='lat'><strong>396.]</strong></span> <span class='ocrx_word' id='word_1_198' title='bbox 1004 1784 1211 1838; x_wconf 55' lang='lat' dir='ltr'><strong>LXIII‘</strong></span> <span class='ocrx_word' id='word_1_199' title='bbox 1268 1765 1635 1855; x_wconf 83' lang='lat' dir='ltr'><strong>postremum</strong></span> <span class='ocrx_word' id='word_1_200' title='bbox 1694 1785 1901 1854; x_wconf 84' lang='lat' dir='ltr'><strong>primae</strong></span> <span class='ocrx_word' id='word_1_201' title='bbox 1958 1785 2182 1839; x_wconf 89' lang='lat' dir='ltr'><strong>nostrae</strong></span> <span class='ocrx_word' id='word_1_202' title='bbox 2296 1765 2659 1858; x_wconf 39' lang='grc' dir='ltr'><strong>ἀδιερεωῄᾳά</strong></span> <span class='ocrx_word' id='word_1_203' title='bbox 2681 1767 2902 1858; x_wconf 53' lang='lat' dir='ltr'><strong>bonam</strong></span> <span class='ocrx_word' id='word_1_204' title='bbox 2933 1766 3168 1858; x_wconf 65' lang='lat' dir='ltr'><strong>frugem</strong></span> <span class='ocrx_word' id='word_1_205' title='bbox 3197 1770 3374 1840; x_wconf 73' lang='lat' dir='ltr'><strong>atque</strong></span> <span class='ocrx_word' id='word_1_206' title='bbox 3407 1767 3677 1823; x_wconf 73' lang='lat' dir='ltr'><strong>virtutem</strong></span> <span class='ocrx_word' id='word_1_207' title='bbox 3703 1768 3904 1835; x_wconf 75' lang='lat' dir='ltr'><strong>reditus.</strong></span> 
     </span>
    </p>
   </div>
   <div class='ocr_carea' id='block_1_28' title="bbox 515 1854 2187 1943">
    <p class='ocr_par' dir='ltr' id='par_1_28' title="bbox 515 1854 2183 1943">
     <span class='ocr_line' id='line_1_28' title="bbox 515 1854 2183 1943; baseline -0.002 -13"><span class='ocrx_word' id='word_1_208' title='bbox 515 1854 731 1930; x_wconf 77' lang='lat' dir='ltr'><strong>classis</strong></span> <span class='ocrx_word' id='word_1_209' title='bbox 761 1854 957 1928; x_wconf 82' lang='lat' dir='ltr'><strong>locum</strong></span> <span class='ocrx_word' id='word_1_210' title='bbox 989 1872 1232 1927; x_wconf 88' lang='lat' dir='ltr'><strong>obtinet.</strong></span> <span class='ocrx_word' id='word_1_211' title='bbox 1270 1871 1419 1943; x_wconf 84' lang='lat' dir='ltr'><strong>Ejus</strong></span> <span class='ocrx_word' id='word_1_212' title='bbox 1469 1873 1805 1926; x_wconf 88' lang='lat' dir='ltr'><strong>scribendae</strong></span> <span class='ocrx_word' id='word_1_213' title='bbox 1838 1872 1967 1927; x_wconf 82' lang='lat' dir='ltr'><strong>haec</strong></span> <span class='ocrx_word' id='word_1_214' title='bbox 2000 1887 2183 1928; x_wconf 88' lang='lat' dir='ltr'><strong>causa</strong></span> 
     </span>
    </p>
   </div>
   <div class='ocr_carea' id='block_1_29' title="bbox 2305 1854 3907 1943">
    <p class='ocr_par' dir='ltr' id='par_1_29' title="bbox 2305 1854 3907 1928">
     <span class='ocr_line' id='line_1_29' title="bbox 2305 1854 3907 1928; baseline -0.001 -18"><span class='ocrx_word' id='word_1_215' title='bbox 2305 1859 2418 1910; x_wconf 84' lang='lat' dir='ltr'><strong>tum</strong></span> <span class='ocrx_word' id='word_1_216' title='bbox 2448 1855 2599 1910; x_wconf 88' lang='lat' dir='ltr'><strong>varii</strong></span> <span class='ocrx_word' id='word_1_217' title='bbox 2636 1854 2910 1927; x_wconf 91' lang='lat' dir='ltr'><strong>ejusdem</strong></span> <span class='ocrx_word' id='word_1_218' title='bbox 2955 1855 3018 1909; x_wconf 92' lang='lat' dir='ltr'><strong>in</strong></span> <span class='ocrx_word' id='word_1_219' title='bbox 3062 1856 3300 1911; x_wconf 82' lang='lat' dir='ltr'><strong>virtutis</strong></span> <span class='ocrx_word' id='word_1_220' title='bbox 3342 1857 3552 1911; x_wconf 90' lang='lat' dir='ltr'><strong>itinere</strong></span> <span class='ocrx_word' id='word_1_221' title='bbox 3596 1870 3907 1928; x_wconf 81' lang='lat' dir='ltr'><strong>progressus</strong></span> 
     </span>
    </p>
   </div>
   <div class='ocr_carea' id='block_1_30' title="bbox 514 1960 2185 2032">
    <p class='ocr_par' dir='ltr' id='par_1_30' title="bbox 514 1960 2185 2032">
     <span class='ocr_line' id='line_1_30' title="bbox 514 1960 2185 2032; baseline -0.002 -15"><span class='ocrx_word' id='word_1_222' title='bbox 514 1962 643 2018; x_wconf 87' lang='lat' dir='ltr'><strong>fuit.</strong></span> <span class='ocrx_word' id='word_1_223' title='bbox 678 1962 864 2017; x_wconf 85' lang='lat' dir='ltr'><strong>Morte</strong></span> <span class='ocrx_word' id='word_1_224' title='bbox 895 1960 1165 2031; x_wconf 89' lang='lat' dir='ltr'><strong>Limenii,</strong></span> <span class='ocrx_word' id='word_1_225' title='bbox 1200 1975 1320 2015; x_wconf 89' lang='lat' dir='ltr'><strong>non</strong></span> <span class='ocrx_word' id='word_1_226' title='bbox 1352 1963 1566 2032; x_wconf 87' lang='lat' dir='ltr'><strong>autem,</strong></span> <span class='ocrx_word' id='word_1_227' title='bbox 1602 1964 1665 2014; x_wconf 90' lang='lat' dir='ltr'><strong>ut</strong></span> <span class='ocrx_word' id='word_1_228' title='bbox 1704 1960 2061 2031; x_wconf 89' lang='lat' dir='ltr'><strong>quibusdam</strong></span> <span class='ocrx_word' id='word_1_229' title='bbox 2091 1961 2185 2014; x_wconf 90' lang='lat' dir='ltr'><strong>vi-</strong></span> 
     </span>
    </p>
   </div>
   <div class='ocr_carea' id='block_1_31' title="bbox 516 2048 2182 2121">
    <p class='ocr_par' dir='ltr' id='par_1_31' title="bbox 516 2048 2182 2121">
     <span class='ocr_line' id='line_1_31' title="bbox 516 2048 2182 2121; baseline -0.002 -15"><span class='ocrx_word' id='word_1_230' title='bbox 516 2052 707 2121; x_wconf 88' lang='lat' dir='ltr'><strong>detur,</strong></span> <span class='ocrx_word' id='word_1_231' title='bbox 743 2050 1010 2119; x_wconf 88' lang='lat' dir='ltr'><strong>Eusebii,</strong></span> <span class='ocrx_word' id='word_1_232' title='bbox 1042 2063 1216 2121; x_wconf 90' lang='lat' dir='ltr'><strong>quem</strong></span> <span class='ocrx_word' id='word_1_233' title='bbox 1235 2064 1389 2104; x_wconf 90' lang='lat' dir='ltr'><strong>anno</strong></span> <span class='ocrx_word' id='word_1_234' title='bbox 1410 2048 1509 2103; x_wconf 83' lang='grc'><strong>371</strong></span> <span class='ocrx_word' id='word_1_235' title='bbox 1535 2049 1738 2103; x_wconf 87' lang='lat' dir='ltr'><strong>vivere</strong></span> <span class='ocrx_word' id='word_1_236' title='bbox 1757 2049 2016 2104; x_wconf 90' lang='lat' dir='ltr'><strong>desiisse</strong></span> <span class='ocrx_word' id='word_1_237' title='bbox 2038 2049 2182 2103; x_wconf 89' lang='lat' dir='ltr'><strong>Hie-</strong></span> 
     </span>
    </p>
   </div>
   <div class='ocr_carea' id='block_1_32' title="bbox 520 2136 2185 2210">
    <p class='ocr_par' dir='ltr' id='par_1_32' title="bbox 520 2136 2185 2210">
     <span class='ocr_line' id='line_1_32' title="bbox 520 2136 2185 2210; baseline -0.002 -15"><span class='ocrx_word' id='word_1_238' title='bbox 520 2154 806 2210; x_wconf 87' lang='lat' dir='ltr'><strong>ronymus</strong></span> <span class='ocrx_word' id='word_1_239' title='bbox 825 2140 888 2192; x_wconf 93' lang='lat' dir='ltr'><strong>in</strong></span> <span class='ocrx_word' id='word_1_240' title='bbox 914 2136 1209 2193; x_wconf 80' lang='lat' dir='ltr'><strong>Chronico</strong></span> <span class='ocrx_word' id='word_1_241' title='bbox 1223 2141 1279 2191; x_wconf 91' lang='lat' dir='ltr'><strong>et</strong></span> <span class='ocrx_word' id='word_1_242' title='bbox 1295 2138 1355 2192; x_wconf 94' lang='lat' dir='ltr'><strong>in</strong></span> <span class='ocrx_word' id='word_1_243' title='bbox 1372 2137 1788 2209; x_wconf 74' lang='lat' dir='ltr'><strong>Seriptoribus</strong></span> <span class='ocrx_word' id='word_1_244' title='bbox 1804 2137 2185 2193; x_wconf 83' lang='lat' dir='ltr'><strong>Ecclesiasti-</strong></span> 
     </span>
    </p>
   </div>
   <div class='ocr_carea' id='block_1_33' title="bbox 517 2225 2185 2297">
    <p class='ocr_par' dir='ltr' id='par_1_33' title="bbox 517 2225 2185 2297">
     <span class='ocr_line' id='line_1_33' title="bbox 517 2225 2185 2297; baseline -0.002 -13"><span class='ocrx_word' id='word_1_245' title='bbox 517 2229 607 2284; x_wconf 85' lang='lat' dir='ltr'><strong>cis</strong></span> <span class='ocrx_word' id='word_1_246' title='bbox 637 2228 830 2297; x_wconf 88' lang='lat' dir='ltr'><strong>docet,</strong></span> <span class='ocrx_word' id='word_1_247' title='bbox 863 2226 1145 2297; x_wconf 90' lang='lat' dir='ltr'><strong>episcopo</strong></span> <span class='ocrx_word' id='word_1_248' title='bbox 1176 2225 1455 2280; x_wconf 89' lang='lat' dir='ltr'><strong>destituta</strong></span> <span class='ocrx_word' id='word_1_249' title='bbox 1488 2229 1612 2281; x_wconf 90' lang='lat' dir='ltr'><strong>erat</strong></span> <span class='ocrx_word' id='word_1_250' title='bbox 1635 2226 1915 2281; x_wconf 74' lang='lat' dir='ltr'><strong>dicecesis</strong></span> <span class='ocrx_word' id='word_1_251' title='bbox 1941 2226 2185 2281; x_wconf 79' lang='lat' dir='ltr'><strong>Vercel-</strong></span> 
     </span>
    </p>
   </div>
   <div class='ocr_carea' id='block_1_34' title="bbox 514 2313 2185 2386">
    <p class='ocr_par' dir='ltr' id='par_1_34' title="bbox 514 2313 2185 2386">
     <span class='ocr_line' id='line_1_34' title="bbox 514 2313 2185 2386; baseline -0.001 -15"><span class='ocrx_word' id='word_1_252' title='bbox 514 2316 725 2371; x_wconf 87' lang='lat' dir='ltr'><strong>lensis.</strong></span> <span class='ocrx_word' id='word_1_253' title='bbox 759 2315 926 2369; x_wconf 87' lang='lat' dir='ltr'><strong>Tanti</strong></span> <span class='ocrx_word' id='word_1_254' title='bbox 956 2313 1460 2385; x_wconf 56' lang='lat' dir='ltr'><strong>malLoriginem,</strong></span> <span class='ocrx_word' id='word_1_255' title='bbox 1506 2314 1784 2369; x_wconf 89' lang='lat' dir='ltr'><strong>nimirum</strong></span> <span class='ocrx_word' id='word_1_256' title='bbox 1830 2314 1973 2369; x_wconf 88' lang='lat' dir='ltr'><strong>cleri</strong></span> <span class='ocrx_word' id='word_1_257' title='bbox 2012 2318 2185 2386; x_wconf 90' lang='lat' dir='ltr'><strong>atque</strong></span> 
     </span>
    </p>
   </div>
   <div class='ocr_carea' id='block_1_35' title="bbox 515 2403 2187 2477">
    <p class='ocr_par' dir='ltr' id='par_1_35' title="bbox 515 2403 2187 2477">
     <span class='ocr_line' id='line_1_35' title="bbox 515 2403 2187 2477; baseline -0.001 -16"><span class='ocrx_word' id='word_1_258' title='bbox 515 2405 717 2477; x_wconf 89' lang='lat' dir='ltr'><strong>populi</strong></span> <span class='ocrx_word' id='word_1_259' title='bbox 772 2404 1185 2459; x_wconf 87' lang='lat' dir='ltr'><strong>contentiones</strong></span> <span class='ocrx_word' id='word_1_260' title='bbox 1237 2417 1516 2457; x_wconf 86' lang='lat' dir='ltr'><strong>resecare</strong></span> <span class='ocrx_word' id='word_1_261' title='bbox 1549 2404 1798 2474; x_wconf 91' lang='lat' dir='ltr'><strong>cupiens</strong></span> <span class='ocrx_word' id='word_1_262' title='bbox 1830 2403 2187 2459; x_wconf 87' lang='lat' dir='ltr'><strong>Ambrosius</strong></span> 
     </span>
    </p>
   </div>
   <div class='ocr_carea' id='block_1_36' title="bbox 515 2491 2185 2564">
    <p class='ocr_par' dir='ltr' id='par_1_36' title="bbox 515 2491 2185 2564">
     <span class='ocr_line' id='line_1_36' title="bbox 515 2491 2185 2564; baseline -0.002 -14"><span class='ocrx_word' id='word_1_263' title='bbox 515 2497 739 2564; x_wconf 85' lang='lat' dir='ltr'><strong>noster,</strong></span> <span class='ocrx_word' id='word_1_264' title='bbox 774 2493 927 2548; x_wconf 91' lang='lat' dir='ltr'><strong>hanc</strong></span> <span class='ocrx_word' id='word_1_265' title='bbox 957 2491 1268 2562; x_wconf 88' lang='lat' dir='ltr'><strong>epistolam</strong></span> <span class='ocrx_word' id='word_1_266' title='bbox 1300 2492 1375 2545; x_wconf 91' lang='lat' dir='ltr'><strong>ad</strong></span> <span class='ocrx_word' id='word_1_267' title='bbox 1403 2507 1509 2546; x_wconf 91' lang='lat' dir='ltr'><strong>eos</strong></span> <span class='ocrx_word' id='word_1_268' title='bbox 1533 2493 1711 2547; x_wconf 89' lang='lat' dir='ltr'><strong>misit.</strong></span> <span class='ocrx_word' id='word_1_269' title='bbox 1739 2492 1919 2546; x_wconf 84' lang='lat' dir='ltr'><strong>Extra</strong></span> <span class='ocrx_word' id='word_1_270' title='bbox 1941 2492 2185 2547; x_wconf 91' lang='lat' dir='ltr'><strong>dubium</strong></span> 
     </span>
    </p>
   </div>
   <div class='ocr_carea' id='block_1_37' title="bbox 517 2580 2190 2653">
    <p class='ocr_par' dir='ltr' id='par_1_37' title="bbox 517 2580 2190 2653">
     <span class='ocr_line' id='line_1_37' title="bbox 517 2580 2190 2653; baseline -0.004 -14"><span class='ocrx_word' id='word_1_271' title='bbox 517 2586 609 2640; x_wconf 90' lang='lat' dir='ltr'><strong>est</strong></span> <span class='ocrx_word' id='word_1_272' title='bbox 640 2598 767 2638; x_wconf 90' lang='lat' dir='ltr'><strong>eam</strong></span> <span class='ocrx_word' id='word_1_273' title='bbox 796 2581 1166 2653; x_wconf 88' lang='lat' dir='ltr'><strong>Aquileiensi</strong></span> <span class='ocrx_word' id='word_1_274' title='bbox 1188 2581 1437 2651; x_wconf 89' lang='lat' dir='ltr'><strong>synodo,</strong></span> <span class='ocrx_word' id='word_1_275' title='bbox 1463 2596 1617 2635; x_wconf 90' lang='lat' dir='ltr'><strong>anno</strong></span> <span class='ocrx_word' id='word_1_276' title='bbox 1646 2581 1746 2636; x_wconf 75' lang='lat'><strong>381</strong></span> <span class='ocrx_word' id='word_1_277' title='bbox 1770 2581 1866 2635; x_wconf 90' lang='lat' dir='ltr'><strong>cui</strong></span> <span class='ocrx_word' id='word_1_278' title='bbox 1888 2580 2190 2652; x_wconf 83' lang='lat' dir='ltr'><strong>subscrip-</strong></span> 
     </span>
    </p>
   </div>
   <div class='ocr_carea' id='block_1_38' title="bbox 519 2668 2188 2741">
    <p class='ocr_par' dir='ltr' id='par_1_38' title="bbox 519 2668 2188 2741">
     <span class='ocr_line' id='line_1_38' title="bbox 519 2668 2188 2741; baseline -0.002 -14"><span class='ocrx_word' id='word_1_279' title='bbox 519 2674 598 2727; x_wconf 88' lang='lat' dir='ltr'><strong>sit</strong></span> <span class='ocrx_word' id='word_1_280' title='bbox 615 2672 769 2727; x_wconf 91' lang='lat' dir='ltr'><strong>idem</strong></span> <span class='ocrx_word' id='word_1_281' title='bbox 785 2668 1507 2739; x_wconf 87' lang='lat' dir='ltr'><strong>Limenius,posteriorem</strong></span> <span class='ocrx_word' id='word_1_282' title='bbox 1520 2684 1679 2724; x_wconf 90' lang='lat' dir='ltr'><strong>esse:</strong></span> <span class='ocrx_word' id='word_1_283' title='bbox 1700 2672 2053 2741; x_wconf 87' lang='lat' dir='ltr'><strong>atpraeterea</strong></span> <span class='ocrx_word' id='word_1_284' title='bbox 2070 2685 2188 2725; x_wconf 89' lang='lat' dir='ltr'><strong>non</strong></span> 
     </span>
    </p>
   </div>
   <div class='ocr_carea' id='block_1_39' title="bbox 519 2756 2190 2829">
    <p class='ocr_par' dir='ltr' id='par_1_39' title="bbox 519 2756 2190 2829">
     <span class='ocr_line' id='line_1_39' title="bbox 519 2756 2190 2829; baseline -0.002 -14"><span class='ocrx_word' id='word_1_285' title='bbox 519 2761 639 2816; x_wconf 89' lang='lat' dir='ltr'><strong>nisi</strong></span> <span class='ocrx_word' id='word_1_286' title='bbox 699 2774 853 2814; x_wconf 83' lang='lat' dir='ltr'><strong>anno</strong></span> <span class='ocrx_word' id='word_1_287' title='bbox 908 2756 1014 2814; x_wconf 89' lang='lat'>396</span> <span class='ocrx_word' id='word_1_288' title='bbox 1067 2758 1396 2828; x_wconf 89' lang='lat' dir='ltr'><strong>ponendam</strong></span> <span class='ocrx_word' id='word_1_289' title='bbox 1454 2757 1750 2829; x_wconf 85' lang='lat' dir='ltr'><strong>fatebitur,</strong></span> <span class='ocrx_word' id='word_1_290' title='bbox 1784 2759 1886 2829; x_wconf 90' lang='lat' dir='ltr'><strong>qui</strong></span> <span class='ocrx_word' id='word_1_291' title='bbox 1933 2758 2190 2813; x_wconf 89' lang='lat' dir='ltr'><strong>noluerit</strong></span> 
     </span>
    </p>
   </div>
   <div class='ocr_carea' id='block_1_40' title="bbox 516 2845 2187 2917">
    <p class='ocr_par' dir='ltr' id='par_1_40' title="bbox 516 2845 2187 2917">
     <span class='ocr_line' id='line_1_40' title="bbox 516 2845 2187 2917; baseline -0.002 -12"><span class='ocrx_word' id='word_1_292' title='bbox 516 2848 684 2905; x_wconf 90' lang='lat' dir='ltr'><strong>Actis</strong></span> <span class='ocrx_word' id='word_1_293' title='bbox 726 2846 1038 2904; x_wconf 79' lang='lat' dir='ltr'><strong>Gaudentii</strong></span> <span class='ocrx_word' id='word_1_294' title='bbox 1097 2845 1510 2916; x_wconf 90' lang='lat' dir='ltr'><strong>Novariensis,</strong></span> <span class='ocrx_word' id='word_1_295' title='bbox 1571 2862 1704 2917; x_wconf 85' lang='lat' dir='ltr'><strong>quae</strong></span> <span class='ocrx_word' id='word_1_296' title='bbox 1760 2862 1793 2900; x_wconf 93' lang='lat' dir='ltr'><strong>a</strong></span> <span class='ocrx_word' id='word_1_297' title='bbox 1851 2846 2187 2901; x_wconf 88' lang='lat' dir='ltr'><strong>Mombritio</strong></span> 
     </span>
    </p>
   </div>
   <div class='ocr_carea' id='block_1_41' title="bbox 516 2934 2184 3010">
    <p class='ocr_par' dir='ltr' id='par_1_41' title="bbox 516 2934 2184 3010">
     <span class='ocr_line' id='line_1_41' title="bbox 516 2934 2184 3010; baseline -0.004 -16"><span class='ocrx_word' id='word_1_298' title='bbox 516 2941 692 3010; x_wconf 90' lang='lat' dir='ltr'><strong>atque</strong></span> <span class='ocrx_word' id='word_1_299' title='bbox 721 2935 1006 2992; x_wconf 91' lang='lat' dir='ltr'><strong>Bollando</strong></span> <span class='ocrx_word' id='word_1_300' title='bbox 1033 2935 1108 2989; x_wconf 90' lang='lat' dir='ltr'><strong>ad</strong></span> <span class='ocrx_word' id='word_1_301' title='bbox 1139 2952 1199 2989; x_wconf 74' lang='grc' dir='ltr'><strong>χι</strong></span> <span class='ocrx_word' id='word_1_302' title='bbox 1242 2934 1371 2989; x_wconf 89' lang='lat' dir='ltr'><strong>Kal.</strong></span> <span class='ocrx_word' id='word_1_303' title='bbox 1416 2934 1776 2989; x_wconf 86' lang='lat' dir='ltr'><strong>Februarias</strong></span> <span class='ocrx_word' id='word_1_304' title='bbox 1825 2934 2184 3005; x_wconf 88' lang='lat' dir='ltr'><strong>referuntur,</strong></span> 
     </span>
    </p>
   </div>
   <div class='ocr_carea' id='block_1_42' title="bbox 519 3023 2187 3098">
    <p class='ocr_par' dir='ltr' id='par_1_42' title="bbox 519 3023 2187 3098">
     <span class='ocr_line' id='line_1_42' title="bbox 519 3023 2187 3098; baseline -0.003 -15"><span class='ocrx_word' id='word_1_305' title='bbox 519 3027 696 3083; x_wconf 83' lang='lat' dir='ltr'><strong>ﬁdem</strong></span> <span class='ocrx_word' id='word_1_306' title='bbox 725 3026 1039 3098; x_wconf 90' lang='lat' dir='ltr'><strong>abrogare.</strong></span> <span class='ocrx_word' id='word_1_307' title='bbox 1073 3023 1359 3095; x_wconf 78' lang='lat' dir='ltr'><strong>Legimus</strong></span> <span class='ocrx_word' id='word_1_308' title='bbox 1390 3024 1546 3078; x_wconf 91' lang='lat' dir='ltr'><strong>enim</strong></span> <span class='ocrx_word' id='word_1_309' title='bbox 1576 3023 1636 3077; x_wconf 90' lang='lat' dir='ltr'><strong>in</strong></span> <span class='ocrx_word' id='word_1_310' title='bbox 1686 3023 1804 3078; x_wconf 89' lang='lat' dir='ltr'><strong>illis</strong></span> <span class='ocrx_word' id='word_1_311' title='bbox 1845 3024 2012 3079; x_wconf 89' lang='lat' dir='ltr'><strong>Actis</strong></span> <span class='ocrx_word' id='word_1_312' title='bbox 2042 3025 2187 3078; x_wconf 90' lang='lat' dir='ltr'><strong>Am-</strong></span> 
     </span>
    </p>
   </div>
   <div class='ocr_carea' id='block_1_43' title="bbox 517 3113 2189 3186">
    <p class='ocr_par' dir='ltr' id='par_1_43' title="bbox 517 3113 2189 3186">
     <span class='ocr_line' id='line_1_43' title="bbox 517 3113 2189 3186; baseline -0.002 -14"><span class='ocrx_word' id='word_1_313' title='bbox 517 3115 789 3173; x_wconf 88' lang='lat' dir='ltr'><strong>brosium</strong></span> <span class='ocrx_word' id='word_1_314' title='bbox 817 3114 1025 3186; x_wconf 89' lang='lat' dir='ltr'><strong>paucis</strong></span> <span class='ocrx_word' id='word_1_315' title='bbox 1056 3113 1365 3169; x_wconf 88' lang='lat' dir='ltr'><strong>mensibus</strong></span> <span class='ocrx_word' id='word_1_316' title='bbox 1395 3116 1708 3183; x_wconf 87' lang='lat' dir='ltr'><strong>antequam</strong></span> <span class='ocrx_word' id='word_1_317' title='bbox 1727 3128 1758 3167; x_wconf 94' lang='lat' dir='ltr'><strong>e</strong></span> <span class='ocrx_word' id='word_1_318' title='bbox 1789 3113 1906 3168; x_wconf 91' lang='lat' dir='ltr'><strong>vita</strong></span> <span class='ocrx_word' id='word_1_319' title='bbox 1938 3114 2189 3169; x_wconf 85' lang='lat' dir='ltr'><strong>excede-</strong></span> 
     </span>
    </p>
   </div>
   <div class='ocr_carea' id='block_1_44' title="bbox 517 3201 2270 3300">
    <p class='ocr_par' dir='ltr' id='par_1_44' title="bbox 517 3201 2270 3300">
     <span class='ocr_line' id='line_1_44' title="bbox 517 3201 2270 3300; baseline -0.002 -39"><span class='ocrx_word' id='word_1_320' title='bbox 517 3208 628 3277; x_wconf 90' lang='lat' dir='ltr'><strong>ret,</strong></span> <span class='ocrx_word' id='word_1_321' title='bbox 659 3204 963 3260; x_wconf 86' lang='lat' dir='ltr'><strong>Vercellas</strong></span> <span class='ocrx_word' id='word_1_322' title='bbox 998 3202 1387 3300; x_wconf 70' lang='lat' dir='ltr'><strong>componendi</strong></span> <span class='ocrx_word' id='word_1_323' title='bbox 1411 3201 1727 3273; x_wconf 90' lang='lat' dir='ltr'><strong>cujusdam</strong></span> <span class='ocrx_word' id='word_1_324' title='bbox 1748 3201 1985 3257; x_wconf 90' lang='lat' dir='ltr'><strong>dissidii</strong></span> <span class='ocrx_word' id='word_1_325' title='bbox 2006 3217 2189 3257; x_wconf 88' lang='lat' dir='ltr'><strong>causa</strong></span> <span class='ocrx_word' id='word_1_326' title='bbox 2219 3236 2270 3300; x_wconf 67' lang='grc' dir='ltr'>ο</span> 
     </span>
    </p>
   </div>
   <div class='ocr_carea' id='block_1_45' title="bbox 519 3290 2187 3362">
    <p class='ocr_par' dir='ltr' id='par_1_45' title="bbox 519 3290 2187 3362">
     <span class='ocr_line' id='line_1_45' title="bbox 519 3290 2187 3362; baseline -0.004 -11"><span class='ocrx_word' id='word_1_327' title='bbox 519 3310 588 3351; x_wconf 87' lang='lat' dir='ltr'><strong>se</strong></span> <span class='ocrx_word' id='word_1_328' title='bbox 628 3292 981 3350; x_wconf 88' lang='lat' dir='ltr'><strong>contulisse.</strong></span> <span class='ocrx_word' id='word_1_329' title='bbox 1024 3290 1193 3358; x_wconf 89' lang='lat' dir='ltr'><strong>Quod</strong></span> <span class='ocrx_word' id='word_1_330' title='bbox 1247 3291 1486 3362; x_wconf 88' lang='lat' dir='ltr'><strong>quidem</strong></span> <span class='ocrx_word' id='word_1_331' title='bbox 1541 3292 1653 3345; x_wconf 87' lang='lat' dir='ltr'><strong>iter</strong></span> <span class='ocrx_word' id='word_1_332' title='bbox 1702 3290 2187 3346; x_wconf 91' lang='lat' dir='ltr'><strong>commodissime</strong></span> 
     </span>
    </p>
   </div>
   <div class='ocr_carea' id='block_1_46' title="bbox 518 3380 2190 3456">
    <p class='ocr_par' dir='ltr' id='par_1_46' title="bbox 518 3380 2190 3456">
     <span class='ocr_line' id='line_1_46' title="bbox 518 3380 2190 3456; baseline -0.003 -17"><span class='ocrx_word' id='word_1_333' title='bbox 518 3383 941 3456; x_wconf 87' lang='lat' dir='ltr'><strong>intelligemus,</strong></span> <span class='ocrx_word' id='word_1_334' title='bbox 972 3381 1028 3436; x_wconf 89' lang='lat' dir='ltr'><strong>si</strong></span> <span class='ocrx_word' id='word_1_335' title='bbox 1047 3380 1375 3436; x_wconf 81' lang='lat' dir='ltr'><strong>dixerimus</strong></span> <span class='ocrx_word' id='word_1_336' title='bbox 1398 3383 1667 3434; x_wconf 90' lang='lat' dir='ltr'><strong>sanctum</strong></span> <span class='ocrx_word' id='word_1_337' title='bbox 1688 3380 2028 3450; x_wconf 56' lang='lat' dir='ltr'><strong>praesulem,</strong></span> <span class='ocrx_word' id='word_1_338' title='bbox 2054 3396 2190 3434; x_wconf 88' lang='lat' dir='ltr'><strong>cum</strong></span> 
     </span>
    </p>
   </div>
   <div class='ocr_carea' id='block_1_47' title="bbox 518 3468 2190 3541">
    <p class='ocr_par' dir='ltr' id='par_1_47' title="bbox 518 3468 2190 3541">
     <span class='ocr_line' id='line_1_47' title="bbox 518 3468 2190 3541; baseline -0.003 -13"><span class='ocrx_word' id='word_1_339' title='bbox 518 3472 731 3528; x_wconf 89' lang='lat' dir='ltr'><strong>litteris</strong></span> <span class='ocrx_word' id='word_1_340' title='bbox 760 3470 890 3526; x_wconf 88' lang='lat' dir='ltr'><strong>suis</strong></span> <span class='ocrx_word' id='word_1_341' title='bbox 921 3486 1129 3541; x_wconf 87' lang='lat' dir='ltr'><strong>parum</strong></span> <span class='ocrx_word' id='word_1_342' title='bbox 1160 3468 1521 3541; x_wconf 88' lang='lat' dir='ltr'><strong>profecisset</strong></span> <span class='ocrx_word' id='word_1_343' title='bbox 1542 3468 1694 3539; x_wconf 90' lang='lat' dir='ltr'><strong>apud</strong></span> <span class='ocrx_word' id='word_1_344' title='bbox 1717 3468 2049 3523; x_wconf 90' lang='lat' dir='ltr'><strong>obstinatos</strong></span> <span class='ocrx_word' id='word_1_345' title='bbox 2071 3468 2190 3523; x_wconf 87' lang='lat' dir='ltr'><strong>ani-</strong></span> 
     </span>
    </p>
   </div>
   <div class='ocr_carea' id='block_1_48' title="bbox 519 3556 2186 3632">
    <p class='ocr_par' dir='ltr' id='par_1_48' title="bbox 519 3556 2186 3632">
     <span class='ocr_line' id='line_1_48' title="bbox 519 3556 2186 3632; baseline -0.004 -15"><span class='ocrx_word' id='word_1_346' title='bbox 519 3578 673 3632; x_wconf 91' lang='lat' dir='ltr'><strong>mos,</strong></span> <span class='ocrx_word' id='word_1_347' title='bbox 705 3575 775 3616; x_wconf 92' lang='lat' dir='ltr'><strong>eo</strong></span> <span class='ocrx_word' id='word_1_348' title='bbox 805 3558 1159 3631; x_wconf 88' lang='lat' dir='ltr'><strong>profectum,</strong></span> <span class='ocrx_word' id='word_1_349' title='bbox 1192 3561 1255 3612; x_wconf 93' lang='lat' dir='ltr'><strong>ut</strong></span> <span class='ocrx_word' id='word_1_350' title='bbox 1284 3557 1519 3612; x_wconf 90' lang='lat' dir='ltr'><strong>demum</strong></span> <span class='ocrx_word' id='word_1_351' title='bbox 1551 3556 1892 3613; x_wconf 90' lang='lat' dir='ltr'><strong>eorumdem</strong></span> <span class='ocrx_word' id='word_1_352' title='bbox 1920 3559 2186 3628; x_wconf 83' lang='lat' dir='ltr'><strong>pervica-</strong></span> 
     </span>
    </p>
   </div>
   <div class='ocr_carea' id='block_1_49' title="bbox 521 3650 1391 3721">
    <p class='ocr_par' dir='ltr' id='par_1_49' title="bbox 521 3650 1391 3721">
     <span class='ocr_line' id='line_1_49' title="bbox 521 3650 1391 3721; baseline -0.006 -15"><span class='ocrx_word' id='word_1_353' title='bbox 521 3651 671 3706; x_wconf 91' lang='lat' dir='ltr'><strong>ciam</strong></span> <span class='ocrx_word' id='word_1_354' title='bbox 699 3664 973 3721; x_wconf 89' lang='lat' dir='ltr'><strong>praesens</strong></span> <span class='ocrx_word' id='word_1_355' title='bbox 1002 3650 1391 3719; x_wconf 83' lang='lat' dir='ltr'><strong>expugnaret.</strong></span> 
     </span>
    </p>
   </div>
   <div class='ocr_carea' id='block_1_50' title="bbox 590 3753 2187 3825">
    <p class='ocr_par' dir='ltr' id='par_1_50' title="bbox 590 3753 2187 3825">
     <span class='ocr_line' id='line_1_50' title="bbox 590 3753 2187 3825; baseline -0.003 -13"><span class='ocrx_word' id='word_1_356' title='bbox 590 3756 702 3822; x_wconf 88' lang='lat' dir='ltr'><strong>Qui</strong></span> <span class='ocrx_word' id='word_1_357' title='bbox 732 3755 807 3812; x_wconf 91' lang='lat' dir='ltr'><strong>ob</strong></span> <span class='ocrx_word' id='word_1_358' title='bbox 838 3754 1197 3811; x_wconf 88' lang='lat' dir='ltr'><strong>mentionem</strong></span> <span class='ocrx_word' id='word_1_359' title='bbox 1247 3753 1627 3808; x_wconf 80' lang='lat' dir='ltr'><strong>Venetiarum</strong></span> <span class='ocrx_word' id='word_1_360' title='bbox 1677 3753 1830 3809; x_wconf 90' lang='lat' dir='ltr'><strong>hanc</strong></span> <span class='ocrx_word' id='word_1_361' title='bbox 1872 3753 2187 3825; x_wconf 90' lang='lat' dir='ltr'><strong>epistolam</strong></span> 
     </span>
    </p>
   </div>
   <div class='ocr_carea' id='block_1_51' title="bbox 520 3842 2189 3916">
    <p class='ocr_par' dir='ltr' id='par_1_51' title="bbox 520 3842 2189 3916">
     <span class='ocr_line' id='line_1_51' title="bbox 520 3842 2189 3916; baseline -0.002 -16"><span class='ocrx_word' id='word_1_362' title='bbox 520 3845 841 3900; x_wconf 80' lang='lat' dir='ltr'><strong>Ambrosio</strong></span> <span class='ocrx_word' id='word_1_363' title='bbox 862 3847 1067 3916; x_wconf 89' lang='lat' dir='ltr'><strong>putant</strong></span> <span class='ocrx_word' id='word_1_364' title='bbox 1080 3842 1469 3913; x_wconf 87' lang='lat' dir='ltr'><strong>suppositam,</strong></span> <span class='ocrx_word' id='word_1_365' title='bbox 1491 3842 1532 3896; x_wconf 90' lang='lat' dir='ltr'><strong>ii</strong></span> <span class='ocrx_word' id='word_1_366' title='bbox 1571 3858 1690 3897; x_wconf 91' lang='lat' dir='ltr'><strong>non</strong></span> <span class='ocrx_word' id='word_1_367' title='bbox 1722 3842 2034 3898; x_wconf 89' lang='lat' dir='ltr'><strong>advertunt</strong></span> <span class='ocrx_word' id='word_1_368' title='bbox 2055 3857 2189 3898; x_wconf 91' lang='lat' dir='ltr'><strong>cum</strong></span> 
     </span>
    </p>
   </div>
   <div class='ocr_carea' id='block_1_52' title="bbox 519 3930 2187 4005">
    <p class='ocr_par' dir='ltr' id='par_1_52' title="bbox 519 3930 2187 4005">
     <span class='ocr_line' id='line_1_52' title="bbox 519 3930 2187 4005; baseline -0.001 -17"><span class='ocrx_word' id='word_1_369' title='bbox 519 3933 677 4005; x_wconf 89' lang='lat' dir='ltr'><strong>apud</strong></span> <span class='ocrx_word' id='word_1_370' title='bbox 707 3932 859 3986; x_wconf 91' lang='lat' dir='ltr'><strong>alios</strong></span> <span class='ocrx_word' id='word_1_371' title='bbox 889 3931 1162 4003; x_wconf 86' lang='lat' dir='ltr'><strong>ejusdem</strong></span> <span class='ocrx_word' id='word_1_372' title='bbox 1194 3931 1405 4000; x_wconf 75' lang='lat' dir='ltr'><strong>aetatis,</strong></span> <span class='ocrx_word' id='word_1_373' title='bbox 1438 3934 1562 3984; x_wconf 90' lang='lat' dir='ltr'><strong>tum</strong></span> <span class='ocrx_word' id='word_1_374' title='bbox 1604 3930 1760 4001; x_wconf 90' lang='lat' dir='ltr'><strong>apud</strong></span> <span class='ocrx_word' id='word_1_375' title='bbox 1802 3931 2187 3986; x_wconf 91' lang='lat' dir='ltr'><strong>Ambrosium</strong></span> 
     </span>
    </p>
   </div>
   <div class='ocr_carea' id='block_1_53' title="bbox 519 4018 2190 4093">
    <p class='ocr_par' dir='ltr' id='par_1_53' title="bbox 519 4018 2190 4093">
     <span class='ocr_line' id='line_1_53' title="bbox 519 4018 2190 4093; baseline -0.001 -17"><span class='ocrx_word' id='word_1_376' title='bbox 519 4023 716 4093; x_wconf 91' lang='lat' dir='ltr'><strong>ipsum</strong></span> <span class='ocrx_word' id='word_1_377' title='bbox 740 4021 801 4075; x_wconf 92' lang='lat' dir='ltr'><strong>in</strong></span> <span class='ocrx_word' id='word_1_378' title='bbox 823 4020 1003 4075; x_wconf 90' lang='lat' dir='ltr'><strong>certis</strong></span> <span class='ocrx_word' id='word_1_379' title='bbox 1026 4019 1308 4089; x_wconf 88' lang='lat' dir='ltr'><strong>operibus</strong></span> <span class='ocrx_word' id='word_1_380' title='bbox 1331 4019 1527 4089; x_wconf 90' lang='lat' dir='ltr'><strong>(epist.</strong></span> <span class='ocrx_word' id='word_1_381' title='bbox 1554 4018 1642 4088; x_wconf 82' lang='grc'><strong>18,</strong></span> <span class='ocrx_word' id='word_1_382' title='bbox 1675 4034 1835 4073; x_wconf 91' lang='lat' dir='ltr'><strong>num.</strong></span> <span class='ocrx_word' id='word_1_383' title='bbox 1883 4020 1975 4090; x_wconf 77' lang='grc'><strong>21)</strong></span> <span class='ocrx_word' id='word_1_384' title='bbox 2013 4035 2190 4075; x_wconf 87' lang='lat' dir='ltr'><strong>usur-</strong></span> 
     </span>
    </p>
   </div>
   <div class='ocr_carea' id='block_1_54' title="bbox 518 4105 2187 4183">
    <p class='ocr_par' dir='ltr' id='par_1_54' title="bbox 518 4105 2187 4183">
     <span class='ocr_line' id='line_1_54' title="bbox 518 4105 2187 4183; baseline -0.001 -18"><span class='ocrx_word' id='word_1_385' title='bbox 518 4110 647 4183; x_wconf 89' lang='lat' dir='ltr'><strong>pari</strong></span> <span class='ocrx_word' id='word_1_386' title='bbox 676 4109 941 4165; x_wconf 91' lang='lat' dir='ltr'><strong>eamdem</strong></span> <span class='ocrx_word' id='word_1_387' title='bbox 970 4124 1200 4163; x_wconf 89' lang='lat' dir='ltr'><strong>vocem.</strong></span> <span class='ocrx_word' id='word_1_388' title='bbox 1234 4106 1450 4178; x_wconf 86' lang='lat' dir='ltr'><strong>Majori</strong></span> <span class='ocrx_word' id='word_1_389' title='bbox 1480 4105 1630 4161; x_wconf 86' lang='lat' dir='ltr'><strong>forte</strong></span> <span class='ocrx_word' id='word_1_390' title='bbox 1675 4122 1749 4161; x_wconf 91' lang='lat' dir='ltr'><strong>an</strong></span> <span class='ocrx_word' id='word_1_391' title='bbox 1792 4107 1921 4161; x_wconf 89' lang='lat' dir='ltr'><strong>veri</strong></span> <span class='ocrx_word' id='word_1_392' title='bbox 1961 4108 2187 4179; x_wconf 90' lang='lat' dir='ltr'><strong>specie,</strong></span> 
     </span>
    </p>
   </div>
   <div class='ocr_carea' id='block_1_55' title="bbox 522 4194 2190 4269">
    <p class='ocr_par' dir='ltr' id='par_1_55' title="bbox 522 4194 2190 4269">
     <span class='ocr_line' id='line_1_55' title="bbox 522 4194 2190 4269; baseline -0.002 -14"><span class='ocrx_word' id='word_1_393' title='bbox 522 4200 776 4255; x_wconf 79' lang='lat' dir='ltr'><strong>maxima</strong></span> <span class='ocrx_word' id='word_1_394' title='bbox 806 4198 1138 4269; x_wconf 89' lang='lat' dir='ltr'><strong>fragmenta</strong></span> <span class='ocrx_word' id='word_1_395' title='bbox 1169 4212 1242 4251; x_wconf 86' lang='lat' dir='ltr'><strong>ex</strong></span> <span class='ocrx_word' id='word_1_396' title='bbox 1287 4196 1421 4250; x_wconf 89' lang='lat' dir='ltr'><strong>aliis</strong></span> <span class='ocrx_word' id='word_1_397' title='bbox 1471 4194 1735 4250; x_wconf 90' lang='lat' dir='ltr'><strong>doctoris</strong></span> <span class='ocrx_word' id='word_1_398' title='bbox 1783 4196 1975 4250; x_wconf 89' lang='lat' dir='ltr'><strong>nostri</strong></span> <span class='ocrx_word' id='word_1_399' title='bbox 2023 4212 2190 4252; x_wconf 91' lang='lat' dir='ltr'><strong>com-</strong></span> 
     </span>
    </p>
   </div>
   <div class='ocr_carea' id='block_1_56' title="bbox 521 4284 2189 4357">
    <p class='ocr_par' dir='ltr' id='par_1_56' title="bbox 521 4284 2189 4357">
     <span class='ocr_line' id='line_1_56' title="bbox 521 4284 2189 4357; baseline -0.002 -12"><span class='ocrx_word' id='word_1_400' title='bbox 521 4287 980 4345; x_wconf 90' lang='lat' dir='ltr'><strong>mentationibus</strong></span> <span class='ocrx_word' id='word_1_401' title='bbox 1003 4287 1063 4342; x_wconf 93' lang='lat' dir='ltr'><strong>in</strong></span> <span class='ocrx_word' id='word_1_402' title='bbox 1092 4285 1245 4341; x_wconf 88' lang='lat' dir='ltr'><strong>hanc</strong></span> <span class='ocrx_word' id='word_1_403' title='bbox 1272 4284 1553 4339; x_wconf 88' lang='lat' dir='ltr'><strong>translata</strong></span> <span class='ocrx_word' id='word_1_404' title='bbox 1583 4287 1757 4356; x_wconf 90' lang='lat' dir='ltr'><strong>atque</strong></span> <span class='ocrx_word' id='word_1_405' title='bbox 1779 4285 2021 4356; x_wconf 87' lang='lat' dir='ltr'><strong>inserta,</strong></span> <span class='ocrx_word' id='word_1_406' title='bbox 2055 4302 2189 4357; x_wconf 74' lang='lat' dir='ltr'><strong>quea</strong></span> 
     </span>
    </p>
   </div>
   <div class='ocr_carea' id='block_1_57' title="bbox 522 4374 2186 4449">
    <p class='ocr_par' dir='ltr' id='par_1_57' title="bbox 522 4374 2186 4449">
     <span class='ocr_line' id='line_1_57' title="bbox 522 4374 2186 4449; baseline -0.004 -13"><span class='ocrx_word' id='word_1_407' title='bbox 522 4395 635 4436; x_wconf 90' lang='lat' dir='ltr'><strong>nos</strong></span> <span class='ocrx_word' id='word_1_408' title='bbox 665 4394 775 4434; x_wconf 88' lang='lat' dir='ltr'><strong>suo</strong></span> <span class='ocrx_word' id='word_1_409' title='bbox 807 4391 1057 4449; x_wconf 84' lang='lat' dir='ltr'><strong>quaeque</strong></span> <span class='ocrx_word' id='word_1_410' title='bbox 1087 4374 1221 4429; x_wconf 94' lang='lat' dir='ltr'><strong>loco</strong></span> <span class='ocrx_word' id='word_1_411' title='bbox 1255 4374 1725 4446; x_wconf 87' lang='lat' dir='ltr'><strong>indigitabimus,</strong></span> <span class='ocrx_word' id='word_1_412' title='bbox 1757 4374 1935 4430; x_wconf 91' lang='lat' dir='ltr'><strong>iidem</strong></span> <span class='ocrx_word' id='word_1_413' title='bbox 1975 4375 2186 4430; x_wconf 88' lang='lat' dir='ltr'><strong>obten-</strong></span> 
     </span>
    </p>
   </div>
   <div class='ocr_carea' id='block_1_58' title="bbox 522 4463 2191 4524">
    <p class='ocr_par' dir='ltr' id='par_1_58' title="bbox 522 4463 2191 4524">
     <span class='ocr_line' id='line_1_58' title="bbox 522 4463 2191 4524; baseline -0.003 -1"><span class='ocrx_word' id='word_1_414' title='bbox 522 4470 747 4524; x_wconf 91' lang='lat' dir='ltr'><strong>derent.</strong></span> <span class='ocrx_word' id='word_1_415' title='bbox 782 4467 1200 4522; x_wconf 88' lang='lat' dir='ltr'><strong>Verumtamen</strong></span> <span class='ocrx_word' id='word_1_416' title='bbox 1228 4464 1289 4518; x_wconf 91' lang='lat' dir='ltr'><strong>id</strong></span> <span class='ocrx_word' id='word_1_417' title='bbox 1331 4479 1451 4519; x_wconf 90' lang='lat' dir='ltr'><strong>non</strong></span> <span class='ocrx_word' id='word_1_418' title='bbox 1492 4463 1770 4519; x_wconf 80' lang='lat' dir='ltr'><strong>abhorret</strong></span> <span class='ocrx_word' id='word_1_419' title='bbox 1816 4464 1889 4519; x_wconf 90' lang='lat' dir='ltr'><strong>ab</strong></span> <span class='ocrx_word' id='word_1_420' title='bbox 1940 4464 2191 4519; x_wconf 89' lang='lat' dir='ltr'><strong>Ambro-</strong></span> 
     </span>
    </p>
   </div>
   <div class='ocr_carea' id='block_1_59' title="bbox 521 4552 2190 4625">
    <p class='ocr_par' dir='ltr' id='par_1_59' title="bbox 521 4552 2190 4625">
     <span class='ocr_line' id='line_1_59' title="bbox 521 4552 2190 4625; baseline -0.003 -12"><span class='ocrx_word' id='word_1_421' title='bbox 521 4559 597 4613; x_wconf 90' lang='lat' dir='ltr'><strong>sii</strong></span> <span class='ocrx_word' id='word_1_422' title='bbox 632 4554 1082 4625; x_wconf 89' lang='lat' dir='ltr'><strong>consuetudine,</strong></span> <span class='ocrx_word' id='word_1_423' title='bbox 1109 4557 1166 4608; x_wconf 92' lang='lat' dir='ltr'><strong>et</strong></span> <span class='ocrx_word' id='word_1_424' title='bbox 1201 4554 1453 4607; x_wconf 80' lang='lat' dir='ltr'><strong>maxime</strong></span> <span class='ocrx_word' id='word_1_425' title='bbox 1484 4568 1777 4624; x_wconf 88' lang='lat' dir='ltr'><strong>nusquam</strong></span> <span class='ocrx_word' id='word_1_426' title='bbox 1808 4553 1862 4607; x_wconf 93' lang='lat' dir='ltr'><strong>is</strong></span> <span class='ocrx_word' id='word_1_427' title='bbox 1901 4552 2041 4607; x_wconf 88' lang='lat' dir='ltr'><strong>alibi</strong></span> <span class='ocrx_word' id='word_1_428' title='bbox 2075 4552 2190 4608; x_wconf 90' lang='lat' dir='ltr'><strong>hoc</strong></span> 
     </span>
    </p>
   </div>
   <div class='ocr_carea' id='block_1_60' title="bbox 520 4641 2191 4717">
    <p class='ocr_par' dir='ltr' id='par_1_60' title="bbox 520 4641 2191 4717">
     <span class='ocr_line' id='line_1_60' title="bbox 520 4641 2191 4717; baseline -0.004 -15"><span class='ocrx_word' id='word_1_429' title='bbox 520 4649 857 4717; x_wconf 88' lang='lat' dir='ltr'><strong>usurparet,</strong></span> <span class='ocrx_word' id='word_1_430' title='bbox 893 4645 988 4699; x_wconf 89' lang='lat' dir='ltr'><strong>hic</strong></span> <span class='ocrx_word' id='word_1_431' title='bbox 1028 4642 1414 4698; x_wconf 89' lang='lat' dir='ltr'><strong>nihilominus</strong></span> <span class='ocrx_word' id='word_1_432' title='bbox 1474 4644 1686 4696; x_wconf 91' lang='lat' dir='ltr'><strong>mirum</strong></span> <span class='ocrx_word' id='word_1_433' title='bbox 1746 4657 1862 4696; x_wconf 91' lang='lat' dir='ltr'><strong>non</strong></span> <span class='ocrx_word' id='word_1_434' title='bbox 1905 4643 2088 4712; x_wconf 89' lang='lat' dir='ltr'><strong>esset,</strong></span> <span class='ocrx_word' id='word_1_435' title='bbox 2137 4641 2191 4695; x_wconf 91' lang='lat' dir='ltr'><strong>si</strong></span> 
     </span>
    </p>
   </div>
   <div class='ocr_carea' id='block_1_61' title="bbox 523 4729 2190 4807">
    <p class='ocr_par' dir='ltr' id='par_1_61' title="bbox 523 4729 2190 4807">
     <span class='ocr_line' id='line_1_61' title="bbox 523 4729 2190 4807; baseline -0.003 -17"><span class='ocrx_word' id='word_1_436' title='bbox 523 4751 657 4807; x_wconf 89' lang='lat' dir='ltr'><strong>quae</strong></span> <span class='ocrx_word' id='word_1_437' title='bbox 685 4734 1057 4789; x_wconf 86' lang='lat' dir='ltr'><strong>meminisset</strong></span> <span class='ocrx_word' id='word_1_438' title='bbox 1116 4732 1188 4786; x_wconf 90' lang='lat' dir='ltr'><strong>de</strong></span> <span class='ocrx_word' id='word_1_439' title='bbox 1247 4732 1623 4801; x_wconf 87' lang='lat' dir='ltr'><strong>continentia,</strong></span> <span class='ocrx_word' id='word_1_440' title='bbox 1686 4731 1757 4785; x_wconf 91' lang='lat' dir='ltr'><strong>de</strong></span> <span class='ocrx_word' id='word_1_441' title='bbox 1798 4729 2053 4802; x_wconf 87' lang='lat' dir='ltr'><strong>jejunio,</strong></span> <span class='ocrx_word' id='word_1_442' title='bbox 2118 4731 2190 4785; x_wconf 92' lang='lat' dir='ltr'><strong>de</strong></span> 
     </span>
    </p>
   </div>
   <div class='ocr_carea' id='block_1_62' title="bbox 526 4818 2191 4894">
    <p class='ocr_par' dir='ltr' id='par_1_62' title="bbox 526 4818 2191 4894">
     <span class='ocr_line' id='line_1_62' title="bbox 526 4818 2191 4894; baseline -0.002 -17"><span class='ocrx_word' id='word_1_443' title='bbox 526 4823 751 4894; x_wconf 89' lang='lat' dir='ltr'><strong>vigiliis</strong></span> <span class='ocrx_word' id='word_1_444' title='bbox 782 4837 902 4877; x_wconf 91' lang='lat' dir='ltr'><strong>non</strong></span> <span class='ocrx_word' id='word_1_445' title='bbox 933 4822 1201 4893; x_wconf 87' lang='lat' dir='ltr'><strong>segniter</strong></span> <span class='ocrx_word' id='word_1_446' title='bbox 1229 4820 1339 4875; x_wconf 92' lang='lat' dir='ltr'><strong>abs</strong></span> <span class='ocrx_word' id='word_1_447' title='bbox 1369 4835 1437 4874; x_wconf 93' lang='lat' dir='ltr'><strong>se</strong></span> <span class='ocrx_word' id='word_1_448' title='bbox 1466 4819 1605 4873; x_wconf 88' lang='lat' dir='ltr'><strong>alibi</strong></span> <span class='ocrx_word' id='word_1_449' title='bbox 1637 4818 1951 4889; x_wconf 89' lang='lat' dir='ltr'><strong>disputata,</strong></span> <span class='ocrx_word' id='word_1_450' title='bbox 1985 4818 2191 4873; x_wconf 87' lang='lat' dir='ltr'><strong>eadem</strong></span> 
     </span>
    </p>
   </div>
   <div class='ocr_carea' id='block_1_63' title="bbox 526 4907 2189 4966">
    <p class='ocr_par' dir='ltr' id='par_1_63' title="bbox 526 4907 2189 4966">
     <span class='ocr_line' id='line_1_63' title="bbox 526 4907 2189 4966; baseline -0.002 0"><span class='ocrx_word' id='word_1_451' title='bbox 526 4914 729 4966; x_wconf 88' lang='lat' dir='ltr'><strong>contra</strong></span> <span class='ocrx_word' id='word_1_452' title='bbox 760 4910 1187 4966; x_wconf 86' lang='lat' dir='ltr'><strong>Sarmationem</strong></span> <span class='ocrx_word' id='word_1_453' title='bbox 1218 4925 1286 4964; x_wconf 87' lang='lat' dir='ltr'><strong>ac</strong></span> <span class='ocrx_word' id='word_1_454' title='bbox 1308 4908 1723 4964; x_wconf 88' lang='lat' dir='ltr'><strong>Barbatianum</strong></span> <span class='ocrx_word' id='word_1_455' title='bbox 1755 4907 1961 4963; x_wconf 87' lang='lat' dir='ltr'><strong>harum</strong></span> <span class='ocrx_word' id='word_1_456' title='bbox 2001 4908 2189 4963; x_wconf 89' lang='lat' dir='ltr'><strong>virtu-</strong></span> 
     </span>
    </p>
   </div>
   <div class='ocr_carea' id='block_1_64' title="bbox 523 4997 2193 5055">
    <p class='ocr_par' dir='ltr' id='par_1_64' title="bbox 523 4997 2193 5055">
     <span class='ocr_line' id='line_1_64' title="bbox 523 4997 2193 5055; baseline -0.002 -1"><span class='ocrx_word' id='word_1_457' title='bbox 523 5002 649 5055; x_wconf 89' lang='lat' dir='ltr'><strong>tum</strong></span> <span class='ocrx_word' id='word_1_458' title='bbox 695 4998 1145 5054; x_wconf 89' lang='lat' dir='ltr'><strong>infensissimos</strong></span> <span class='ocrx_word' id='word_1_459' title='bbox 1188 4997 1567 5053; x_wconf 88' lang='lat' dir='ltr'><strong>adversarios</strong></span> <span class='ocrx_word' id='word_1_460' title='bbox 1615 5013 1829 5052; x_wconf 89' lang='lat' dir='ltr'><strong>rursus</strong></span> <span class='ocrx_word' id='word_1_461' title='bbox 1873 4997 2193 5052; x_wconf 88' lang='lat' dir='ltr'><strong>instrueret</strong></span> 
     </span>
    </p>
   </div>
   <div class='ocr_carea' id='block_1_65' title="bbox 523 5086 2192 5158">
    <p class='ocr_par' dir='ltr' id='par_1_65' title="bbox 523 5086 2192 5158">
     <span class='ocr_line' id='line_1_65' title="bbox 523 5086 2192 5158; baseline -0.001 -15"><span class='ocrx_word' id='word_1_462' title='bbox 523 5087 992 5158; x_wconf 86' lang='lat' dir='ltr'><strong>intenderetque.</strong></span> <span class='ocrx_word' id='word_1_463' title='bbox 1026 5086 1317 5143; x_wconf 86' lang='lat' dir='ltr'><strong>Caeterum</strong></span> <span class='ocrx_word' id='word_1_464' title='bbox 1363 5086 1651 5158; x_wconf 89' lang='lat' dir='ltr'><strong>quidquid</strong></span> <span class='ocrx_word' id='word_1_465' title='bbox 1688 5086 1903 5141; x_wconf 91' lang='lat' dir='ltr'><strong>dicitur</strong></span> <span class='ocrx_word' id='word_1_466' title='bbox 1948 5087 2018 5141; x_wconf 92' lang='lat' dir='ltr'><strong>de</strong></span> <span class='ocrx_word' id='word_1_467' title='bbox 2056 5086 2192 5142; x_wconf 88' lang='lat' dir='ltr'><strong>istis</strong></span> 
     </span>
    </p>
   </div>
   <div class='ocr_carea' id='block_1_66' title="bbox 523 5174 2192 5248">
    <p class='ocr_par' dir='ltr' id='par_1_66' title="bbox 523 5174 2192 5248">
     <span class='ocr_line' id='line_1_66' title="bbox 523 5174 2192 5248; baseline -0.001 -16"><span class='ocrx_word' id='word_1_468' title='bbox 523 5176 848 5246; x_wconf 67' lang='lat' dir='ltr'><strong>haereticis,</strong></span> <span class='ocrx_word' id='word_1_469' title='bbox 880 5178 1109 5230; x_wconf 87' lang='lat' dir='ltr'><strong>aetatem</strong></span> <span class='ocrx_word' id='word_1_470' title='bbox 1155 5175 1339 5248; x_wconf 87' lang='lat' dir='ltr'><strong>hujus</strong></span> <span class='ocrx_word' id='word_1_471' title='bbox 1389 5174 1659 5245; x_wconf 90' lang='lat' dir='ltr'><strong>epistolae</strong></span> <span class='ocrx_word' id='word_1_472' title='bbox 1704 5174 1929 5247; x_wconf 90' lang='lat' dir='ltr'><strong>liquido</strong></span> <span class='ocrx_word' id='word_1_473' title='bbox 1974 5175 2192 5230; x_wconf 79' lang='lat' dir='ltr'><strong>contir-</strong></span> 
     </span>
    </p>
   </div>
   <div class='ocr_carea' id='block_1_67' title="bbox 523 5264 2194 5337">
    <p class='ocr_par' dir='ltr' id='par_1_67' title="bbox 523 5264 2194 5337">
     <span class='ocr_line' id='line_1_67' title="bbox 523 5264 2194 5337; baseline -0.001 -16"><span class='ocrx_word' id='word_1_474' title='bbox 523 5268 681 5322; x_wconf 90' lang='lat' dir='ltr'><strong>mant</strong></span> <span class='ocrx_word' id='word_1_475' title='bbox 709 5281 724 5336; x_wconf 87' lang='lat'><strong>;</strong></span> <span class='ocrx_word' id='word_1_476' title='bbox 757 5264 894 5337; x_wconf 90' lang='lat' dir='ltr'><strong>ejus</strong></span> <span class='ocrx_word' id='word_1_477' title='bbox 926 5280 1069 5320; x_wconf 89' lang='lat' dir='ltr'><strong>vero</strong></span> <span class='ocrx_word' id='word_1_478' title='bbox 1101 5265 1298 5334; x_wconf 88' lang='lat' dir='ltr'><strong>dictio,</strong></span> <span class='ocrx_word' id='word_1_479' title='bbox 1337 5264 1644 5319; x_wconf 88' lang='lat' dir='ltr'><strong>character</strong></span> <span class='ocrx_word' id='word_1_480' title='bbox 1671 5269 1844 5336; x_wconf 89' lang='lat' dir='ltr'><strong>atque</strong></span> <span class='ocrx_word' id='word_1_481' title='bbox 1873 5280 2194 5337; x_wconf 85' lang='lat' dir='ltr'><strong>argumen-</strong></span> 
     </span>
    </p>
   </div>
   <div class='ocr_carea' id='block_1_68' title="bbox 522 5354 2195 5426">
    <p class='ocr_par' dir='ltr' id='par_1_68' title="bbox 522 5354 2195 5426">
     <span class='ocr_line' id='line_1_68' title="bbox 522 5354 2195 5426; baseline 0 -17"><span class='ocrx_word' id='word_1_482' title='bbox 522 5356 647 5409; x_wconf 90' lang='lat' dir='ltr'><strong>tum</strong></span> <span class='ocrx_word' id='word_1_483' title='bbox 676 5355 836 5409; x_wconf 89' lang='lat' dir='ltr'><strong>illam</strong></span> <span class='ocrx_word' id='word_1_484' title='bbox 866 5354 1186 5410; x_wconf 84' lang='lat' dir='ltr'><strong>Ambrosio</strong></span> <span class='ocrx_word' id='word_1_485' title='bbox 1235 5357 1533 5426; x_wconf 89' lang='lat' dir='ltr'><strong>tamquam</strong></span> <span class='ocrx_word' id='word_1_486' title='bbox 1578 5370 1722 5409; x_wconf 90' lang='lat' dir='ltr'><strong>vero</strong></span> <span class='ocrx_word' id='word_1_487' title='bbox 1771 5355 1998 5426; x_wconf 89' lang='lat' dir='ltr'><strong>parenti</strong></span> <span class='ocrx_word' id='word_1_488' title='bbox 2043 5354 2195 5409; x_wconf 87' lang='lat' dir='ltr'><strong>vali-</strong></span> 
     </span>
    </p>
   </div>
   <div class='ocr_carea' id='block_1_69' title="bbox 525 5441 1108 5500">
    <p class='ocr_par' dir='ltr' id='par_1_69' title="bbox 525 5441 1108 5500">
     <span class='ocr_line' id='line_1_69' title="bbox 525 5441 1108 5500; baseline -0.002 0"><span class='ocrx_word' id='word_1_489' title='bbox 525 5441 778 5500; x_wconf 89' lang='lat' dir='ltr'><strong>dissime</strong></span> <span class='ocrx_word' id='word_1_490' title='bbox 809 5447 1108 5500; x_wconf 88' lang='lat' dir='ltr'><strong>asserunt.</strong></span> 
     </span>
    </p>
   </div>
   <div class='ocr_carea' id='block_1_70' title="bbox 998 5585 1718 5643">
    <p class='ocr_par' dir='ltr' id='par_1_70' title="bbox 998 5585 1718 5643">
     <span class='ocr_line' id='line_1_70' title="bbox 998 5585 1718 5643; baseline -0.003 0"><span class='ocrx_word' id='word_1_491' title='bbox 998 5586 1247 5643; x_wconf 80' lang='lat' dir='ltr'><strong>SECUN</strong></span> <span class='ocrx_word' id='word_1_492' title='bbox 1254 5587 1349 5641; x_wconf 85' lang='lat' dir='ltr'><strong>DA</strong></span> <span class='ocrx_word' id='word_1_493' title='bbox 1394 5585 1718 5642; x_wconf 87' lang='lat' dir='ltr'><strong>CLASSIS.</strong></span> 
     </span>
    </p>
   </div>
   <div class='ocr_carea' id='block_1_71' title="bbox 602 5726 2198 5803">
    <p class='ocr_par' dir='ltr' id='par_1_71' title="bbox 602 5726 2198 5803">
     <span class='ocr_line' id='line_1_71' title="bbox 602 5726 2198 5803; baseline -0.001 -16"><span class='ocrx_word' id='word_1_494' title='bbox 602 5726 864 5797; x_wconf 74' lang='lat' dir='ltr'><strong>Alteram</strong></span> <span class='ocrx_word' id='word_1_495' title='bbox 894 5729 1152 5788; x_wconf 88' lang='lat' dir='ltr'><strong>classem</strong></span> <span class='ocrx_word' id='word_1_496' title='bbox 1182 5727 1565 5803; x_wconf 83' lang='lat' dir='ltr'><strong>epistolurum</strong></span> <span class='ocrx_word' id='word_1_497' title='bbox 1585 5727 1645 5786; x_wconf 89' lang='lat' dir='ltr'><strong>in</strong></span> <span class='ocrx_word' id='word_1_498' title='bbox 1666 5727 2079 5788; x_wconf 86' lang='lat' dir='ltr'><strong>Admonitione</strong></span> <span class='ocrx_word' id='word_1_499' title='bbox 2102 5730 2198 5787; x_wconf 79' lang='lat' dir='ltr'><strong>tri-</strong></span> 
     </span>
    </p>
   </div>
   <div class='ocr_carea' id='block_1_72' title="bbox 2216 4598 2266 4658">
    <p class='ocr_par' dir='ltr' id='par_1_72' title="bbox 2216 4598 2266 4658">
     <span class='ocr_line' id='line_1_72' title="bbox 2216 4598 2266 4658; baseline 0 0"><span class='ocrx_word' id='word_1_500' title='bbox 2216 4598 2266 4658; x_wconf 90' lang='lat' dir='ltr'><strong>D</strong></span> 
     </span>
    </p>
   </div>
   <div class='ocr_carea' id='block_1_73' title="bbox 2297 1944 3905 2017">
    <p class='ocr_par' dir='ltr' id='par_1_73' title="bbox 2297 1944 3905 2017">
     <span class='ocr_line' id='line_1_73' title="bbox 2297 1944 3905 2017; baseline -0.001 -19"><span class='ocrx_word' id='word_1_501' title='bbox 2297 1944 2676 2014; x_wconf 87' lang='lat' dir='ltr'><strong>aperiuntur:</strong></span> <span class='ocrx_word' id='word_1_502' title='bbox 2728 1944 2997 2015; x_wconf 60' lang='lat' dir='ltr'><strong>epistola</strong></span> <span class='ocrx_word' id='word_1_503' title='bbox 3030 1945 3298 2015; x_wconf 82' lang='lat' dir='ltr'><strong>XXXIV,</strong></span> <span class='ocrx_word' id='word_1_504' title='bbox 3333 1946 3397 2001; x_wconf 92' lang='lat' dir='ltr'><strong>in</strong></span> <span class='ocrx_word' id='word_1_505' title='bbox 3444 1962 3559 2017; x_wconf 91' lang='lat' dir='ltr'><strong>qua</strong></span> <span class='ocrx_word' id='word_1_506' title='bbox 3586 1946 3657 1999; x_wconf 91' lang='lat' dir='ltr'><strong>ad</strong></span> <span class='ocrx_word' id='word_1_507' title='bbox 3685 1945 3905 2000; x_wconf 88' lang='lat' dir='ltr'><strong>eumdem</strong></span> 
     </span>
    </p>
   </div>
   <div class='ocr_carea' id='block_1_74' title="bbox 2299 2032 3904 2105">
    <p class='ocr_par' dir='ltr' id='par_1_74' title="bbox 2299 2032 3904 2105">
     <span class='ocr_line' id='line_1_74' title="bbox 2299 2032 3904 2105; baseline -0.001 -18"><span class='ocrx_word' id='word_1_508' title='bbox 2299 2033 2728 2089; x_wconf 89' lang='lat' dir='ltr'><strong>Horontianum</strong></span> <span class='ocrx_word' id='word_1_509' title='bbox 2754 2034 2827 2088; x_wconf 90' lang='lat' dir='ltr'><strong>de</strong></span> <span class='ocrx_word' id='word_1_510' title='bbox 2858 2032 3132 2105; x_wconf 91' lang='lat' dir='ltr'><strong>ejusdem</strong></span> <span class='ocrx_word' id='word_1_511' title='bbox 3161 2035 3377 2089; x_wconf 88' lang='lat' dir='ltr'><strong>animae</strong></span> <span class='ocrx_word' id='word_1_512' title='bbox 3408 2033 3797 2104; x_wconf 85' lang='lat' dir='ltr'><strong>spiritualitato</strong></span> <span class='ocrx_word' id='word_1_513' title='bbox 3812 2032 3904 2087; x_wconf 86' lang='lat' dir='ltr'><strong>dis-</strong></span> 
     </span>
    </p>
   </div>
   <div class='ocr_carea' id='block_1_75' title="bbox 2297 2120 3912 2195">
    <p class='ocr_par' dir='ltr' id='par_1_75' title="bbox 2297 2120 3912 2195">
     <span class='ocr_line' id='line_1_75' title="bbox 2297 2120 3912 2195; baseline -0.001 -19"><span class='ocrx_word' id='word_1_514' title='bbox 2297 2124 2551 2192; x_wconf 87' lang='lat' dir='ltr'><strong>putatur,</strong></span> <span class='ocrx_word' id='word_1_515' title='bbox 2579 2121 2755 2195; x_wconf 91' lang='lat' dir='ltr'><strong>jungi</strong></span> <span class='ocrx_word' id='word_1_516' title='bbox 2784 2125 3089 2193; x_wconf 89' lang='lat' dir='ltr'><strong>poterant:</strong></span> <span class='ocrx_word' id='word_1_517' title='bbox 3123 2122 3177 2178; x_wconf 92' lang='lat' dir='ltr'><strong>si</strong></span> <span class='ocrx_word' id='word_1_518' title='bbox 3209 2138 3282 2177; x_wconf 86' lang='lat' dir='ltr'><strong>ex</strong></span> <span class='ocrx_word' id='word_1_519' title='bbox 3317 2124 3449 2179; x_wconf 91' lang='lat' dir='ltr'><strong>sola</strong></span> <span class='ocrx_word' id='word_1_520' title='bbox 3480 2120 3912 2195; x_wconf 82' lang='lat' dir='ltr'><strong>hujusmodiafti-</strong></span> 
     </span>
    </p>
   </div>
   <div class='ocr_carea' id='block_1_76' title="bbox 2297 2210 3910 2284">
    <p class='ocr_par' dir='ltr' id='par_1_76' title="bbox 2297 2210 3910 2284">
     <span class='ocr_line' id='line_1_76' title="bbox 2297 2210 3910 2284; baseline -0.001 -19"><span class='ocrx_word' id='word_1_521' title='bbox 2297 2213 2476 2265; x_wconf 87' lang='lat' dir='ltr'><strong>nitate</strong></span> <span class='ocrx_word' id='word_1_522' title='bbox 2532 2210 2809 2267; x_wconf 90' lang='lat' dir='ltr'><strong>idoneum</strong></span> <span class='ocrx_word' id='word_1_523' title='bbox 2858 2211 2995 2266; x_wconf 89' lang='lat' dir='ltr'><strong>duci</strong></span> <span class='ocrx_word' id='word_1_524' title='bbox 3047 2216 3468 2283; x_wconf 91' lang='lat' dir='ltr'><strong>argumentum</strong></span> <span class='ocrx_word' id='word_1_525' title='bbox 3518 2211 3910 2284; x_wconf 85' lang='lat' dir='ltr'><strong>judicassemus</strong></span> 
     </span>
    </p>
   </div>
   <div class='ocr_carea' id='block_1_77' title="bbox 2296 2298 2926 2369">
    <p class='ocr_par' dir='ltr' id='par_1_77' title="bbox 2296 2298 2926 2369">
     <span class='ocr_line' id='line_1_77' title="bbox 2296 2298 2926 2369; baseline 0.003 -16"><span class='ocrx_word' id='word_1_526' title='bbox 2296 2298 2547 2369; x_wconf 90' lang='lat' dir='ltr'><strong>tempori</strong></span> <span class='ocrx_word' id='word_1_527' title='bbox 2577 2300 2926 2355; x_wconf 91' lang='lat' dir='ltr'><strong>asserendo.</strong></span> 
     </span>
    </p>
   </div>
   <div class='ocr_carea' id='block_1_78' title="bbox 2370 2404 3912 2478">
    <p class='ocr_par' dir='ltr' id='par_1_78' title="bbox 2370 2404 3912 2478">
     <span class='ocr_line' id='line_1_78' title="bbox 2370 2404 3912 2478; baseline -0.001 -18"><span class='ocrx_word' id='word_1_528' title='bbox 2370 2404 2585 2460; x_wconf 66' lang='lat' dir='ltr'><strong>LXXIa</strong></span> <span class='ocrx_word' id='word_1_529' title='bbox 2614 2421 2748 2477; x_wconf 90' lang='lat' dir='ltr'><strong>quae</strong></span> <span class='ocrx_word' id='word_1_530' title='bbox 2776 2405 3120 2463; x_wconf 89' lang='lat' dir='ltr'><strong>Constantio</strong></span> <span class='ocrx_word' id='word_1_531' title='bbox 3152 2406 3528 2478; x_wconf 88' lang='lat' dir='ltr'><strong>inscribitur,</strong></span> <span class='ocrx_word' id='word_1_532' title='bbox 3558 2406 3745 2462; x_wconf 89' lang='lat' dir='ltr'><strong>varias</strong></span> <span class='ocrx_word' id='word_1_533' title='bbox 3768 2404 3912 2473; x_wconf 88' lang='lat' dir='ltr'><strong>diluit,</strong></span> 
     </span>
    </p>
   </div>
   <div class='ocr_carea' id='block_1_79' title="bbox 2298 2494 3914 2567">
    <p class='ocr_par' dir='ltr' id='par_1_79' title="bbox 2298 2494 3914 2567">
     <span class='ocr_line' id='line_1_79' title="bbox 2298 2494 3914 2567; baseline -0.001 -19"><span class='ocrx_word' id='word_1_534' title='bbox 2298 2510 2431 2566; x_wconf 61' lang='lat' dir='ltr'><strong>quae</strong></span> <span class='ocrx_word' id='word_1_535' title='bbox 2461 2494 2534 2548; x_wconf 92' lang='lat' dir='ltr'><strong>ab</strong></span> <span class='ocrx_word' id='word_1_536' title='bbox 2564 2494 2818 2549; x_wconf 90' lang='lat' dir='ltr'><strong>ethnicis</strong></span> <span class='ocrx_word' id='word_1_537' title='bbox 2840 2499 3015 2567; x_wconf 88' lang='lat' dir='ltr'><strong>atque</strong></span> <span class='ocrx_word' id='word_1_538' title='bbox 3034 2494 3343 2551; x_wconf 70' lang='lat' dir='ltr'><strong>haereticis</strong></span> <span class='ocrx_word' id='word_1_539' title='bbox 3356 2496 3525 2551; x_wconf 87' lang='lat' dir='ltr'><strong>circa</strong></span> <span class='ocrx_word' id='word_1_540' title='bbox 3547 2496 3914 2551; x_wconf 87' lang='lat' dir='ltr'><strong>institutionem</strong></span> 
     </span>
    </p>
   </div>
   <div class='ocr_carea' id='block_1_80' title="bbox 2298 2580 3914 2657">
    <p class='ocr_par' dir='ltr' id='par_1_80' title="bbox 2298 2580 3914 2657">
     <span class='ocr_line' id='line_1_80' title="bbox 2298 2580 3914 2657; baseline -0.001 -20"><span class='ocrx_word' id='word_1_541' title='bbox 2298 2584 2861 2656; x_wconf 88' lang='lat' dir='ltr'><strong>abrogationemque</strong></span> <span class='ocrx_word' id='word_1_542' title='bbox 2877 2584 3354 2640; x_wconf 90' lang='lat' dir='ltr'><strong>circumcisionis</strong></span> <span class='ocrx_word' id='word_1_543' title='bbox 3368 2580 3914 2657; x_wconf 83' lang='lat' dir='ltr'><strong>prOponebanturdii-</strong></span> 
     </span>
    </p>
   </div>
   <div class='ocr_carea' id='block_1_81' title="bbox 2300 2671 3911 2745">
    <p class='ocr_par' dir='ltr' id='par_1_81' title="bbox 2300 2671 3911 2745">
     <span class='ocr_line' id='line_1_81' title="bbox 2300 2671 3911 2745; baseline -0.001 -18"><span class='ocrx_word' id='word_1_544' title='bbox 2300 2672 2612 2727; x_wconf 85' lang='lat' dir='ltr'><strong>ficultates.</strong></span> <span class='ocrx_word' id='word_1_545' title='bbox 2644 2671 2791 2727; x_wconf 89' lang='lat' dir='ltr'><strong>Cum</strong></span> <span class='ocrx_word' id='word_1_546' title='bbox 2820 2676 3015 2728; x_wconf 90' lang='lat' dir='ltr'><strong>autem</strong></span> <span class='ocrx_word' id='word_1_547' title='bbox 3045 2689 3114 2728; x_wconf 92' lang='lat' dir='ltr'><strong>ea</strong></span> <span class='ocrx_word' id='word_1_548' title='bbox 3142 2676 3498 2745; x_wconf 84' lang='lat' dir='ltr'><strong>tempestate</strong></span> <span class='ocrx_word' id='word_1_549' title='bbox 3526 2678 3645 2730; x_wconf 87' lang='lat' dir='ltr'><strong>tres</strong></span> <span class='ocrx_word' id='word_1_550' title='bbox 3676 2673 3911 2729; x_wconf 85' lang='lat' dir='ltr'><strong>Conslan-</strong></span> 
     </span>
    </p>
   </div>
   <div class='ocr_carea' id='block_1_82' title="bbox 2299 2760 3911 2833">
    <p class='ocr_par' dir='ltr' id='par_1_82' title="bbox 2299 2760 3911 2833">
     <span class='ocr_line' id='line_1_82' title="bbox 2299 2760 3911 2833; baseline -0.001 -19"><span class='ocrx_word' id='word_1_551' title='bbox 2299 2761 2384 2832; x_wconf 91' lang='lat' dir='ltr'><strong>tii,</strong></span> <span class='ocrx_word' id='word_1_552' title='bbox 2416 2761 2740 2832; x_wconf 88' lang='lat' dir='ltr'><strong>episcopali</strong></span> <span class='ocrx_word' id='word_1_553' title='bbox 2771 2760 3055 2833; x_wconf 84' lang='lat' dir='ltr'><strong>dignitate</strong></span> <span class='ocrx_word' id='word_1_554' title='bbox 3093 2777 3302 2817; x_wconf 90' lang='lat' dir='ltr'><strong>omnes</strong></span> <span class='ocrx_word' id='word_1_555' title='bbox 3353 2765 3554 2817; x_wconf 89' lang='lat' dir='ltr'><strong>ornati</strong></span> <span class='ocrx_word' id='word_1_556' title='bbox 3581 2762 3911 2833; x_wconf 86' lang='lat' dir='ltr'><strong>reperiantur,</strong></span> 
     </span>
    </p>
   </div>
   <div class='ocr_carea' id='block_1_83' title="bbox 2299 2847 3915 2924">
    <p class='ocr_par' dir='ltr' id='par_1_83' title="bbox 2299 2847 3915 2924">
     <span class='ocr_line' id='line_1_83' title="bbox 2299 2847 3915 2924; baseline -0.003 -19"><span class='ocrx_word' id='word_1_557' title='bbox 2299 2865 2510 2920; x_wconf 90' lang='lat' dir='ltr'><strong>nempe</strong></span> <span class='ocrx_word' id='word_1_558' title='bbox 2541 2848 2969 2918; x_wconf 88' lang='lat' dir='ltr'><strong>Arausicanus,</strong></span> <span class='ocrx_word' id='word_1_559' title='bbox 3003 2848 3397 2922; x_wconf 84' lang='lat' dir='ltr'><strong>Scisciensis,</strong></span> <span class='ocrx_word' id='word_1_560' title='bbox 3430 2854 3603 2924; x_wconf 90' lang='lat' dir='ltr'><strong>atque</strong></span> <span class='ocrx_word' id='word_1_561' title='bbox 3631 2851 3769 2906; x_wconf 88' lang='lat' dir='ltr'><strong>alius</strong></span> <span class='ocrx_word' id='word_1_562' title='bbox 3787 2847 3915 2904; x_wconf 87' lang='lat' dir='ltr'><strong>sedis</strong></span> 
     </span>
    </p>
   </div>
   <div class='ocr_carea' id='block_1_84' title="bbox 2298 2935 3910 3009">
    <p class='ocr_par' dir='ltr' id='par_1_84' title="bbox 2298 2935 3910 3009">
     <span class='ocr_line' id='line_1_84' title="bbox 2298 2935 3910 3009; baseline -0.002 -17"><span class='ocrx_word' id='word_1_563' title='bbox 2298 2939 2563 3008; x_wconf 64' lang='lat' dir='ltr'><strong>incertae,</strong></span> <span class='ocrx_word' id='word_1_564' title='bbox 2597 2938 3089 3009; x_wconf 91' lang='lat' dir='ltr'><strong>quemadmodum</strong></span> <span class='ocrx_word' id='word_1_565' title='bbox 3121 2955 3154 2993; x_wconf 89' lang='lat' dir='ltr'><strong>a</strong></span> <span class='ocrx_word' id='word_1_566' title='bbox 3184 2940 3359 2994; x_wconf 91' lang='lat' dir='ltr'><strong>nobis</strong></span> <span class='ocrx_word' id='word_1_567' title='bbox 3426 2941 3488 2995; x_wconf 91' lang='lat' dir='ltr'><strong>in</strong></span> <span class='ocrx_word' id='word_1_568' title='bbox 3545 2944 3668 2994; x_wconf 89' lang='lat' dir='ltr'><strong>acta</strong></span> <span class='ocrx_word' id='word_1_569' title='bbox 3723 2935 3910 2993; x_wconf 88' lang='lat' dir='ltr'><strong>concilii</strong></span> 
     </span>
    </p>
   </div>
   <div class='ocr_carea' id='block_1_85' title="bbox 2298 3022 3916 3104">
    <p class='ocr_par' dir='ltr' id='par_1_85' title="bbox 2298 3022 3916 3104">
     <span class='ocr_line' id='line_1_85' title="bbox 2298 3022 3916 3104; baseline -0.003 -22"><span class='ocrx_word' id='word_1_570' title='bbox 2298 3027 2702 3099; x_wconf 88' lang='lat' dir='ltr'><strong>Aquileiensis</strong></span> <span class='ocrx_word' id='word_1_571' title='bbox 2735 3026 3170 3097; x_wconf 87' lang='lat' dir='ltr'><strong>observabitur,</strong></span> <span class='ocrx_word' id='word_1_572' title='bbox 3200 3043 3319 3083; x_wconf 93' lang='lat' dir='ltr'><strong>non</strong></span> <span class='ocrx_word' id='word_1_573' title='bbox 3350 3027 3531 3104; x_wconf 78' lang='lat' dir='ltr'><strong>facile</strong></span> <span class='ocrx_word' id='word_1_574' title='bbox 3560 3027 3841 3084; x_wconf 80' lang='lat' dir='ltr'><strong>definiatur</strong></span> <span class='ocrx_word' id='word_1_575' title='bbox 3863 3022 3916 3079; x_wconf 87' lang='lat' dir='ltr'><strong>ad</strong></span> 
     </span>
    </p>
   </div>
   <div class='ocr_carea' id='block_1_86' title="bbox 2298 3113 3914 3187">
    <p class='ocr_par' dir='ltr' id='par_1_86' title="bbox 2298 3113 3914 3187">
     <span class='ocr_line' id='line_1_86' title="bbox 2298 3113 3914 3187; baseline -0.004 -17"><span class='ocrx_word' id='word_1_576' title='bbox 2298 3131 2474 3187; x_wconf 93' lang='lat' dir='ltr'><strong>quem</strong></span> <span class='ocrx_word' id='word_1_577' title='bbox 2505 3114 2759 3186; x_wconf 87' lang='lat' dir='ltr'><strong>illorum,</strong></span> <span class='ocrx_word' id='word_1_578' title='bbox 2812 3115 2929 3170; x_wconf 91' lang='lat' dir='ltr'><strong>imo</strong></span> <span class='ocrx_word' id='word_1_579' title='bbox 2972 3130 3115 3171; x_wconf 91' lang='lat' dir='ltr'><strong>vero</strong></span> <span class='ocrx_word' id='word_1_580' title='bbox 3146 3132 3285 3171; x_wconf 90' lang='lat' dir='ltr'><strong>num</strong></span> <span class='ocrx_word' id='word_1_581' title='bbox 3317 3117 3399 3171; x_wconf 84' lang='lat' dir='ltr'><strong>ad</strong></span> <span class='ocrx_word' id='word_1_582' title='bbox 3444 3118 3674 3173; x_wconf 88' lang='lat' dir='ltr'><strong>illorum</strong></span> <span class='ocrx_word' id='word_1_583' title='bbox 3724 3113 3914 3169; x_wconf 87' lang='lat' dir='ltr'><strong>omnino</strong></span> 
     </span>
    </p>
   </div>
   <div class='ocr_carea' id='block_1_87' title="bbox 2297 3203 3915 3277">
    <p class='ocr_par' dir='ltr' id='par_1_87' title="bbox 2297 3203 3915 3277">
     <span class='ocr_line' id='line_1_87' title="bbox 2297 3203 3915 3277; baseline -0.004 -18"><span class='ocrx_word' id='word_1_584' title='bbox 2297 3204 2483 3260; x_wconf 91' lang='lat' dir='ltr'><strong>ullum</strong></span> <span class='ocrx_word' id='word_1_585' title='bbox 2514 3204 2803 3259; x_wconf 88' lang='lat' dir='ltr'><strong>destinata</strong></span> <span class='ocrx_word' id='word_1_586' title='bbox 2827 3203 2924 3258; x_wconf 91' lang='lat' dir='ltr'><strong>sit.</strong></span> <span class='ocrx_word' id='word_1_587' title='bbox 2961 3203 3091 3259; x_wconf 84' lang='lat' dir='ltr'><strong>Huc</strong></span> <span class='ocrx_word' id='word_1_588' title='bbox 3137 3207 3331 3259; x_wconf 90' lang='lat' dir='ltr'><strong>tamen</strong></span> <span class='ocrx_word' id='word_1_589' title='bbox 3366 3221 3487 3261; x_wconf 86' lang='lat' dir='ltr'><strong>nos</strong></span> <span class='ocrx_word' id='word_1_590' title='bbox 3533 3204 3915 3277; x_wconf 85' lang='lat' dir='ltr'><strong>propendemus</strong></span> 
     </span>
    </p>
   </div>
   <div class='ocr_carea' id='block_1_88' title="bbox 2298 3291 3915 3365">
    <p class='ocr_par' dir='ltr' id='par_1_88' title="bbox 2298 3291 3915 3365">
     <span class='ocr_line' id='line_1_88' title="bbox 2298 3291 3915 3365; baseline -0.005 -16"><span class='ocrx_word' id='word_1_591' title='bbox 2298 3294 2491 3364; x_wconf 87' lang='lat' dir='ltr'><strong>magis</strong></span> <span class='ocrx_word' id='word_1_592' title='bbox 2537 3291 2808 3362; x_wconf 89' lang='lat' dir='ltr'><strong>libenter,</strong></span> <span class='ocrx_word' id='word_1_593' title='bbox 2839 3295 2904 3346; x_wconf 91' lang='lat' dir='ltr'><strong>ut</strong></span> <span class='ocrx_word' id='word_1_594' title='bbox 2949 3292 3022 3347; x_wconf 90' lang='lat' dir='ltr'><strong>ad</strong></span> <span class='ocrx_word' id='word_1_595' title='bbox 3053 3293 3326 3349; x_wconf 90' lang='lat' dir='ltr'><strong>eumdem</strong></span> <span class='ocrx_word' id='word_1_596' title='bbox 3354 3295 3639 3365; x_wconf 88' lang='lat' dir='ltr'><strong>scriptam</strong></span> <span class='ocrx_word' id='word_1_597' title='bbox 3667 3295 3915 3364; x_wconf 86' lang='lat' dir='ltr'><strong>putemus,</strong></span> 
     </span>
    </p>
   </div>
   <div class='ocr_carea' id='block_1_89' title="bbox 2298 3379 3914 3454">
    <p class='ocr_par' dir='ltr' id='par_1_89' title="bbox 2298 3379 3914 3454">
     <span class='ocr_line' id='line_1_89' title="bbox 2298 3379 3914 3454; baseline -0.004 -17"><span class='ocrx_word' id='word_1_598' title='bbox 2298 3383 2371 3437; x_wconf 91' lang='lat' dir='ltr'><strong>ad</strong></span> <span class='ocrx_word' id='word_1_599' title='bbox 2402 3397 2579 3454; x_wconf 90' lang='lat' dir='ltr'><strong>quem</strong></span> <span class='ocrx_word' id='word_1_600' title='bbox 2609 3384 2666 3437; x_wconf 92' lang='lat' dir='ltr'><strong>et</strong></span> <span class='ocrx_word' id='word_1_601' title='bbox 2695 3380 2959 3436; x_wconf 90' lang='lat' dir='ltr'><strong>secunda</strong></span> <span class='ocrx_word' id='word_1_602' title='bbox 2999 3380 3183 3452; x_wconf 85' lang='lat' dir='ltr'><strong>hujus</strong></span> <span class='ocrx_word' id='word_1_603' title='bbox 3229 3382 3515 3438; x_wconf 85' lang='lat' dir='ltr'><strong>editionis</strong></span> <span class='ocrx_word' id='word_1_604' title='bbox 3546 3383 3723 3438; x_wconf 87' lang='lat' dir='ltr'><strong>missa</strong></span> <span class='ocrx_word' id='word_1_605' title='bbox 3748 3379 3914 3435; x_wconf 83' lang='lat' dir='ltr'><strong>fuerat.</strong></span> 
     </span>
    </p>
   </div>
   <div class='ocr_carea' id='block_1_90' title="bbox 2299 3466 3916 3540">
    <p class='ocr_par' dir='ltr' id='par_1_90' title="bbox 2299 3466 3916 3540">
     <span class='ocr_line' id='line_1_90' title="bbox 2299 3466 3916 3540; baseline -0.006 -13"><span class='ocrx_word' id='word_1_606' title='bbox 2299 3471 2446 3527; x_wconf 88' lang='lat' dir='ltr'><strong>Cum</strong></span> <span class='ocrx_word' id='word_1_607' title='bbox 2473 3471 2631 3527; x_wconf 91' lang='lat' dir='ltr'><strong>enim</strong></span> <span class='ocrx_word' id='word_1_608' title='bbox 2652 3470 2749 3525; x_wconf 89' lang='lat' dir='ltr'><strong>hic</strong></span> <span class='ocrx_word' id='word_1_609' title='bbox 2770 3468 3153 3526; x_wconf 90' lang='lat' dir='ltr'><strong>Constantius</strong></span> <span class='ocrx_word' id='word_1_610' title='bbox 3175 3474 3455 3527; x_wconf 91' lang='lat' dir='ltr'><strong>sanctum</strong></span> <span class='ocrx_word' id='word_1_611' title='bbox 3473 3472 3777 3540; x_wconf 89' lang='lat' dir='ltr'><strong>doctorem,</strong></span> <span class='ocrx_word' id='word_1_612' title='bbox 3798 3466 3916 3521; x_wconf 85' lang='lat' dir='ltr'><strong>sicut</strong></span> 
     </span>
    </p>
   </div>
   <div class='ocr_carea' id='block_1_91' title="bbox 2298 3556 3918 3630">
    <p class='ocr_par' dir='ltr' id='par_1_91' title="bbox 2298 3556 3918 3630">
     <span class='ocr_line' id='line_1_91' title="bbox 2298 3556 3918 3630; baseline -0.004 -15"><span class='ocrx_word' id='word_1_613' title='bbox 2298 3561 2581 3630; x_wconf 90' lang='lat' dir='ltr'><strong>vidimus,</strong></span> <span class='ocrx_word' id='word_1_614' title='bbox 2613 3575 2733 3615; x_wconf 90' lang='lat' dir='ltr'><strong>non</strong></span> <span class='ocrx_word' id='word_1_615' title='bbox 2763 3574 2943 3613; x_wconf 91' lang='lat' dir='ltr'><strong>secus</strong></span> <span class='ocrx_word' id='word_1_616' title='bbox 2975 3574 3045 3614; x_wconf 88' lang='lat' dir='ltr'><strong>ac</strong></span> <span class='ocrx_word' id='word_1_617' title='bbox 3065 3561 3291 3630; x_wconf 90' lang='lat' dir='ltr'><strong>patrem</strong></span> <span class='ocrx_word' id='word_1_618' title='bbox 3321 3561 3402 3616; x_wconf 86' lang='lat' dir='ltr'><strong>de</strong></span> <span class='ocrx_word' id='word_1_619' title='bbox 3423 3561 3559 3617; x_wconf 74' lang='lat' dir='ltr'><strong>vitaa</strong></span> <span class='ocrx_word' id='word_1_620' title='bbox 3577 3575 3699 3616; x_wconf 65' lang='lat' dir='ltr'><strong>sum</strong></span> <span class='ocrx_word' id='word_1_621' title='bbox 3724 3556 3918 3613; x_wconf 85' lang='lat' dir='ltr'><strong>institu-</strong></span> 
     </span>
    </p>
   </div>
   <div class='ocr_carea' id='block_1_92' title="bbox 2297 3642 3917 3719">
    <p class='ocr_par' dir='ltr' id='par_1_92' title="bbox 2297 3642 3917 3719">
     <span class='ocr_line' id='line_1_92' title="bbox 2297 3642 3917 3719; baseline -0.006 -15"><span class='ocrx_word' id='word_1_622' title='bbox 2297 3650 2478 3719; x_wconf 89' lang='lat' dir='ltr'><strong>tione,</strong></span> <span class='ocrx_word' id='word_1_623' title='bbox 2512 3651 2686 3719; x_wconf 90' lang='lat' dir='ltr'><strong>atque</strong></span> <span class='ocrx_word' id='word_1_624' title='bbox 2716 3647 2980 3702; x_wconf 88' lang='lat' dir='ltr'><strong>muneris</strong></span> <span class='ocrx_word' id='word_1_625' title='bbox 3025 3648 3540 3706; x_wconf 86' lang='lat' dir='ltr'><strong>administratione</strong></span> <span class='ocrx_word' id='word_1_626' title='bbox 3588 3642 3917 3709; x_wconf 86' lang='lat' dir='ltr'><strong>consuluerit,</strong></span> 
     </span>
    </p>
   </div>
   <div class='ocr_carea' id='block_1_93' title="bbox 2298 3731 3912 3811">
    <p class='ocr_par' dir='ltr' id='par_1_93' title="bbox 2298 3731 3912 3811">
     <span class='ocr_line' id='line_1_93' title="bbox 2298 3731 3912 3811; baseline -0.005 -18"><span class='ocrx_word' id='word_1_627' title='bbox 2298 3737 2622 3793; x_wconf 89' lang='lat' dir='ltr'><strong>verisimile</strong></span> <span class='ocrx_word' id='word_1_628' title='bbox 2654 3738 2747 3791; x_wconf 92' lang='lat' dir='ltr'><strong>est</strong></span> <span class='ocrx_word' id='word_1_629' title='bbox 2775 3751 2910 3791; x_wconf 89' lang='lat' dir='ltr'><strong>eum</strong></span> <span class='ocrx_word' id='word_1_630' title='bbox 2939 3736 3281 3807; x_wconf 89' lang='lat' dir='ltr'><strong>Ambrosio,</strong></span> <span class='ocrx_word' id='word_1_631' title='bbox 3316 3737 3369 3792; x_wconf 91' lang='lat' dir='ltr'><strong>si</strong></span> <span class='ocrx_word' id='word_1_632' title='bbox 3413 3737 3555 3811; x_wconf 92' lang='lat' dir='ltr'><strong>quid</strong></span> <span class='ocrx_word' id='word_1_633' title='bbox 3592 3735 3740 3793; x_wconf 88' lang='lat' dir='ltr'><strong>aliud</strong></span> <span class='ocrx_word' id='word_1_634' title='bbox 3767 3731 3912 3790; x_wconf 87' lang='lat' dir='ltr'><strong>obor-</strong></span> 
     </span>
    </p>
   </div>
   <div class='ocr_carea' id='block_1_94' title="bbox 2299 3824 3911 3896">
    <p class='ocr_par' dir='ltr' id='par_1_94' title="bbox 2299 3824 3911 3896">
     <span class='ocr_line' id='line_1_94' title="bbox 2299 3824 3911 3896; baseline -0.006 -14"><span class='ocrx_word' id='word_1_635' title='bbox 2299 3831 2422 3883; x_wconf 90' lang='lat' dir='ltr'><strong>tum</strong></span> <span class='ocrx_word' id='word_1_636' title='bbox 2450 3825 2627 3881; x_wconf 89' lang='lat' dir='ltr'><strong>fuerit</strong></span> <span class='ocrx_word' id='word_1_637' title='bbox 2660 3824 3048 3895; x_wconf 82' lang='lat' dir='ltr'><strong>difficultatis,</strong></span> <span class='ocrx_word' id='word_1_638' title='bbox 3085 3840 3424 3896; x_wconf 90' lang='lat' dir='ltr'><strong>proponere</strong></span> <span class='ocrx_word' id='word_1_639' title='bbox 3473 3841 3588 3882; x_wconf 91' lang='lat' dir='ltr'><strong>non</strong></span> <span class='ocrx_word' id='word_1_640' title='bbox 3633 3825 3911 3880; x_wconf 83' lang='lat' dir='ltr'><strong>dubitasse.</strong></span> 
     </span>
    </p>
   </div>
   <div class='ocr_carea' id='block_1_95' title="bbox 2300 3912 3917 3985">
    <p class='ocr_par' dir='ltr' id='par_1_95' title="bbox 2300 3912 3917 3985">
     <span class='ocr_line' id='line_1_95' title="bbox 2300 3912 3917 3985; baseline -0.007 -14"><span class='ocrx_word' id='word_1_641' title='bbox 2300 3916 2446 3971; x_wconf 86' lang='lat' dir='ltr'><strong>Haec</strong></span> <span class='ocrx_word' id='word_1_642' title='bbox 2477 3928 2655 3985; x_wconf 89' lang='lat' dir='ltr'><strong>porro</strong></span> <span class='ocrx_word' id='word_1_643' title='bbox 2685 3912 2936 3983; x_wconf 90' lang='lat' dir='ltr'><strong>epistola</strong></span> <span class='ocrx_word' id='word_1_644' title='bbox 2955 3913 3169 3968; x_wconf 88' lang='lat' dir='ltr'><strong>melius</strong></span> <span class='ocrx_word' id='word_1_645' title='bbox 3190 3914 3330 3969; x_wconf 88' lang='lat' dir='ltr'><strong>alibi</strong></span> <span class='ocrx_word' id='word_1_646' title='bbox 3347 3914 3628 3971; x_wconf 89' lang='lat' dir='ltr'><strong>collocari</strong></span> <span class='ocrx_word' id='word_1_647' title='bbox 3649 3924 3811 3984; x_wconf 89' lang='lat' dir='ltr'><strong>posse</strong></span> <span class='ocrx_word' id='word_1_648' title='bbox 3827 3921 3917 3964; x_wconf 90' lang='lat' dir='ltr'><strong>non</strong></span> 
     </span>
    </p>
   </div>
   <div class='ocr_carea' id='block_1_96' title="bbox 2297 3993 3917 4076">
    <p class='ocr_par' dir='ltr' id='par_1_96' title="bbox 2297 3993 3917 4076">
     <span class='ocr_line' id='line_1_96' title="bbox 2297 3993 3917 4076; baseline -0.007 -17"><span class='ocrx_word' id='word_1_649' title='bbox 2297 4003 2611 4059; x_wconf 88' lang='lat' dir='ltr'><strong>videbatur</strong></span> <span class='ocrx_word' id='word_1_650' title='bbox 2639 4017 2815 4073; x_wconf 89' lang='lat' dir='ltr'><strong>quam</strong></span> <span class='ocrx_word' id='word_1_651' title='bbox 2845 4002 2961 4057; x_wconf 92' lang='lat' dir='ltr'><strong>isto</strong></span> <span class='ocrx_word' id='word_1_652' title='bbox 2991 4003 3146 4072; x_wconf 91' lang='lat' dir='ltr'><strong>loco,</strong></span> <span class='ocrx_word' id='word_1_653' title='bbox 3197 4002 3419 4074; x_wconf 90' lang='lat' dir='ltr'><strong>quippe</strong></span> <span class='ocrx_word' id='word_1_654' title='bbox 3463 4020 3597 4076; x_wconf 88' lang='lat' dir='ltr'><strong>quae</strong></span> <span class='ocrx_word' id='word_1_655' title='bbox 3639 4000 3828 4074; x_wconf 88' lang='lat' dir='ltr'><strong>partim</strong></span> <span class='ocrx_word' id='word_1_656' title='bbox 3861 3993 3917 4048; x_wconf 79' lang='lat' dir='ltr'><strong>ad</strong></span> 
     </span>
    </p>
   </div>
   <div class='ocr_carea' id='block_1_97' title="bbox 2301 4083 3917 4163">
    <p class='ocr_par' dir='ltr' id='par_1_97' title="bbox 2301 4083 3917 4163">
     <span class='ocr_line' id='line_1_97' title="bbox 2301 4083 3917 4163; baseline -0.001 -15"><span class='ocrx_word' id='word_1_657' title='bbox 2301 4092 2605 4163; x_wconf 90' lang='lat' dir='ltr'><strong>antiquum</strong></span> <span class='ocrx_word' id='word_1_658' title='bbox 2633 4089 2851 4161; x_wconf 78' lang='lat' dir='ltr'><strong>fcedus,</strong></span> <span class='ocrx_word' id='word_1_659' title='bbox 2884 4089 2944 4145; x_wconf 89' lang='lat' dir='ltr'><strong>in</strong></span> <span class='ocrx_word' id='word_1_660' title='bbox 2975 4106 3092 4162; x_wconf 89' lang='lat' dir='ltr'><strong>quo</strong></span> <span class='ocrx_word' id='word_1_661' title='bbox 3136 4092 3521 4148; x_wconf 89' lang='lat' dir='ltr'><strong>circumcisio</strong></span> <span class='ocrx_word' id='word_1_662' title='bbox 3563 4091 3808 4147; x_wconf 78' lang='lat' dir='ltr'><strong>instituta</strong></span> <span class='ocrx_word' id='word_1_663' title='bbox 3829 4083 3917 4147; x_wconf 66' lang='lat' dir='ltr'><strong>est.</strong></span> 
     </span>
    </p>
   </div>
   <div class='ocr_carea' id='block_1_98' title="bbox 2300 4179 3919 4253">
    <p class='ocr_par' dir='ltr' id='par_1_98' title="bbox 2300 4179 3919 4253">
     <span class='ocr_line' id='line_1_98' title="bbox 2300 4179 3919 4253; baseline -0.004 -17"><span class='ocrx_word' id='word_1_664' title='bbox 2300 4181 2509 4253; x_wconf 90' lang='lat' dir='ltr'><strong>partim</strong></span> <span class='ocrx_word' id='word_1_665' title='bbox 2537 4179 2611 4234; x_wconf 87' lang='lat' dir='ltr'><strong>ad</strong></span> <span class='ocrx_word' id='word_1_666' title='bbox 2641 4195 2881 4250; x_wconf 89' lang='lat' dir='ltr'><strong>novum,</strong></span> <span class='ocrx_word' id='word_1_667' title='bbox 2914 4181 2974 4234; x_wconf 88' lang='lat' dir='ltr'><strong>in</strong></span> <span class='ocrx_word' id='word_1_668' title='bbox 3003 4195 3121 4251; x_wconf 87' lang='lat' dir='ltr'><strong>quo</strong></span> <span class='ocrx_word' id='word_1_669' title='bbox 3153 4180 3359 4236; x_wconf 90' lang='lat' dir='ltr'><strong>eadem</strong></span> <span class='ocrx_word' id='word_1_670' title='bbox 3405 4184 3501 4237; x_wconf 90' lang='lat' dir='ltr'><strong>est</strong></span> <span class='ocrx_word' id='word_1_671' title='bbox 3538 4180 3817 4250; x_wconf 87' lang='lat' dir='ltr'><strong>abrogata,</strong></span> <span class='ocrx_word' id='word_1_672' title='bbox 3844 4185 3919 4226; x_wconf 82' lang='lat' dir='ltr'><strong>re-</strong></span> 
     </span>
    </p>
   </div>
   <div class='ocr_carea' id='block_1_99' title="bbox 2299 4270 2687 4342">
    <p class='ocr_par' dir='ltr' id='par_1_99' title="bbox 2299 4270 2687 4342">
     <span class='ocr_line' id='line_1_99' title="bbox 2299 4270 2687 4342; baseline -0.003 -16"><span class='ocrx_word' id='word_1_673' title='bbox 2299 4270 2442 4327; x_wconf 87' lang='lat' dir='ltr'><strong>ferri</strong></span> <span class='ocrx_word' id='word_1_674' title='bbox 2473 4270 2687 4342; x_wconf 91' lang='lat' dir='ltr'><strong>possit.</strong></span> 
     </span>
    </p>
   </div>
   <div class='ocr_carea' id='block_1_100' title="bbox 2372 4366 3918 4448">
    <p class='ocr_par' dir='ltr' id='par_1_100' title="bbox 2372 4366 3918 4448">
     <span class='ocr_line' id='line_1_100' title="bbox 2372 4366 3918 4448; baseline -0.005 -17"><span class='ocrx_word' id='word_1_675' title='bbox 2372 4377 2639 4448; x_wconf 91' lang='lat' dir='ltr'><strong>Denique</strong></span> <span class='ocrx_word' id='word_1_676' title='bbox 2671 4376 2935 4430; x_wconf 68' lang='lat' dir='ltr'><strong>LXXIV&quot;</strong></span> <span class='ocrx_word' id='word_1_677' title='bbox 2964 4378 3021 4431; x_wconf 91' lang='lat' dir='ltr'><strong>et</strong></span> <span class='ocrx_word' id='word_1_678' title='bbox 3041 4376 3286 4431; x_wconf 63' lang='lat' dir='ltr'><strong>LXXV‘</strong></span> <span class='ocrx_word' id='word_1_679' title='bbox 3305 4376 3506 4432; x_wconf 91' lang='lat' dir='ltr'><strong>varias</strong></span> <span class='ocrx_word' id='word_1_680' title='bbox 3529 4371 3852 4448; x_wconf 83' lang='lat' dir='ltr'><strong>epigraphas</strong></span> <span class='ocrx_word' id='word_1_681' title='bbox 3872 4366 3918 4419; x_wconf 85' lang='lat' dir='ltr'><strong>in</strong></span> 
     </span>
    </p>
   </div>
   <div class='ocr_carea' id='block_1_101' title="bbox 2300 4459 3917 4538">
    <p class='ocr_par' dir='ltr' id='par_1_101' title="bbox 2300 4459 3917 4538">
     <span class='ocr_line' id='line_1_101' title="bbox 2300 4459 3917 4538; baseline -0.006 -16"><span class='ocrx_word' id='word_1_682' title='bbox 2300 4466 2495 4522; x_wconf 90' lang='lat' dir='ltr'><strong>fronte</strong></span> <span class='ocrx_word' id='word_1_683' title='bbox 2526 4468 2762 4538; x_wconf 88' lang='lat' dir='ltr'><strong>gerunt,</strong></span> <span class='ocrx_word' id='word_1_684' title='bbox 2798 4467 2859 4519; x_wconf 91' lang='lat' dir='ltr'><strong>ut</strong></span> <span class='ocrx_word' id='word_1_685' title='bbox 2885 4462 3028 4519; x_wconf 89' lang='lat' dir='ltr'><strong>alibi</strong></span> <span class='ocrx_word' id='word_1_686' title='bbox 3058 4465 3429 4520; x_wconf 89' lang='lat' dir='ltr'><strong>commodius</strong></span> <span class='ocrx_word' id='word_1_687' title='bbox 3458 4466 3698 4520; x_wconf 90' lang='lat' dir='ltr'><strong>dicetur.</strong></span> <span class='ocrx_word' id='word_1_688' title='bbox 3726 4459 3781 4515; x_wconf 91' lang='lat' dir='ltr'><strong>ld</strong></span> <span class='ocrx_word' id='word_1_689' title='bbox 3806 4466 3917 4510; x_wconf 79' lang='lat' dir='ltr'><strong>vero</strong></span> 
     </span>
    </p>
   </div>
   <div class='ocr_carea' id='block_1_102' title="bbox 2300 4543 3916 4621">
    <p class='ocr_par' dir='ltr' id='par_1_102' title="bbox 2300 4543 3916 4621">
     <span class='ocr_line' id='line_1_102' title="bbox 2300 4543 3916 4621; baseline -0.011 -10"><span class='ocrx_word' id='word_1_690' title='bbox 2300 4559 2524 4611; x_wconf 89' lang='lat' dir='ltr'><strong>tantum</strong></span> <span class='ocrx_word' id='word_1_691' title='bbox 2553 4554 2668 4609; x_wconf 91' lang='lat' dir='ltr'><strong>hoc</strong></span> <span class='ocrx_word' id='word_1_692' title='bbox 2697 4553 2812 4608; x_wconf 92' lang='lat' dir='ltr'><strong>loci</strong></span> <span class='ocrx_word' id='word_1_693' title='bbox 2842 4568 2962 4608; x_wconf 88' lang='lat' dir='ltr'><strong>non</strong></span> <span class='ocrx_word' id='word_1_694' title='bbox 2992 4553 3303 4609; x_wconf 90' lang='lat' dir='ltr'><strong>silebimus</strong></span> <span class='ocrx_word' id='word_1_695' title='bbox 3335 4554 3448 4608; x_wconf 90' lang='lat' dir='ltr'><strong>has</strong></span> <span class='ocrx_word' id='word_1_696' title='bbox 3479 4553 3625 4608; x_wconf 88' lang='lat' dir='ltr'><strong>duas</strong></span> <span class='ocrx_word' id='word_1_697' title='bbox 3658 4543 3916 4621; x_wconf 79' lang='lat' dir='ltr'><strong>epistolas,</strong></span> 
     </span>
    </p>
   </div>
   <div class='ocr_carea' id='block_1_103' title="bbox 2302 4633 3916 4717">
    <p class='ocr_par' dir='ltr' id='par_1_103' title="bbox 2302 4633 3916 4717">
     <span class='ocr_line' id='line_1_103' title="bbox 2302 4633 3916 4717; baseline -0.007 -18"><span class='ocrx_word' id='word_1_698' title='bbox 2302 4647 2583 4717; x_wconf 90' lang='lat' dir='ltr'><strong>quantum</strong></span> <span class='ocrx_word' id='word_1_699' title='bbox 2614 4659 2691 4698; x_wconf 78' lang='lat' dir='ltr'><strong>ex</strong></span> <span class='ocrx_word' id='word_1_700' title='bbox 2721 4640 3005 4697; x_wconf 90' lang='lat' dir='ltr'><strong>orationis</strong></span> <span class='ocrx_word' id='word_1_701' title='bbox 3036 4657 3255 4714; x_wconf 88' lang='lat' dir='ltr'><strong>genere</strong></span> <span class='ocrx_word' id='word_1_702' title='bbox 3310 4641 3533 4714; x_wconf 91' lang='lat' dir='ltr'><strong>conjici</strong></span> <span class='ocrx_word' id='word_1_703' title='bbox 3579 4639 3775 4713; x_wconf 90' lang='lat' dir='ltr'><strong>potest,</strong></span> <span class='ocrx_word' id='word_1_704' title='bbox 3809 4633 3916 4702; x_wconf 87' lang='lat' dir='ltr'><strong>ipso</strong></span> 
     </span>
    </p>
   </div>
   <div class='ocr_carea' id='block_1_104' title="bbox 2301 4730 3917 4801">
    <p class='ocr_par' dir='ltr' id='par_1_104' title="bbox 2301 4730 3917 4801">
     <span class='ocr_line' id='line_1_104' title="bbox 2301 4730 3917 4801; baseline -0.009 -13"><span class='ocrx_word' id='word_1_705' title='bbox 2301 4731 2682 4788; x_wconf 85' lang='lat' dir='ltr'><strong>Ambrosiani</strong></span> <span class='ocrx_word' id='word_1_706' title='bbox 2710 4732 3094 4801; x_wconf 89' lang='lat' dir='ltr'><strong>episcopatus</strong></span> <span class='ocrx_word' id='word_1_707' title='bbox 3124 4730 3288 4786; x_wconf 90' lang='lat' dir='ltr'><strong>initio</strong></span> <span class='ocrx_word' id='word_1_708' title='bbox 3321 4731 3490 4787; x_wconf 87' lang='lat' dir='ltr'><strong>datas</strong></span> <span class='ocrx_word' id='word_1_709' title='bbox 3518 4730 3700 4785; x_wconf 89' lang='lat' dir='ltr'><strong>fuisse</strong></span> <span class='ocrx_word' id='word_1_710' title='bbox 3724 4742 3738 4796; x_wconf 89' lang='lat'><strong>;</strong></span> <span class='ocrx_word' id='word_1_711' title='bbox 3766 4733 3917 4794; x_wconf 74' lang='lat' dir='ltr'><strong>quan-</strong></span> 
     </span>
    </p>
   </div>
   <div class='ocr_carea' id='block_1_105' title="bbox 2301 4805 3917 4893">
    <p class='ocr_par' dir='ltr' id='par_1_105' title="bbox 2301 4805 3917 4893">
     <span class='ocr_line' id='line_1_105' title="bbox 2301 4805 3917 4893; baseline -0.011 -15"><span class='ocrx_word' id='word_1_712' title='bbox 2301 4823 2377 4879; x_wconf 90' lang='lat' dir='ltr'><strong>do</strong></span> <span class='ocrx_word' id='word_1_713' title='bbox 2406 4823 2682 4879; x_wconf 89' lang='lat' dir='ltr'><strong>videlicet</strong></span> <span class='ocrx_word' id='word_1_714' title='bbox 2711 4821 3023 4877; x_wconf 89' lang='lat' dir='ltr'><strong>volvendis</strong></span> <span class='ocrx_word' id='word_1_715' title='bbox 3057 4821 3339 4892; x_wconf 88' lang='lat' dir='ltr'><strong>operibus</strong></span> <span class='ocrx_word' id='word_1_716' title='bbox 3380 4816 3743 4893; x_wconf 87' lang='lat' dir='ltr'><strong>Origenianis</strong></span> <span class='ocrx_word' id='word_1_717' title='bbox 3768 4805 3917 4866; x_wconf 74' lang='lat' dir='ltr'><strong>maxi-</strong></span> 
     </span>
    </p>
   </div>
   <div class='ocr_carea' id='block_1_106' title="bbox 2303 4909 3380 4969">
    <p class='ocr_par' dir='ltr' id='par_1_106' title="bbox 2303 4909 3380 4969">
     <span class='ocr_line' id='line_1_106' title="bbox 2303 4909 3380 4969; baseline -0.002 -2"><span class='ocrx_word' id='word_1_718' title='bbox 2303 4928 2395 4968; x_wconf 92' lang='lat' dir='ltr'><strong>me</strong></span> <span class='ocrx_word' id='word_1_719' title='bbox 2425 4910 2805 4969; x_wconf 89' lang='lat' dir='ltr'><strong>incumbebat</strong></span> <span class='ocrx_word' id='word_1_720' title='bbox 2835 4913 3080 4965; x_wconf 87' lang='lat' dir='ltr'><strong>sanctus</strong></span> <span class='ocrx_word' id='word_1_721' title='bbox 3109 4909 3380 4966; x_wconf 85' lang='lat' dir='ltr'><strong>antistes.</strong></span> 
     </span>
    </p>
   </div>
   <div class='ocr_carea' id='block_1_107' title="bbox 2375 5001 3917 5089">
    <p class='ocr_par' dir='ltr' id='par_1_107' title="bbox 2375 5001 3917 5089">
     <span class='ocr_line' id='line_1_107' title="bbox 2375 5001 3917 5089; baseline -0.011 -14"><span class='ocrx_word' id='word_1_722' title='bbox 2375 5018 2646 5075; x_wconf 90' lang='lat' dir='ltr'><strong>Secunda</strong></span> <span class='ocrx_word' id='word_1_723' title='bbox 2676 5017 2871 5073; x_wconf 90' lang='lat' dir='ltr'><strong>series</strong></span> <span class='ocrx_word' id='word_1_724' title='bbox 2929 5016 3186 5089; x_wconf 88' lang='lat' dir='ltr'><strong>hujusce</strong></span> <span class='ocrx_word' id='word_1_725' title='bbox 3249 5015 3467 5072; x_wconf 87' lang='lat' dir='ltr'><strong>classis</strong></span> <span class='ocrx_word' id='word_1_726' title='bbox 3524 5015 3651 5070; x_wconf 87' lang='lat' dir='ltr'><strong>octo</strong></span> <span class='ocrx_word' id='word_1_727' title='bbox 3680 5001 3917 5080; x_wconf 78' lang='lat' dir='ltr'><strong>epistolas</strong></span> 
     </span>
    </p>
   </div>
   <div class='ocr_carea' id='block_1_108' title="bbox 2301 5100 3916 5183">
    <p class='ocr_par' dir='ltr' id='par_1_108' title="bbox 2301 5100 3916 5183">
     <span class='ocr_line' id='line_1_108' title="bbox 2301 5100 3916 5183; baseline -0.007 -19"><span class='ocrx_word' id='word_1_728' title='bbox 2301 5112 2525 5165; x_wconf 88' lang='lat' dir='ltr'><strong>tantum</strong></span> <span class='ocrx_word' id='word_1_729' title='bbox 2556 5107 2815 5175; x_wconf 82' lang='lat' dir='ltr'><strong>exhibet,</strong></span> <span class='ocrx_word' id='word_1_730' title='bbox 2848 5106 2957 5162; x_wconf 90' lang='lat' dir='ltr'><strong>sed</strong></span> <span class='ocrx_word' id='word_1_731' title='bbox 3006 5122 3213 5161; x_wconf 91' lang='lat' dir='ltr'><strong>omnes</strong></span> <span class='ocrx_word' id='word_1_732' title='bbox 3258 5105 3492 5178; x_wconf 89' lang='lat' dir='ltr'><strong>magnis</strong></span> <span class='ocrx_word' id='word_1_733' title='bbox 3521 5104 3591 5159; x_wconf 91' lang='lat' dir='ltr'><strong>de</strong></span> <span class='ocrx_word' id='word_1_734' title='bbox 3619 5100 3783 5156; x_wconf 85' lang='lat' dir='ltr'><strong>rebus</strong></span> <span class='ocrx_word' id='word_1_735' title='bbox 3808 5104 3916 5183; x_wconf 67' lang='grc' dir='ltr'><strong>8ης</strong></span> 
     </span>
    </p>
   </div>
   <div class='ocr_carea' id='block_1_109' title="bbox 2303 5185 3914 5273">
    <p class='ocr_par' dir='ltr' id='par_1_109' title="bbox 2303 5185 3914 5273">
     <span class='ocr_line' id='line_1_109' title="bbox 2303 5185 3914 5273; baseline -0.009 -20"><span class='ocrx_word' id='word_1_736' title='bbox 2303 5199 2481 5270; x_wconf 88' lang='lat' dir='ltr'><strong>vique</strong></span> <span class='ocrx_word' id='word_1_737' title='bbox 2528 5197 2682 5268; x_wconf 91' lang='lat' dir='ltr'><strong>stylo</strong></span> <span class='ocrx_word' id='word_1_738' title='bbox 2732 5195 3131 5251; x_wconf 88' lang='lat' dir='ltr'><strong>elucubratas.</strong></span> <span class='ocrx_word' id='word_1_739' title='bbox 3164 5196 3228 5249; x_wconf 89' lang='lat' dir='ltr'><strong>ln</strong></span> <span class='ocrx_word' id='word_1_740' title='bbox 3259 5195 3353 5249; x_wconf 90' lang='lat' dir='ltr'><strong>his</strong></span> <span class='ocrx_word' id='word_1_741' title='bbox 3382 5193 3594 5266; x_wconf 88' lang='lat' dir='ltr'><strong>quippe</strong></span> <span class='ocrx_word' id='word_1_742' title='bbox 3620 5185 3776 5244; x_wconf 89' lang='lat' dir='ltr'><strong>modo</strong></span> <span class='ocrx_word' id='word_1_743' title='bbox 3802 5191 3914 5273; x_wconf 50' lang='grc' dir='ltr'><strong>υοξξ</strong></span> 
     </span>
    </p>
   </div>
   <div class='ocr_carea' id='block_1_110' title="bbox 2305 5264 3914 5358">
    <p class='ocr_par' dir='ltr' id='par_1_110' title="bbox 2305 5264 3914 5358">
     <span class='ocr_line' id='line_1_110' title="bbox 2305 5264 3914 5358; baseline -0.014 -15"><span class='ocrx_word' id='word_1_744' title='bbox 2305 5264 2550 5343; x_wconf 78' lang='lat' dir='ltr'><strong>foederis</strong></span> <span class='ocrx_word' id='word_1_745' title='bbox 2593 5264 2951 5358; x_wconf 75' lang='lat' dir='ltr'><strong>dignitatem</strong></span> <span class='ocrx_word' id='word_1_746' title='bbox 3010 5285 3249 5355; x_wconf 88' lang='lat' dir='ltr'><strong>antiquo</strong></span> <span class='ocrx_word' id='word_1_747' title='bbox 3312 5264 3652 5354; x_wconf 67' lang='lat' dir='ltr'><strong>praecellere</strong></span> <span class='ocrx_word' id='word_1_748' title='bbox 3703 5264 3914 5329; x_wconf 75' lang='lat' dir='ltr'><strong>ostendit</strong></span> 
     </span>
    </p>
   </div>
   <div class='ocr_carea' id='block_1_111' title="bbox 2306 5363 3911 5445">
    <p class='ocr_par' dir='ltr' id='par_1_111' title="bbox 2306 5363 3911 5445">
     <span class='ocr_line' id='line_1_111' title="bbox 2306 5363 3911 5445; baseline -0.014 -14"><span class='ocrx_word' id='word_1_749' title='bbox 2306 5375 2683 5445; x_wconf 89' lang='lat' dir='ltr'><strong>Ambrosius,</strong></span> <span class='ocrx_word' id='word_1_750' title='bbox 2717 5373 2892 5429; x_wconf 92' lang='lat' dir='ltr'><strong>modo</strong></span> <span class='ocrx_word' id='word_1_751' title='bbox 2924 5373 2998 5429; x_wconf 89' lang='lat' dir='ltr'><strong>ad</strong></span> <span class='ocrx_word' id='word_1_752' title='bbox 3055 5372 3398 5427; x_wconf 89' lang='lat' dir='ltr'><strong>maturanda</strong></span> <span class='ocrx_word' id='word_1_753' title='bbox 3451 5363 3717 5440; x_wconf 88' lang='lat' dir='ltr'><strong>baptismi</strong></span> <span class='ocrx_word' id='word_1_754' title='bbox 3743 5368 3911 5415; x_wconf 82' lang='lat' dir='ltr'><strong>sacra-</strong></span> 
     </span>
    </p>
   </div>
   <div class='ocr_carea' id='block_1_112' title="bbox 2306 5451 3910 5536">
    <p class='ocr_par' dir='ltr' id='par_1_112' title="bbox 2306 5451 3910 5536">
     <span class='ocr_line' id='line_1_112' title="bbox 2306 5451 3910 5536; baseline -0.012 -15"><span class='ocrx_word' id='word_1_755' title='bbox 2306 5469 2499 5521; x_wconf 90' lang='lat' dir='ltr'><strong>menta</strong></span> <span class='ocrx_word' id='word_1_756' title='bbox 2528 5465 2623 5536; x_wconf 81' lang='lat' dir='ltr'><strong>pic</strong></span> <span class='ocrx_word' id='word_1_757' title='bbox 2655 5464 2942 5519; x_wconf 85' lang='lat' dir='ltr'><strong>hortatur.</strong></span> <span class='ocrx_word' id='word_1_758' title='bbox 2972 5462 3130 5517; x_wconf 87' lang='lat' dir='ltr'><strong>Alibi</strong></span> <span class='ocrx_word' id='word_1_759' title='bbox 3178 5460 3428 5516; x_wconf 87' lang='lat' dir='ltr'><strong>clericos</strong></span> <span class='ocrx_word' id='word_1_760' title='bbox 3462 5457 3649 5512; x_wconf 89' lang='lat' dir='ltr'><strong>animo</strong></span> <span class='ocrx_word' id='word_1_761' title='bbox 3694 5451 3910 5536; x_wconf 31' lang='lat' dir='ltr'><strong>despo‘n‘</strong></span> 
     </span>
    </p>
   </div>
   <div class='ocr_carea' id='block_1_113' title="bbox 2308 5528 3910 5621">
    <p class='ocr_par' dir='ltr' id='par_1_113' title="bbox 2308 5528 3910 5621">
     <span class='ocr_line' id='line_1_113' title="bbox 2308 5528 3910 5621; baseline -0.014 -10"><span class='ocrx_word' id='word_1_762' title='bbox 2308 5528 2603 5611; x_wconf 70' lang='lat' dir='ltr'><strong>dentesin</strong></span> <span class='ocrx_word' id='word_1_763' title='bbox 2645 5553 2841 5609; x_wconf 80' lang='lat' dir='ltr'><strong>ofﬁcio</strong></span> <span class='ocrx_word' id='word_1_764' title='bbox 2888 5552 3211 5621; x_wconf 83' lang='lat' dir='ltr'><strong>conﬁrmat,</strong></span> <span class='ocrx_word' id='word_1_765' title='bbox 3262 5549 3400 5605; x_wconf 87' lang='lat' dir='ltr'><strong>alibi</strong></span> <span class='ocrx_word' id='word_1_766' title='bbox 3445 5562 3557 5618; x_wconf 89' lang='lat' dir='ltr'><strong>qua</strong></span> <span class='ocrx_word' id='word_1_767' title='bbox 3599 5541 3799 5599; x_wconf 87' lang='lat' dir='ltr'><strong>ratione</strong></span> <span class='ocrx_word' id='word_1_768' title='bbox 3838 5528 3910 5621; x_wconf 55' lang='lat' dir='ltr'><strong>{af</strong></span> 
     </span>
    </p>
   </div>
   <div class='ocr_carea' id='block_1_114' title="bbox 2307 5616 3909 5713">
    <p class='ocr_par' dir='ltr' id='par_1_114' title="bbox 2307 5616 3909 5713">
     <span class='ocr_line' id='line_1_114' title="bbox 2307 5616 3909 5713; baseline -0.01 -14"><span class='ocrx_word' id='word_1_769' title='bbox 2307 5645 2601 5700; x_wconf 88' lang='lat' dir='ltr'><strong>miliarum</strong></span> <span class='ocrx_word' id='word_1_770' title='bbox 2651 5640 3084 5698; x_wconf 89' lang='lat' dir='ltr'><strong>consulendum</strong></span> <span class='ocrx_word' id='word_1_771' title='bbox 3126 5616 3207 5695; x_wconf 81' lang='lat' dir='ltr'><strong>sit</strong></span> <span class='ocrx_word' id='word_1_772' title='bbox 3242 5616 3654 5713; x_wconf 83' lang='lat' dir='ltr'><strong>tranquillitati,</strong></span> <span class='ocrx_word' id='word_1_773' title='bbox 3687 5622 3843 5683; x_wconf 82' lang='lat' dir='ltr'><strong>verbo</strong></span> <span class='ocrx_word' id='word_1_774' title='bbox 3865 5616 3909 5713; x_wconf 57' lang='lat' dir='ltr'><strong>fi</strong></span> 
     </span>
    </p>
   </div>
   <div class='ocr_carea' id='block_1_115' title="bbox 2310 5706 3906 5813">
    <p class='ocr_par' dir='ltr' id='par_1_115' title="bbox 2310 5706 3906 5813">
     <span class='ocr_line' id='line_1_115' title="bbox 2310 5706 3906 5813; baseline -0.018 -13"><span class='ocrx_word' id='word_1_775' title='bbox 2310 5733 2582 5811; x_wconf 79' lang='lat' dir='ltr'><strong>exemplo</strong></span> <span class='ocrx_word' id='word_1_776' title='bbox 2648 5730 2819 5813; x_wconf 81' lang='lat' dir='ltr'><strong>juxta</strong></span> <span class='ocrx_word' id='word_1_777' title='bbox 2890 5728 3167 5799; x_wconf 80' lang='lat' dir='ltr'><strong>declarat.</strong></span> <span class='ocrx_word' id='word_1_778' title='bbox 3225 5706 3413 5789; x_wconf 48' lang='lat' dir='ltr'><strong>Alibi&#39;</strong></span> <span class='ocrx_word' id='word_1_779' title='bbox 3456 5724 3679 5784; x_wconf 81' lang='lat' dir='ltr'><strong>domum</strong></span> <span class='ocrx_word' id='word_1_780' title='bbox 3741 5706 3906 5773; x_wconf 70' lang='lat' dir='ltr'><strong>sancto</strong></span> 
     </span>
    </p>
   </div>
  </div>
