4090 6174
393 255 513 321 915

397 458 654 532 vestigio
669 457 804 529 (12),
829 460 1062 515 occurri
1081 460 1296 528 animo,
1314 459 1545 516 occurri
1567 464 1725 528 voto,
1747 462 1926 533 inquo
1946 479 2072 516 ma-

391 548 526 620 jOra
557 553 696 604 sunt
727 549 920 624 ofﬁcia
959 551 1309 604 sacerdotis.
1333 551 1597 614 Occurri,
1623 551 1787 610 dico:
1827 553 2065 622 quando

399 641 554 696 enim
573 639 754 706 abfui,
773 655 946 711 quem
967 644 1083 693 toto
1108 641 1406 710 sequebar
1427 639 1659 706 affectu,
1687 643 1780 693 cui
1805 657 1986 694 sensu
2005 656 2074 694 ac

400 729 699 785 mentibus
747 729 1157 784 intimi-etiam?
1207 729 1268 783 Et
1305 733 1462 784 certe
1526 712 1714 801 major
1745 731 2074 782 animorum

399 819 717 890 praesentia
769 821 886 874 est.’
933 819 1119 871 Tuum
1181 819 1584 889 quotidianum
1631 818 1738 872 iter
1781 819 2070 888 legebam,

399 915 572 964 nocte
603 925 671 962 ac
704 908 798 964 die
831 907 888 961 in
921 909 1038 962 tuis
1071 909 1285 961 castris
1326 924 1463 960 cura
1498 911 1552 960 et
1601 923 1784 960 sensu
1821 909 2071 973 locatus,

403 1001 733 1054 orationum
763 997 1034 1052 excubiis
1066 998 1540 1066 praetendebam:
1596 1001 1650 1052 et
1691 997 1742 1050 si
1775 995 2070 1050 invalidus

400 1087 640 1153 merito,
672 1087 780 1142 sed
810 1085 1023 1141 affectu
1053 1086 1322 1142 sedulus.

481 1185 627 1250 753
665 1194 717 1248 2.
749 1193 820 1248 Et
847 1193 979 1248 haec
1011 1195 1249 1266 quidem
1281 1209 1414 1249 cum
1445 1209 1550 1264 pro
1593 1197 1690 1247 tua
1741 1191 1930 1247 salute
1964 1193 2073 1247 de-

399 1283 886 1354 ferebamus,pro
903 1283 1075 1338 nobis
1107 1282 1490 1338 faciebamus.
1535 1282 1695 1337 Nihil
1738 1282 1833 1338 hic
1867 1281 2075 1335 adula—

401 1373 582 1428 tionis
612 1374 725 1441 est,
758 1388 934 1443 quam
963 1374 1023 1426 tu
1055 1387 1173 1426 non
1205 1372 1482 1442 requiris,
1504 1387 1618 1440 ego
1650 1371 1900 1425 alienam
1931 1386 2078 1424 nos-

402 1465 492 1516 tro
517 1462 667 1516 duco
691 1460 916 1516 ofﬁcio:
939 1461 1044 1516 sed
1066 1461 1380 1531 plurimum
1396 1461 1623 1534 gratiae,
1645 1477 1818 1532 quam
1835 1459 2074 1514 dedisti.

403 1551 527 1606 Scit
555 1551 685 1622 ipse
716 1550 903 1605 nostri
935 1551 1173 1618 arbiter,
1208 1565 1383 1622 quem
1446 1550 1668 1616 fateris,
1705 1554 1760 1602 et
1812 1549 1868 1602 in
1901 1565 2076 1620 quem

405 1641 498 1711 pie
530 1639 746 1704 credis,
773 1640 934 1700 reﬁci
969 1640 1202 1694 viscera
1245 1655 1371 1693 mea
1412 1643 1510 1692 tua
1560 1639 1696 1701 ﬁde,
1733 1642 1826 1691 tua
1862 1639 2072 1706 salute,

403 1733 503 1784 tua
535 1728 760 1800 gloria:
796 1744 1006 1800 meque
1040 1744 1158 1782 non
1190 1728 1383 1782 solum
1417 1727 1614 1781 ofﬁcio
1645 1727 1884 1796 publico
1921 1726 2082 1780 debi-

1851 259 1916 326 S.
1973 259 2414 326 AMBROSII.

3691 272 3790 337 916

2104 446 2134 504 λ
2183 463 2317 516 inde
2351 464 2491 535 quid
2523 466 2634 516 tam
2673 463 2961 531 insolens,
2995 480 3168 535 quam
3202 446 3257 520 id
3311 481 3435 522 eum
3477 469 3793 541 existimare,

2181 553 2335 623 quod
2369 570 2480 607 nos
2513 569 2723 606 sumus
2746 555 2774 607 ‘?
2811 555 3071 607 Docuiin
3104 557 3284 626 igitur
3314 572 3422 617 me.
3445 573 3472 609 a
3494 573 3600 626 quo
3625 560 3674 612 te
3693 558 3795 612 dis-

2183 658 2319 695 cere
2350 643 2501 696 velle
2533 644 2862 712 proﬁteris:
2895 644 3169 698 nihiltale
3194 645 3533 717 adhuclegi,
3555 646 3684 700 nihil
3701 646 3794 702 tale

2181 731 2400 785 audivi.

2251 821 2302 874 5.
2363 819 2710 890 Quampium
2769 825 2962 876 autem
3021 823 3194 892 illud,
3251 839 3423 894 quam
3476 822 3796 892 admirabile,

2182 909 2338 980 quod
2373 911 2429 962 in
2465 910 2582 962 Deo
2618 926 2734 962 non
2767 912 2994 965 vereris
3054 910 3363 966 invidiam!
3417 912 3496 966 De
3540 913 3694 966 Patre
3719 928 3804 966 re-

2183 999 2646 1052 munerationem
2685 1015 2788 1068 pro
2835 998 2967 1054 Filii
3013 1017 3212 1054 amore
3259 1003 3586 1070 praesumis,
3618 1005 3670 1055 et
3693 1001 3800 1056 lau-

2183 1087 2375 1140 dando
2413 1087 2642 1150 Filium,
2678 1103 2794 1140 non
2827 1089 2882 1141 ei
2913 1092 2966 1142 te
2990 1105 3170 1158 posse
3205 1090 3423 1159 aliquid
3440 1089 3642 1144 addere
3661 1090 3802 1159 proﬁ-

2182 1176 2325 1229 tcris
2353 1191 2364 1229 :
2401 1176 2509 1230 sed
2543 1176 2694 1230 velle
2725 1180 2786 1230 ut
2816 1179 2990 1230 etiam
3027 1178 3180 1232 Patri
3204 1181 3260 1233 te
3283 1177 3804 1248 Filiipraadicatione

2185 1265 2585 1319 commendes.
2619 1265 2784 1330 Quod
2818 1267 3018 1336 utique
3051 1266 3218 1321 solus
3246 1270 3302 1321 te
3361 1267 3553 1321 docuit
3591 1267 3696 1335 ille,
3725 1267 3806 1338 qui

2185 1353 2364 1407 dixit:
2403 1378 2423 1400 ‹ι
2451 1353 2558 1417 Qui
2585 1369 2675 1409 me
2693 1353 2903 1426 diligit,
2930 1354 3210 1427 diligetur
3240 1373 3272 1409 a
3301 1357 3473 1411 Patre
3500 1371 3624 1412 meo
3643 1355 3801 1427 (Joan.

2184 1459 2302 1510 xxv,
2338 1443 2448 1508 21).
2488 1465 2508 1490 ι

2257 1547 2307 1602 6.
2354 1549 2644 1602 Addidisti
2677 1551 2746 1604 ad
2781 1549 2930 1616 haec,
2965 1550 3100 1622 quia
3131 1553 3193 1606 tu
3233 1551 3502 1607 inﬁrmus
3531 1553 3584 1606 et
3613 1551 3807 1623 fragilis

2183 1655 2300 1692 non
2350 1643 2404 1692 te
2463 1639 2634 1692 talem
2697 1640 3056 1694 laudatorem
3090 1641 3361 1711 putabas,
3397 1643 3458 1694 ut
3487 1640 3809 1694 divinitatem

2183 1727 2388 1780 verbis
2405 1743 2658 1796 augeas:
2696 1729 2800 1781 sed
2825 1733 3104 1799 quantum
3127 1729 3332 1798 possis
3358 1729 3658 1799 praedices,
3689 1719 3808 1783 754

403 1822 498 1873 tas
522 1817 779 1888 pendere
814 1833 1024 1887 preces
1055 1817 1188 1882 (l3),
1223 1817 1327 1870 sed
1367 1817 1541 1870 etiam
1593 1831 1792 1870 amore
1826 1817 2074 1884 privato.
2101 1823 2149 1883 Β
2185 1832 2300 1869 non
2333 1820 2610 1886 quantum
2645 1820 2734 1870 est
2767 1817 2892 1885 ipsa
2923 1817 3222 1871 divinitas.
3259 1817 3402 1871 llaec
3453 1817 3738 1871 inﬁrmitas
3764 1817 3810 1870 in

410 1906 747 1962 Reddidisti
768 1922 922 1961 enim
957 1905 1096 1959 mihi
1128 1907 1384 1976 quietem
1417 1905 1704 1958 Ecclesiae
1747 1904 1892 1972 (tt);
1941 1919 2080 1974 per-

407 1996 658 2074 ﬁdo’rum
689 2011 812 2060 ora,
845 1999 1018 2066 atque
1051 1995 1269 2048 utinam
1315 1997 1370 2055 et
1414 1995 1611 2060 corda,
1667 1994 1967 2046 clausisti:
2025 1997 2081 2048 et

408 2085 522 2140 hoc
551 2101 669 2140 non
702 2085 926 2139 minore
959 2083 1112 2147 ﬁdei,
1161 2099 1335 2155 quam
1393 2083 1702 2154 potestatis
1734 2083 2078 2137 auctoritate

411 2174 628 2230 fecisti.

479 2281 534 2336 3.
565 2281 716 2336 Nam
739 2279 878 2353 quid
901 2279 974 2335 de
1011 2279 1224 2334 litteris
1263 2279 1603 2334 recentibus
1638 2277 1889 2350 loquar?
1922 2278 2080 2334 Scri-

411 2357 587 2444 psisti
616 2375 713 2426 tua
748 2375 924 2426 totam
957 2370 1266 2441 epistolam
1299 2383 1506 2434 manu;
1539 2373 1600 2422 ut
1633 2369 1748 2438 ipsi
1779 2369 1981 2438 apices
2011 2369 2083 2422 ﬁ-

413 2461 545 2516 dem
577 2463 734 2516 tuam
770 2461 1161 2531 pietatemque
1209 2459 1610 2530 loquerentur.
1641 2459 1739 2510 Sic
1785 2457 2081 2510 Abraham

415 2566 523 2604 sua
555 2566 726 2604 manu
757 2549 1050 2620 quondam
1083 2548 1328 2602 vitulum
1351 2547 1568 2601 occidit
1598 2545 1775 2612 (Gen.
1811 2563 1979 2600 xvm.
2004 2547 2081 2612 '7),

415 2642 478 2694 ut
506 2638 844 2708 hospitibus
873 2637 1250 2708 epulantibus
1289 2637 1687 2692 ministraret:
1741 2651 1848 2690 nec
1881 2635 1939 2688 in
1971 2637 2082 2689 mi-

417 2728 664 2784 nisterio
693 2726 978 2798 religioso
1001 2726 1249 2780 aliorum
1271 2725 1605 2796 adjumenta
1634 2724 1930 2796 quaesivit.
1967 2724 2083 2778 Sed

416 2819 515 2873 ille
545 2817 812 2890 privatus
841 2821 939 2871 aut
973 2817 1216 2870 Domino
1249 2819 1306 2869 et
1335 2815 1586 2886 angelis,
1619 2817 1716 2868 aut
1760 2814 2084 2868 Dominoin

417 2907 650 2979 angelis
683 2905 1013 2961 deferebat:
1039 2909 1120 2972 tu,
1156 2905 1492 2974 imperator,
1527 2903 1865 2975 dignatione
1896 2903 2084 2975 regali

417 2996 678 3053 honoras
701 2996 962 3050 inﬁmum
983 2993 1372 3049 sacerdotem.
1397 2992 1511 3048 Sed
1537 2993 1783 3047 Domino
1799 2992 2080 3060 defertur,

420 3103 552 3142 cum
583 3085 863 3142 servulus
895 3085 1252 3148 honoratur:
1287 3083 1415 3154 ipse
1449 3082 1604 3136 enim
1637 3082 1820 3136 dixit:
1860 3103 1882 3128 α
1918 3080 2084 3144 Quod

417 3177 522 3234 uni
541 3175 753 3232 horum
773 3174 1150 3230 minimarum
1169 3171 1418 3242 fecistis,
1437 3171 1578 3226 mihi
1592 3169 1820 3226 fecistis
1839 3174 1861 3240 ζ
1865 3159 2080 3225 Matt/1.

419 3283 560 3336 XXV,
592 3265 705 3334 ⁴10).
741 3287 764 3314 π

489 3375 542 3432 4.
576 3376 650 3430 At
678 3388 792 3447 ego
822 3372 1206 3429 humilitatem
1264 3367 1662 3424 tantummodo
1717 3365 1976 3436 praedico
2025 3367 2086 3421 in

417 3465 773 3536 imperatore
805 3463 1139 3528 sublimem,
1173 3476 1241 3514 ac
1272 3475 1388 3514 non
1421 3457 1674 3527 amplius
1707 3455 1876 3509 ﬁdem
1911 3472 2084 3526 quam

419 3571 560 3613 vere
588 3552 831 3610 conscia
859 3551 1048 3606 meriti
1087 3551 1166 3606 tui
1201 3554 1394 3606 mente
1433 3546 1675 3613 duxisti,
1709 3560 1884 3616 quam
1913 3545 2086 3599 docet

417 3651 476 3704 te
505 3646 604 3701 ille
635 3660 812 3716 quem
839 3657 958 3698 non
989 3656 1176 3713 negas
1198 3641 1226 3694 ‘2
1264 3637 1410 3704 Quis
1439 3637 1594 3691 enim
1616 3634 1770 3688 alius
1793 3635 2006 3688 docere
2028 3637 2084 3688 te

417 3735 626 3807 potuit,
659 3739 720 3788 ut
749 3735 953 3789 ei.non
975 3730 1248 3802 objicias,
1274 3743 1446 3800 quam
1471 3727 1528 3780 in
1550 3729 1606 3779 te
1638 3725 1829 3787 vides,
1857 3728 2084 3778 creatu-

418 3840 543 3879 ram
565 3825 594 3878 ?
623 3823 784 3878 Nihil
814 3821 1120 3885 moralius,
1157 3818 1298 3873 nihil
1329 3815 1681 3886 expressius
1713 3814 1829 3868 dici
1869 3814 2083 3884 potuit;

419 3916 748 3968 creaturam
776 3912 932 3966 enim
963 3909 1262 3964 Christum
1293 3907 1512 3971 dicere,
1541 3920 1646 3974 pro
1679 3902 1917 3972 objectu
1940 3919 2084 3956 con-

417 4003 674 4059 tumeliae
703 4003 816 4071 est,
847 4015 966 4055 non
994 4013 1101 4071 pro
1140 3996 1522 4052 confessione
1564 3992 1931 4048 reverentiae.
1971 3992 2084 4046 De-

487 4148 602 4220 (12)
633 4142 1056 4220 Ηοογίῐιὶθηίεθ
1099 4141 1170 4196 de
1217 4137 1476 4220 φρεῑὶαηί
1518 4135 1709 4216 reditu
1743 4149 1823 4220 ex
1846 4133 2081 4220 Qriente

415 4205 895 4284 in‘Ge'rmaniam,
929 4205 1015 4270 de
1033 4229 1149 4284 quo
1187 4211 1322 4284 vide
1353 4223 1486 4280 quae
1537 4223 1647 4261 nos
1689 4205 1750 4259 in
1795 4205 2079 4260 Admoni-

412 4293 573 4348 tione
603 4291 673 4345 ad
707 4283 893 4345 libros
927 4287 1013 4341 De
1041 4283 1192 4340 Fide
1223 4283 1634 4338 observamus.

485 4363 600 4433 (13)
634 4363 721 4416 Ex
751 4359 1025 4433 hoc_l_o_co
1056 4357 1327 4433 publicas
1359 4367 1570 4433 preces
1625 4364 1730 4420 pro
1764 4347 2080 4428 imperato-

412 4423 592 4490 ribus.
615 4435 672 4488 in
703 4423 1442 4502 expeditionemprofertis
1465 4423 1879 4502 episcoporum
1899 4423 2080 4502 j'ussu

412 4507 544 4562 ﬁeri
561 4491 954 4560 consuevisse
971 4516 1086 4554 non
1109 4491 1240 4552 sine
1263 4512 1441 4550 causa
1462 4491 1658 4562 cclligi
1681 4495 1892 4560 potest.
1915 4491 2082 4562 Baro-

413 4561 550 4634 nius
581 4576 819 4648 quidem
851 4573 935 4648 ad
979 4587 1114 4648 ann.
1149 4570 1274 4635 379,
1311 4561 1700 4648 [mntirosiuu‘r
1740 4577 1855 4648 non
1887 4561 2077 4648 solum

411 4633 626 4716 fuisse:
650 4648 748 4718 qui
777 4643 1036 4718 Gratiani
1072 4657 1231 4718 arma
1262 4633 1924 4718 publicisorationibus
1963 4634 2079 4718 Deo

413 4705 933 4782 commendaverit,
977 4715 1114 4768 hinc
1149 4705 1544 4766 demonstrari
1583 4707 1698 4782 sibi
1741 4705 2076 4782 persuadet,

409 4775 569 4864 quod
588 4775 931 4864 in‘oratione'
957 4784 1200 4864 Ausonii
1225 4783 1298 4864 de
1319 4797 1430 4862 suo
1453 4777 1762 4864 qonsulatu
1800 4791 1955 4864 enim
1993 4775 2078 4827 ci-

409 4846 549 4927 tato,
569 4860 758 4916 eidem
784 4857 1119 4928 imperatori
1143 4853 1459 4928 oblata,sic
1485 4851 1782 4928 legamus:
1807 4869 1827 4892 οι
1863 4846 2079 4928 Eorum

409 4939 468 4990 et
485 4917 732 4988 basilica
752 4917 888 4984 olim
915 4929 1168 4999 negotiis
1202 4925 1390 4995 plena,
1421 4917 1576 4999 nunc
1619 4921 1770 4972 votis
1791 4917 2076 4999 votisque

407 5020 516 5088 pro
539 5007 635 5058 tua
673 5002 862 5088 salute
903 4993 1414 5088 susceptis’i'nam
1459 4995 1530 5046 de
1565 5008 1670 5044 sua
1711 4993 1800 5088 cui
1842 5005 1978 5088 nlon,
2013 4993 2076 5088 te

406 5061 754 5147 imperante,
789 5061 1130 5147 securitas"?
1169 5089 1190 5116 νυ
1228 5068 1443 5147 Χξθιιιῃῃ
1477 5079 1590 5117 non
1643 5062 1788 5114 satis
1820 5061 2076 5147 advertit

405 5132 582 5218 magn
592 5161 662 5218 us
675 5132 1004 5198 Cardinalis
1019 5155 1224 5194 vocem
1249 5137 1496 5192 basilica
1512 5148 1744 5218 nonpro
1761 5132 1886 5185 inde
1905 5146 2075 5183 sacra

405 5205 786 5288 hicvpositam
830 5228 990 5278 esse,
1041 5225 1394 5288 quo__sensu
1425 5205 2074 5288 apud‘Hieronymum,

403 5275 787 5346 Ambrosium
821 5275 1088 5340 nostrum
1121 5282 1390 5350 aliosque
1412 5285 1508 5333 aut
1532 5281 1684 5350 totes
1703 5275 2076 5350 ecclesiasti-

406 5345 512 5416 cos
536 5361 822 5431 frequens
844 5355 1122 5431 occurrit,
1156 5353 1260 5406 sed
1295 5345 1398 5431 pro
1424 5349 1617 5431 amplo
1641 5345 2072 5431 quOfliltd'llOEO,

402 5433 502 5487 ubi
526 5417 776 5486 consilia
795 5432 851 5484 et
868 5417 1117 5498 judicia,
1157 5417 1448 5484 convivia,
1483 5417 1606 5498 ludi
1647 5423 1704 5472 et
1730 5417 1941 5498 similia
1968 5417 2074 5494 tie-

401 5504 562 5570 bant,
599 5506 661 5558 ut
689 5519 720 5556 a
753 5487 1038 5554 Cicerone
1069 5487 1322 5565 aliisque
1357 5494 1634 5570 usqrpata
1677 5491 1787 5566 est.
1827 5487 1950 5570 lloc
1983 5489 2074 5570 in:

401 5560 636 5646 telligas
669 5589 785 5627 non
818 5571 1119 5646 solumex
1150 5560 1585 5646 80-.qtt9tl‘r0t'0‘
1625 5560 1952 5646 conjuncta
1985 5560 2074 5608 est

401 5644 476 5700 ab
512 5631 800 5712 Kusonio,
833 5642 938 5696 sed
965 5641 1135 5693 etiam
1157 5631 1626 5712 quiaihidetn‘de
1662 5631 2074 5712 ptroquej'u‘:~;-

400 5697 468 5774 te
480 5697 949 5787 dicitur,i'olim
970 5697 1228 5787 negotiis
1247 5705 1442 5780 plena.
1466 5724 1489 5750 υ
1513 5699 1680 5770 Quod
1691 5702 1886 5754 autem
1901 5697 2038 5752 addi
2053 5724 2074 5740 υ

2184 1904 2418 1958 Christo
2455 1905 2660 1958 fortior
2684 1910 2792 1970 cst,
2829 1906 2983 1960 sicut
3013 1910 3069 1960 et
3099 1906 3425 1976 Apostolus
3447 1906 3617 1962 dixit:
3653 1925 3674 1956 α
3695 1905 3811 1960 Cum

2187 1994 2471 2057 inﬁrmor,
2506 1999 2644 2048 tunc
2675 1999 2884 2064 potens
2920 2011 3050 2048 sum
3087 1994 3174 2063 (ΙΙ
3193 1995 3330 2050 Cor.
3369 2012 3470 2066 xu,
3500 1995 3604 2064 10).
3640 2017 3660 2044 ι»
3694 1995 3807 2048 Haec

2187 2082 2484 2136 humilitas
2517 2083 2776 2136 excludit
2807 2083 3203 2154 fragilitatem.

2258 2189 2311 2243 '7.
2347 2188 2588 2242 Veniam
2623 2190 2816 2258 plane,
2864 2193 2918 2244 et
2969 2191 3283 2256 festinabo,
3330 2194 3390 2245 ut
3417 2189 3594 2261 jubes
3624 2189 3741 2258 (15),
3768 2190 3815 2242 ut

2191 2277 2317 2332 haec
2342 2295 2610 2348 praesens
2633 2279 2888 2348 audiam,
2913 2283 2972 2333 ut
2997 2280 3125 2334 haec
3169 2295 3446 2348 praesens
3482 2279 3682 2350 legam,
3705 2291 3811 2332 cum

2190 2383 2262 2421 ex
2293 2373 2392 2421 tuo
2425 2383 2526 2422 ore
2558 2369 2902 2438 procedunt.
2947 2368 3079 2422 Misi
3139 2374 3334 2424 autem
3393 2369 3541 2424 duos
3597 2365 3813 2433 libellos,

2188 2472 2438 2526 quorum
2465 2455 2608 2526 jam,
2630 2458 2765 2526 quia
2789 2461 2901 2510 tuae
2941 2457 3266 2510 clementiae
3302 2461 3442 2511 sunt
3473 2455 3705 2527 probati,
3732 2469 3816 2526 pe-

2191 2545 2436 2598 riculum
2473 2562 2588 2598 non
2622 2547 2914 2600 verebor:
2963 2547 3034 2599 de
3067 2546 3286 2615 Spiritu
3321 2561 3462 2600 vero
3493 2545 3709 2599 interim
3732 2559 3816 2598 ve-

2191 2635 2343 2686 niam
2374 2633 2683 2704 scriptioni
2718 2639 2849 2704 pcto
2897 2635 3194 2704 quoniam,
3250 2651 3430 2704 quem
3455 2634 3701 2707 judicem
3726 2632 3815 2686 mei

2191 2722 2302 2776 sim
2335 2722 2632 2776 sermonis
2664 2723 2993 2790 habiturus,
3029 2724 3268 2793 agnovi.

2261 2827 2314 2884 8.
2348 2829 2586 2882 Interim
2616 2833 2810 2882 tamen
2841 2831 3132 2884 sententia
3182 2833 3238 2884 et
3287 2829 3440 2885 ﬁdes
3491 2833 3584 2883 tua
3631 2829 3696 2883 de
3722 2826 3818 2881 Do-

2190 2917 2348 2971 mino
2381 2921 2436 2972 et
2465 2917 2767 2973 Salvatore
2787 2919 3127 2989 deprompta
3151 2919 3222 2973 de
3247 2919 3352 2974 Dei
3379 2919 3546 2987 Filio,
3570 2916 3817 2973 redundat

2191 3022 2257 3059 ac
2281 3007 2676 3060 assertionum
2697 3007 3074 3076 uberrimam,
3098 3024 3202 3078 per
3219 3025 3399 3078 quam
3416 3007 3601 3060 sancti
3619 3018 3816 3078 quoque

2189 3095 2444 3164 Spiritus
2497 3095 2774 3150 divinitas
2817 3099 3175 3165 sempiterna
3218 3097 3515 3164 credatur,
3560 3100 3618 3150 ut
3652 3110 3752 3148 non
3777 3091 3820 3147 ei

2113 3187 2166 3250 C
2193 3184 2465 3254 objicias,
2499 3201 2673 3256 quam
2707 3186 2765 3239 in
2795 3189 2850 3239 te
2883 3185 3049 3239 vides
3110 3189 3464 3252 creatmam,
3523 3199 3626 3239 nec
3664 3183 3818 3237 Deum

2193 3274 2423 3328 Patrem
2481 3274 2712 3328 Domini
2769 3275 2953 3327 nostri
3016 3273 3160 3328 Jesu
3212 3273 3434 3330 Christi
3479 3272 3706 3345 Spiritui
3731 3284 3820 3324 suo

2192 3363 2500 3418 existimes
2524 3364 2806 3417 invidere.
2841 3361 3006 3426 Quod
3029 3363 3182 3416 enim
3217 3368 3508 3420 creatura:
3530 3365 3677 3418 caret
3693 3375 3820 3414 com-

2193 3451 2491 3519 munione,
2527 3450 2788 3504 divinum
2824 3453 2934 3505 est.

2265 3539 2318 3594 9.
2353 3539 2416 3594 Si
2447 3540 2734 3594 Dominus
2766 3539 2995 3606 faverit,
3030 3539 3166 3594 huic
3197 3541 3374 3596 etiam
3394 3539 3704 3596 clementiae
3729 3540 3821 3590 tua:

2195 3629 2558 3685 satisfaciam
2587 3628 2906 3694 voluntati;
2947 3631 3008 3682 ut
3039 3628 3214 3698 cujus
3262 3630 3547 3700 accepisti
3588 3627 3820 3701 gratiam,

2193 3735 2326 3773 eum
2345 3718 2513 3788 plane
2537 3718 2591 3770 in
2620 3717 2720 3771 Dei
2746 3717 2932 3788 gloria
2954 3717 3473 3787 prteeeminentem
3497 3733 3602 3774 suo
3622 3714 3820 3772 nomine

2194 3808 2454 3862 aestimes
2486 3806 2915 3860 honorandum.

2265 3897 2350 3950 10.
2386 3896 2803 3950 Beatissimum
2835 3898 2892 3948 te
2925 3897 2978 3950 et
3020 3895 3508 3952 ﬂorentissimum
3536 3896 3685 3950 Deus
3717 3905 3820 3947 om-

2193 3985 2466 4056 nipotens
2497 3984 2670 4039 l’ater
2701 3984 2932 4038 Domini
2965 3986 3153 4039 nostri
3185 3985 3332 4040 Jesu
3354 3985 3570 4041 Christi
3593 3981 3730 4039 tueri
3753 3995 3820 4034 ae-

2191 4131 2288 4182 tur
2315 4127 2610 4197 publicam
2641 4126 3017 4180 securitatem
3049 4127 3106 4180 in
3157 4129 3346 4182 salute
3393 4127 3669 4198 principis
3707 4134 3818 4198 esse

2192 4193 2464 4268 positam,
2492 4198 2546 4250 id
2571 4198 2814 4268 pulchre
2840 4201 3113 4252 convenit
3149 4215 3280 4253 cum
3302 4193 3702 4270 superioribus
3722 4193 3816 4270 illis

2191 4270 2640 4326 Ambrosianis:
2672 4293 2694 4317 ιι
2733 4271 2798 4322 lit
2816 4270 2945 4323 haec
2967 4271 3350 4340 quidcmeum
3370 4268 3584 4340 protua
3605 4268 3813 4332 salute,»

2193 4346 2304 4396 etc.

2261 4412 2375 4482 (14)
2407 4412 2763 4466 Vexationcs
2808 4413 3039 4483 aliquas
3101 4412 3196 4465 hic
3230 4411 3497 4476 indicari,
3546 4424 3686 4481 quas
3713 4407 3816 4474 ipso

2192 4484 2570 4552 episcopatus
2601 4484 2764 4536 initio
2815 4485 2886 4538 ab
2941 4483 3218 4537 Auxentii
3265 4484 3591 4536 fautoribus
3633 4489 3816 4552 passus

2106 4550 2165 4614 D
2197 4545 2366 4608 fuerit
2399 4545 2644 4608 sanctus
2679 4555 2918 4622 przrsul,
2956 4571 3069 4608 non
3105 4554 3485 4624 ambigimus.
3515 4553 3580 4607 Et
3606 4545 3746 4624 certe
3770 4545 3818 4598 li-

2189 4627 2296 4679 bro
2330 4626 2343 4678 i
2381 4626 2467 4679 De
2499 4619 2732 4694 Spiritu
2763 4634 2984 4689 Sttl’wlt),
3011 4643 3134 4692 Pup.
3181 4623 3222 4684 1,
3253 4619 3514 4678 Πειξέδὶυω
3547 4619 3814 4694 cujusdam

2191 4697 2405 4751 mentio
2441 4688 2649 4757 exs-lat,
2685 4714 2855 4764 quam
2909 4688 3094 4766 prius,
3133 4697 3384 4750 .lustinze
3435 4688 3628 4764 procul
3667 4688 3813 4766 dubio

2190 4769 2468 4836 precibus
2501 4772 2552 4822 et
2587 4764 2949 4830 auctoritate,
2993 4785 3025 4820 a
3073 4768 3349 4821 Gratiano
3401 4764 3809 4836 sequest_i'atant.

2189 4833 2496 4892 catholicis
2531 4843 2732 4906 postea
2767 4839 2918 4892 idem
2967 4840 3240 4892 restituit.
3286 4839 3401 4894 Sed
3443 4833 3508 4892 ea
3553 4833 3678 4888 huic
3723 4833 3816 4897 cpi-

2188 4911 2356 4964 stolae
2389 4911 2714 4980 posteriora
2748 4915 2903 4962 sunt.

2258 4983 2369 5048 (15)
2390 4973 2598 5051 'lloget
2627 4981 2841 5049 aliquis
2865 4997 3000 5034 num
3023 4995 3230 5034 revera
3260 4981 3328 5034 ad
3359 4973 3810 5051 GratianumAm-

2185 5044 2426 5105 lirosius
2447 5044 2529 5104 sev
2547 5044 2855 5105 contulerit
2877 5055 2905 5106 ‘2
2940 5052 3228 5104 Baronius
3260 5052 3326 5103 ad
3361 5065 3571 5103 annum
3600 5044 3709 5106 379,
3740 5044 3809 5090 sic

2187 5124 2399 5176 factum
2423 5128 2601 5191 putat.
2627 5122 2828 5192 Neque
2849 5139 2990 5176 vero
3017 5124 3154 5177 illud
3183 5124 3410 5190 penitus
3432 5138 3461 5173 a
3489 5119 3594 5172 tide
3618 5115 3811 5192 videtur

2184 5181 2478 5259 alienum;
2512 5209 2640 5246 cum
2677 5181 3030 5247 Ambrosius
3064 5181 3192 5247 tam.
3214 5195 3360 5246 disci
3382 5198 3434 5246 te
3467 5192 3608 5244 hanc
3639 5181 3807 5262 prote-

2185 5267 2438 5319 ctiouem
2455 5255 2858 5332 Sitpollicit.us,
2875 5280 3126 5334 eumque
3150 5265 3459 5318 Gratianus
3483 5266 3591 5314 tam
3615 5255 3804 5334 ofticio-

2185 5353 2248 5390 sa
2275 5328 2628 5390 humanitate
2660 5328 3056 5392 anteverterit.
3093 5337 3244 5388 πίω-ιι
3273 5340 3496 5388 ιεὶἀθηθη
3531 5328 3798 5398 negantem

2183 5408 2514 5476 Opinionem
2538 5408 2944 5461 existimamus
2967 5407 3358 5475 probabiliora
3387 5422 3440 5468 n,
3465 5409 3580 5476 tum
3602 5397 3802 5476 propter

2182 5465 2314 5544 alia,
2350 5486 2467 5531 tum
2503 5479 2657 5547 quod
2693 5479 2876 5532 libros
2907 5471 2980 5532 ab
3013 5494 3082 5531 eo
3115 5465 3440 5547 postulatos
3468 5474 3536 5547 ad
3567 5465 3796 5547 eumdem

2183 5530 2634 5618 min’pertuli‘wit
2665 5549 2814 5617 ipse,
2851 5552 2954 5603 sed
2988 5530 3253 5614 miserit;
3307 5554 3422 5602 tum
3456 5546 3626 5618 etiam
3665 5530 3794 5618 ςιειρά

2181 5603 2590 5688 ίῖιιιιε.δλίὶιοι·(εεη
2619 5603 2819 5691 mense
2853 5625 3122 5691 Augusto
3146 5603 3324 5690 huius
3355 5603 3793 5687 ipsiusannii‘vte-

2179 5693 2399 5750 diolani
2425 5691 2704 5750 reducem
2735 5690 2927 5749 fuisse
2961 5690 3428 5765 Comperiamus.-
