4090 6174
320 282 440 349 917

1497 279 2103 347 EPISTOLARUM
2151 214 2487 346 CLASSIS
2531 280 2579 346 Ῑ.

3641 277 3763 353 918

314 488 431 542 tate
461 483 714 555 prolixa,
746 484 804 539 et
829 497 1083 555 regnum
1112 484 1276 537 tuum
1328 483 1386 536 in
1420 497 1652 537 summa
1687 462 1898 554 gloria,
1934 486 1991 538 et
2020 468 2075 533 Α
2102 484 2162 539 in
2192 486 2346 538 totos
2405 484 2556 539 ﬁnes
2587 486 2753 541 orbis
2806 488 3093 542 terrarum
3126 501 3343 542 canoro
3402 485 3762 543 diﬂ'uderunt

312 590 459 647 pace
489 577 770 644 perpetua
802 573 1151 627 confirmare
1183 571 1477 642 dignetur,
1524 572 1760 626 domine
1799 572 1989 642 impe-

316 667 479 719 rator
504 666 779 733 auguste,
814 660 1013 715 divino
1038 659 1474 732 electejudicio
1497 659 1632 730 (16),
1655 660 1989 731 principum

314 750 741 824 glorisissime.

914 838 1281 894 EPISTOLA
1314 839 1384 893 II.

320 947 736 1005 Cossum-wn
757 947 819 1001 in
839 947 1166 1017 episeoiium
1200 963 1387 1017 nuper
1415 945 1663 1001 electum
1692 952 1905 1010 monet,
1934 950 1993 1000 ut

387 1017 723 1073 Ecclesium
773 1018 835 1070 in
854 1016 1038 1088 _'Inari
1086 1033 1153 1071 ac
1204 1016 1547 1071 {turninihus
1596 1023 1786 1087 regat,
1845 1016 1984 1088 quid

392 1095 636 1160 utroque
668 1086 1059 1160 signiﬁcetur,
1075 1086 1689 1160 promenerortatur
1709 1096 1766 1141 et
1785 1086 1985 1160 aq'uas,

393 1158 560 1233 queis
582 1158 790 1230 populi
820 1164 1051 1233 mentes
1076 1158 1265 1230 'riget,
1298 1159 1539 1230 colligat
1563 1165 1671 1233 ,'__et
1703 1158 1990 1233 cuiusmo-

394 1229 457 1285 di
502 1229 813 1285 sermones
871 1229 1001 1300 ejus
1057 1229 1211 1299 esSe,
1274 1229 1493 1299 quasve
1552 1229 1714 1283 illum
1770 1230 1990 1300 praeci-

388 1317 537 1373 pere
573 1301 833 1355 virtutes
879 1305 1165 1373 oporteat,
1223 1300 1325 1355 ubi
1358 1300 1575 1373 docuit,
1628 1300 1711 1373 de
1733 1307 1982 1373 statera,

395 1369 501 1444 qua
533 1386 732 1426 sermo
761 1371 1150 1444 expendatur,
1202 1376 1443 1444 tractat.
1487 1369 1861 1444 [fumi/imus
1893 1387 1990 1444 o_s-

397 1439 675 1499 tensurus
705 1439 1041 1509 utilitatem,
1078 1441 1404 1510 exemplum
1451 1439 1630 1495 allert
1666 1442 1828 1495 beati
1887 1441 1990 1495 Jo-

401 1514 581 1585 seph',
608 1513 1105 1585 prementium/[ue
1147 1513 1425 1575 vanitate,
1474 1512 1737 1585 ejusdem
1773 1512 1989 1585 ιΙοςρμΙι

406 1583 480 1639 ae
504 1583 692 1638 David
710 1583 994 1638 historiis
1009 1583 1437 1645 demonstrata,
1461 1583 1703 1653 populos
1725 1584 1799 1636 ad
1820 1598 1996 1636 veras

401 1670 542 1726 opes
575 1654 697 1708 sibi
719 1654 1028 1726 parandas,
1082 1654 1429 1726 excitandos
1460 1654 1665 1707 tradit.
1722 1655 1995 1726 Denique

452 1723 734 1780 celeszani
783 1723 927 1779 Feri
985 1724 1252 1779 Cornelii
1313 1725 1370 1778 ei
1427 1725 1862 1792 commendans,
1897 1723 1991 1778 'de

384 1796 707 1868 prudentia
737 1796 799 1849 in
831 1796 1167 1868 haereticos,
1191 1795 1600 1868 (Iejustitiain
1632 1795 1991 1868 vicinos,de-

392 1864 502 1940 'que
532 1867 899 1922 humanitate
927 1867 989 1920 in
1022 1882 1236 1921 servos
1268 1864 1541 1921 nonnihil
1570 1864 1757 1921 addit.

679 1973 1022 2028 Aunaosws
1077 1972 1443 2028 CONSTANTIO
1493 1971 1626 2044 (Π).

395 2080 446 2135 1.
480 2079 814 2150 Suscepisti
843 2095 1057 2135 munus
1091 2080 1409 2145 sacerdoti,
1446 2083 1502 2134 et
1533 2080 1593 2135 in
1624 2095 1821 2150 puppe
1880 2080 1994 2133 Ec-

324 2169 529 2224 clesiae
560 2169 802 2236 sedens,
834 2169 1031 2222 navim
1076 2168 1370 2223 adversus
1400 2169 1619 2223 ﬂuctus
1664 2168 1991 2241 gubernas.

317 2259 480 2314 Tene
511 2257 744 2313 clavum
800 2257 958 2326 fidei,
994 2259 1055 2311 ut
1115 2273 1334 2329 graves
1384 2257 1569 2328 hujus
1626 2257 1835 2311 saeculi
1870 2260 1993 2311 tur-

319 2347 465 2402 bare
524 2362 643 2401 non
698 2346 934 2417 possint
990 2346 1290 2416 procellae.
1353 2346 1514 2401 Mare
1563 2338 1709 2400 755
1759 2345 1997 2416 quidem

322 2451 602 2507 magnum
625 2438 682 2491 et
703 2434 1053 2505 spatiosum,
1086 2435 1195 2489 sed
1227 2435 1353 2490 noli
1384 2436 1578 2490 vereri
1604 2449 1618 2503 ;
1652 2435 1789 2505 quia
1817 2459 1836 2479 α
1867 2435 1995 2503 ipse

323 2539 509 2595 super
526 2524 710 2578 maria
732 2523 996 2578 fundavit
1016 2540 1164 2591 eam,
1199 2526 1256 2577 et
1289 2539 1471 2593 super
1500 2523 1739 2577 ﬂumina
1763 2538 1995 2592 praepa-

323 2613 476 2667 ravit
506 2628 636 2667 eam
665 2612 853 2681 (Psal.
886 2629 1052 2679 xxiii,
1107 2613 1180 2682 2).
1221 2635 1243 2659 »ι
1292 2613 1492 2681 Itaque
1538 2627 1656 2666 non
1707 2611 1998 2665 immerito

322 2702 480 2757 inter
498 2704 581 2757 tot
598 2700 797 2756 mundi
830 2700 978 2755 freta
1023 2700 1288 2755 Ecclesia
1315 2700 1545 2754 Domini
1585 2704 1860 2771 tanquam
1892 2716 1999 2755 su-

321 2806 429 2862 pra
451 2790 837 2861 apostolicam
856 2789 1141 2844 aediﬁcata
1162 2793 1387 2859 petram
1429 2789 1751 2843 immobilis
1796 2791 2000 2844 manet

323 2884 386 2937 et
405 2881 768 2935 inconcusso
785 2880 1102 2934 adversum
1124 2880 1380 2949 impetus
1410 2880 1716 2933 saevientis
1740 2878 1848 2932 sali
1869 2894 2001 2948 per-

321 2972 565 3026 severat
587 2968 923 3023 fundamine
956 2968 1194 3036 (Matth.
1220 2984 1343 3036 xw,
1366 2965 1478 3038 28).
1512 2967 1768 3022 Alluitur
1797 2966 1992 3032 undis,

322 3075 448 3114 non
476 3057 765 3131 quatitur:
809 3061 867 3112 et
894 3057 1030 3111 licet
1082 3056 1423 3128 frequenter
1454 3056 1742 3111 elementa
1800 3056 2001 3111 mundi

324 3147 514 3218 hujus
549 3162 761 3220 magno
786 3146 939 3201 illisa
981 3146 1246 3201 resulent
1294 3146 1568 3217 fragore:
1603 3145 1780 3200 habet
1811 3148 2000 3200 tamen

323 3206 446 3309 quo
470 3206 807 3291 laborantes
825 3235 1099 3306 excipiat,
1125 3206 1486 3289 tutissimiim
1511 3238 1742 3307 portum
1766 3234 1996 3287 salutis.
2034 3206 2081 3268 Ο

397 3326 451 3381 ΕΞ.
471 3312 587 3381 Sed
616 3329 807 3379 tamen
832 3324 945 3379 etsi
967 3324 1026 3379 in
1043 3325 1191 3377 mari
1212 3324 1474 3392 ﬂuctuat,
1508 3323 1694 3377 currit
1719 3323 1779 3376 in
1814 3322 2002 3377 ﬂumi-

323 3413 528 3484 nibus,
560 3416 617 3468 et
646 3413 778 3468 vide
812 3428 885 3468 ne
916 3414 974 3466 in
1007 3412 1125 3465 illis
1158 3412 1502 3467 ﬂuminibus
1534 3412 1749 3483 magis,
1785 3411 2003 3482 dcqui-

322 3504 444 3558 bus
467 3503 685 3557 dictum
704 3507 796 3557 est
820 3519 832 3557 :
859 3524 879 3550 «
908 3501 1305 3557 Elevavcrunt
1327 3502 1566 3555 ﬂumina
1590 3516 1796 3555 vocem
1833 3516 2001 3554 suam

327 3592 520 3661 (Psal.
546 3591 781 3662 xcu,3).
826 3611 847 3639 ιι
874 3589 1019 3645 Sunt
1044 3590 1200 3645 enim
1232 3590 1492 3657 ﬂumina,
1527 3606 1661 3659 quae
1696 3589 1767 3643 de
1799 3592 2001 3644 ventre

325 3681 465 3752 ejus
524 3681 704 3736 ﬂuent
756 3680 947 3751 (Jean.
984 3696 1083 3746 vn,
1131 3679 1222 3748 38)
1285 3679 1386 3749 qui
1445 3682 1647 3748 potum
1702 3693 1733 3731 a
1766 3676 2002 3732 Christo

323 3770 645 3840 acceperit,
670 3771 727 3823 et
758 3769 829 3823 de
873 3769 1094 3843 Spiritu
1130 3768 1234 3823 Dei
1286 3768 1630 3838 sumpserit.
1666 3768 1809 3821 Haec
1857 3783 2001 3838 ergo

324 3860 591 3929 ﬂumina,
614 3874 745 3913 cum
767 3858 1096 3913 redundant
1118 3856 1368 3928 spiritali
1397 3856 1605 3929 gratia,
1630 3856 1862 3911 elevant
1892 3872 2001 3910 vo—

324 3964 459 4003 cem
488 3963 676 4002 suam.
713 3946 818 4001 Est
846 3951 902 4001 et
934 3947 1150 4000 ﬂuvius
1181 3946 1283 4016 qui
1344 3946 1608 4000 decurrit
1636 3945 1697 3999 in
1757 3949 1999 3999 sanctos

327 4052 478 4093 suos
508 4036 662 4091 sicut
685 4039 916 4091 torrens
950 4034 1089 4103 (lsa.
1150 4052 1309 4103 LXVI,
1347 4034 1455 4104 12).
1494 4034 1597 4088 Est
1654 4037 1710 4089 et
1741 4034 1999 4088 ﬂuminis

328 4128 607 4197 impetus,
631 4141 765 4196 quae
782 4125 1039 4179 laetiﬁcat
1058 4125 1309 4178 animam
1330 4123 1634 4193 paciﬂcam
1657 4125 1831 4194 atque
1846 4127 2000 4175 tran—

328 4215 571 4288 quillam
601 4214 790 4284 (Psal.
824 4230 958 4283 XLV,
994 4216 1068 4283 ὗ).
1106 4213 1194 4267 Ex
1223 4212 1407 4284 hujus
1454 4211 1713 4266 ﬂuminis
1746 4212 2000 4281 plenilu-

328 4306 362 4359 d
374 4306 468 4359 ine
483 4304 821 4376 quicunque
836 4302 1151 4372 acceperit,
1169 4303 1323 4355 sicut
1338 4301 1597 4355 Joannes
1612 4300 1997 4371 evangelista,

330 4395 490 4448 sicut
524 4392 735 4447 Petrus
765 4394 821 4447 et
855 4391 1096 4459 Paulus,
1132 4391 1320 4445 elevat
1369 4405 1576 4444 vocem
1609 4404 1811 4443 suam:
1849 4392 1905 4442 et
1927 4390 2014 4462 si:

332 4486 431 4537 cut
451 4481 704 4554 apostoli
727 4480 1088 4553 evangelicae
1120 4479 1558 4550 praedicationis
1580 4493 1788 4533 vocem
1810 4492 2000 4549 usque

405 4640 518 4711 (16)
554 4666 573 4689 ιι
602 4642 816 4696 Divino
852 4641 1037 4695 electo
1079 4640 1328 4710 judicio,
1377 4660 1397 4688 ν
1425 4642 1560 4700 etc...
1596 4654 1728 4709 qua)
1760 4638 2003 4693 deerant

332 4715 392 4768 in
415 4714 577 4782 edit.,
602 4728 633 4768 e
656 4713 786 4767 cod.
813 4712 1048 4767 Mediol.
1071 4712 1333 4765 restituta
1362 4714 1516 4765 sunt.
1542 4710 1601 4763 Id
1617 4713 1808 4782 autem
1834 4711 2001 4782 citata

333 4786 518 4839 verba
565 4785 924 4857 signiﬁcant,
953 4784 1275 4857 principes
1319 4784 1498 4857 etiam
1525 4782 1601 4857 in_
1630 4781 2001 4857 haereditaria

330 4852 726 4911 successione
758 4870 876 4910 non
914 4856 1044 4909 sine
1075 4855 1274 4907 divino
1316 4852 1540 4922 judicio
1590 4852 1851 4905 institui:
1889 4852 1995 4905 sed

333 4929 582 4997 insuper
602 4927 873 4980 videntur
891 4927 1150 4979 indicare
1174 4923 1699 4978 extraordinariam
1741 4922 2003 4997 Gratiani

336 4993 628 5051 nnvenuis
686 4998 850 5067 pueri
887 4998 1253 5062 electionem,
1314 5011 1446 5065 quae
1505 5010 1639 5067 qua
1678 4993 1899 5067 ratione
1932 4993 2003 5047 de

337 5072 631 5123 conatuum
670 5064 969 5122 rausensu
1002 5068 1300 5121 exercitus
1330 5064 1361 5119 a
1395 5064 1555 5134 patre
1594 5064 2001 5119 Valentiniano

337 5141 486 5195 facta
518 5142 615 5203 sit,
650 5140 939 5195 describit
970 5140 1315 5192 Ammianus
1346 5138 1447 5205 lib,
1480 5153 1663 5190 xxvu.

405 5211 517 5279 (Π)
567 5211 664 5265 Sic.
699 5215 811 5265 vet.
857 5211 992 5264 edit.
1017 5226 1086 5264 ac
1132 5225 1302 5273 mss.,
1336 5212 1583 5277 excepto
1618 5206 1868 5279 Longip.
1903 5205 2005 5259 ubi

338 5278 638 5343 scribitur,
668 5307 687 5328 ιι
734 5282 1089 5336 Ambrosius
1130 5280 1535 5335 Constantino.
1566 5302 1585 5325 ιι
1628 5278 1779 5332 Esse
1813 5282 2003 5330 tamen

337 5354 510 5408 etiam
531 5354 672 5407 alibi
692 5370 836 5408 mss.
862 5353 1116 5423 aliquem
1139 5351 1477 5423 subeadem
1492 5350 1601 5404 hac
1620 5349 2004 5423 inscriptione

337 5441 408 5476 ex
442 5442 511 5477 eo
551 5418 991 5496 regnrzszniu'ii.
1030 5423 1190 5496 quod
1220 5422 1509 5496 Ugheilus
1542 5424 1698 5475 temo
1730 5420 1775 5474 Il
1818 5418 2004 5473 Italiae

338 5514 400 5548 s1.-
429 5515 546 5562 -m,-,
582 5493 795 5566 p.333,
830 5513 903 5549 ex
957 5500 1063 5548 huc
1101 5493 1351 5566 epistola
1398 5493 1594 5566 locum
1642 5505 2004 5561 proponens,

337 5582 466 5622 eam
497 5564 760 5621 nominat
820 5589 842 5613 ις
900 5567 971 5620 ad
1002 5564 1450 5620 Constantinum
1507 5564 1938 5633 imperatorem.
1978 5581 1999 5608 ιο

337 5637 451 5692 Sed
487 5652 736 5692 crassus
767 5636 863 5691 hic
919 5653 1087 5692 error
1118 5640 1231 5701 est,
1272 5650 1405 5689 cum
1464 5634 1523 5687 id
1552 5633 1839 5702 temporis
1895 5645 2006 5684 nec

336 5707 760 5766 Constantinus
792 5709 951 5765 ultus
981 5709 1301 5780 imperator
1333 5720 1471 5760 esse
1489 5704 1759 5776 potuerit,
1796 5705 1847 5757 et
1874 5718 2005 5756 cum

2103 574 2423 644 praeconio,
2447 575 2520 628 ita
2552 578 2609 630 et
2638 575 2749 629 iste
2780 577 2983 646 incipit
3012 577 3420 648 evangelizare
3453 577 3765 633 Dominum

2108 662 2336 717 Jesum.
2372 664 2592 734 Accipe
2647 680 2792 736 ergo
2822 680 2855 719 a
2899 664 3158 735 Christo,
3217 669 3280 720 ut
3310 668 3368 720 et
3395 669 3532 722 tuus
3578 682 3767 723 sonus

2103 755 2292 806 exeat.

2173 840 2226 895 3.
2263 841 2420 896 Mare
2453 846 2545 897 est
2573 843 2875 913 Scriptura
2905 844 3121 914 divina,
3155 844 3383 899 habens
3416 844 3477 899 in
3525 859 3593 900 se
3623 859 3769 900 sen-

2106 944 2213 984 sus
2231 929 2581 1002 prot‘undos,
2606 937 2661 986 et
2690 933 3055 988 altitudinem
3084 934 3565 1003 propheticorum
3595 934 3775 1007 enig-

2108 1022 2355 1074 matum:
2390 1020 2449 1074 in
2471 1022 2627 1091 quod
2651 1038 2810 1077 mare
2845 1023 3098 1092 plurima
3130 1022 3481 1078 introierunt
3509 1023 3770 1078 ﬂumina.

2107 1108 2253 1162 Sunt
2285 1124 2429 1179 ergo
2461 1113 2517 1163 et
2546 1110 2705 1164 ﬂuvii
2738 1111 2945 1165 dulces
2984 1115 3161 1183 atque
3191 1112 3515 1183 perspicui,
3551 1114 3691 1167 sunt
3718 1114 3779 1168 et

2108 1196 2301 1251 fontes
2359 1197 2516 1251 nivei
2575 1199 2707 1269 (18),
2744 1200 2845 1271 qui
2902 1200 3117 1255 saliant
3161 1200 3223 1256 in
3251 1201 3429 1255 vitam
3487 1204 3773 1256 mternam

2109 1285 2297 1354 (Joan.
2331 1302 2409 1353 IV,
2442 1286 2571 1356 t4);
2629 1291 2768 1342 sunt
2814 1292 2871 1343 et
2917 1304 3228 1344 sermones
3259 1289 3420 1354 boni,
3471 1290 3628 1345 sicut
3657 1288 3777 1343 favi

2111 1374 2301 1429 mellis
2329 1375 2538 1446 (Prov.
2573 1393 2692 1443 xw,
2714 1378 2823 1447 24),
2858 1382 2915 1432 et
2946 1381 3131 1449 gratae
3153 1379 3484 1447 sententiae,
3502 1394 3636 1450 quas
3653 1378 3778 1433 ani-

2110 1480 2238 1517 mos
2269 1465 2630 1519 audientium
2658 1466 2905 1536 Spiritali
2937 1467 3191 1537 quodam
3222 1470 3363 1537 potu
3420 1467 3687 1539 irrigent,
3722 1469 3781 1522 et

2106 1556 2536 1623 praeceptorum
2572 1556 2878 1610 moralium
2911 1558 3202 1611 suavitate
3234 1556 3546 1611 mulceant.
3581 1557 3782 1611 Diver-

2107 1656 2174 1693 sa
2204 1641 2386 1713 igitur
2415 1642 2851 1712 Scripturarum
2906 1645 3239 1699 divinarum
3282 1646 3519 1699 ﬂuenta.
3573 1644 3776 1699 Habes

2109 1731 2263 1800 quod
2300 1730 2550 1799 primum
2581 1732 2775 1802 bibas,
2810 1732 2999 1788 habes
3029 1734 3187 1804 quod
3209 1734 3558 1805 secundum,
3592 1732 3780 1789 habes

2032 1845 2079 1904 Β
2110 1820 2266 1892 quod
2299 1824 2684 1891 postremum.

2181 1909 2234 1964 4.
2267 1907 2495 1981 Collige
2524 1926 2737 1981 aquam
2783 1910 3029 1981 Christi,
3086 1911 3245 1966 illam
3274 1927 3408 1983 quae
3436 1910 3635 1967 laudat
3661 1911 3781 1969 Do-

2110 1999 2333 2052 minum
2354 1997 2540 2065 (Psal.
2566 2015 2805 2065 chvm,
2838 1999 2893 2069 4,
2925 2002 3001 2066 5).
3035 1999 3264 2072 Collige
3294 2016 3506 2072 aquam
3537 2000 3610 2056 de
3654 2001 3784 2072 plu-

2110 2086 2278 2141 ribus
2308 2087 2479 2155 locis,
2505 2103 2679 2158 quam
2703 2086 3008 2142 effundunt
3029 2088 3219 2144 nubes
3240 2088 3624 2160 propheticus.
3644 2087 3783 2155 Qui-

2113 2191 2345 2246 cunque
2376 2175 2601 2246 colligit
2632 2176 2704 2230 de
2762 2177 3063 2232 montibus
3094 2193 3326 2248 aquam,
3386 2180 3560 2249 atque
3590 2177 3664 2232 ad
3694 2180 3782 2249 gse

2112 2264 2307 2334 trahit,
2342 2265 2437 2318 vel
2467 2264 2660 2319 haurit
2690 2268 2747 2319 et
2777 2253 3068 2335 fontibus,
3101 2269 3157 2320 et
3185 2266 3314 2336 ipse
3334 2266 3665 2321 roratsicut
3684 2283 3786 2322 nu-

2111 2353 2221 2408 bes
2241 2353 2372 2421 (19).
2394 2353 2573 2423 Imple
2606 2369 2752 2426 ergo
2783 2355 3077 2425 gremium
3108 2355 3324 2410 mentis
3356 2358 3510 2424 tuas;
3542 2358 3606 2410 ut
3627 2358 3783 2410 terra

2112 2445 2209 2496 tua
2242 2442 2569 2510 humescat,
2604 2444 2661 2496 et
2690 2442 3035 2497 domesticis
3065 2444 3348 2515 irrigetur
3369 2443 3653 2500 fontibus.
3678 2443 3785 2499 Er-

2112 2546 2190 2603 go
2221 2531 2322 2601 qui
2352 2530 2529 2584 multa
2560 2530 2704 2603 legit
2735 2534 2792 2585 et
2813 2531 3104 2601 intelligit,
3132 2532 3443 2602 impletur:
3476 2533 3578 2604 qui
3608 2533 3785 2588 fuerit

2112 2620 2411 2691 impletus,
2442 2619 2594 2674 alios
2624 2620 2814 2690 rigat:
2848 2619 3100 2691 ideoque
3129 2621 3433 2691 Scriptura
3461 2621 3605 2676 dicit
3653 2641 3680 2673 α
3720 2622 3783 2676 Si

2115 2709 2368 2778 impletae
2400 2709 2618 2763 fuerint
2662 2708 2875 2779 nubes,
2934 2710 3192 2779 pluviam
3224 2709 3284 2764 in
3314 2713 3530 2765 terram
3592 2709 3784 2767 eﬂ'un—

2114 2797 2253 2853 dent
2282 2798 2509 2865 (Eecle.
2544 2816 2630 2866 xx,
2663 2798 2739 2867 3).
2778 2822 2800 2845 ι»

2184 2888 2236 2941 5.
2270 2886 2398 2941 Sint
2426 2902 2571 2958 ergo
2603 2902 2914 2942 sermones
2954 2887 3038 2942 tui
3096 2888 3329 2958 proﬂui,
3363 2888 3485 2943 sint
3513 2890 3667 2959 puri,
3727 2892 3785 2946 et

2114 2975 2395 3043 dilucidi;
2431 2980 2491 3029 ut
2521 2976 2727 3029 morali
2761 2975 3157 3046 disputatione
3200 2978 3551 3033 suavitatem
3579 2978 3783 3054 infun-

2115 3066 2221 3120 das
2243 3064 2594 3135 populorum
2616 3065 2881 3131 auribus,
2908 3069 2965 3119 et
2987 3067 3173 3138 gratia
3208 3067 3528 3122 verborum
3549 3070 3785 3125 tuorum

2115 3154 2342 3225 plebem
2364 3154 2738 3222 demulceas;
2775 3157 2835 3208 ut
2862 3154 3072 3209 volens
3106 3172 3222 3226 quo
3252 3155 3442 3225 ducis,
3478 3159 3779 3228 sequatur.

2114 3242 2277 3308 Quod
2302 3243 2353 3297 si
2386 3244 2578 3313 aliqua
2612 3243 2703 3297 vel
2735 3243 2791 3297 in
2825 3244 3042 3314 populo
3073 3244 3166 3298 vel
3219 3244 3275 3297 in
3306 3244 3604 3316 aliquibus
3637 3262 3782 3301 con—

2114 3332 2385 3399 tumacia,
2406 3333 2498 3387 vel
2522 3333 2692 3404 culpa
2715 3336 2826 3399 est,
2857 3333 2976 3387 sint
2999 3348 3311 3388 sermones
3330 3333 3410 3388 tui
3435 3333 3782 3406 hujusmodi

2113 3425 2174 3475 ut
2187 3421 2519 3476 audientem
2535 3421 2856 3485 stimulent,
2876 3425 3275 3494 compungunt
3289 3422 3436 3478 male
3451 3424 3778 3479 conscium:

2118 3535 2139 3557 «ι
2177 3510 2497 3565 Sermones
2527 3511 2682 3564 enim
2714 3511 3066 3580 sapientium
3098 3514 3373 3583 tauquam
3406 3512 3625 3567 stimuli
3647 3514 3783 3582 (Ee-

2116 3600 2226 3655 cle.
2261 3616 2363 3668 xu,
2400 3598 2509 3667 11).
2548 3621 2569 3646 ι»
2622 3599 2952 3654 Stimulavit
2998 3603 3052 3654 et
3093 3600 3377 3655 Dominus
3425 3602 3605 3658 Jesus
3637 3602 3781 3658 Sau-

2113 3690 2254 3757 lum,
2286 3703 2418 3743 cum
2451 3691 2614 3741 esset
2644 3692 3009 3757 persecutor.
3053 3689 3233 3755 Quam
3267 3691 3547 3745 salutaris
3601 3692 3781 3747 fuerit

2115 3777 2410 3843 stimulus,
2444 3776 2775 3841 considera,
2809 3778 2908 3847 qui
2932 3793 3008 3832 ex
3036 3782 3423 3848 persecutore
3442 3780 3777 3850 apostolum

2114 3867 2270 3934 fecit,
2308 3866 2594 3925 dicendo:
2636 3890 2655 3913 ιι
2693 3867 2916 3921 Durum
2947 3860 3092 3922 758
3125 3872 3216 3922 est
3259 3868 3365 3922 tibi
3395 3870 3455 3923 ut
3485 3871 3778 3926 adversus

2114 3956 2417 4011 stimulum
2448 3956 2647 4009 calces
2683 3955 2840 4023 (Act.
2877 3973 2957 4025 ix,
2983 3958 3058 4025 5).
3100 3977 3121 4006 »

2184 4047 2235 4099 6.
2271 4045 2418 4100 Sunt
2449 4046 2622 4099 etiam
2666 4060 2977 4101 sermones
3037 4047 3187 4101 sicut
3220 4047 3328 4118 lac,
3362 4062 3515 4119 quos
3568 4048 3782 4104 infudit

2112 4134 2675 4189 Paulustiorinthiis
2699 4134 2909 4204 (1601'.
2938 4137 3092 4205 111.2)
3117 4152 3129 4205 ς
3164 4137 3262 4207 qui
3285 4138 3440 4192 enim
3470 4136 3778 4193 fortiorum

2114 4224 2308 4277 cibum
2341 4224 2563 4293 epulari
2599 4239 2714 4277 non
2747 4228 2987 4295 queunt,
3023 4240 3206 4280 succo
3240 4226 3409 4281 lactis
3443 4227 3663 4297 ingenii
3684 4227 3779 4281 sui

2113 4316 2392 4367 exercent
2421 4311 2743 4366 infantiam.

2182 4403 2234 4457 Ἴ.
2271 4402 2541 4473 Alioquin
2600 4405 2694 4455 tua
2727 4402 2897 4472 plena
2954 4403 3287 4459 intellectus
3348 4404 3484 4457 sint.
3521 4402 3690 4457 Unde
3724 4407 3780 4457 et

2113 4492 2389 4546 Salomon
2447 4491 2557 4546 ait:
2628 4492 2861 4543 «Arma
2921 4490 3251 4546 intellectus
3282 4491 3433 4546 labia
3492 4491 3778 4562 sapientis

2113 4635 2185 4687 ad
2204 4649 2376 4705 quem
2401 4633 2530 4686 data
2559 4632 2666 4705 fuit
2698 4633 2826 4705 haec
2856 4632 3127 4705 epistola,
3152 4633 3499 4705 episcopum
3529 4633 3624 4688 vel
3654 4634 3777 4704 pri—

2113 4722 2202 4758 ma
2224 4703 2498 4773 ejusdem
2532 4704 2711 4756 verba
2742 4703 3079 4757 declarent:
3137 4729 3157 4751 (ι
3196 4704 3525 4774 Suscepisti
3561 4703 3777 4760 munus

2114 4776 2450 4838 sacerdotii,
2478 4796 2500 4824 x
2524 4778 2634 4827 etc.
2659 4774 2784 4826 Hoc
2817 4789 2962 4843 ergo
2995 4789 3111 4827 non
3143 4775 3292 4829 male
3319 4776 3485 4831 Rom.
3518 4776 3777 4831 editores

2114 4848 2496 4911 iudicassent,
2533 4861 2670 4916 cum
2695 4860 2799 4914 pro
2850 4845 3117 4899 lemmate
3150 4846 3340 4900 eidem
3397 4847 3781 4916 praeﬂxerunt

2118 4938 2139 4967 ιι
2178 4917 2552 4970 Ambrosium
2585 4915 2904 4984 episcopus
2960 4917 3303 4971 Constantio
3336 4915 3542 4987 fratri;
3600 4939 3621 4968 ιι
3658 4919 3776 4974 nisi

2117 5005 2250 5043 cum
2284 4989 2342 5060 in
2374 4990 2720 5060 argumento
2754 4987 3023 5060 epistolae
3058 5009 3080 5036 α
3108 4988 3530 5043 Arausicorum
3549 4991 3780 5060 episco-

2118 5075 2255 5129 pum
2286 5058 2659 5130 designatum
2696 5081 2717 5104 »
2753 5059 3219 5129 signiﬁcassent.
3269 5060 3353 5115 De
3398 5076 3515 5132 quo
3546 5058 3657 5116 nos
3687 5061 3781 5116 in-

2120 5132 2228 5184 ira.

2185 5200 2298 5269 (i8)
2326 5201 2493 5253 Rom.
2530 5200 2667 5253 edit.
2692 5200 2839 5267 sola,
2866 5222 2886 5249 α
2912 5200 3105 5256 fontes
3139 5202 3278 5257 vivi.
3307 5224 3329 5249 ιι
3353 5202 3524 5257 Haud
3554 5204 3781 5257 incom-

2116 5273 2306 5337 mode,
2342 5272 2460 5324 nisi
2491 5271 2735 5324 aliarum
2777 5276 2832 5325 et
2856 5288 3002 5327 mss.
3042 5274 3391 5343 praevaleret
3421 5289 3777 5328 consensus.

2114 5344 2523 5412 lntelligantur
2576 5358 2719 5411 ergo
2781 5364 2803 5389 ιι
2842 5344 3035 5398 fontes
3067 5346 3202 5400 nive
3241 5368 3261 5392 ιι
3320 5360 3436 5399 non
3467 5361 3499 5398 e
3544 5343 3781 5397 nivibus

2116 5414 2367 5479 collecti,
2431 5413 2536 5466 sed
2570 5414 2806 5484 frigidi:
2869 5418 2967 5469 aut
2998 5419 3155 5471 certe
3215 5416 3348 5486 puri
3376 5431 3444 5468 ac
3473 5413 3659 5480 nitidi,
3722 5417 3785 5467 ut

2115 5486 2384 5557 proxime
2402 5488 2549 5557 ante
2582 5486 2798 5540 dicitur
2824 5489 2881 5539 et
2910 5487 3129 5541 ﬂuviis.

2188 5557 2299 5625 (19)
2335 5556 2485 5611 Edit.
2521 5573 2585 5609 ac
2621 5572 2767 5611 mss.
2803 5557 3043 5630 aliquot,
3084 5579 3105 5606 α
3141 5560 3197 5613 et
3230 5558 3357 5627 ipse
3384 5555 3557 5627 rigat,
3591 5556 3654 5609 ut
3683 5570 3785 5609 nu-

2116 5629 2245 5681 bes.
2287 5650 2307 5675 ν
