4090 6174
403 261 526 332 919

407 469 617 538 (Prov.
651 483 772 536 xiv,
805 468 897 537 3);
947 470 1004 524 et
1032 468 1210 526 alibi:
1266 492 1289 518 ιο
1323 470 1500 526 Labia
1534 473 1629 526 tua
1679 471 1914 544 alligata
1957 472 2074 528 sint
2115 493 2129 518 ε

414 575 598 615 sensu
623 559 733 628 (20)
756 558 964 624 (Prov.
995 575 1093 623 xv,
1116 561 1192 629 ‘7),
1225 583 1246 608 ιο
1278 561 1327 614 ⁷ᾶ
1348 567 1460 626 est,
1487 562 1707 633 fulgeat
1729 579 2070 617 sermonum

411 653 642 706 tuorum
703 650 1117 715 manifestatio,
1177 653 1510 708 intellectus
1542 659 1836 720 coruscet,
1897 659 1954 710 et
1983 655 2070 708 al-

408 739 672 811 loquium
701 743 865 794 tuum
894 743 1068 810 atque
1097 743 1380 796 tractatus
1425 742 1614 798 aliena
1663 761 1779 798 non
1813 745 2071 816 indigeat

406 830 776 886 assertione:
829 829 936 902 sed
969 845 1166 887 sermo
1195 836 1333 887 tuus
1373 832 1533 887 velut
1560 834 1742 888 armis
1773 834 1901 888 suis
1931 849 2070 888 sese

407 919 536 990 ipse
553 922 806 988 tueatur,
830 934 940 973 nec
963 920 1142 975 ullum
1175 921 1422 976 verbum
1460 925 1622 977 tuum
1654 922 1712 976 in
1751 938 1966 978 vanum
1995 939 2071 978 ex

407 1011 519 1075 eat,
554 1010 612 1064 et
639 1007 771 1063 sine
788 1022 973 1064 sensu
996 1009 1260 1080 prodeat.
1288 1009 1391 1065 Est
1409 1010 1562 1066 enim
1593 1011 1902 1082 alligatum
1924 1014 2064 1076 (lsa.

402 1115 444 1167 ι,
499 1098 576 1166 6),
610 1113 744 1168 quae
776 1098 1190 1172 constringere
1237 1100 1390 1154 solet
1416 1101 1744 1156 animorum
1784 1101 2065 1157 vulnera:

403 1203 579 1258 quam
601 1187 654 1242 si
675 1186 812 1258 quis
829 1186 1044 1260 rejicit,
1068 1188 1435 1259 desperatam
1454 1189 1549 1244 sui
1570 1189 1766 1261 prodit
1791 1189 2061 1246 salutem.

404 1274 477 1330 Et
507 1276 640 1332 ideo
671 1276 829 1330 circa
857 1291 964 1331 eos
995 1276 1099 1349 qui
1127 1279 1294 1348 gravi
1326 1278 1525 1333 ulcere
1564 1281 1871 1346 vexantur,
1903 1281 2066 1334 utere

403 1364 536 1420 oleo
569 1365 886 1426 sermonis.
937 1381 1071 1438 quae
1119 1367 1325 1420 foveas
1358 1367 1571 1422 mentis
1611 1368 1922 1423 duritiam:
1958 1383 2064 1438 ap-

399 1469 556 1524 pone
587 1453 895 1526 malagma,
926 1455 1187 1525 adjunge
1218 1457 1584 1535 alligaturam
1616 1457 1893 1510 salutaris
1917 1473 2066 1526 prae-

401 1543 592 1612 cepti:
629 1547 689 1598 ut
722 1559 910 1616 vagos
940 1549 997 1599 et
1027 1545 1378 1600 ﬂuctuantes
1409 1549 1564 1600 circa
1600 1545 1794 1611 tidem,
1828 1545 1917 1600 vel
1951 1547 2066 1599 dis-

399 1631 635 1704 ciplinae
666 1632 1107 1688 observantiam
1138 1649 1508 1706 nequaquam
1555 1635 1752 1690 soluto
1781 1634 1974 1689 animo
2009 1637 2066 1690 et

397 1721 656 1778 remisso
685 1721 892 1794 vigore
923 1722 1164 1792 patiaris
1195 1725 1410 1794 perire.

468 1827 522 1883 8.
551 1827 816 1883 Admone
840 1827 1265 1921 igitui-plebem
1297 1827 1545 1893 Domini,
1580 1831 1754 1900 atque
1789 1830 2062 1898 obsecra,
2098 1863 2142 1921 Β

395 1919 462 1974 ut
515 1917 774 1972 abundet
803 1917 862 1972 in
912 1916 1196 1987 operibus
1223 1916 1422 1985 bonis,
1469 1919 1764 1973 renuntiet
1796 1919 2060 1990 ﬂagit'is,

395 2022 515 2062 non
546 2007 830 2061 accendat
879 2006 1244 2061 ﬂammarum
1297 2007 1588 2072 incendia,
1621 2023 1738 2062 non
1781 2008 1972 2062 dicam
2003 2008 2064 2063 in

395 2095 675 2161 Sabbato,
701 2094 806 2151 sed
828 2095 884 2150 in
908 2095 1390 2166 omnitempore;
1423 2111 1497 2151 ne
1519 2096 1825 2152 comburat
1845 2111 2062 2166 corpus

397 2201 608 2241 suum:
645 2185 953 2240 fornicatio
975 2188 1034 2240 et
1054 2183 1416 2240 immunditia
1443 2201 1558 2240 non
1589 2185 1667 2239 sit
1699 2185 1756 2240 in
1793 2185 1894 2240 Dei
1931 2201 2064 2242 ser-

395 2275 554 2329 vulis
583 2275 828 2346 (Ephes.
853 2290 909 2338 v,
935 2273 1030 2344 3);
1060 2275 1196 2348 quia
1230 2274 1600 2330 immaculato
1631 2275 1929 2330 servimus
1963 2275 2065 2330 Dei

397 2361 566 2418 Filio.
601 2363 848 2420 Noverit
901 2363 1316 2436 unusquisque
1348 2378 1436 2430 se,
1497 2367 1556 2418 et
1605 2379 1712 2417 vas
1764 2364 2069 2432 possideat

399 2467 572 2507 suum
591 2452 646 2520 (Ι
681 2452 887 2509 Thess.
913 2470 994 2522 iv,
1012 2454 1090 2520 4),
1112 2468 1232 2523 quo
1253 2453 1502 2507 subacto
1520 2451 1772 2524 quodam
1797 2454 1926 2507 suis
1945 2469 2068 2508 cor-

395 2541 562 2612 poris
587 2541 738 2609 solo,
766 2541 994 2595 fructus
1023 2545 1324 2610 exspectet
1348 2541 1602 2609 debitos,
1627 2556 1736 2596 nec
1773 2541 1978 2612 spinas
2011 2547 2066 2598 et

395 2629 652 2686 tribulos
699 2629 755 2685 ei
785 2632 942 2685 terra
991 2645 1101 2684 sua
1152 2629 1444 2702 germinet
1487 2630 1662 2686 (Gen.
1697 2647 1778 2696 ιιι,
1816 2630 1922 2700 18),
1959 2631 2065 2686 sed

399 2717 556 2773 dicat
573 2721 630 2773 et
648 2719 819 2788 ipse:
858 2739 882 2766 α
908 2717 1091 2774 Terra
1111 2718 1227 2786 (21)
1249 2718 1408 2774 dedit
1450 2718 1678 2774 fructus
1710 2735 1856 2774 suos
1875 2719 2062 2787 (Psal.

398 2823 619 2868 Lxxxv.
657 2807 784 2876 18):
821 2830 846 2857 ιδ
881 2809 1056 2878 atque
1089 2809 1147 2862 in
1179 2806 1292 2863 hac
1319 2807 1566 2863 dumosa
1600 2808 1893 2879 quondam
1926 2825 2067 2882 pas-

401 2896 638 2952 sionum
669 2895 986 2969 fragilitate
1016 2897 1252 2953 insitiva
1283 2898 1563 2952 virtutum
1593 2897 1922 2953 efﬂoreant.

469 3003 524 3059 9.
560 3002 760 3058 Edoce
808 3003 1188 3084 etiam_atque
1243 3003 1504 3074 institue,
1543 3008 1605 3058 ut
1662 3004 1878 3060 faciant
1909 3005 2066 3076 quod

398 3093 619 3150 bonum
651 3095 764 3162 est,
814 3096 872 3148 et
920 3092 1333 3166 unusquisque
1381 3110 1497 3149 non
1529 3094 1868 3149 intermittat
1916 3110 2067 3163 opus

397 3183 726 3256 probabile,
749 3183 878 3238 sive
897 3197 929 3236 a
952 3182 1226 3254 pluribus
1248 3181 1534 3248 videatur,
1551 3183 1680 3239 sive
1694 3185 1824 3238 sine
1846 3183 2068 3239 arbitro

401 3272 514 3340 sit;
546 3271 805 3328 abundat
834 3271 990 3328 enim
1021 3271 1138 3328 sibi
1169 3271 1438 3342 locuples
1469 3273 1640 3328 testis
1681 3273 2064 3328 conscientia.

473 3380 561 3436 10.
597 3380 810 3454 Fugiet
853 3380 1028 3436 etiam
1087 3379 1236 3434 mala
1267 3379 1584 3450 opprobria
1641 3378 1777 3448 (‘22,,
1837 3380 2070 3435 etiamsi

404 3486 473 3529 se
504 3471 707 3528 credat
747 3484 866 3525 non
915 3485 1098 3541 posse
1152 3468 1442 3524 convinci.
1503 3468 1651 3523 Nam
1685 3469 1796 3523 etsi
1827 3469 2070 3524 clausus

401 3560 730 3632 parietibus
761 3559 860 3626 sit,
892 3561 952 3614 et
980 3562 1224 3630 opertus
1254 3557 1539 3624 tenebris,
1573 3557 1705 3615 sine
1736 3562 1907 3627 teste,
1939 3559 2070 3614 sine

403 3649 690 3716 conscio;
731 3648 910 3704 habet
939 3651 1133 3704 tamen
1183 3647 1318 3703 facti
1349 3647 1658 3716 arbitrum,
1717 3663 1892 3720 quem
1926 3648 2070 3703 nihil

405 3737 587 3805 fallat,
645 3738 718 3794 ad
775 3753 950 3810 quem
1010 3737 1162 3792 facta
1221 3737 1476 3792 clamant
1529 3737 1745 3792 omnia.
1807 3737 2072 3809 Denique

406 3827 680 3883 clamavit
708 3830 766 3883 et
795 3843 913 3882 vox
943 3825 1258 3899 sanguinis
1289 3824 1462 3890 (Gen.
1497 3843 1576 3893 iv,
1613 3825 1722 3896 10),
1771 3825 1848 3880 Se
1879 3826 2074 3896 ipsum

405 3917 845 3990 unuisquisque
873 3915 986 3985 (23)
1009 3919 1066 3970 et
1094 3915 1351 3970 animum
1385 3931 1561 3970 suum
1608 3931 1882 3970 severum
1910 3914 2073 3981 judi-

407 4021 538 4062 cem
568 4005 684 4075 sui,
744 4005 992 4061 ultorem
1023 4003 1296 4070 sceleris,
1357 4007 1413 4059 et
1456 4004 1750 4059 vindicem
1809 4005 2074 4060 criminis

407 4095 605 4153 habet.
641 4094 907 4167 Denique
935 4095 1152 4149 timens
1185 4096 1241 4148 et
1270 4097 1533 4148 tremens
1591 4093 1901 4148 oberrabat
1932 4091 2076 4147 Cain

415 4184 593 4256 (Ibid.
644 4183 755 4254 14),
789 4182 1161 4255 parricidalis
1195 4181 1479 4236 facinoris
1510 4181 1682 4237 luens
1736 4197 1982 4252 poenas;
2013 4184 2078 4237 ut

407 4275 465 4330 ei
491 4272 754 4329 remedio
786 4288 892 4327 sua
927 4287 1088 4327 mors
1135 4271 1332 4337 fuerit,
1365 4286 1498 4342 quis
1555 4287 1771 4343 vagum
1805 4271 2076 4326 exsulem

407 4363 723 4420 formidato
751 4377 858 4440 per
885 4359 1078 4417 omnia
1111 4365 1402 4416 mo'uente
1432 4363 1658 4416 terrore
1712 4361 1938 4426 mortis,
1972 4375 2078 4431 per

409 4457 654 4510 mortem
687 4453 870 4508 exuit.
906 4450 1094 4506 Nemo
1125 4451 1310 4523 igitur
1337 4449 1428 4505 vel
1461 4449 1654 4513 solus,
1685 4449 1778 4504 vel
1828 4465 1958 4504 cum
1991 4449 2077 4502 al-

411 4545 541 4598 tero
571 4541 793 4614 aliquid
821 4545 992 4610 turpe
1021 4544 1122 4595 aut
1170 4539 1502 4610 improbum
1535 4538 1696 4593 faxit.
1734 4537 1802 4592 Et
1859 4538 1910 4592 si
1944 4538 2078 4609 quis

411 4631 582 4688 solus
633 4635 746 4697 est,
777 4629 1046 4702 seipsum
1093 4645 1218 4701 prae
1247 4627 1484 4684 ceteris
1538 4627 1872 4698 erubescat,
1905 4642 2079 4700 quem

408 4721 665 4779 maxime
695 4719 873 4776 debet
903 4719 1118 4775 vereri.
2033 4761 2044 4772 .

483 4809 570 4866 11.
606 4809 733 4866 Nec
789 4808 1172 4880 concupiscat
1202 4805 1472 4878 plurima,
1533 4805 1669 4879 quia
1701 4809 1757 4862 et
1811 4819 1996 4876 pauca
2029 4804 2080 4860 ei

407 4899 661 4972 plurima
692 4901 874 4966 sunt;
934 4904 1253 4969 paupertas
1283 4896 1440 4951 enim
1493 4899 1551 4951 et
1581 4911 1727 4967 opes
1783 4895 1997 4966 inopiae
2027 4895 2085 4950 et

409 4987 700 5044 satietatis
730 4985 1019 5042 vocabula
1050 4987 1208 5040 sunt.
1263 4984 1388 5040 Nec
1419 4984 1588 5040 dives
1619 4987 1732 5051 est,
1794 4985 1896 5056 qui
1927 4983 2084 5038 indi-

409 5079 513 5151 get
565 5075 800 5148 aliquo:
860 5088 970 5129 nec
1025 5088 1270 5146 pauper,
1323 5073 1422 5146 qui
1480 5089 1598 5130 non
1653 5073 1896 5146 indiget.
1959 5072 2086 5128 Nec

409 5166 728 5240 quisquam
785 5162 1022 5219 viduam
1081 5165 1342 5233 spernat,
1396 5162 1849 5218 circumscribat
1889 5161 2084 5232 pupil-

408 5255 552 5323 lum,
615 5251 847 5308 fraudat
901 5251 1234 5324 proximum
1292 5267 1488 5308 suum.
1522 5251 1626 5307 Vas
1653 5251 1811 5308 enim
1839 5251 1922 5306 illi
1981 5249 2084 5320 qui

409 5345 840 5419 congregatam
867 5339 1006 5397 dolo
1063 5339 1240 5396 habet
1268 5339 1684 5408 substantiam,
1716 5344 1780 5396 et
1823 5342 1890 5396 in
1947 5354 2084 5395 san-

483 5487 597 5557 (20)
629 5485 776 5543 Mss.
811 5481 1098 5557 nonnulli,
1136 5505 1161 5532 α
1193 5481 1432 5557 alligata
1461 5484 1588 5557 sint
1610 5483 1838 5538 sensui.
1878 5503 1900 5530 ιι

482 5554 597 5628 (21)
621 5559 768 5614 Mss.
791 5556 1082 5629 plerique,
1101 5576 1126 5603 α
1151 5555 1259 5610 sed
1273 5555 1468 5629 dicat:
1495 5554 1562 5608 Et
1579 5554 1702 5629 ipsa
1725 5559 1902 5629 terra,
1923 5555 2032 5610 etc.
2057 5572 2076 5602 ιι

483 5623 597 5698 (22)
629 5623 1117 5698 Nonnulli_niss.,
1155 5645 1178 5674 ι
1213 5624 1365 5680 mala
1396 5627 1454 5678 et
1483 5623 1826 5698 opprobria.
1859 5643 1880 5670 η

483 5693 600 5773 (23)
631 5699 808 5772 Edit.,
847 5714 872 5748 α
903 5696 1034 5759 Sibi
1059 5697 1259 5770 ipsum
1287 5693 1728 5768 unusquisque.
1764 5712 1785 5742 ι

1841 259 1910 335 S.
1954 267 2398 338 AMBROSII.

3688 277 3797 348 920

2183 475 2360 542 guine
2405 473 2657 530 aediﬁcat
2708 475 2999 530 civitatem
3057 477 3300 542 (Hebae.
3333 495 3392 549 ιι,
3426 479 3532 548 12),
3587 479 3641 534 id
3695 484 3795 548 est,

2184 557 2330 618 757
2362 567 2612 619 animam
2642 565 2844 621 suam!
2884 568 3023 620 Haec
3071 573 3163 622 est
3193 570 3366 635 enim,
3419 585 3546 638 quis
3575 570 3802 625 aediﬁca-

2179 657 2276 708 tur
2305 657 2458 709 sicut
2506 655 2713 709 civitas
2773 656 2959 724 (l’sal.
2995 672 3154 723 cxxr,
3186 657 3261 727 3).
3321 657 3482 711 lianc
3538 659 3802 714 civitatem

2183 759 2300 798 non
2331 744 2581 798 aedificat
2635 744 2899 811 avaritia,
2933 745 3038 798 sed
3097 746 3382 800 destruit:
3417 761 3529 800 non
3580 747 3807 802 aediﬁcat

2179 831 2384 900 libido,
2419 833 2524 887 sed
2555 835 2750 888 exurit
2794 836 2968 904 atque
3001 834 3279 888 incendit.
3312 833 3416 888 Vis
3465 834 3612 890 bene
3639 834 3806 890 inditi-

2179 937 2316 978 care
2345 922 2636 978 civitatem
2659 923 2688 976 ἱ)
2722 944 2744 970 α
2780 923 2991 977 Melius
3022 928 3115 978 est
3143 925 3430 995 exiguum
3459 939 3587 978 cum
3616 923 3712 978 Dei
3737 923 3805 978 ti-

2179 1027 2363 1080 more,
2388 1027 2560 1082 quam
2593 1011 2852 1066 thesauri
2879 1013 3075 1083 magni
3106 1012 3236 1066 sine
3257 1013 3463 1066 timore
3492 1011 3688 1072 (Prov.
3717 1027 3805 1082 xv,

2177 1099 2286 1161 16).
2325 1123 2347 1148 u
2414 1099 2640 1154 Divitiae
2671 1099 2927 1154 hominis
2987 1102 3056 1154 ad
3106 1100 3564 1171 redemptionem
3617 1100 3806 1156 animai

2173 1188 2388 1244 debent
2407 1187 2714 1259 proiicere,
2735 1205 2852 1244 non
2881 1189 2953 1243 ad
2985 1189 3468 1245 destructionem.
3503 1189 3572 1243 Et
3598 1188 3808 1244 thesau~

2174 1293 2278 1334 rus
2307 1278 2630 1348 redemptio
2660 1281 2770 1346 est,
2805 1280 2859 1332 si
2887 1279 3022 1350 quis
3054 1295 3124 1333 eo
3169 1279 3321 1333 bene
3351 1281 3578 1333 utatur:
3637 1280 3690 1332 et
3713 1278 3802 1334 ite-

2174 1383 2301 1422 rum
2323 1367 2570 1438 laqueus
2595 1371 2704 1434 est,
2739 1367 2790 1420 si
2813 1367 2948 1438 quis
2987 1368 3070 1422 uti
3099 1367 3327 1421 nesciat
3360 1366 3564 1436 (Prov.
3598 1381 3714 1434 xui,
3740 1365 3808 1434 'l).

2173 1455 2322 1522 Quid
2369 1458 2523 1510 enim
2570 1456 2789 1510 homini
2835 1457 3082 1526 pecunia
3116 1472 3246 1524 sua,
3282 1456 3400 1509 nisi
3429 1455 3678 1526 quodam
3705 1453 3805 1508 via-

2173 1545 2353 1600 ticum
2387 1546 2524 1600 est?
2573 1545 2750 1598 Multa
2782 1545 2968 1612 oneri,
3021 1545 3321 1599 moderata
3372 1545 3528 1598 usui.
3570 1543 3810 1598 Viatores

2175 1649 2386 1688 sumus
2406 1635 2542 1688 vitis
2565 1633 2734 1704 ejus:
2769 1635 2932 1688 multi
2963 1634 3282 1695 ambulant,
3339 1633 3449 1687 sed
3479 1647 3624 1702 Opus
3651 1633 3736 1686 est
3761 1632 3814 1686 ut

2174 1723 2474 1795 quisbene
2494 1726 2790 1790 transeat;
2821 1738 2952 1776 curn
2987 1723 3086 1776 illo
3116 1723 3272 1776 enim
3303 1725 3399 1776 est
3432 1721 3702 1776 Dominus
3728 1717 3810 1774 Je-

2174 1828 2304 1880 sus,
2337 1812 2438 1884 qui
2466 1813 2616 1867 bene
2647 1812 2875 1866 transit.
2911 1811 3167 1882 Ideoque
3200 1810 3392 1881 legis:
3421 1832 3444 1856 «
3477 1809 3538 1865 Si
3569 1813 3810 1863 transeas

2172 1917 2280 1972 per
2295 1917 2526 1972 aquam,
2547 1905 2740 1956 tecum
2759 1917 2966 1970 suum;
2998 1900 3238 1955 flumina
3269 1903 3325 1954 te
3351 1915 3466 1953 non
3485 1895 3812 1952 concludent

2176 2006 2287 2044 nec
2317 1989 2476 2062 ignis
2507 1993 2716 2044 exuret
2744 1990 3095 2044 vestimenta
3140 1992 3258 2055 tua,
3311 1989 3367 2042 si
3397 1991 3662 2042 transeas
3685 1985 3810 2055 (Isa.

2175 2095 2332 2144 xmu,
2369 2078 2443 2148 2).
2480 2101 2502 2126 »
2536 2077 2648 2142 Qui
2675 2083 2866 2132 autem
2897 2079 3095 2150 ignem
3124 2077 3328 2150 alligat
3361 2079 3418 2131 in
3451 2089 3692 2146 corpore
3717 2087 3812 2127 suo

2177 2167 2384 2230 (Prov.
2409 2182 2488 2235 vi,
2513 2166 2624 2236 27,,
2649 2167 2847 2238 ignem
2865 2167 3149 2234 libidinis,
3177 2167 3378 2238 ignem
3397 2163 3712 2220 immodica:
3731 2175 3816 2216 cu-

2173 2256 2452 2325 piditatis,
2489 2273 2603 2312 non
2634 2257 2866 2322 transit,
2897 2255 3004 2310 sed
3037 2256 3232 2311 exurit
3289 2254 3655 2308 involucrum
3683 2248 3819 2306 istud

2174 2346 2385 2399 animae
2403 2362 2550 2398 suae.
2573 2345 2926 2399 Praeclarior
2953 2347 3044 2399 est
3074 2345 3226 2398 bona
3281 2341 3638 2398 existimatio
3665 2353 3816 2411 quam

2176 2435 2444 2504 pecunia,
2479 2438 2533 2489 et.
2565 2449 2748 2503 super
2775 2449 2983 2488 omnes
3013 2433 3240 2504 argenti
3277 2446 3532 2486 acervos
3571 2430 3713 2484 bona
3741 2427 3819 2481 est

2177 2524 2360 2594 gratia
2384 2522 2592 2590 (Prov.
2617 2539 2760 2582 xxii,
2791 2522 2864 2582 1).
2897 2520 3076 2576 Fides
3097 2524 3222 2592 ipsa
3237 2519 3503 2574 abundat
3533 2519 3664 2585 sibi,
3695 2514 3820 2570 satis

2175 2627 2473 2682 superque
2507 2627 2692 2666 censu
2738 2627 2849 2666 suo
2882 2611 3076 2664 dives.
3127 2609 3392 2680 Sapienti
3427 2621 3655 2680 quoque
3699 2603 3822 2658 nihil

2125 2719 2132 2724 δ
2175 2700 2450 2763 alienum.
2478 2701 2594 2754 nisi
2615 2699 2771 2770 quod
2797 2699 2994 2752 virtuti
3025 2699 3426 2770 incongruum
3453 2713 3466 2753 :
3499 2707 3821 2768 quocunque

2175 2790 2499 2844 accesserit
2521 2787 2654 2856 (21),
2683 2789 2939 2842 inveniet
2969 2803 3075 2841 sua
3109 2789 3327 2842 omnia.
3379 2787 3563 2842 Totus
3594 2781 3820 2839 mundus

2175 2877 2487 2949 possessio
2511 2877 2645 2948 ejus
2669 2880 2780 2941 est,
2807 2876 3091 2948 quoniam
3109 2878 3230 2930 toto
3253 2891 3324 2930 eo
3346 2874 3522 2948 quasi
3541 2873 3731 2929 utitur.

2250 2985 2335 3040 12.
2393 2982 2540 3048 Quid
2603 2983 2784 3056 igitur
2843 2981 3366 3037 circumscribitur
3423 2980 3648 3038 frater?
3694 2973 3824 3042 Quid

2176 3073 2482 3128 fraudetur
2511 3071 2914 3126 mercenarius
2937 3073 2965 3125 ἱ)
2999 3071 3130 3125 Νοιι
3151 3087 3390 3142 magno,
3424 3069 3612 3142 inquit
3638 3065 3820 3138 (Prov.

2177 3180 2256 3228 Vl,
2276 3162 2387 3228 2‘5),
2414 3161 2574 3214 lucra
2598 3161 2669 3216 de
2720 3161 2992 3215 mercede
3044 3159 3402 3230 meretricis,
3435 3159 3493 3213 id
3523 3161 3630 3226 est,
3661 3152 3822 3210 lubri-

2181 3266 2267 3304 cas
2301 3251 2475 3303 istius
2509 3249 2868 3321 fragilitatis.
2926 3249 3206 3304 Meretrix
3236 3247 3353 3302 ista
3387 3263 3507 3303 non
3549 3242 3820 3318 specialis,

2179 3339 2283 3394 sed
2317 3339 2549 3408 publica
2581 3343 2707 3393 est:
2743 3355 2856 3392 non
2893 3353 3006 3392 una
3040 3337 3270 3405 mulier,
3307 3337 3419 3391 sed
3476 3351 3622 3407 vaga
3653 3331 3821 3389 omnis

2179 3429 2470 3498 cupiditas
2501 3427 2782 3482 meretrix
2813 3430 2923 3481 est.
2959 3426 3164 3480 Omnis
3197 3425 3471 3496 perﬁdia,
3507 3424 3692 3480 omnis
3719 3419 3818 3475 fal-

2178 3517 2325 3572 lacia
2360 3519 2658 3582 meretrix,
2689 3533 2804 3570 non
2839 3517 2935 3570 illa
2969 3516 3116 3576 sola,
3151 3531 3286 3588 quae
3317 3529 3538 3587 corpus
3556 3506 3823 3584 prostituit

2179 3623 2389 3674 suum;
2423 3607 2527 3662 sed
2563 3606 2756 3660 omnis
2797 3605 2990 3659 anima
3021 3621 3154 3676 quae
3206 3619 3378 3676 spem
3412 3617 3580 3658 suam
3623 3596 3818 3664 vendit,

2181 3713 2312 3768 quae
2334 3695 2633 3752 deformes
2652 3701 2918 3766 quaestus
2941 3695 3373 3766 etdegenerem
3395 3693 3603 3764 stipem
3615 3685 3820 3762 quaerit.

2182 3785 2253 3840 Et
2275 3802 2384 3840 nos
2407 3784 2751 3840 mercenarii
2780 3799 3013 3849 sumus,
3045 3783 3144 3854 qui
3168 3781 3606 3837 ad-mereedem
3625 3777 3822 3833 labora-

2180 3891 2334 3941 mus,
2359 3873 2616 3945 ethujus
2640 3875 2842 3942 operis
2862 3873 3047 3926 nostri
3090 3871 3444 3927 mercedens
3476 3879 3770 3942 speramus
3795 3876 3824 3915 a

2185 3964 2431 4018 Domino
2454 3965 2658 4017 nostro
2673 3967 2730 4016 et
2749 3951 2888 4017 Deo.
2907 3960 2967 4016 Si
2995 3961 3130 4032 quis
3153 3963 3526 4032 cognoscere
3543 3957 3824 4027 vultquam

2184 4051 2788 4118 mercenariisumus,
2821 4050 3022 4104 audiat
3049 4049 3372 4105 dicentem:
3413 4071 3436 4096 α
3473 4046 3710 4115 Quantis
3736 4055 3820 4114 pa-

2187 4142 2362 4196 nibus
2401 4139 2748 4195 mercenarii
2785 4139 2970 4210 patris
3003 4138 3117 4192 mei
3145 4135 3480 4193 abundant!
3520 4151 3629 4209 ego
3657 4133 3823 4188 autem

2186 4230 2282 4286 hic
2306 4229 2456 4283 fame
2480 4244 2656 4299 pereo
2677 4228 2840 4298 (Luc.
2862 4227 3120 4298 xv,.l'i);
3159 4248 3180 4276 υ
3217 4231 3272 4282 et
3303 4227 3496 4282 infra:
3533 4247 3554 4272 «
3589 4222 3699 4278 Fac
3726 4232 3820 4286 me,

2185 4319 2394 4390 inquit,
2427 4319 2582 4372 sicut
2628 4333 2808 4372 unum
2859 4316 3362 4372 mercenariorum
3409 4319 3640 4370 tuorum
3667 4305 3820 4379 (Ibid.

2187 4407 2295 4477 19).
2319 4408 2538 4464 Omnes
2558 4408 2926 4472 mercenarii,
2953 4421 3160 4460 omnes
3203 4405 3458 4475 operarii
3485 4421 3498 4460 :
3531 4403 3628 4474 qui
3657 4405 3822 4455 tamen

2187 4497 2439 4552 fructum
2459 4499 2764 4567 exspectat
2796 4495 3040 4564 laboris,
3095 4494 3435 4549 consideret
3475 4489 3628 4564 quod
3666 4488 3714 4542 is
3737 4480 3821 4554 qui

2096 4586 2152 4650 D
2185 4587 2362 4641 alium
2397 4586 2667 4640 mercede
2703 4585 3060 4638 fraudaverit
3083 4583 3298 4650 debita,
3323 4588 3378 4637 et
3402 4583 3530 4652 ipse
3561 4571 3822 4633 fraudabi-

2185 4681 2281 4730 tur
2301 4692 2428 4730 sua.
2456 4673 2827 4730 Foeneratum
2860 4673 3018 4727 istud
3051 4671 3310 4735 oil'euilit,
3333 4677 3390 4726 et
3418 4673 3618 4742 postea
3647 4676 3819 4719 cumu-

2184 4765 2392 4820 latiore
2425 4779 2704 4819 mensura
2736 4761 3026 4816 exsolvet.
3061 4760 3220 4833 Ergo
3250 4760 3348 4832 qui
3381 4774 3498 4814 non
3528 4755 3646 4810 vult
3671 4748 3817 4806 amita

2187 4857 2310 4909 tere
2367 4852 2522 4924 quod
2557 4855 2649 4907 est
2706 4853 3076 4922 perpetuum,
3110 4865 3227 4905 non
3288 4847 3494 4921 eripiat
3539 4843 3635 4899 alii
3685 4834 3818 4912 quod

2188 4943 2508 5014 temporale
2539 4944 2652 4996 est.

2262 5050 2349 5105 13.
2382 5049 2572 5106 Nemo
2602 5047 2780 5113 etiam
2813 5047 2872 5101 in
2923 5045 3060 5101 dolo
3105 5045 3382 5117 loquatur
3410 5041 3482 5097 ad
3512 5037 3810 5112 proximum

2191 5156 2387 5195 suum.
2423 5138 2698 5209 Laqueus
2728 5140 2819 5190 est
2849 5135 2909 5189 in
2937 5135 3114 5190 labiis
3147 5134 3387 5192 nostris,
3417 5134 3473 5187 et
3492 5142 3646 5200 saepe
3661 5134 3816 5209 unus-

2188 5229 2444 5302 quisque
2475 5205 2854 5282 sermonibus
2873 5223 3006 5278 suis
3036 5239 3151 5279 non
3171 5221 3514 5294 explicatur,
3540 5215 3637 5306 sed
3656 5205 3813 5306 involo

2189 5297 2584 5386 vilur—{Prom
2619 5332 2698 5386 γι,
2731 5315 2809 5384 2).
2866 5313 3064 5369 Fovca
3125 5312 3238 5366 alia
3289 5315 3377 5364 cst
3434 5323 3504 5364 os
3535 5297 3809 5361 malevoli:

2260 5461 2374 5531 ("21)
2405 5459 2550 5516 Mss.
2583 5474 2702 5514 non
2733 5456 2904 5531 pauci
2937 5458 3143 5531 etcum
3175 5454 3269 5531 his
3294 5465 3496 5531 omnes
3523 5445 3672 5531 edit...
3697 5449 3812 5531 ξ

2860 5508 2905 5575 -ιι
2940 5508 3334 5600 Sednverliuin
3353 5525 3413 5600 in
3427 5522 3612 5580 veniet
3629 5508 3684 5574 ill
3701 5508 3809 5585 ΡῙιι·

2190 5607 2356 5660 ribus
2389 5597 2455 5658 ac
2486 5601 2816 5675 potioribus
2849 5615 2995 5654 mss.
3031 5598 3295 5654 invenire
3324 5597 3431 5652 est.
