3942 6168
506 265 638 340 m

581 478 1196 553 speraret._postqgam
1217 476 1630 553 ceiebrassent
1651 478 1791 537 initi
1813 479 1923 538 abs
1947 496 2014 538 se
2026 479 2183 553 epis-

581 545 822 616 copatus
849 545 1207 625 diem_.'Suas
1239 551 1316 605 ad
1345 551 1454 606 hoc
1496 567 1717 625 preces
1765 554 1823 608 ei
1855 545 2177 625 promittit.

579 625 924 694 mutuasque
961 618 1035 672 ab
1065 619 1284 694 eodeni
1307 618 1588 693 reposcit,
1626 624 1760 678 dum
1795 618 2183 694 ingredietur

583 686 802 766 Sancta
826 686 1214 766 sanctorum;
1235 686 1388 746 Tum'
1415 710 1540 766 (μω
1576 686 1709 748 illic
1738 686 2175 766 contineantur,

579 759 836 839 mystice
853 759 1148 839 decursis,
1171 761 1405 839 FELlCiS
1418 759 1998 839 administrationem
2016 759 2178 838 prae-1

585 829 766 899 dieat,
793 830 1227 906 polliceturque
1265 834 1572 905 adjutores
1602 837 1660 890 ei
1699 853 1813 892 non
1842 829 2176 892 defuturos.

834 939 1176 995 Αιωιιοειυε
1213 957 1402 998 ηιιαι
1442 941 1693 998 salutem
1722 942 1858 1014 (41),

585 1039 634 1099 1.
655 1041 781 1099 Etsi
798 1041 1003 1100 habitu
1023 1047 1293 1118 corporis
1315 1047 1512 1104 minus
1541 1049 1834 1120 valebam,
1864 1053 2059 1106 tamen
2075 1049 2178 1106 ubi

509 1145 850 1188 sermonem
870 1134 1132 1190 unanimi
1161 1135 1300 1192 mihi
1335 1139 1596 1207 pectoris
1625 1139 1710 1194 tui
1740 1137 1882 1212 legi,
1916 1154 2034 1195 non
2063 1155 2180 1194 mc-

511 1219 776 1276 diocrem
807 1223 1036 1293 sumpsi
1055 1223 1128 1278 ad
1151 1224 1688 1282 convalescendum
1711 1228 1981 1300 gratiam,
2004 1229 2178 1300 quasi

512 1309 767 1380 quodam
799 1309 881 1365 tui
911 1309 1154 1382 alloquii
1185 1311 1382 1384 puleio
1411 1313 1524 1384 (42)
1547 1315 1772 1372 refotus
1798 1333 1813 1386 ;
1846 1316 2023 1372 simul
2041 1318 2178 1390 quia

514 1397 810 1454 celebrem
829 1399 1062 1472 utrique
1082 1404 1351 1457 nostrum
1375 1403 1734 1459 annuntiasti
1759 1403 1914 1460 diem
1949 1406 2018 1460 ad
2029 1405 2174 1470 fore,

511 1500 630 1558 quo
662 1487 980 1558 suscepisti
1014 1488 1420 1561 gubernacula
1460 1493 1682 1547 summi
1732 1493 2071 1562 sacerdotii,
2104 1494 2176 1550 de

507 1589 626 1646 quo
646 1577 780 1631 ante
805 1581 1161 1634 momentum
1179 1595 1314 1634 cum
1338 1579 1517 1637 fratre
1535 1585 1741 1637 nostro
1759 1582 2050 1637 Bassiano
2063 1582 2178 1654 (43)

505 1663 816 1736 loquebar.
866 1664 1044 1722 Ortus
1101 1667 1261 1724 enim
1291 1683 1492 1724 sermo
1546 1670 1620 1726 de
1652 1670 1940 1740 basilicae,
2001 1687 2179 1742 quam

509 1752 770 1808 condidit
809 1753 1218 1825 apostolorum
1269 1757 1530 1828 nomine,
1582 1758 1972 1830 dedicatione,
2018 1760 2182 1816 dedit

509 1840 648 1897 huic
665 1843 927 1898 sermoni
949 1843 1102 1900 viam
1129 1860 1141 1902 :
1178 1845 1475 1918 siquidem
1506 1847 1886 1920 signiﬁcabat
1911 1849 2072 1921 quod
2089 1865 2180 1906 se-

506 1929 650 1988 dulo
677 1934 796 1987 tuae
821 1936 1117 2004 quaereret
1145 1935 1478 1991 sanctitatis
1508 1937 1905 2008 prmsentiam.

583 2036 638 2093 2.
671 2037 820 2094 Tum
867 2054 982 2112 ego
1013 2041 1239 2096 nostris
1289 2041 1508 2098 tabulis
1542 2043 1768 2099 intexui
1824 2043 1980 2100 diem
2011 2046 2178 2099 nata-

509 2124 590 2182 iis
619 2125 735 2197 (44)
763 2127 868 2196 tui,
903 2129 1004 2200 qui
1045 2128 1197 2186 foret
1226 2131 1286 2186 in
1327 2131 1574 2188 exordio
1607 2133 1737 2202 ipso
1781 2131 2176 2189 Kalendarum
2235 2143 2242 2150 ’

507 2213 972 2274 Novembrium:
1007 2233 1278 2292 eumque,
1313 2221 1366 2275 si
1399 2236 1519 2276 non
1566 2221 1822 2288 fallerer,
1855 2223 2176 2293 appropin-

507 2319 751 2376 quasse,
776 2308 835 2362 et
853 2306 1077 2362 castina
1103 2307 1524 2366 celebrandum
1569 2309 1663 2365 die
1687 2326 1702 2380 ;
1737 2311 1894 2367 unde
1925 2311 2176 2382 posthac

507 2407 628 2450 non
657 2398 1100 2451 excusaturum.
1135 2396 1387 2454 Promisi
1416 2413 1564 2471 ergo
1597 2398 1670 2455 de
1700 2402 1776 2468 te,
1810 2400 2089 2472 quoniam
2119 2403 2179 2457 et

507 2480 615 2538 tibi
641 2481 702 2538 id
763 2499 854 2540 me
902 2483 1078 2541 licet:
1139 2485 1386 2556 promisi
1417 2486 1522 2554 illi,
1574 2487 1748 2560 exegi
1782 2488 1959 2557 mihi;
2019 2505 2176 2560 pree-

504 2573 803 2643 sumptum
815 2571 972 2630 enim
993 2573 1184 2630 habeo
1205 2575 1362 2648 quod
1384 2573 1674 2630 affuturus
1701 2577 1814 2646 sis,
1837 2578 1972 2648 quia
1988 2577 2174 2633 debes

509 2658 748 2716 adesse.
781 2660 915 2717 Non
945 2676 1092 2735 ergo
1121 2665 1177 2719 te
1209 2663 1402 2734 magis
1419 2679 1612 2719 meum
1633 2665 1993 2734 promissum
2014 2669 2175 2721 tene-

507 2746 617 2817 bit,
641 2764 818 2821 quam
847 2752 1011 2806 tuum
1057 2751 1410 2820 institutum,
1445 2754 1546 2824 qui
1597 2753 1654 2808 id
1687 2752 1745 2808 in
1793 2755 2053 2810 animum
2084 2755 2174 2809 in-

503 2836 866 2908 dueris(t5),
891 2842 954 2896 ut
993 2839 1153 2912 quod
1191 2843 1422 2912 oportet
1443 2841 1650 2898 facias.
1680 2843 1956 2898 Advertis
1977 2844 2170 2916 itaque

503 2927 644 3000 quia
679 2942 798 2984 non
819 2931 936 2983 tam
976 2929 1256 3000 promissi
1298 2929 1513 2998 audax,
1549 2945 1724 3004 quam
1751 2931 1837 2988 tui
1887 2933 2170 2990 conscius

504 3013 672 3074 fratri
717 3017 1031 3090 spopondi.
1065 3018 1214 3074 Veni
1262 3019 1464 3092 igitur,
1513 3036 1587 3076 ne
1629 3020 1780 3076 duos
1825 3022 2172 3078 sacerdotes

504 3104 870 3180 redarguas:
901 3109 980 3177 te,
1026 3109 1128 3181 qui
1158 3123 1277 3165 non
1323 3108 1628 3180 adfueris;
1676 3112 1732 3166 et
1776 3125 1888 3180 me,
1923 3110 2025 3184 qui
2055 3114 2172 3166 tam

504 3192 680 3252 facile
709 3197 1105 3267 promiserim.

572 3300 627 3356 3.
662 3301 928 3359 Natalem
947 3307 1141 3360 autem
1161 3308 1323 3361 tuum
1345 3321 1779 3378 prosequemur
1795 3307 2018 3362 nostris
2040 3321 2170 3362 ora-

502 3390 788 3461 tionibus,
812 3395 869 3448 et
897 3396 959 3448 tu
989 3395 1176 3450 nostri
1208 3396 1265 3450 in
1298 3395 1416 3450 tuis
1438 3411 1556 3450 non
1586 3397 1744 3451 votis
1766 3395 2165 3452 obliviscaris.

502 3479 586 3536 Te
632 3483 838 3538 noster
882 3482 1130 3554 spiritus
1174 3484 1579 3541 comitabitur:
1632 3488 1694 3541 tu
1745 3500 1982 3557 quoque
2034 3501 2169 3540 cum

504 3569 863 3643 ingrediaris
895 3571 1224 3628 secundum
1254 3573 1720 3642 tabernaculum,
1766 3574 1924 3647 quod
1954 3575 2170 3630 dicitur

501 3657 716 3715 Sancta
749 3663 1089 3717 sanctorum
1138 3661 1355 3730 (Exod.
1399 3679 1562 3730 xxvr,
1593 3663 1720 3732 3t):
1754 3663 1930 3719 facito
1961 3666 2167 3720 nostro

504 3762 686 3815 more,
714 3751 776 3804 ut
803 3764 914 3804 nos
946 3765 1185 3824 quoque
1214 3753 1411 3807 tecum
1458 3751 1730 3808 inducas.
1765 3752 1912 3808 Cum
1955 3752 2168 3824 spiritu

573 3890 688 3960 (41)
724 3891 944 3948 Omnes
981 3893 1144 3966 edit,
1190 3915 1214 3944 ι
1249 3893 1431 3950 Felici
1475 3893 1750 3950 Comensi
1782 3894 2100 3966 episcopo:
2137 3917 2164 3946 ιι

504 3974 713 4036 omnes
743 3979 925 4036 ms_s.,
956 3985 980 4012 κ
1015 3963 1196 4020 Felici
1227 3966 1499 4030 salutem,
1536 3989 1559 4013 η
1592 3963 2074 4036 praeterpauc'os
2105 3966 2166 4022 in

503 4033 724 4101 quibus
746 4034 1031 4090 omittitur
1072 4059 1094 4083 «
1138 4037 1410 4100 salutem,
1438 4055 1460 4085 ι
1494 4039 1551 4089 et
1586 4035 1813 4090 Thuan.
1850 4033 1950 4092 ubi
1983 4039 2162 4092 habeo

500 4105 598 4157 tur
629 4123 652 4154 ι
691 4102 1008 4160 Feliciauo.
1044 4129 1066 4154 ιι
1103 4106 1234 4161 Non
1265 4106 1412 4162 satis
1440 4111 1620 4162 recte.
1661 4107 1829 4161 Hunc
1860 4125 2037 4164 nor-ro
2068 4108 2170 4164 Fe-

502 4125 598 4157 ιιιι*
629 4125 652 4154 1
693 4125 1008 4160 [6110111110.
1044 4129 1066 4154 η
1103 4125 1234 4161 non
1265 4125 1412 4162 88MB
1440 4125 1620 4162 Γθοιθ.
1662 4125 1829 4161 nunc
1860 4125 2037 4178 ρΟῐἸὈ
2068 4125 2168 4164 ΓΘ·

499 4171 675 4250 licem
695 4173 974 4231 Comensi
1021 4177 1264 4250 diocresi
1310 4176 1628 4250 praefuisse
1661 4177 1840 4249 hujus
1899 4179 2168 4250 epistola)

499 4249 819 4318 contextus
839 4251 1039 4318 aperte
1062 4247 1270 4318 probat
1293 4247 1614 4318 {eumdem
1643 4247 1834 4306 autem
1868 4247 2008 4306 esse
2032 4267 2168 4306 cum

498 4331 592 4386 eo,
615 4317 688 4390 ad
709 4317 888 4390 quem
906 4317 1105 4374 datam
1143 4322 1238 4375 est
1277 4319 1558 4389 superius
1579 4321 1940 4390 epistolium,
1981 4338 2100 4376 non
2134 4338 2167 4377 θ

499 4389 885 4465 nomine’splo
908 4390 1107 4465 colligi
1129 4389 1852 4465 datur,_sed_poti_ssimum
1878 4409 1952 4447 ex
1984 4409 2168 4465 argu-

501 4461 680 4536 menti
712 4459 1015 4536 afﬁnitate.
1058 4459 1204 4536 Cum
1237 4463 1397 4536 enim
1441 4462 1622 4536 Felici
1665 4465 1973 4536 excusanti
2005 4459 2166 4536 quod

501 4531 632 4604 ipse
654 4547 771 4588 non
793 4533 1078 4593 venisset.
1097 4533 1329 4604 priores
1362 4533 1572 4588 littera)
1593 4533 1900 4590 destinatae
1935 4531 2160 4603 essent,

503 4602 596 4659 lim
610 4619 728 4659 non
742 4604 1060 4660 obscuram
1074 4602 1348 4675 ejusdem
1359 4605 1764 4659 excusationis
1779 4606 2000 4660 faciunt
2012 4602 2168 4660 men-

498 4675 739 4748 tionem.
771 4675 934 4730 Adde
945 4676 1104 4748 quod
1127 4679 1371 4748 utraque
1392 4675 1463 4730 ad
1489 4675 2036 4748 familiarissimum,
2055 4693 2164 4731 nec

502 4691 739 4731 nonem.
771 4691 1104 4801 auaequou
1127 4691 1371 4748 utraque
1392 4691 1463 4730 au
1489 4691 2036 4740 iamuiarissmum.
2055 4693 2162 4731 nec

502 4745 685 4830 nimio
713 4745 961 4830 i'i‘iterval
987 4761 1024 4803 o
1055 4749 1345 4828 semotum
1405 4747 1643 4830 scriptae
1699 4751 2162 4830 cognoscuntur.

501 4814 700 4886 Hujus
719 4817 957 4884 Felicis,
977 4818 1154 4886 cujus
1178 4833 1392 4874 nomen
1414 4814 1756 4873 sanctorum
1778 4814 2046 4886 catalogo
2079 4819 2166 4874 in-

499 4887 626 4958 seri
656 4888 886 4952 meruit.
918 4888 1134 4946 festum
1166 4890 1534 4944 renuntiatur
1565 4888 1754 4958 pridie
1802 4889 1942 4944 ldus
1974 4887 2164 4945 Julias

498 4956 562 5030 in
593 4956 724 5030 haec
773 4959 992 5016 verba:
1045 4981 1067 5011 ε
1105 4959 1432 5016 Novocomi
1481 4956 1671 5030 sancti
1721 4959 1941 5016 Felicis
1992 4961 2163 5030 primi

501 5026 774 5154 eiusdem
807 5031 1060 5084 civitatis
1090 5031 1377 5101 episcopi.
1412 5054 1435 5079 ιι
1460 5029 1606 5086 Eum
1631 5030 1924 5102 Ughellus
1946 5026 2165 5086 asserit

501 5113 530 5154 ι
628 5099 948 5158 Ambrosio
1010 5118 1128 5158 non
1185 5105 1460 5158 tanquam
1521 5103 1992 5158 metronolitano.
2055 5103 2164 5158 sed

495 5113 574 5154 ID
628 5113 948 5158 Δηιυνοειο
1010 5118 1128 5158 non
1185 5113 1460 5165 tanquam
1521 5113 1992 5165 metropolitano,
2055 5119 2121 5158 SB

495 5117 574 5154 an
628 5117 948 5158 AMDI‘OSIO
1010 5118 1128 5158 non
1185 5117 1460 5174 tanquam
1521 5117 1992 5172 metropoutano,
2055 5117 2164 5158 seu

495 5172 775 5244 tanquam
807 5173 1137 5244 apostolico
1168 5173 1426 5244 legatum
1460 5173 1811 5244 episcopum
1851 5174 2164 5230 Comensis

499 5240 791 5316 Ecclesiae
821 5240 1011 5300 fuisse
1043 5240 1393 5316 institutum.
1426 5240 1562 5316 cu'm
1592 5240 1724 5316 haec
1765 5245 1944 5300 sedes
1978 5245 2162 5316 Aqui-

495 5311 714 5388 leiensi
727 5330 1028 5388 nunquam
1050 5314 1318 5387 subjecta
1338 5330 1454 5388 non
1473 5315 1668 5388 fuerit.
1697 5318 1770 5388 At
1789 5317 2012 5372 nullum
2036 5311 2167 5388 sen-

494 5385 696 5458 tentias
713 5401 841 5458 suae
863 5385 1271 5458 argumentum
1286 5385 1529 5456 profert.
1549 5385 1718 5458 Quod
1739 5403 1882 5444 vero
1895 5387 2166 5444 eumdem

495 5455 750 5527 primum
772 5455 1098 5515 Novocomi
1121 5455 1358 5514 sedisse
1382 5463 1580 5527 negat,
1616 5457 1674 5513 id
1701 5475 1815 5514 non
1839 5458 2054 5527 injuria
2089 5473 2166 5515 ex

495 5526 701 5604 ultima
721 5531 886 5604 parte
903 5529 1374 5604 bujusqepistolm
1390 5526 1581 5587 refelli
1603 5533 1818 5603 potest.
1859 5526 2164 5604 Expende,

494 5597 702 5670 lector,
724 5597 1160 5670 'etpronuntial

566 5666 681 5746 (32)
705 5666 978 5746 Ubi'edit.
1007 5694 1041 5746 «_
1050 5671 1311 5746 pulegio,
1338 5694 1362 5720 ιι
1381 5687 1528 5728 mss.
1553 5671 1772 5746 habent
1791 5673 2000 5746 partim
2019 5689 2164 5746 apu-

493 5737 592 5812 WB
617 5761 640 5788 η
661 5737 874 5812 partim
895 5754 917 5791 ι
941 5737 1162 5816 puleio.
1190 5737 1225 5796 ἶ
1239 5737 1312 5802 Et
1331 5755 1478 5801 sane
1495 5737 1811 5819 Magium
1823 5742 1882 5802 et
1899 5737 2163 5820 puleium

1952 273 2021 338 8.
2062 272 2503 340 AMBROSII.

3741 296 3830 362 Μ

2209 465 2263 531 Α
2291 481 2497 538 adoles
2514 497 2756 539 aureum
2772 481 2915 539 illud
2937 481 3460 555 thymiamaterium,
3489 504 3583 546 nos
3610 509 3672 548 ne
3688 494 3822 553 inter-

2293 573 2566 628 miseris:
2599 573 2796 642 ipsum
2824 575 2918 628 est
2947 573 3104 628 enim
3123 572 3278 644 quod
3313 573 3365 628 in
3383 579 3610 634 secundo
3637 575 3830 640 taberna.

2296 659 2428 714 culo
2457 664 2569 728 est,
2603 660 2674 716 de
2704 676 2820 732 quo
2851 661 3023 731 plena
3083 661 3378 731 sapientiai
3415 665 3574 721 oratio
3619 671 3698 723 tua
3724 674 3827 727 sicut

2289 749 2602 804 incensum
2632 749 2909 822 dirigitur
2939 749 3012 804 ad
3045 749 3322 805 cmlestia.

2361 855 2414 909 4.
2447 855 2535 909 lbi
2562 871 2699 910 arca
2758 855 3118 911 Testamenti
3165 855 3413 928 undique
3440 873 3565 914 auro
3603 862 3722 916 tecta
3745 866 3831 933 (461,

2292 934 2440 999 764
2469 942 2526 998 id
2558 947 2652 998 est
2705 943 2975 999 doctrina
3027 941 3272 1012 Christi,
3325 943 3564 1000 doctrina
3611 949 3834 1019 sapientia

2291 1031 2418 1086 Dei.
2452 1031 2538 1085 Ibi
2569 1031 2790 1087 dolium
2811 1046 3058 1087 aureum
3087 1030 3315 1086 habens
3336 1047 3560 1102 manna;
3587 1041 3832 1106 receptacu-

2290 1119 2412 1175 lum
2434 1119 2662 1176 scilicet
2678 1120 2965 1192 spiritalis
2987 1119 3304 1188 alimonim,
3317 1123 3369 1174 et
3385 1120 3579 1178 divina
3591 1129 3840 1196 promptae.

2289 1208 2444 1263 rium
2475 1209 2852 1282 cognitionis.
2890 1208 2978 1264 Ibi
3008 1209 3178 1282 virga
3228 1210 3418 1264 Aaron
3462 1209 3669 1283 insigna
3691 1228 3831 1268 sacer-

2289 1297 2502 1352 dotalis
2532 1298 2758 1370 gratim.
2791 1300 3042 1352 Aruerat
3070 1300 3224 1365 ante,
3258 1297 3362 1352 sed
3393 1297 3449 1352 in
3483 1297 3688 1354 Christo
3709 1302 3830 1356 reﬂo-

2288 1387 2424 1441 ruit.
2449 1387 2530 1441 lbi
2551 1386 2869 1442 Cherubim
2894 1401 3077 1458 super
3097 1385 3328 1440 tabulas
3343 1385 3685 1456 Testamenti,
3705 1387 3838 1444 lectio-

2289 1475 2385 1530 nis
2417 1475 2676 1546 cognitio
2707 1491 2921 1530 sacrm.
2957 1475 3043 1529 lbi
3073 1474 3547 1546 propitiatorium,
3566 1490 3716 1545 supra
3738 1479 3838 1546 quod

2288 1563 2348 1618 in
2379 1565 2638 1618 excelsis
2671 1564 2829 1618 Deus
2863 1563 3125 1618 Verbum
3146 1566 3260 1632 est,
3296 1563 3486 1634 imago
3503 1563 3766 1619 invisibilis
3779 1565 3839 1619 Dei

2287 1652 2541 1723 (Coloss.
2576 1671 2614 1721 ι,
2651 1653 2760 1722 15),
2795 1652 2954 1725 quod
2983 1651 3090 1706 tibi
3121 1651 3300 1707 dicit:
3337 1673 3360 1699 α
3393 1652 3842 1724 Loquartecumde-

2287 1756 2474 1812 super
2507 1741 2977 1812 propitiatorium
3018 1741 3090 1796 de
3131 1739 3325 1794 medio
3368 1739 3603 1796 duorum
3621 1741 3844 1796 Cherubin

2211 1841 2263 1906 Β
2287 1830 2503 1897 (Exod.
2539 1847 2680 1900 xxv,
2711 1831 2844 1900 22);
2881 1850 2903 1878 ι
2939 1829 3029 1885 sic
3057 1829 3216 1884 enim
3247 1829 3505 1900 loquitur
3521 1827 3790 1898 nobiscum,
3807 1833 3844 1882 ut

2291 1933 2404 1974 nos
2461 1918 2594 1991 ejus
2625 1933 2962 1974 sermonem
3017 1916 3461 1990 intelligamus:
3512 1916 3598 1972 vel
3624 1918 3734 1988 quia
3772 1932 3843 1970 non

2287 2008 2599 2075 mundana,
2659 2006 2766 2062 sed
2825 2005 3224 2078 intelligibilia
3281 2005 3550 2077 loquitur,
3595 2005 3725 2059 sicut
3756 2005 3838 2058 ait:

2292 2117 2316 2144 σι
2341 2097 2614 2168 Aperiam
2630 2097 2688 2150 in
2710 2095 3009 2166 parabolis
3030 2109 3100 2150 os
3119 2107 3316 2150 meum
3335 2093 3518 2163 (Psal.
3541 2109 3730 2160 nxxvu,
3753 2093 3809 2160 ε).
3833 2115 3845 2137 ι

2288 2185 2400 2240 Ubi
2423 2185 2578 2240 enim
2599 2184 2896 2251 Christus,
2921 2183 3000 2237 ibi
3025 2183 3242 2253 omnia,
3275 2181 3357 2236 ibi
3388 2180 3770 2252 doetrinaejus,
3791 2179 3841 2233 ibi

2284 2277 2660 2346 peccatorum
2692 2272 2990 2340 remissio,
3023 2271 3104 2326 ibi
3135 2271 3350 2344 gratia,
3381 2271 3463 2326 ibi
3482 2270 3738 2343 separatio
3756 2283 3851 2324 mor-

2285 2365 2520 2418 tuorum
2549 2378 2618 2417 ae
2648 2361 2992 2416 viventium.

2357 2469 2408 2524 5.
2437 2468 2506 2523 Et
2525 2471 2720 2522 Aaron
2742 2467 2980 2538 quidem
2996 2465 3181 2521 semel
3211 2464 3377 2520 stetit
3405 2465 3465 2518 in
3485 2463 3662 2519 medio
3694 2477 3848 2523 eorum,

2288 2557 2580 2629 objiciens
2604 2573 2690 2624 se,
2716 2571 2788 2611 ne
2813 2570 2972 2610 mors
2986 2553 3268 2608 transiret
3287 2553 3362 2608 ad
3384 2550 3851 2622 viventiumagmina

2286 2662 2320 2701 a
2350 2645 2661 2701 funeribus
2719 2647 3087 2700 mortuorum
3143 2641 3346 2712 (Num.
3405 2658 3525 2709 xw,
3555 2640 3638 2708 41,
3680 2636 3858 2706 48).Hic

2286 2739 2479 2790 autem
2527 2734 2698 2806 quasi
2759 2732 3020 2788 Verbum
3080 2746 3324 2802 semper
3381 2733 3499 2785 stat
3552 2731 3608 2782 in
3659 2725 3860 2798 singulis,

2285 2839 2459 2897 quem
2489 2840 2600 2878 nos
2633 2840 2750 2878 non
2783 2822 3074 2890 videmus,
3108 2821 3262 2875 intra
3295 2835 3410 2875 nos
3459 2831 3719 2890 separans
3741 2813 3864 2868 ratio-

2286 2913 2514 2968 nabiles
2535 2913 2781 2967 virtutes
2793 2928 2826 2966 a
2839 2909 3228 2965 cadaveribus
3245 2909 3597 2980 passionum
3610 2903 3858 2967 lethalium,

2285 3005 2340 3058 et
2360 3001 2756 3074 pestilentium
2779 3000 3224 3072 cogitationum.
3256 2998 3369 3052 llic
3391 2999 3526 3064 stat,
3559 2993 3707 3068 quasi
3732 2990 3864 3062 quiin

2285 3091 2443 3147 hunc
2462 3091 2742 3146 mundum
2773 3087 3020 3158 venerit,
3044 3091 3107 3143 ut
3129 3087 3409 3143 aculeum
3432 3085 3631 3140 mortis
3647 3081 3871 3138 hebetaret

2193 3191 2256 3262 ο
2283 3179 2496 3252 (Hebr.
2531 3178 2710 3248 ",14,
2748 3177 2852 3246 15),
2901 3177 3345 3232 devoratorium
3405 3174 3540 3246 ejus
3596 3167 3868 3262 obstruat-et.

2283 3269 2620 3324 viventibus
2651 3269 3034 3323 aeternitatem
3065 3265 3276 3338 gratiae
3307 3265 3498 3333 daret,
3532 3258 3790 3318 defunctis
3812 3268 3872 3309 re-

2283 3359 2712 3413 surrectionem
2743 3355 3113 3412 concederet.

2351 3463 2404 3518 6.
2431 3463 2581 3519 Huic
2604 3467 2666 3518 tu
2697 3463 2912 3518 milites
2943 3462 3155 3517 bonam
3187 3460 3460 3516 militiam
3508 3457 3556 3526 (Ι
3587 3455 3716 3512 Tim.
3743 3469 3774 3520 ι,
3801 3448 3868 3514 t8,

2281 3553 2465 3626 hujus
2483 3552 2815 3624 depositum
2838 3551 3126 3619 custodis,
3148 3549 3340 3621 hujus
3366 3547 3665 3620 pecuniam
3685 3542 3867 3626 teneras,

2280 3625 2610 3698 secundum
2632 3641 2790 3714 quod
2808 3641 3092 3711 scriptum
3115 3643 3207 3694 est
3227 3655 3242 3696 :
3285 3659 3308 3689 ι
3339 3634 3652 3694 Fenerabis
3671 3625 3872 3714 gentibus

2279 3732 2478 3802 (Deut.
2504 3747 2602 3800 xv,
2625 3711 2700 3801 ii).
2733 3751 2754 3778 ι»
2792 3731 3018 3786 Bonum
3037 3727 3213 3784 fenus
3237 3725 3530 3800 spiritalis
3551 3711 3871 3796 gratiae,quod

2280 3875 2484 3930 eadem
2507 3873 2688 3930 herba
2707 3876 2800 3928 est
2820 3889 2834 3940 ;
2866 3872 3122 3946 legimus
3140 3871 3302 3926 enim
3319 3870 3377 3924 in
3395 3861 3876 3946 glossisPhiloxem

2285 3978 2308 4001 «ι
2334 3955 2612 4026 puleium,
2637 3951 2845 4028 βλὴχων
2868 3941 2997 4008 sive
3019 3950 3258 4028 ﬂexam.
3281 3951 3392 4005 Est
3410 3941 3607 4028 etiam
3631 3941 3782 3998 herba
3807 3950 3874 4006 p0:

2279 4024 2420 4091 lium
2452 4024 2604 4091 dicta
2624 4024 2768 4107 ἰταρά
2789 4038 2874 4108 τῇς
2894 4024 3273 4108 πολιὸτητοςὶὸ
3305 4029 3544 4108 canitie.
3579 4027 3656 4108 pe
3697 4029 3878 4108 quam?

2276 4108 2581 4163 ambarum
2639 4094 2956 4160 virtutibus
3015 4104 3264 4160 consule
3328 4096 3724 4158 Dioscoridem
3758 4094 3878 4158 atque

2275 4179 2448 4234 alios.
3744 4237 3750 4240 _
3810 4231 3818 4240 .

2349 4228 2460 4320 (is)
2483 4249 2625 4305 Cod.
2651 4249 2794 4302 Last.
2829 4251 2885 4302 et
2905 4245 3121 4320 Cum,
3204 4245 3574 4320 Bessilianm
3607 4228 3880 4320 ξ’..οεθὶθῖἷῖί

2277 4307 2498 4392 βᾶῖι.,’ᾳ
2536 4321 2844 4392 Bassiano.
2885 4342 2906 4366 ιι
2938 4307 3317 4392 Subscripsit
3353 4318 3407 4370 is
3455 4307 3694 4392 conciiio

2275 4369 2857 4460 iéiéh’sifeiéﬁisiélié
2885 4369 3306 4460 ad's‘jii’éa‘im,
3447 4381 3740 4460 utrobique
3772 4369 3880 4460 sui!

2275 4445 2333 4517 et
2353 4445 3056 4534 apudFPaiilinuminrvita
3090 4445 3400 4534 ambrosii
3433 4445 3882 4534 vocat‘urlauilflr

2198 4550 2256 4614 ι)
2277 4515 3044 4614 siseiriscopus.‘Basilica).
3061 4530 3134 4612 ab
3165 4530 3386 4614 eodem
3415 4515 3876 4614 condita;

2280 4593 3050 4676 Ughellus,'utdictum_est
3079 4602 3138 4656 in
3172 4599 3618 4676 Admonitione.
3641 4593 3767 4664 Ejus
3783 4595 3880 4676 :ng

2275 4652 2492 4730 ιῖὄῖἦὲὲὶ
2504 4652 3050 4745 assentiente
3067 4652 3432 4727 anesi-aa
3449 4652 3664 4740 legitur
3681 4652 3771 4716 'xn-
3786 4652 3880 4709 Kal.

2275 4745 2654 4802 Februarias.
3649 4807 3679 4814 _.
3753 4803 3763 4814 .
3834 4795 3867 4814 4

2346 4818 2459 4886 (44)
2484 4816 2838 4872 Ambrosius
2859 4815 3339 4872 anniversarium
3355 4807 3794 4887 consecrationis
3805 4811 3886 4887 ert:

2275 4878 2538 4964 scopulis
2571 4889 2860 4964 diemhoc
2891 4887 3022 4944 loco
3053 4890 3235 4964 vocat
3261 4909 3285 4933 κ
3322 4878 3883 4964 diem_‘natalis,i_nqu‘t‘0

2275 4941 2657 5016 etia'ni‘niodo'
2674 4941 2853 5014 illum
2896 4941 3139 5013 vocarat
3175 4957 3282 5012 lib.
3318 4973 3425 5011 vm
3455 4955 3671 5016 Expos.
3707 4941 3758 5001 in
3784 4941 3882 4994 LUP-

2274 5047 2434 5104 num.
2459 5031 2934 5104 73.7Cum‘autem
2963 5030 3082 5104 jam
3117 5029 3196 5104 ibi
3221 5027 3500 5083 nonnihil
3536 5016 3883 5104 deconsiteiﬂ;

2271 5102 2408 5182 dine
2431 5102 2771 5182 celebrandi
2797 5101 2930 5173 ejus
2962 5090 3078 5157 diei
3109 5101 3500 5182 obsel‘yallim
3542 5095 3643 5182 sit},

2315 5174 2491 5228 Iacuit
2523 5173 2616 5227 hic
2648 5161 2886 5238 addere,
2938 5189 3071 5244 eum
3123 5171 3222 5242 qui
3258 5170 3513 5226 uberius
3553 5161 3882 5244 quidpia‘lilJt-EE

2317 5191 2491 5228 Iacuit
2523 5191 2616 5227 mc
2648 5191 2886 5238 acuere,
2938 5191 3071 5227 eum
3123 5191 3222 5242 qui
3258 5191 3513 5226 uberius
3553 5191 3810 5238 quiupw...
3836 5191 3880 5241 ,ξ

2273 5191 2387 5300 rice
2410 5260 2570 5300 more
2592 5243 3038 5310 desideraverit,
3071 5244 3236 5310 plura
3272 5244 3642 5312 reperturum
3669 5234 3721 5286 in
3750 5228 3880 5280 λοιιδ

2271 5315 2606 5371 Casauboni
2639 5315 2711 5369 ad
2743 5307 3136 5384 Spartianum,
3169 5330 3312 5384 pag.
3344 5307 3450 5384 ⁷10,
3483 5326 3540 5363 n.
3573 5307 3654 5362 45.

2344 5387 2459 5456 (εὖ)
2493 5387 2668 5454 Edit.,
2706 5409 2727 5432 α
2765 5383 2822 5440 in
2853 5387 3110 5440 animum
3143 5383 3483 5439 induxeris.
3521 5404 3542 5428 ιι

2345 5431 2459 5526 iis}
2496 5431 3538 5526 assistam;“iia",;g.:ia;sgam
3577 5431 3880 5526 resignari:

2271 5515 2616 5601 sanctorum
2639 5528 3104 5601 Evangeliorum
3127 5515 3284 5601 iib'er
3313 5524 3674 5601 designatur,
3715 5515 3884 5601 “itif:

2271 5600 2494 5656 dolium
2531 5616 2776 5656 aureum
2800 5587 3011 5654 manna
3047 5599 3333 5655 refertum
3368 5587 3728 5667 significatur
3751 5587 3886 5667 ξαξζδ

2271 5653 2672 5746 ἶῙῘείβῨέιίέξίιί
2687 5653 3176 5748 ξάαίέθννέδείαὶ*
3201 5653 3507 5726 adoranda
3541 5653 3878 5720 Eucharistia-
