4090 6174
133 395 264 461 929

1317 385 1936 458 EPISTOLARUM
1981 389 2321 457 CLASSIS
2363 393 2411 457 Ι.

3471 388 3597 460 θα)

141 595 404 653 veniens
429 595 721 651 Dominus
741 610 872 650 cum
886 595 1092 650 usuris
1119 594 1347 667 exiget;
1377 598 1432 650 et
1451 611 1581 650 cum
1599 597 1655 650 te
1669 595 1820 651 bene
1847 575 1895 639 Α
1927 594 2339 665 participatum
2370 594 2765 665 processerit:
2824 596 2888 650 tu
2943 595 3141 650 autem
3173 595 3304 650 sine
3335 593 3594 667 alicujus

141 688 549 757 dispensasse
572 686 888 752 invenerit,
914 684 1074 738 dabit
1094 684 1199 738 tibi
1217 685 1380 754 plura
1399 701 1504 756 pro
1521 685 1818 756 pauciori-

140 777 262 831 bus
288 791 301 830 :
337 775 570 846 eritque
602 773 745 828 mihi
777 773 1005 828 fructus
1029 773 1606 845 dulcissimus,quod
1624 789 1817 827 meum

137 865 206 918 in
237 869 292 918 te
314 863 608 936 judicium
670 863 1166 932 comprobabitur.
1230 861 1528 917 Ordinatio
1559 863 1671 931 (4'7)
1703 879 1819 917 non

142 952 642 1024 reprehendetur,
676 967 872 1028 quam‘
911 951 1194 1021 accepisti
1246 968 1354 1022 per
1381 951 1821 1022 impositionem

146 1057 437 1095 manuum
495 1055 779 1105 mearum,
833 1043 889 1094 et
943 1040 1413 1095 benedictionem
1470 1042 1529 1094 in
1585 1041 1821 1094 nomine

143 1130 382 1184 Domini
416 1128 676 1197 Jesu(II
711 1127 854 1182 Tim.
886 1128 961 1197 6).
997 1129 1114 1183 Fac
1173 1145 1317 1200 ergo
1374 1129 1594 1184 bonum
1644 1145 1816 1198 opus,

146 1222 212 1272 ut
243 1220 303 1272 in
337 1218 435 1271 illo
467 1217 558 1271 die
591 1217 926 1270 mercedem
954 1217 1243 1285 invenias,
1269 1221 1325 1271 et
1354 1233 1467 1288 ego
1491 1219 1547 1271 in
1579 1221 1655 1287 te,
1681 1222 1737 1273 et
1759 1222 1819 1273 tu

145 1306 210 1359 in
240 1322 334 1360 me
367 1308 838 1376 requiescamus.

219 1396 274 1449 ’7.
314 1395 493 1449 Multa
523 1395 745 1448 messis
797 1393 1040 1463 Christi,
1075 1395 1182 1448 sed
1230 1396 1403 1466 pauci
1445 1395 1720 1465 operarii,
1763 1397 1820 1450 et

146 1483 400 1537 difﬁcile
432 1485 809 1552 reperiuntur
837 1484 938 1553 qui
967 1483 1400 1553 adjuvent(48).
1453 1483 1673 1538 Verum
1705 1484 1818 1537 hoc

143 1578 333 1625 vetus
359 1589 370 1626 :
395 1572 496 1625 sed
521 1575 726 1640 potens
747 1575 839 1625 est
856 1573 1163 1638 Dominus,
1181 1573 1280 1643 qui
1305 1573 1490 1626 mittat
1512 1572 1818 1642 operarios

141 1659 210 1713 in
273 1675 523 1714 messem
586 1676 753 1713 suam
795 1660 1033 1723 (Matth.
1096 1678 1176 1727 ix,
1211 1661 1322 1729 38).
1385 1660 1554 1715 Certe
1613 1661 1672 1715 in
1717 1661 1818 1716 illo

141 1747 359 1802 ordine
390 1748 765 1803 Comensium
795 1749 917 1818 jam
950 1748 1214 1820 plerique
1253 1752 1817 1820 coeperuntcredere

141 1839 494 1908 magisterio
527 1841 647 1904 tuo,
684 1842 740 1891 et
771 1838 1036 1892 doctrina
1068 1843 1165 1892 tua
1187 1839 1432 1892 verbum
1457 1839 1562 1892 Dei
1587 1855 1819 1909 recepe-

1930 683 2132 738 fratris
2151 684 2403 739 consilio
2424 683 2536 738 hoc
2553 683 2842 755 judicium
2865 683 2970 739 tibi
2990 684 3159 739 solus
3181 683 3597 739 vindicandum

1929 771 2152 840 putaris
2185 773 2298 840 (52)
2326 789 2339 841 ;
2373 773 2431 826 in
2463 789 2579 845 quo
2611 776 2806 828 tamen
2838 777 2970 828 ante
2996 773 3283 844 judicium
3307 773 3595 845 praajudi-

1931 861 2085 913 cium
2118 860 2357 926 feceris,
2394 865 2456 916 ut
2488 862 2743 931 puellam
2766 863 3020 917 Zenonis
3043 865 3266 916 sanctae
3295 863 3596 918 memoriae

1925 947 2154 1018 judicio
2187 949 2512 1020 probatam,
2547 949 2801 1022 ejusque
2845 951 3266 1004 sanctiﬁcatum
3311 951 3596 1006 benedic-

1929 1037 2088 1090 tione
2110 1043 2244 1106 post
2266 1042 2348 1092 tot
2371 1054 2581 1108 annos,
2602 1041 2732 1094 sine
2755 1043 2994 1094 auctore
3012 1039 3598 1110 criminationis,sine

1931 1131 2300 1196 accusatore,
2333 1129 2465 1181 sine
2496 1129 2840 1197 professore
2873 1128 3184 1183 delationis
3217 1128 3346 1199 (53),
3371 1130 3430 1183 in
3451 1127 3600 1200 peri-

1935 1213 2132 1268 culum
2163 1220 2358 1269 reatas
2405 1216 2812 1271 deducendam
2872 1217 3191 1272 arbitrare:
3226 1218 3322 1271 cui
3377 1217 3598 1272 invidia

1933 1309 2096 1356 esset
2127 1319 2161 1356 a
2190 1304 2382 1373 vanis,
2416 1305 2489 1358 ab
2525 1305 2844 1375 haereticis,
2886 1311 2947 1360 ut
2979 1305 3094 1376 ipsi
3118 1306 3390 1375 volunt,a
3420 1305 3598 1377 turpi-

1924 1390 2051 1445 ‘bus
2081 1392 2359 1462 personis
2379 1395 2627 1447 conflata
2647 1409 2753 1463 per
2774 1393 2999 1462 scelus,
3017 1409 3125 1464 per
3143 1395 3466 1465 avaritiam,
3490 1407 3599 1464 per

1933 1479 2472 1551 intemperantiam,
2529 1483 2937 1553 quiet-cutibus
2994 1484 3216 1553 proprii
3264 1483 3597 1539 libertatem

1932 1567 2138 1640 flagitii
2166 1584 2180 1638 ;
2213 1569 2286 1623 ab
2306 1569 2401 1638 iis,
2422 1576 2722 1641 postremo
2739 1572 2838 1644 qui
2862 1571 3036 1626 domo
3055 1571 3190 1643 ejus
3213 1571 3389 1644 ejecti
3420 1575 3597 1644 atque

1929 1657 2212 1710 eliminati
2244 1658 2458 1724 forent,
2493 1659 2649 1730 quod
2682 1659 2978 1714 discolora
3011 1675 3192 1729 opera
3210 1660 3597 1716 subtexerent

1929 1745 2066 1813 (54),
2097 1760 2272 1816 quam
2302 1746 2490 1816 prima
2520 1746 2711 1802 fronte
2741 1762 2869 1802 suae
2901 1748 3301 1818 professionis
3341 1752 3595 1821 praeten-

1931 1835 2154 1888 derant.

145 1930 322 1980 runt:
367 1927 472 1980 sed
505 1929 605 1998 qui
637 1927 797 1981 dedit
826 1927 1160 2016 credentes,
1197 1931 1252 1981 et
1281 1927 1587 1998 adjutores
1618 1928 1816 1997 dabit;
1845 1949 1898 2012 Β
2002 1940 2054 1994 2,
2092 1940 2450 2012 Huiusmodi
2481 1945 2885 2016 accusatores,
2919 1943 3263 2016 huiusmodi
3317 1945 3505 1998 testes
3536 1940 3596 2000 in

143 2030 266 2086 quo
300 2019 356 2069 et
388 2016 491 2069 tibi
525 2016 856 2070 excusandi
915 2015 1220 2070 auferatur
1275 2018 1627 2086 necessitas,
1661 2017 1818 2088 quod

146 2105 352 2160 serius
387 2120 498 2159 nos
533 2105 850 2160 inviseris:
896 2108 952 2160 et
980 2106 1124 2160 mihi
1179 2098 1326 2160 765
1371 2106 1638 2161 crebrior
1701 2111 1819 2162 tum

139 2195 487 2264 praesentiai-
521 2194 872 2249 refundatur
913 2196 1122 2266 gratia.
1159 2195 1322 2266 Vale,
1364 2198 1420 2250 et
1462 2211 1573 2250 nos
1611 2197 1812 2268 dilige,

141 2287 209 2337 ut
239 2283 411 2338 facis.

680 2373 1047 2429 EPISTOLA
1078 2374 1126 2427 v
1158 2374 1290 2444 (49).

144 2479 196 2534 S
209 2480 536 2534 ententiam
551 2479 660 2535 abs
672 2497 739 2535 se
753 2483 814 2534 in
827 2497 1000 2535 causa
1015 2479 1258 2536 Indiciae
1276 2481 1449 2535 latam
1464 2481 1815 2547 defendens,

220 2550 469 2606 Suom:
471 2553 764 2623 judicium
783 2554 1001 2623 arguit,
1022 2553 1172 2624 quod
1188 2553 1453 2623 legitima
1469 2554 1530 2606 in
1550 2569 1617 2607 eo
1630 2553 1820 2608 forma

221 2638 338 2677 non
367 2631 627 2696 servata
662 2625 762 2678 sit.
797 2625 1120 2696 Maximum
1167 2625 1473 2696 tragaediee
1521 2633 1819 2678 auctorem

219 2694 378 2764 apud
389 2710 455 2748 se
469 2710 581 2749 non
601 2697 1034 2764 comparuisse:
1058 2694 1280 2766 Syagri
1289 2712 1378 2749 um
1392 2697 1820 2766 inspectionem

228 2766 457 2836 virgini
469 2766 1120 2819 contumeliosissimam
1136 2766 1316 2820 decrc
1328 2768 1516 2831 visse;
1537 2785 1663 2821 cum
1679 2768 1817 2836 alia,

224 2836 383 2890 unde
394 2836 664 2909 judicari
686 2838 853 2907 virgo
875 2837 1109 2909 debeat,
1135 2843 1444 2908 suppetant
1468 2857 1486 2901 ;
1510 2839 1822 2909 inspectio-

226 2923 362 2959 nem
380 2907 670 2979 incertam
685 2913 856 2979 atque
871 2908 1140 2962 inutilem
1159 2927 1176 2970 ;
1192 2907 1352 2961 aliud
1366 2910 1521 2962 enim
1535 2907 1820 2964 obstetri-

226 2994 357 3030 cum
385 2978 640 3049 officium
671 2978 806 3032 esse
830 2998 847 3031 :
873 2995 983 3033 non
1015 2995 1160 3049 ergo
1189 2979 1298 3032 [280
1331 2982 1563 3035 ratione
1585 2996 1820 3034 causam

224 3048 618 3120 decidentium
633 3068 652 3114 ;
663 3051 1009 3120 praesertim
1032 3048 1158 3103 cum
1175 3052 1491 3120 peperisse
1513 3052 1822 3106 diceretur

226 3119 478 3195 Indicia.
507 3119 573 3172 In
607 3119 817 3195 quibus
846 3120 1136 3192 inspectio
1166 3119 1262 3195 sit:
1295 3123 1623 3195 toleranda.
1661 3124 1818 3195 Sya-

224 3191 424 3260 grium
464 3191 667 3244 ranam
709 3191 952 3244 afferre"
986 3193 1460 3246 excusationem:
1495 3191 1818 3248 Maxinium

230 3277 376 3314 vere
408 3269 810 3316 accusatorem
836 3278 991 3316 esse.
1025 3263 1339 3317 Postremo
1361 3268 1732 3318 accusatione
1754 3281 1821 3319 ac

228 3332 491 3404 testibus
513 3349 727 3387 rursus
756 3334 1128 3404 vituperatis.
1156 3335 1428 3388 refertur
1448 3337 1821 3391 Marcelliuae

225 3403 595 3480 aliarumque
617 3421 731 3480 pro
763 3403 991 3480 Iudicia
1025 3407 1443 3480 testimonium,
1487 3414 1621 3478 post
1673 3408 1822 3480 quod

209 3475 510 3546 judicium
541 3475 1002 3530 Ambrosianum
1033 3476 1372 3546 subjicitur.

585 3565 928 3619 Aunaosws
967 3565 1229 3620 Snomo
1261 3568 1392 3636 (50).

231 3654 282 3708 1.
320 3653 812 3723 Prospiciendum
844 3669 982 3709 esse
1005 3669 1077 3708 ne
1102 3655 1172 3708 de
1197 3661 1400 3711 nostro
1433 3657 1828 3728 obloquantur

149 3742 386 3814 judicio
405 3742 739 3797 charissimi
755 3744 940 3796 nostri
962 3744 1620 3816 \"eronenses,propriis
1641 3748 1826 3802 texui-

155 3833 242 3886 sti-
270 3832 503 3885 litteris.
538 3831 671 3886 Non
703 3832 958 3886 arbitror
1016 3833 1159 3901 fore,
1221 3839 1380 3888 certe
1437 3852 1555 3891 non
1611 3837 1823 3891 solent.

154 3922 274 3974 Aut
308 3920 360 3974 si
395 3921 812 3992 obloquantur,
845 3922 916 3976 de
947 3938 1064 3992 quo
1098 3922 1336 3994 obloqui
1370 3925 1618 3994 soleant,
1672 3926 1828 3980 haud

160 4009 570 4081 dubicliquet:
598 4026 728 4064 cum
763 4013 1094 4082 exasperati
1119 4012 1234 4066 huc
1256 4014 1828 4085 veniant(51),paci-

163 4097 261 4152 fici
287 4098 357 4152 ad
379 4103 434 4153 te
454 4103 859 4168 revertantur;
892 4103 1224 4171 praeSertim
1252 4117 1385 4157 cum
1408 4103 1520 4157 hoc
1537 4103 1827 4174 judicium

157 4190 435 4243 nostrum
466 4204 598 4243 cum
631 4189 917 4244 fratribus
948 4194 1004 4245 et
1036 4191 1565 4247 consacerdotibus
1605 4194 1830 4250 nostris

228 4329 320 4408 (:47
332 4330 450 4408 )_Ad
459 4334 620 4386 verte
641 4332 972 4408 institutum
994 4333 1338 4408 episcOpum
1352 4351 1650 4408 nunquam
1663 4353 1830 4408 repe-

153 4403 286 4478 riri,
307 4403 425 4455 nisi
449 4418 845 4478 permanuum
878 4405 1122 4460 alterius
1156 4403 1328 4460 etiam
1343 4403 1608 4478 episcopi
1638 4403 1832 4478 impo-

157 4474 478 4597 sitionem:
513 4475 613 4545 qui
636 4491 767 4530 mos
788 4479 1008 4530 temere
1029 4474 1498 4548 antiquatusest
1535 4474 1608 4536 ab
1644 4474 1832 4536 luere-

184 4559 319 4597 ιρις.

184 4562 347 4690 lctldsé)
374 4615 789 4690 B_elvac.cod.,
822 4639 844 4667 α
873 4619 972 4690 qui
994 4621 1360 4676 annuntient.
1393 4641 1415 4668 ι
1449 4620 1519 4675 Et
1551 4623 1829 4679 continuo

157 4691 298 4765 po_s_t
329 4680 507 4765 habet
535 4689 730 4742 Albin.
755 4680 792 4765 ’ἓ
831 4680 1089 4745 verbum
1131 4691 1243 4746 hoc
1284 4695 1493 4762 vetus;
1534 4717 1554 4741 τι
1591 4695 1827 4765 Boyer.,
1854 4680 1909 4744 Β

160 4779 182 4806 ι
223 4758 446 4830 verum
480 4758 592 4813 hoc
621 4760 776 4830 apud
806 4777 938 4815 nos.
977 4785 998 4809 η

230 4828 345 4898 (49)
380 4829 614 4900 Scripta
645 4828 802 4885 circa
824 4847 962 4886 ann.
993 4832 1118 4888 380.

229 4901 349 4976 (50)
382 4899 603 4955 Omnes
623 4903 784 4971 edit.,
821 4926 842 4949 τι
872 4905 1122 4976 Syagrio
1151 4904 1518 4960 Veronensis
1547 4905 1835 4962 Ecclesia

159 4971 492 5043 episcopo;
546 4995 568 5020 ιο
624 4989 772 5028 mss.
807 4971 1030 5042 contra,
1065 4982 1124 5029 ut
1155 4977 1213 5030 in
1247 4982 1428 5032 textu.
1467 4977 1612 5031 Eum
1647 4984 1839 5033 tamen

158 5043 256 5119 cui
292 5043 406 5119 hac
425 5044 675 5113 epistola
702 5051 1021 5119 respondet
1042 5048 1422 5119 Ambrosius,
1445 5049 1606 5104 illius
1627 5049 1838 5104 Eccle-

155 5116 265 5170 siae
301 5111 535 5168 clavum
566 5111 833 5170 tenuisse
865 5119 1109 5172 dubium
1140 5135 1256 5173 non
1289 5124 1400 5174 est.

232 5185 353 5252 (51)
378 5186 644 5263 lntcllige
671 5189 1048 5263 Veronenses
1067 5190 1440 5261 objudicium
1465 5192 1841 5263 episcopisui

160 5274 279 5312 non
294 5264 531 5335 servata
555 5259 740 5312 forma
759 5260 1016 5335 legitima
1032 5259 1232 5315 contra
1249 5259 1526 5316 lndiciaui
1548 5259 1841 5335 virginem

158 5345 397 5383 sacram
422 5329 598 5383 latum
623 5329 884 5399 graviter
914 5331 1182 5387 offensos
1208 5335 1590 5389 Ambrosium
1613 5329 1838 5390 cane-

160 5403 352 5476 nisse_,
382 5405 440 5453 ut
463 5401 666 5454 eadem
691 5417 870 5456 causa
909 5404 982 5457 ab
1025 5419 1097 5458 eo
1143 5409 1419 5475 tanquam
1446 5407 1840 5476 metropolita-

158 5487 234 5527 no
273 5472 348 5524 ad
372 5486 632 5546 examen
686 5480 1088 5546 revocaretur.
1124 5472 1291 5540 Quod
1325 5478 1564 5546 quidem
1596 5472 1842 5532 sanctus

157 5542 387 5618 prmsul
418 5545 649 5597 vocatis
682 5545 753 5597 ad
788 5546 1104 5618 concilium
1138 5542 1361 5600 vicinis
1381 5549 1683 5617 episcopis
1698 5565 1844 5618 prae-

161 5616 312 5740 333“
331 5629 510 5684 anno,
535 5618 598 5669 ut
618 5621 865 5672 censent
883 5617 1176 5689 Ughellus
1203 5623 1259 5673 et
1293 5616 1844 5689 Baluzius,’80_post

229 5755 348 5829 (52)
378 5757 458 5812 Ita
476 5773 624 5814 mss.
642 5773 658 5830 ;
680 5761 739 5814 at
755 5774 903 5834 vero
926 5759 1089 5832 edit.,
1115 5783 1138 5809 σι
1153 5761 1538 5834 judicandum
1554 5763 1800 5833 putaris.
1815 5785 1836 5811 ιν

163 5828 472 5892 lenonem
515 5828 711 5889 autem
749 5830 939 5908 illum,
989 5848 1024 5890 a
1073 5828 1192 5910 quo
1237 5834 1458 5900 Indicia
1501 5828 1748 5912 probata
1779 5837 1841 5893 et

1929 2031 2030 2084 tuo
2064 2029 2470 2086 constituebas
2488 2031 2738 2102 judicio,
2772 2034 2871 2104 qui
2903 2048 3096 2106 neque
3121 2047 3406 2088 accusare
3427 2032 3599 2089 audeo

1930 2117 2092 2186 bant,
2126 2134 2318 2189 neque
2349 2118 2661 2174 delationis
2694 2136 2760 2174 se
2792 2137 2948 2176 nexu
2979 2121 3282 2193 obligare;
3313 2126 3488 2192 atque
3519 2121 3598 2176 ita

1934 2207 2290 2277 inspectioni
2326 2208 2781 2278 adjudicandam
2829 2211 3234 2264 constituebas
3279 2211 3594 2282 virginem,

1934 2310 2110 2366 quam
2143 2296 2342 2350 nullus
2374 2301 2671 2368 argueret,
2724 2297 2922 2352 nullus
2967 2299 3244 2353 deferret.
3299 2298 3414 2353 Ubi
3464 2298 3595 2354 hinc

1937 2385 2298 2456 cognitionis
2312 2385 2661 2439 solemnitas
2673 2388 2702 2440 ξ’
2717 2386 2826 2441 Ubi
2842 2387 2976 2442 talis
2992 2386 3298 2458 judicandi
3317 2386 3599 2442 formula?

1930 2473 1990 2527 Si
2021 2473 2194 2544 leges
2225 2473 2494 2544 publicas
2529 2476 2990 2548 interrogamus,
3023 2479 3434 2532 accusatorem
3473 2477 3597 2531 exi-

1931 2567 2118 2635 gunt:
2153 2563 2206 2617 si
2242 2563 2562 2620 Ecclesiae:
2601 2587 2621 2613 α
2660 2564 2926 2636 Duobus,
2965 2587 2986 2616 ι
3021 2566 3230 2637 inquit,
3258 2586 3281 2616 ι
3317 2569 3374 2620 et
3402 2565 3595 2621 tribus

1930 2651 2186 2706 testibus
2217 2655 2332 2706 stat
2361 2667 2534 2708 omne
2556 2653 2806 2708 verbum
2828 2655 3070 2721 (ΜίιιιΙι.
3096 2671 3261 2724 xvm,
3286 2654 3374 2724 16)
3397 2670 3410 2709 :
3450 2678 3472 2702 ιο
3490 2653 3598 2710 sed

1931 2739 2051 2794 illis
2082 2742 2338 2795 testibus
2377 2742 2477 2814 qui
2508 2747 2642 2798 ante
2687 2743 3034 2799 hesternum
3073 2748 3130 2800 et
3167 2744 3599 2799 nudiustertius

1935 2845 2053 2884 non
2068 2829 2285 2884 fuerint
2304 2830 2559 2902 inimici;
2589 2847 2663 2888 ne
2685 2832 2818 2888 irati
2838 2848 3054 2890 nocere
3081 2835 3338 2906 cupiant,
3371 2849 3445 2889 ne
3467 2832 3597 2890 laesi

1932 2919 2142 2974 ulcisci
2174 2935 2312 2975 sese
2341 2920 2542 2975 velint.

2003 3025 2056 3081 3.
2087 3025 2419 3082 lnot‘fensus
2452 3027 2634 3100 igitur
2669 3027 2916 3086 allectus
2977 3031 3218 3087 testium
3277 3031 3596 3104 quaeritur;

1934 3114 2012 3169 ita
2039 3119 2235 3171 tamen
2265 3120 2328 3170 ut
2358 3121 2672 3173 accusator
2699 3119 2868 3190 prius
2897 3119 2958 3175 in
3004 3120 3262 3176 medium
3290 3121 3596 3191 procedat.

1935 3203 2054 3274 Ipsi
2087 3205 2168 3258 illi
2199 3206 2533 3277 presbyteri
2592 3207 2935 3263 Iudaeorum
2984 3225 3195 3264 manus
3251 3225 3397 3264 suas
3427 3209 3595 3280 prius

1849 3310 1904 3378 ο
1936 3309 2118 3363 supra
2149 3299 2322 3378 caput
2351 3295 2760 3366 imposuerunt
2792 3298 3276 3367 Susannaaman.
3300 3315 3428 3368 xm,
3457 3298 3526 3353 34
3541 3303 3602 3354 et

1936 3388 2106 3453 seq.),
2151 3375 2295 3436 766
2329 3388 2385 3438 et
2412 3387 2853 3442 accusationem
2885 3387 3146 3458 professi
3175 3391 3335 3457 sunt,
3368 3392 3425 3443 et
3453 3386 3602 3458 pari-

1933 3475 2024 3526 ter
2055 3472 2404 3527 addiderunt
2434 3475 2754 3530 testimonii
2785 3477 3212 3546 auctoritatem,
3261 3493 3438 3548 quam
3487 3475 3601 3533 im-

1936 3561 2258 3631 prudenter
2286 3561 2543 3631 populus
2571 3563 2686 3617 sub
2727 3579 2928 3619 errore
2974 3564 3208 3636 positus
3253 3568 3597 3636 acceperat:

1938 3651 2047 3704 sed
2077 3649 2278 3705 divino
2294 3650 2524 3721 judicio
2547 3667 2654 3722 per
2672 3652 3018 3723 prophetam
3053 3655 3283 3723 retexit,
3321 3660 3379 3708 et
3399 3653 3605 3708 redar-

1936 3743 2064 3812 guit
2085 3741 2458 3809 omnipotens
2482 3740 2665 3796 Deus:
2690 3747 2750 3796 ut
2767 3741 3016 3813 liqueret
3034 3743 3312 3798 omnibus
3332 3759 3438 3798 eos
3452 3742 3602 3799 velle

1938 3829 2218 3882 invidiam
2249 3829 2672 3900 praeseminare
2695 3832 3013 3886 adversum
3028 3832 3360 3888 innocentis
3382 3833 3608 3903 pericu-

1937 3918 2060 3973 lum
2089 3918 2189 3990 qui
2221 3919 2545 3973 deficerent
2565 3921 2680 3990 (55)
2707 3921 3109 3976 accusationis
3142 3925 3515 3994 argumento,
3547 3924 3605 3978 et

1939 4010 2304 4062 firmamento
2328 4007 2716 4079 probationis,
2751 4011 3142 4081 conjicientes
3159 4011 3606 4084 videlicetquod

1939 4099 1990 4153 si
2023 4097 2454 4168 praeoccupatis
2486 4097 2649 4170 vulgi
2683 4100 2930 4155 auribus
2973 4101 3196 4156 invidia
3227 4106 3479 4156 mentem
3507 4101 3602 4156 in-

1941 4188 2649 4259 cesseret,praejudicium
2664 4190 3069 4245 examinandae
3082 4192 3348 4246 veritatis
3361 4191 3606 4246 inferret

1941 4333 2288 4404 consecrata
2339 4330 2572 4404 dicitur,
2605 4332 2876 4386 eumdem
2921 4347 3080 4402 esse,
3114 4331 3290 4404 cujus
3321 4331 3606 4404 memoria

1940 4404 2130 4472 pridie
2160 4402 2299 4475 Idus
2320 4402 2507 4473 April.
2531 4404 2769 4473 ponitur
2799 4404 2858 4458 in
2885 4401 3514 4475 Rom.Martyrologio,
3543 4401 3605 4456 in

1943 4475 2073 4529 suis
2095 4474 2250 4528 notis
2269 4478 2449 4545 negat
2470 4475 2781 4529 Baronius.
2815 4475 3011 4528 Alium
3041 4490 3183 4529 vero
3201 4489 3340 4529 esse
3363 4474 3608 4545 centen-

1943 4546 2217 4624 ditetiam
2233 4543 2637 4600 Veronensem
2654 4547 3021 4624 episcopum,
3049 4545 3292 4624 sedatio
3315 4543 3607 4624 posterio-

1943 4632 2090 4686 rem,
2123 4617 2299 4687 cujus
2356 4631 2666 4671 sermones
2723 4617 2978 4671 Zenonis
3013 4616 3315 4687 imartyris
3367 4616 3605 4687 nomine

1945 4685 2167 4760 vulgati
2198 4685 2355 4742 sunt.
2390 4687 2569 4760 Atqui
2597 4692 2800 4742 contra
2831 4685 3227 4760 non_desunt,
3287 4686 3388 4756 qui
3447 4685 3606 4760 hunc

1944 4757 2237 4814 Zenonem
2251 4757 2979 4830 Syagri{decessoremmd
2993 4757 3122 4812 haec
3133 4759 3606 4830 temporasolum

1943 4834 2078 4902 ejus
2109 4827 2807 4902 nominis'Veronensem
2855 4829 3232 4902 gubernasse
3258 4827 3607 4902 Ecclesium

1945 4899 2272 4968 aliirment;
2305 4902 2477 4970 eique
2507 4899 2657 4954 forte
2683 4899 2994 4970 propterea
3034 4899 3192 4971 quod
3236 4900 3350 4953 sub
3374 4899 3610 4954 Juliano

1945 4975 2208 5042 apostata
2239 4972 2460 5041 aliquid
2492 4986 2817 5040 perpessus
2851 4972 3050 5042 fuerit,
3079 4972 3354 5042 martyris
3393 4985 3612 5027 nomen

1947 5041 2294 5116 attributum
2309 5045 2378 5116 in
2443 5057 2512 5096 ea
2569 5058 2909 5116 sermonum
2969 5041 3314 5116 collectione
3369 5059 3502 5116 qua
3534 5058 3612 5116 ex

1945 5115 2244 5168 variorum
2279 5113 2515 5168 Patrum
2543 5114 2827 5185 eperibus
2859 5117 3162 5184 compacta
3195 5113 3409 5169 eidem‘
3424 5113 3611 5170 ascri-

1946 5186 2123 5240 bitur.

2020 5258 2132 5327 (53)
2147 5257 2293 5329 Mss.
2310 5256 2551 5329 aliquot,
2571 5277 2594 5307 ι
2613 5257 2742 5312 sine
2756 5255 3100 5328 professore
3114 5256 3554 5313 declinationis:
3582 5281 3604 5305 ιι

1951 5329 2049 5384 alii
2079 5328 2366 5399 nonnulli,
2476 5370 2488 5382 .
2528 5351 2551 5374 «
2585 5329 3066 5397 declamationis;
3105 5353 3127 5377 »ι
3160 5330 3373 5399 reliqui
3404 5335 3461 5383 et
3489 5343 3612 5382 om-

1951 5416 2060 5454 nes
2089 5401 2225 5453 edit.
2251 5439 2266 5467 ,
2295 5440 2307 5455 .
2338 5441 2348 5454 .
2377 5441 2390 5455 .
2419 5441 2430 5456 .
2471 5423 2491 5446 «
2526 5400 2860 5455 delationis.
2900 5421 2923 5451 ι
2967 5401 3210 5456 Rectius
3243 5402 3302 5454 id
3334 5399 3607 5471 quidem:

1951 5487 2157 5525 verum
2180 5487 2297 5525 non
2328 5472 2404 5525 ita
2431 5471 2582 5526 male
2610 5472 2768 5543 quod
2799 5487 2904 5542 pro
2945 5494 2967 5519 «
2994 5473 3359 5542 professors,
3401 5493 3423 5517 η
3460 5483 3610 5525 mss.

1952 5543 2172 5613 aliquot
2204 5543 2409 5615 legunt
2441 5566 2461 5591 ιι
2499 5544 2896 5614 professione.
2935 5565 2958 5591 η

2023 5612 2136 5688 (54)
2157 5612 2303 5688 Mss.
2329 5612 2571 5688 aliquot,
2600 5637 2621 5663 ι
2642 5615 2940 5688 discoloro
2964 5628 3142 5685 opere
3164 5612 3609 5688 subtexeruntug

2047 5680 2138 5764 55)
2159 5686 2406 5764 Quidam
2426 5680 2597 5757 inssl,
2628 5708 2650 5738 ι
2676 5687 2778 5762 qui
2797 5680 3137 5744 defecerant
3161 5699 3176 5757 ;
3214 5705 3235 5733 ι
3257 5698 3436 5755 unus,
3465 5704 3487 5732 α
3511 5680 3614 5764 qui

1953 5757 2367 5816 deficerentur.
2405 5782 2427 5808 η
