4090 6174
531 338 646 422 931

1989 357 2056 422 S.
2104 356 2548 424 AMBROSII.

3812 374 3898 437 932

542 558 774 616 Etenim
802 573 937 614 cum
965 556 1162 614 audita
1191 559 1592 629 praeveniunt,
1630 575 1834 615 aurem
1869 561 2204 628 obstruunt,
2230 560 2284 629 Ᾱ
2319 561 2484 631 prius
2516 561 2924 631 inspicientur,
2949 565 3011 616 ut
3034 563 3252 616 nubant
3283 565 3677 634 probatiores?
3714 569 3846 642 Ergo
3863 580 3898 627 et

540 651 800 706 animum
831 651 1160 719 occupant;
1191 663 1265 702 ne
1295 647 1564 718 probatio
1595 648 1987 719 desideretur,
2021 654 2083 702 ut
2111 665 2206 704 ru-

537 755 670 797 mor
695 754 805 811 pro
835 737 1106 793 convicto
1137 740 1406 792 teneatur
1435 738 1699 792 crimine.

607 829 664 886 4.
695 827 826 884 Nos
843 826 1026 897 igitur
1044 829 1455 882 accusatorem
1477 826 1808 898 exegimus,
1835 830 2207 881 etauctorem

539 919 721 980 totius
752 933 952 973 scene
984 915 1303 970 Maximum
1326 915 1766 986 perurgendum
1807 915 2076 970 arbitrari
2102 931 2207 970 su-

536 1025 692 1067 mus.
725 1007 944 1063 Verum
975 1004 1072 1060 ille
1101 1006 1560 1074 accusationem,
1594 1019 1770 1075 quam
1791 1005 1986 1059 studio
2019 1005 2206 1058 infor-

537 1099 820 1166 maverat,
860 1095 1046 1150 verbo
1105 1092 1413 1164 detulerat,
1472 1093 1737 1148 deseruit
1791 1093 2204 1163 professione;

537 1191 595 1245 et
615 1192 809 1244 tamen
839 1183 1054 1239 affectu
1083 1181 1354 1254 urgebat,
1397 1185 1520 1236 arte
1568 1182 2043 1254 exsequebatur:
2099 1181 2206 1236 sed

538 1275 808 1350 fugiebat
837 1272 1094 1343 nomine,
1127 1271 1285 1344 quod
1316 1270 1609 1326 difﬁderet
1639 1271 1990 1341 probationi.
2024 1270 2205 1326 Deni-

535 1379 651 1439 que
663 1362 895 1436 sparsis
911 1361 1270 1429 rumoribus,
1297 1359 1405 1416 sed
1425 1359 1598 1414 etiam
1616 1359 1886 1430 epistolis
1911 1360 2207 1430 composi-

535 1455 614 1511 tis
637 1455 696 1510 et
715 1451 1047 1521 destinatis,
1062 1449 1340 1521 quaesivit
1361 1447 1644 1504 acerbare
1663 1449 1944 1503 invidiam
1969 1448 2204 1503 delatio-

535 1543 662 1600 nis:
706 1541 816 1598 sed
845 1553 1278 1612 nequamquam
1309 1537 1562 1608 opprimi
1587 1539 1774 1608 potuit
1806 1537 2117 1610 integritas
2149 1541 2206 1592 et

535 1628 972 1702 circumveniri.
1006 1626 1156 1682 Nam
1184 1626 1238 1681 si
1268 1625 1580 1680 habuisset
1609 1626 2012 1696 probationes,
2046 1641 2202 1680 nun-

535 1735 712 1794 quam
739 1715 1168 1789 inspectionem
1194 1719 1294 1769 tua
1323 1715 1615 1769 sententia
1645 1714 2057 1785 negitavisset.

603 1810 658 1864 5.
693 1807 843 1874 Quid
865 1806 1046 1878 igitur
1073 1803 1192 1858 sibi
1221 1802 1381 1873 velit,
1412 1806 1468 1857 et
1499 1818 1616 1874 quo
1647 1807 1874 1874 spectet
1904 1803 2059 1873 quod
2101 1801 2205 1856 ob-

2318 665 2452 720 quae
2473 651 2737 705 velandae
2751 656 2908 711 sunt.
2924 653 3090 720 prius
3113 653 3497 723 subjicienda;
3514 660 3641 709 sunt
3661 657 3900 728 hujusmo-

2319 738 2378 791 di
2425 741 2854 808 attrectationi;
2902 757 3018 793 non
3065 742 3221 795 enim
3262 743 3583 812 visitantur,
3615 747 3710 798 sed
3736 753 3897 802 attrec-

2319 829 2548 882 tantur:
2602 834 2658 882 et
2689 829 2909 882 rectius
2942 831 3266 884 secundum
3295 836 3447 885 tuam
3476 835 3790 890 sententiam
3813 838 3899 893 ins-

2318 915 2534 986 picitur
2562 932 2680 970 non
2722 917 2984 986 probata,
3019 935 3192 988 quam
3227 924 3581 975 consecrate.

2389 1004 2442 1059 8.
2473 1003 2642 1072 Quid,
2679 1007 2833 1075 quod
2893 1007 3066 1060 etiam
3117 1009 3231 1076 ipsi
3289 1009 3560 1063 archiatri
3611 1012 3786 1066 dicunt
3820 1030 3899 1068 non

2317 1093 2466 1146 satis
2508 1093 2733 1164 liquido
2759 1095 3178 1164 comprehendi
3218 1097 3598 1170 inspectionis
3633 1101 3779 1154 ﬁdem
3804 1103 3898 1170 (56),

2318 1186 2373 1236 et
2404 1183 2555 1252 ipsis
2589 1183 2897 1237 medicinae
2929 1186 3181 1238 vetustis
3212 1185 3551 1241 doctoribus
3583 1189 3634 1241 id
3661 1192 3899 1246 sententia:

2317 1269 2508 1325 fuisse
2523 1272 2551 1324 ἱ)
2571 1271 2698 1325 Nos
2711 1288 2946 1343 quoque
2969 1289 3079 1327 usu
3095 1274 3206 1328 hoc
3225 1277 3629 1347 cognovimus,
3644 1293 3782 1347 saepe
3796 1281 3902 1334 inter

2316 1359 2670 1415 obstetrices
2729 1361 2994 1416 obortam
3041 1364 3418 1434 varietatem,
3479 1369 3534 1420 et
3586 1368 3898 1437 quaestionem

2316 1450 2659 1519 excitatam;
2708 1453 2771 1503 ut
2799 1451 2934 1520 plus
2963 1451 3286 1506 dubitatum
3330 1455 3408 1508 sit
3436 1455 3505 1508 de
3535 1471 3600 1509 ea
3627 1472 3744 1526 qua:
3769 1457 3900 1526 inspi-

2317 1537 2582 1592 ciendam
2616 1555 2682 1592 se
2715 1540 3053 1608 praebuerit,
3089 1557 3263 1611 quam
3294 1543 3366 1596 de
3398 1558 3465 1596 ea
3494 1559 3619 1614 quae
3649 1561 3750 1598 non
3777 1544 3901 1598 fuerit

2315 1627 2600 1696 inspecta.
2655 1627 2956 1698 Siquidem
3014 1633 3070 1683 et
3128 1631 3400 1700 proximo
3469 1633 3524 1686 id
3581 1635 3900 1702 comperimus

2316 1716 2623 1784 exemplo:
2667 1733 2800 1770 nam
2830 1718 3099 1787 quaedam
3131 1721 3487 1776 conditionis
3531 1721 3748 1776 servilis
3774 1723 3900 1775 Altini

2313 1805 2579 1873 inspecta
2603 1806 2716 1875 (57)
2737 1809 2795 1860 et
2822 1806 3088 1872 refutata,
3116 1815 3324 1877 postea
3366 1810 3670 1864 Mediolani
3697 1827 3794 1865 non
3811 1826 3900 1863 meo

536 1896 836 1956 stetricem
865 1892 1257 1948 adhibendam
1289 1891 1637 1960 credideris,
1687 1907 1805 1945 non
1835 1907 2082 1961 possum
2112 1891 2207 1945 ad-
2236 1938 2286 2000 Β
2315 1893 2550 1962 quidem
2577 1893 2780 1962 jussu,
2815 1895 2918 1947 sed
2967 1895 3198 1949 Nicenti
3247 1913 3322 1950 ex
3373 1899 3604 1952 tribuno
3649 1905 3700 1953 ct
3733 1899 3899 1952 notario

647 1989 658 2000 .
1022 1997 1152 2000 _,-__
1191 1979 1434 2000 nam
1470 1981 1875 2000 -_,,.----_--,_
2954 1985 2964 1994 .
3103 1985 3113 1994 .
3255 1985 3269 2000 .
3366 1991 3375 2000 .
3425 1993 3434 2000 .
3565 1988 3702 2000 ....
3841 1992 3847 2000 .

533 1989 788 2042 vertere.
821 1984 981 2038 Itane
1013 1997 1159 2054 ergo
1191 1979 1442 2035 liberum
1463 1981 1574 2034 erit
1594 1995 1880 2035 accusare
1904 1981 2201 2050 omnibus,

538 2077 598 2132 et
639 2089 772 2129 cum
811 2071 1160 2144 probatione
1202 2067 1556 2138 destiterint,
1609 2069 1828 2138 patebit
1870 2073 1931 2123 ut
1975 2071 2205 2141 genita-

532 2163 678 2220 lium
695 2164 1060 2217 secretorum
1074 2160 1272 2229 petant
1292 2157 1750 2228 inspectionem,‘
1776 2161 1830 2212 et
1855 2157 2203 2212 addicentur

536 2266 778 2323 semper
807 2264 998 2305 sacrae
1028 2247 1296 2319 virgines
1319 2246 1392 2301 ad
1413 2245 1756 2316 hujusmodi
1775 2246 2046 2314 ludibria,
2068 2263 2201 2318 quae

535 2345 592 2399 et
620 2339 758 2396 visu
788 2341 846 2395 et
873 2337 1097 2406 auditu,
1133 2334 1369 2391 horrori
1396 2337 1452 2390 et
1479 2334 1690 2404 pudori
1721 2336 1897 2390 sunt?
1938 2336 2202 2407 Denique

535 2446 658 2488 non
671 2427 909 2484 minima
921 2426 1096 2482 etiam
1109 2424 1170 2479 in
1184 2423 1302 2479 tuis
1315 2423 1526 2478 litteris
1539 2427 1773 2479 tentatae
1790 2424 2203 2495 expressionis

535 2515 896 2576 verecundia
929 2517 1042 2570 est.
1093 2511 1237 2580 Quae
1265 2527 1411 2585 ergo
1446 2512 1576 2567 sine
1619 2513 1831 2568 damno
1863 2513 2106 2584 pudoris
2145 2515 2204 2569 in

535 2607 748 2664 alienis
777 2604 1023 2661 auribus
1052 2617 1334 2658 resonare
1365 2617 1482 2656 non
1515 2606 1756 2672 queunt,
1777 2617 1845 2656 ea
1875 2603 2205 2673 possuntin

536 2697 769 2770 virgine
800 2694 931 2749 sine
960 2691 1094 2765 ejus
1127 2691 1334 2748 tentari
1366 2689 1718 2746 verecundia
1740 2691 1769 2746 ‘3

606 2785 661 2841 6.
695 2781 977 2842 Invenisti
1008 2779 1114 2836 tibi
1155 2780 1271 2836 vile
1319 2779 1695 2850 mancipium,
1730 2795 2041 2850 procacem
2073 2797 2204 2836 ver-

541 2872 760 2944 nulam,
792 2889 900 2928 cur
928 2886 1046 2927 non
1073 2867 1335 2925 abutaris
1384 2867 1725 2940 pudibunda
1761 2867 2108 2940 ministerio,
2148 2873 2206 2924 et

544 2979 808 3037 exponas
859 2961 995 3034 ejus
1057 2958 1446 3029 modestiam;
1497 2975 1630 3013 cum
1675 2959 2007 3028 praesertim
2059 2957 2204 3013 nihil

543 3053 810 3112 sanctius
828 3051 889 3106 in
907 3048 1140 3121 virgine
1159 3049 1254 3117 sit,
1275 3062 1447 3121 quam
1461 3047 1817 3102 verecundia
1835 3049 1864 3102 ε)
1891 3047 2024 3102 Non
2048 3048 2204 3102 enim

533 3159 707 3201 sacra
751 3141 924 3214 virgo
976 3141 1040 3194 ut
1087 3151 1337 3209 corpore
1391 3137 1791 3192 tantummodo
1850 3137 2078 3210 integra
2125 3139 2204 3192 sit

537 3232 843 3308 quaeritur,
892 3231 950 3285 et
995 3242 1114 3284 non
1161 3229 1226 3282 ut
1261 3226 1322 3280 in
1367 3225 1642 3281 omnibus
1686 3225 1821 3297 ejus
1869 3225 2198 3281 inoffensus

536 3325 766 3380 maneat
794 3317 1007 3392 pudor.
1038 3316 1226 3390 Virgo
1259 3315 1491 3370 Domini
1530 3315 1661 3369 suis
1702 3319 1794 3370 est
1824 3316 1960 3369 nixa
1993 3315 2201 3369 fulcris

535 3411 609 3468 ad
631 3412 726 3468 sui
755 3407 1186 3482 probationem,
1219 3419 1330 3459 nec
1359 3403 1570 3458 alienis
1593 3403 1831 3458 dotibus
1863 3393 2022 3475 eget;
2043 3407 2107 3458 ut
2135 3419 2200 3458 se

538 3501 832 3574 virginem
858 3496 1068 3570 probet
1093 3509 1106 3551 :
1139 3497 1196 3549 et
1212 3508 1323 3548 nec
1343 3492 1696 3562 abditarum,
1719 3492 2202 3564 occultorumque

533 3589 847 3663 inspectio,
883 3585 990 3644 sed
1020 3583 1194 3640 obvia
1225 3581 1503 3638 omnibus
1532 3583 1822 3636 modestia
1853 3581 2204 3652 astipulatur

535 3677 876 3753 integritati.
933 3674 1068 3732 Non
1123 3672 1317 3744 placet
1371 3671 1515 3743 Deo,
1571 3687 1746 3743 quam
1793 3687 1910 3725 non
1956 3685 2202 3725 suorum

533 3769 796 3844 gravitas
839 3779 1070 3822 morum
1117 3761 1365 3834 probat:
1426 3776 1545 3816 non
1591 3761 1875 3832 probatur
1926 3760 2196 3830 Domino,

537 3872 672 3931 qum
701 3856 878 3912 unius
934 3851 1276 3910 obstetricis
1344 3849 1570 3922 indiget
1622 3851 1980 3918 testimonio,
2042 3850 2200 3920 quod

533 3945 882 4018 plerumque
910 3941 1196 4014 quaeritur
1231 3939 1438 4011 pretio.
1486 3939 1566 3992 Ea
1611 3954 1754 4011 ergo
1795 3940 1899 3993 tibi
1933 3939 2200 4009 locuples

535 4035 770 4091 videtur
797 4033 872 4088 ad
903 4031 1100 4100 fidem,
1135 4045 1269 4100 quae
1303 4031 1361 4083 et
1394 4027 1604 4083 redimi
1641 4033 1697 4082 et
1732 4027 1849 4082 falli
1875 4033 2104 4099 potest:
2140 4032 2202 4082 ut

534 4126 784 4182 excuset
813 4135 994 4190 ream,
1029 4123 1086 4175 et
1115 4121 1340 4174 crimen
1370 4119 1552 4189 tegat,
1583 4121 1683 4172 aut
1713 4117 1961 4188 nesciat,
1991 4121 2048 4172 et
2078 4133 2199 4172 non

533 4213 728 4288 possit
755 4211 1041 4285 flagitium
1071 4205 1514 4280 deprehendere
1533 4207 1564 4260 ε)

614 4293 760 4360 767
791 4301 846 4356 Ἳ.
879 4298 1088 4371 Neque
1116 4311 1260 4352 vero
1283 4294 1427 4350 illud
1461 4294 1689 4367 justum
1733 4295 2006 4366 arbitror,
2041 4297 2200 4368 quod

539 4392 661 4449 tuis
719 4386 1218 4462 comprehendisti
1277 4383 1510 4454 litteris,
1561 4384 1700 4456 quia
1755 4385 1875 4440 nisi
1930 4385 2199 4456 inspecta

533 4481 732 4550 fuerit,
767 4479 1080 4552 integritas
1127 4474 1510 4548 periclitetur,
1553 4477 1610 4530 et
1658 4474 1884 4528 incerto
1943 4475 2038 4529 sui
2093 4477 2199 4532 ﬂu-

503 4611 510 4616 -
535 4574 713 4628 ctuet.
729 4569 890 4643 Ergo
906 4581 1114 4625 omnes
1127 4581 1260 4638 qum
1272 4564 1556 4636 inspectae
1569 4578 1685 4619 non
1701 4567 1858 4630 sunt,
1873 4563 2200 4634 periculum

2315 1982 2537 2035 domini
2596 1981 2688 2035 vel
2736 1985 2966 2052 patroni
3024 1985 3115 2038 sui
3176 1985 3475 2040 voluntate
3525 1988 3737 2042 visitata
3784 1992 3900 2041 esta

2313 2070 2674 2140 peritissime
2707 2079 2762 2124 et
2801 2071 3075 2142 locupleti
3109 2075 3324 2128 femina
3348 2075 3841 2146 liujusmodiartis;
3863 2079 3899 2128 et

2313 2175 2446 2213 cum
2478 2159 2652 2213 simul
2686 2161 2798 2214 ista
2844 2168 3253 2232 suppeterent.
3318 2170 3381 2219 ut
3440 2182 3622 2237 neque
3657 2169 3898 2236 paupertas

2314 2247 2657 2302 obstetricis
2682 2255 3020 2319 suspectam
3053 2251 3273 2306 faceret
3303 2254 3500 2325 fidem,
3542 2269 3717 2325 neque
3744 2253 3900 2306 indoci-

2312 2335 2469 2405 litas,
2502 2341 2696 2392 tamen
2725 2339 2918 2392 adhuc
2950 2344 3140 2394 manet
3170 2344 3446 2412 quaestio.

2383 2427 2436 2480 9.
2470 2425 2618 2490 Quid
2650 2427 2870 2496 profuit
2901 2429 3081 2499 igitur
3111 2445 3237 2483 eam
3271 2433 3508 2502 inspici,
3533 2447 3656 2486 cum
3675 2431 3896 2485 damnatio

2312 2516 2590 2569 maneat?
2646 2515 2794 2569 Nam
2826 2520 2888 2570 ut
2918 2517 3170 2588 quisque
3202 2521 3476 2587 voluerit,
3509 2524 3603 2575 aut
3646 2519 3897 2589 imperitam

2313 2604 2622 2670 medicam,
2656 2609 2756 2658 aut
2787 2606 3144 2674 redemptam
3185 2615 3452 2676 asseret;
3505 2611 3576 2662 ita
3606 2611 3723 2662 sine
3747 2606 3900 2660 affectu

2308 2693 2662 2762 nlloinjuria
2681 2694 3066 2762 inspectionis
3091 2700 3200 2750 est.
3226 2698 3378 2761 Quid
3411 2699 3614 2752 deinde
3634 2699 3759 2751 fiet?
3788 2695 3901 2758 Quo-

2310 2783 2662 2852 tiescunque
2686 2785 3014 2848 emerserit,
3055 2784 3152 2854 qui
3197 2802 3314 2838 non
3357 2787 3572 2852 credat,
3603 2786 3756 2838 toties
3780 2785 3900 2850 virgo

2307 2871 2718 2925 attreetahitur
2753 2872 2909 2940 (58)?
2943 2873 3086 2926 Nam
3129 2875 3181 2927 si
3222 2891 3479 2946 unquam
3522 2891 3584 2929 se
3623 2872 3901 2927 visitandam

2309 2959 2598 3026 abnuerit,
2635 2961 2964 3014 secundum
2994 2964 3396 3018 assertionem
3429 2969 3582 3018 tuam
3617 2965 3681 3016 de
3718 2959 3902 3014 crimine

2310 3049 2705 3104 confitebitur.
2742 3049 2810 3102 Et
2842 3049 3075 3104 facilius
3107 3055 3198 3104 est
3238 3057 3303 3106 ut
3351 3055 3580 3121 refutet,
3621 3051 3759 3124 quod
3799 3062 3902 3102 nun-

2309 3153 2483 3210 quam
2547 3139 2781 3206 fecerit,
2844 3155 3016 3210 quam
3076 3141 3232 3210 quod
3296 3141 3522 3196 fecerit.
3583 3138 3904 3194 Variabuntur

2309 3228 2491 3298 igitur
2519 3227 2896 3297 obstetrices,
2942 3244 3014 3283 ne
3072 3235 3376 3300 susceptae
3435 3231 3623 3300 aliqua
3674 3229 3905 3298 repetatur

2237 3296 2536 3387 egi-aliae.
2577 3315 2698 3370 Erit
2732 3296 2928 3387 itaque
2969 3317 3118 3371 inter
3159 3296 3391 3389 plures,
3419 3296 3906 3391 quanquampauca-

2307 3421 2438 3459 rum
2457 3407 2626 3458 etiam
2649 3406 2709 3459 in
2733 3406 2964 3477 magnis
2985 3407 3232 3461 urbibus
3269 3408 3369 3463 hic
3404 3427 3547 3464 usus
3571 3406 3806 3463 medendi
3822 3403 3902 3456 sit:

2307 3495 2436 3564 erit,
2469 3497 2728 3564 inquam,
2791 3495 2883 3549 vel
2942 3495 3247 3566 malevola,
3312 3499 3410 3552 vel
3466 3499 3732 3568 imperita,
3776 3504 3903 3564 quam

2305 3583 2553 3654 pudoris
2611 3583 2872 3638 claustra
2902 3590 3274 3655 praetereant,
3339 3591 3396 3642 et
3458 3604 3560 3658 per
3616 3583 3903 3654 imperitiam

2306 3673 2538 3743 integro
2573 3678 2768 3726 notam
2811 3674 3016 3745 afﬁgat
3054 3676 3283 3744 pudori.
3329 3677 3510 3731 Vides
3558 3677 3612 3730 in
3656 3672 3791 3744 quod
3828 3682 3902 3738 pe-

2306 3761 2559 3816 riculum
2619 3763 2865 3816 inducas
2933 3764 3284 3835 virginalem
3341 3765 3755 3836 professionem
3803 3757 3902 3809 dum

2307 3844 2690 3906 obstetricem
2722 3853 3113 3906 adhibendam
3149 3853 3360 3926 putas;
3394 3859 3454 3908 ut
3480 3855 3598 3926 jam
3628 3868 3732 3907 non
3759 3846 3903 3902 solum

2306 3943 2684 4004 verecundiae
2720 3959 2846 3997 suae
2879 3943 3211 4014 dispendio,
3246 3945 3356 3999 sed
3413 3946 3582 4000 etiam
3629 3932 3900 3996 obstetricis

2305 4038 2531 4092 incerto
2564 4034 2944 4105 periclitetur.

2380 4125 2466 4180 10.
2501 4125 2671 4178 Nunc
2696 4122 3144 4177 consideremus
3167 4123 3324 4193 quod
3349 4121 3677 4177 obstetricis
3698 4113 3901 4172 officium

2308 4215 2405 4272 sit.
2441 4214 2724 4286 Legimus
2756 4213 2929 4266 etiam
2973 4211 3031 4265 in
3093 4211 3286 4265 Veteri
3333 4211 3696 4266 Testamento
3748 4203 3900 4258 obste-

2307 4306 2509 4372 trices,
2535 4302 2640 4357 sed
2659 4302 3177 4371 noninspectrices
3193 4317 3208 4368 ',
3223 4301 3480 4371 denique
3493 4299 3562 4354 ad
3577 4293 3899 4369 parturientes

2305 4392 2811 4466 ingrediebantur,
2837 4406 2952 4444 non
2975 4389 3046 4444 ad
3068 4390 3337 4462 virgines
3363 4406 3378 4459 ;
3399 4395 3461 4444 ut
3481 4393 3673 4460 partus
3693 4380 3904 4447 suscipe:

2304 4487 2453 4550 rent,
2479 4497 2596 4536 non
2629 4483 2689 4534 ut
2712 4479 2996 4550 pudorem
3031 4480 3456 4534 examinarent.
3485 4476 3645 4532 Unde
3666 4478 3715 4528 et
3745 4470 3897 4550 obstef

2305 4549 2484 4626 trices
2514 4571 2620 4640 (59)
2653 4549 2846 4636 dictae,
2888 4583 2958 4622 eo
3015 4568 3174 4638 quod
3233 4569 3527 4622 obsistunt
3583 4560 3786 4619 dolori:
3829 4549 3897 4605 vel

531 4659 843 4718 subierunt
889 4653 1184 4732 pudoris?
1244 4653 1403 4728 Ergo
1463 4657 1519 4708 ct
1565 4669 1697 4726 quae
1737 4657 2005 4724 nupturae
2037 4659 2196 4727 sunt,
2229 4655 2280 4717 D
2306 4664 2462 4716 certe
2495 4659 2750 4730 pignori,
2786 4673 2857 4712 ne
2878 4657 3089 4711 laxatis
3113 4657 3262 4713 uteri
3284 4657 3637 4730 genitalibus
3656 4643 3896 4706 claustris.

1525 4797 1652 4853 lura
1711 4797 1784 4852 de
1842 4797 1952 4852 hac
2017 4815 2080 4854 re
2139 4802 2197 4855 ct

595 4800 709 4873 (56)
766 4801 830 4858 Si
859 4799 1034 4873 cujus
1093 4797 1428 4873 interfuerit

1541 4868 1894 4936 archiatros,
1930 4869 2043 4924 hoc
2083 4876 2196 4940 est,

531 4867 1398 4951 exiplicatiora'discere,.illum
1429 4867 1502 4923 ad
1541 4868 1900 4951 archiatros,
1930 4869 1992 4951 bc

531 4941 833 5017 principes
863 4944 923 4998 in
954 4941 1228 5017 medendi
1256 4941 1784 5017 arte_re_m_ittimus.
1811 4942 2055 5017 interim
2089 4943 2199 4996 ob-

531 5011 907 5070 servabimus
937 5029 1055 5068 non
1085 5013 1279 5084 solum
1311 5028 1343 5084 e
1375 5011 1654 5084 Pati-ibus
1695 5012 1975 5084 Ambros.
2019 5029 2198 5084 quam

532 5084 756 5143 incerta
788 5087 866 5140 sit
894 5084 1086 5156 turpis
1117 5083 1214 5156 illa
1262 5082 1620 5156 integritatis
1677 5082 2054 5156 exploratio,
2087 5085 2196 5139 do-

535 5159 737 5213 cuisse
758 5171 774 5225 ;
797 5156 902 5212 sed
927 5154 1098 5226 etiam
1111 5154 1467 5226 Cyprianum
1491 5155 1663 5226 epist.
1693 5155 1768 5208 ad
1792 5155 2192 5224 Pomponium,

537 5229 637 5285 ubi
660 5229 952 5301 legimus:
987 5250 1010 5275 α
1043 5225 1188 5280 Cum
1220 5229 1279 5301 e_t
1307 5241 1514 5280 manus
1545 5225 1930 5301 obstetricum
1963 5230 2020 5279 et
2049 5243 2196 5301 ocu-

533 5301 632 5357 lus
663 5296 825 5372 sépe
856 5298 1150 5372 fallantur.
1187 5317 1224 5372 »_
1247 5296 1389 5372 lino_
1405 5313 1550 5372 vero
1594 5297 1989 5372 periculosam
2023 5298 2197 5372 etiam

535 5387 675 5443 esse
707 5367 1262 5443 Augustinussatis
1296 5367 1543 5443 indicat,
1568 5384 1700 5421 cum
1725 5369 1830 5443 lib.
1866 5369 1988 5443 ibe
2011 5369 2194 5443 Civil.

535 5442 670 5514 Dei,
705 5438 832 5514 cap'.
865 5442 952 5510 18,
986 5441 1064 5514 ita
1095 5439 1388 5512 loquitur:
1426 5461 1448 5486 α
1480 5438 1779 5514 obstetrix
1800 5441 2074 5514 Avirginis
2105 5457 2201 5514 cu-

529 5509 1195 5587 jusdam-integritatem
1227 5523 1404 5587 manu
1460 5509 1622 5587 velut
1677 5509 2017 5587 explorans,
2067 5513 2196 5587 sive

534 5582 968 5712 mplevolg'i‘iitita,
1003 5586 1133 5640 sive
1165 5582 1420 5652 inscitia,
1457 5582 1587 5638 sive
1619 5598 1784 5653 casu,
1818 5583 1957 5638 dum
2003 5584 2198 5654 inspi-

536 5672 588 5712 ci
620 5699 634 5712 .
668 5673 776 5712 per
818 5676 833 5712 l
881 5674 897 5710 ι
929 5699 941 5711 .
981 5677 1002 5706 ι»

536 5654 634 5713 cit.
668 5654 959 5713 perdidit.
981 5677 1002 5706 υ

606 5673 634 5728 c,
711 5673 941 5712 eruum.
981 5677 1032 5728 υ,

606 5673 722 5796 (εξ)
751 5728 909 5800 Μεξ2
934 5726 1176 5800 aliquot,
1241 5748 1262 5775 κ
1302 5723 1528 5800 saltim
1567 5745 1588 5774 ιο
1642 5727 1740 5781 aut
1775 5746 1797 5800 ς
1859 5721 2068 5800 saltem
2101 5725 2194 5800 in~

536 5794 764 5896 specta.
799 5817 822 5849 κ
855 5797 991 5858 Non
1021 5794 1170 5856 satis
1191 5798 1382 5873 recte;
1416 5795 1674 5853 Altinum
1705 5797 1860 5854 enim
1882 5795 1990 5853 fuit
2019 5794 2198 5857 Italiae

2304 4802 2685 4874 municipium
2732 4800 2883 4854 haud
2913 4799 3218 4874 ignobile,
3279 4799 3456 4871 cujus
3506 4799 3585 4874 ab
3639 4786 3896 4874 Attilaalll

2303 4863 2683 4942 volunt,'solo
2711 4888 2798 4941 aeq
2811 4871 2923 4944 uati
2950 4863 3134 4924 r'uiua‘:
3161 4863 3429 4942 quaedam
3454 4871 3636 4944 adhuc
3659 4863 3894 4944 vis-uului“.

2306 4951 2365 5025 ut
2396 4939 2572 4998 trahit
2604 4939 2824 5025 locum]:
2844 4943 3138 5024 .Albertus
3169 4939 3530 5025 inﬁtiare/{ia
3578 4939 3891 5025 ‘Y‘artjililifg

2305 4999 2519 5071 Iterum
2543 5020 2734 5069 autem
2757 5016 3102 5088 ubiﬂomnes
3137 5016 3275 5068 edit.
3318 5015 3620 5088 exhibent,
3655 5029 3673 5056 ί

2305 5089 2599 5142 extribuni
2624 5086 2922 5153 etnotarii,
2952 5109 2974 5132 ι»
3003 5102 3209 5140 omnes
3243 5103 3410 5151 mss.,
3433 5073 3644 5153 legunt,
3659 5099 3689 5153 _«
3711 5073 3889 5153 Nicth

2305 5176 2375 5213 ex
2408 5160 2644 5212 tribuno
2703 5163 2757 5211 et
2811 5135 3058 5224 notario,
3099 5179 3118 5204 ιο
3157 5135 3773 5228 duriusehleuqmdem.

2304 5235 2497 5284 tamen
2528 5246 2644 5284 non
2667 5245 2916 5298 prorsus
2943 5211 3288 5298 incongrue.
3318 5228 3508 5290 Hujus
3527 5211 3689 5293 porro
3711 5211 3890 5298 Nicenti

2305 5301 2588 5356 Paulinus
2621 5283 2882 5373 meminit
2914 5303 2968 5373 iu
3015 5283 3320 5373 Ambrosii
3371 5283 3541 5373 Vita,‘
3675 5283 3888 5373 emitticf!)

2304 5389 2442 5428 esse
2475 5376 2734 5426 autumat
2765 5371 3123 5424 Godefridus
3153 5387 3221 5423 ac
3257 5369 3565 5423 Silentium
3599 5363 3739 5416 illum
3755 5363 3888 5428 cujus

2305 5426 2522 5498 mentio
2554 5445 2615 5496 fit
2647 5445 2703 5495 in
2738 5443 2869 5513 lege
2909 5443 2992 5512 tl,
3026 5444 3163 5494 anni
3196 5441 3318 5511 (ΞΠ,
3358 5463 3378 5488 ιι
3407 5439 3492 5493 Ne
3517 5439 3756 5490 sanctum
3781 5426 3886 5490 bﬂP'

2305 5516 2478 5570 tisma
2511 5517 2772 5568 iteretur.
2803 5537 2824 5560 »
3816 5563 3826 5570 -
3850 5561 3857 5570 ο

2511 5563 2772 5638 Laelii
2793 5588 2850 5638 et
2881 5600 3028 5638 mss.
3061 5583 3344 5654 nonnulli,
3379 5584 3544 5654 virgo
3590 5563 3883 5633 obtrectabi-

2306 5659 2420 5714 tur.
2461 5679 2482 5704 ι
2521 5656 2653 5710 Non
2686 5671 2868 5726 pravo
2891 5671 3096 5710 sensu.
3582 5719 3595 5726 _
3794 5703 3855 5726 η,

2377 5729 2489 5800 (59)
2524 5717 2778 5800 Vossius
2809 5727 2871 5782 in
2921 5726 3194 5800 Etymoﬁlq
3236 5729 3556 5800 postquam
3581 5717 3882 5800 bant;

2305 5787 2787 5878 illi‘us'originem
2818 5787 3192 5876 memoravit;
3217 5787 3405 5866 addit'
3423 5793 3562 5858 illud
3603 5787 3708 5852 sibi
3731 5787 3881 5856 ωιειῆ
