4090 6174
115 375 246 436 933

1314 367 1924 437 EPISTOLARUM
1967 348 2310 434 cisxs
2350 367 2396 434 ι.

3465 373 3586 447 934

118 585 184 638 in
216 586 433 638 terram
465 583 702 638 deﬂuat.
737 583 1012 638 Secundo
1061 586 1118 640 et
1164 585 1336 640 tertio
1381 585 1514 640 loco
1555 585 1613 640 in
1645 584 1802 640 Scri-
1826 564 1887 633 Ᾱ
1914 597 2120 637 verum
2148 579 2420 635 arbitror.
2455 579 2568 635 Sed
2601 580 2737 652 quia
2758 579 3038 653 pleraque
3059 583 3132 638 ad
3155 583 3417 655 speciem
3440 584 3581 641 faci-

124 673 320 744 pturis
353 673 690 728 invenimus
737 665 886 728 768
935 673 1289 729 obstetrices
1321 674 1654 742 adhibitas;
1697 675 1802 728 sed

127 762 351 833 ubique
383 762 596 831 partui,
628 778 921 832 nusquam
945 763 1320 832 inspectioni.
1344 763 1543 817 Primo
1568 763 1664 816 ubi
1693 764 1804 816 Ra—

131 851 266 905 chel
301 851 547 921 parturit
579 850 752 918 (Gen.
792 868 977 920 xxxv,
1021 849 1130 920 18),
1172 851 1383 907 deinde
1422 851 1521 906 ubi
1553 851 1807 905 Thamar

129 940 285 1010 parit
317 939 491 1009 (Gen.
527 956 777 1009 xxxvm,
809 939 1122 1010 27);tertio
1155 941 1256 995 ubi
1287 941 1588 996 necandos
1611 955 1806 995 mares

133 1028 368 1083 Pharao
399 1029 634 1082 mandat
669 1028 1058 1083 Hebraeorum
1077 1029 1502 1084 obstetricibus
1523 1029 1740 1092 (Fxod.
1765 1046 1804 1098 ι,

135 1118 201 1171 15
241 1119 420 1189 seq.);
467 1117 703 1188 quando
752 1118 1189 1187 responderunt
1224 1118 1361 1186 illae,
1393 1134 1510 1172 non
1541 1132 1612 1172 eo
1644 1133 1807 1172 more

137 1206 428 1260 Hebraeas
470 1205 723 1259 feminas
763 1221 992 1275 parere,
1036 1222 1152 1277 quo
1192 1207 1426 1277 pariunt
1454 1206 1756 1277 Aigyptiae
1790 1221 1803 1262 :

136 1294 246 1349 sed
281 1294 567 1349 Hebraeas
596 1295 766 1364 prius
796 1310 1025 1365 parere,
1057 1310 1232 1366 quam
1280 1295 1572 1349 introeant
1603 1295 1808 1349 obste-

133 1384 322 1438 trices
351 1383 424 1437 ad
453 1399 578 1438 eas.
609 1382 722 1447 Qui
750 1383 921 1437 locus
950 1386 1013 1437 ut
1043 1384 1339 1454 superiori
1386 1383 1547 1438 utilis
1579 1383 1652 1437 ad
1685 1382 1806 1436 He-

135 1473 444 1527 braeorum
471 1472 716 1526 salutem
742 1487 758 1542 ;
788 1472 866 1526 ita
900 1473 1130 1543 reliquo
1163 1471 1560 1544 confragosus
1593 1471 1666 1526 ad
1696 1471 1806 1526 ob-

138 1561 454 1615 stetricum
484 1561 673 1630 fidem,
703 1577 838 1632 quae
861 1561 1191 1616 didicerunt
1212 1561 1444 1616 mentiri
1464 1577 1571 1630 pro
1593 1560 1804 1631 salute,

139 1653 200 1703 et
232 1649 437 1703 fallere
466 1665 569 1719 pro
599 1651 1003 1704 excusatione.

215 1736 304 1792 11.
339 1738 485 1802 Quid
514 1739 697 1810 igitur
725 1743 1001 1808 suspecta
1036 1742 1092 1793 et
1113 1739 1289 1794 dubia
1313 1742 1650 1810 captamus;
1675 1754 1808 1793 cum

137 1826 370 1898 majora
399 1829 519 1881 sint
536 1828 647 1881 alia
669 1829 1075 1882 examinandae
1097 1830 1360 1883 veritatis
1382 1830 1732 1884 documenta
1753 1833 1810 1883 et

1912 686 2068 739 mus,
2094 685 2211 724 non
2233 669 2304 723 ad
2335 669 2674 736 veritatem;
2721 674 2777 724 et
2807 671 3030 725 erroris
3061 673 3247 743 gratia
3278 675 3580 746 complura

1912 759 2255 830 frequenter
2302 757 2724 828 praetendimus
2771 762 2934 826 (sunt
2976 760 3131 814 enim
3179 763 3280 832 qui
3311 765 3580 820 nesciant

1913 851 2072 902 recte
2119 847 2335 916 facere,
2386 846 2500 900 nisi
2553 851 2709 901 metu
2756 849 2969 917 poenae)
3017 849 3420 922 relinquamus
3465 854 3578 909 hoc

1912 936 2054 1006 illis,
2105 951 2255 1008 quas
2303 951 2421 991 non
2472 937 2828 990 verecundia
2862 942 3099 992 revocat
3146 955 3180 992 a
3226 941 3420 1012 lapsu,
3467 945 3576 1000 sed

1913 1025 2083 1078 solus
2129 1023 2364 1094 injuriae
2417 1019 2674 1078 deterret
2730 1029 2920 1080 metus
2973 1042 2986 1080 :
3039 1018 3184 1082 769
3234 1029 3386 1099 apud
3427 1046 3578 1102 quas

1913 1113 2072 1168 nulla
2119 1129 2258 1167 cura
2299 1113 2566 1183 pudoris,
2598 1117 2656 1167 et
2687 1115 2975 1169 castitatis
3006 1116 3212 1188 gratia,
3248 1118 3355 1173 sed
3387 1135 3578 1190 pmnm

1913 1203 2090 1256 timor
2118 1205 2229 1256 est.
2257 1201 2684 1272 Relinquamus
2705 1204 3064 1274 vernaculis,
3083 1206 3302 1277 quibus
3325 1207 3578 1264 formido

1917 1294 2009 1344 est
2037 1289 2396 1361 deprehendi
2427 1292 2618 1362 magis
2649 1308 2825 1362 quam
2855 1308 3162 1363 peccasse.
3195 1294 3369 1350 Absit
3395 1311 3430 1350 a
3461 1297 3581 1352 vir-

1917 1379 2056 1451 gine
2089 1395 2281 1448 sacra,
2314 1383 2377 1433 ut
2404 1378 2784 1436 obstetricem
2814 1384 3045 1436 noverit
3095 1398 3108 1438 :
3155 1389 3360 1454 partus
3407 1388 3580 1456 puta-

1917 1472 2032 1538 tur,
2091 1471 2150 1522 et
2196 1469 2522 1522 remedium
2569 1468 2794 1524 doloris
2844 1470 3096 1541 ducitur,
3155 1488 3272 1528 non
3330 1489 3580 1530 examen

1914 1557 2179 1628 pudoris.
2216 1557 2642 1629 Relinquamus
2672 1560 2846 1614 etiam
2877 1561 3016 1631 illis,
3043 1563 3093 1616 si
3128 1579 3262 1634 quae
3292 1563 3580 1635 gravibus

1915 1647 2186 1716 appetitae
2243 1645 2576 1716 calumniis,
2637 1663 2946 1718 oppressis
3011 1653 3368 1708 testimoniis
3424 1653 3582 1724 (60),

1915 1733 2300 1806 strangulata:
2348 1737 2736 1806 argumentis,
2785 1737 2857 1791 ad
2901 1738 2959 1791 id
3008 1739 3373 1812 confugiant,
3423 1744 3486 1796 ut
3514 1757 3582 1796 se

1917 1823 2163 1878 offerant
2212 1823 2597 1894 inspectioni,
2645 1839 2763 1895 quo
2821 1825 2916 1880 vel
2973 1828 3244 1898 corporis
3302 1830 3587 1900 probetur

137 1916 574 1984 testimonia,in
596 1917 814 1987 quibus
837 1917 1218 1988 expressiora
1242 1918 1499 1990 insignia
1522 1918 1616 1972 vel
1638 1921 1809 1972 teme—
1839 1913 2186 2009 Bcustodia
2233 1912 2288 1966 si
2337 1915 2530 1967 tamen
2574 1912 2938 1984 deprehendi
2983 1920 3206 1988 potest,
3257 1919 3317 1973 in
3364 1919 3585 1991 quibus

135 2005 250 2058 rati
279 2005 526 2074 pudoris
558 2006 723 2060 sint?
753 2005 902 2070 Quid
933 2008 1089 2060 enim
1111 2012 1203 2062 est
1222 2008 1380 2078 quod
1400 2008 1592 2079 magis
1614 2008 1810 2078 publi-
1839 2001 1892 2009 ⁷
1919 2007 2081 2057 nutat
2108 2001 2356 2071 pudoris
2386 2001 2594 2073 gratia,
2627 2005 2683 2056 et
2703 2001 3015 2074 disciplina
3036 2007 3409 2079 integritatis.
3436 2009 3585 2066 Male

134 2107 276 2147 cum
309 2095 409 2163 sit,
440 2110 616 2164 quam
646 2093 870 2150 offensa
900 2096 1166 2166 pudoris,
1201 2101 1257 2150 et
1287 2096 1590 2152 deﬂoratio
1622 2097 1809 2170 virgi—

137 2183 347 2236 nitatis
369 2184 398 2236 ?
427 2183 588 2238 Nihil
619 2184 884 2254 profecto
907 2186 1063 2256 quod
1086 2187 1277 2258 magis
1295 2201 1362 2240 se
1383 2185 1608 2256 prodat,
1635 2202 1811 2257 quam

135 2273 434 2326 castitatis
464 2273 860 2343 dispendium.
886 2275 1188 2329 Tumescit
1217 2275 1406 2345 alvus,
1441 2278 1499 2329 et
1528 2275 1812 2330 inceden-

132 2365 260 2416 tem
295 2361 472 2416 faatus
519 2363 612 2416 sui
663 2379 843 2417 onera
892 2368 1174 2435 gravant;
1205 2368 1268 2419 ut
1296 2365 1812 2435 praetermittamus

134 2451 278 2518 alia,
313 2451 531 2522 quibus
563 2467 629 2505 se
658 2453 752 2506 vel
785 2453 956 2506 tacita
987 2454 1181 2522 prodit
1211 2453 1595 2508 conscientia.

216 2540 306 2592 12.
341 2542 413 2592 At
434 2539 583 2594 forte
606 2540 932 2595 sterilitatis
951 2542 1192 2598 obtentu
1213 2543 1501 2598 abscondi
1519 2543 1578 2596 in
1598 2541 1812 2613 aliqui-

132 2629 258 2682 bus
289 2629 481 2698 possit
511 2629 815 2700 flagitium.
850 2630 960 2684 Hic
992 2647 1132 2686 vero
1157 2648 1289 2686 cum
1312 2632 1505 2687 editus
1528 2635 1731 2701 partus
1755 2634 1814 2685 et

135 2707 482 2786 expositus,
516 2719 609 2771 vel
641 2724 886 2774 necatus
931 2721 1084 2790 (dum
1125 2721 1361 2775 invidia:
1391 2722 1604 2793 magis,
1638 2737 1814 2792 quam

133 2807 480 2878 probationi
513 2809 862 2878 consulitur)
895 2809 1221 2879 dissipatus
1254 2811 1331 2864 sit
1360 2825 1466 2880 per
1481 2826 1657 2864 aures
1681 2812 1814 2864 uni-

135 2912 484 2964 versorum,
516 2898 881 2970 strangulata
911 2903 1001 2953 est
1022 2899 1266 2954 libertas
1289 2900 1735 2969 calumniarum,
1760 2899 1816 2954 si

134 2986 393 3057 peperit.
427 2986 650 3057 Nempe
687 2988 934 3042 Veronae
955 2988 1080 3058 fuit,
1102 2989 1406 3043 visebatur
1422 2990 1815 3060 frequentera

133 3075 486 3147 virginibus
535 3080 591 3130 et
629 3076 976 3131 mulieribus
1002 3092 1017 3148 ;
1050 3077 1109 3131 in
1141 3078 1364 3133 honore
1396 3079 1550 3133 enim
1581 3093 1818 3148 semper

137 3165 622 3221 erat.\’isebatur
654 3169 710 3220 et
738 3182 770 3219 a
802 3167 1214 3221 sacerdotibus
1246 3171 1484 3238 propter
1518 3167 1815 3238 pudicitiae

137 3254 566 3322 reverentiani,
586 3258 643 3308 et
661 3255 968 3326 gravitatis
991 3257 1317 3325 speculum.
1339 3257 1642 3321 Quomodo
1670 3272 1816 3329 ergo

137 3345 338 3414 potuit
371 3342 642 3397 occulere
675 3343 918 3413 crimen,
952 3345 1110 3416 quod
1132 3361 1199 3400 se
1221 3346 1312 3400 vel
1335 3345 1535 3416 specie
1558 3347 1650 3400 sui
1674 3362 1816 3416 pro-

139 3434 362 3488 deret?
408 3430 711 3495 Quomoio
760 3434 905 3488 texit
936 3437 1213 3489 uterum?
1244 3434 1539 3506 quomodo
1571 3451 1687 3490 non
1718 3451 1815 3490 re-

141 3522 306 3594 fugit
361 3525 666 3591 aspectum
726 3523 1066 3593 mulierum,
1129 3524 1336 3578 oculos
1393 3523 1817 3580 salutantium?

141 3610 449 3682 quomodo
481 3611 818 3680 parturiens
841 3628 1047 3667 vocem
1067 3615 1356 3683 repressit
1375 3616 1403 3668 ‘I
1431 3613 1548 3668 Sed
1570 3614 1682 3669 hoc
1699 3630 1818 3669 non

142 3704 369 3772 patitur
399 3699 566 3754 dolor
598 3717 609 3755 :
645 3701 897 3772 denique
928 3703 1228 3772 Scriptura
1262 3703 1373 3758 hos
1403 3704 1695 3758 maximos
1725 3704 1816 3758 di-

143 3793 222 3845 cit
256 3790 522 3860 dolores,
554 3792 656 3862 qui
687 3795 826 3846 sunt
855 3794 1201 3863 paturientis
1247 3793 1419 3860 (Gen.
1459 3811 1542 3863 m,
1577 3794 1686 3863 16).
1719 3793 1817 3848 Sic

143 3882 328 3950 enim,
361 3882 567 3952 inquit,
602 3883 732 3935 dies
763 3882 990 3937 Domini
1025 3884 1222 3938 subito
1245 3884 1422 3955 venit,
1453 3889 1510 3938 et
1541 3885 1818 3954 improvi-

144 3986 256 4024 sus
307 3971 497 4039 adest,
551 3976 609 4024 ut
660 3971 828 4025 dolor
870 3977 1096 4043 partus,
1128 3975 1228 4044 qui
1260 3974 1596 4028 intercludit
1624 3973 1818 4030 omnia

145 4060 369 4132 effugia
403 4061 790 4116 delitescendi
821 4064 960 4132 (Isa.
985 4081 1114 4134 xm,
1145 4069 1197 4133 8,
1230 4065 1307 4133 9).

221 4155 311 4208 13.
367 4153 511 4207 Haec
559 4157 652 4208 est
698 4156 895 4210 verior
923 4157 1409 4212 documentorum
1441 4157 1610 4228 ﬁdes,
1643 4174 1818 4230 quam

149 4243 518 4298 erubescunt
547 4248 603 4298 et
625 4244 922 4300 mulieres.
950 4245 1214 4317 Denique
1242 4247 1541 4302 Elisabeth
1563 4247 1819 4302 occulta-

148 4333 248 4387 bat
262 4349 332 4388 se
347 4333 657 4388 mensibus
671 4335 931 4406 quinque
948 4350 962 4404 ;
979 4351 1047 4390 eo
1062 4337 1215 4406 quod
1231 4337 1454 4390 sterilis
1468 4339 1821 4406 conceperat

149 4424 207 4478 in
241 4427 549 4478 senectute
580 4424 742 4493 (Luc.
778 4443 816 4495 ι,
859 4425 969 4494 2-1).
1007 4425 1116 4479 His
1147 4426 1341 4498 signis
1375 4429 1430 4480 et
1461 4426 1590 4497 ipsa
1621 4426 1820 4481 Mariae

148 4513 468 4584 virginitas
498 4513 652 4584 apud
685 4514 930 4586 ignaros
961 4516 1247 4586 mysterii,
1280 4516 1483 4586 probri
1514 4519 1822 4587 suspecta-

150 4602 344 4656 batur.
385 4602 552 4657 Unde
581 4606 638 4658 et
667 4603 912 4674 Josepli,
949 4607 1044 4659 cui
1083 4605 1440 4675 desponsata
1472 4609 1598 4660 erat
1625 4606 1818 4677 virgo,

153 4694 505 4761 suspectum
554 4692 807 4747 habebat
852 4694 1088 4763 vitium,
1138 4695 1275 4749 dum
1323 4695 1516 4749 adhuc
1563 4696 1821 4750 nesciret

153 4780 481 4836 Dominicaa
504 4781 925 4837 incarnationis
947 4788 1380 4839 sacramentum
1402 4786 1690 4854 (MatthJ,
1709 4785 1817 4855 19).

223 4871 314 4924 1-1.
363 4869 514 4934 Quid
553 4885 698 4943 ergo
740 4887 1030 4944 negamus
1071 4873 1472 4944 inscipiendas
1511 4874 1819 4946 virgines;

153 4959 396 5014 Interim
436 4960 590 5030 quod
633 4976 926 5032 nusquam
966 4962 1232 5034 legerim,
1277 4979 1392 5018 non
1431 4968 1654 5034 astruo,
1714 4978 1823 5018 nec

153 5155 441 5232 arridere,
460 5160 526 5232 Διιι
555 5157 890 5232 σγοὺεῑθιτίχ
914 5181 934 5207 η
962 5160 1190 5214 dicatur
1210 5160 1382 5232 quasi
1406 5184 1428 5209 «ι
1450 5161 1765 5228 assestrix,
1798 5186 1818 5209 ιι

154 5228 313 5295 quod
350 5228 592 5295 parienti
626 5231 906 5284 assideat.
941 5233 1053 5285 Sec
1087 5228 1244 5286 haud
1272 5233 1496 5287 scimus
1527 5250 1600 5286 an
1627 5234 1824 5287 multis

153 5299 571 5421 appgobatverit
605 5301 752 5354 hanc
787 5306 1156 5372 sententiam,
1194 5304 1368 5357 nobis
1400 5320 1543 5359 sane
1577 5321 1694 5358 non
1725 5321 1823 5375 ap-

155 5383 261 5421 pro
310 5386 406 5421 av1
438 5411 450 5421 .

155 5375 450 5436 probavit.

224 5441 341 5508 (60)
395 5441 472 5516 lla
521 5443 694 5495 etiam
743 5444 1072 5515 Cyprianus
1115 5444 1237 5516 jam
1284 5447 1513 5500 laudata
1547 5447 1716 5516 epist.
1751 5447 1826 5502 ad

157 5508 866 5590 {’omponiiim,_quamv'is
898 5508 1179 5570 incertain
1209 5533 1347 5572 esse
1368 5519 1516 5572 hanc
1535 5508 1824 5590 indagan-

159 5579 247 5660 dae
267 5579 631 5660 virginitatis
643 5588 795 5640 viam
813 5590 1182 5658 agnoviscet,
1200 5605 1331 5643 cum
1346 5593 1537 5643 tamen
1550 5579 1828 5660 ageretur

160 5651 227 5706 de
260 5651 496 5723 puellis,
529 5672 664 5728 qua:
694 5673 762 5713 se
793 5651 910 5714 una
933 5676 1065 5714 cum
1086 5651 1234 5714 viris
1254 5661 1556 5716 cubitasse
1578 5651 1826 5716 confite-

161 5731 383 5796 ientur,
417 5732 704 5806 negarent
733 5734 927 5786 autem
954 5747 1275 5806 venereum
1297 5732 1517 5806 aliquid
1539 5737 1824 5806 expertas

162 5807 333 5877 esse,
395 5800 664 5884 praecipit
717 5815 820 5860 eas
874 5802 1169 5878 explorari
1227 5818 1241 5864 :
1309 5825 1331 5860 α
1391 5800 1823 5881 Inspiciantut‘,

1849 3301 1906 3369 Ο

1921 2095 2112 2146 tamen
2143 2105 2209 2144 se
2241 2089 2417 2144 habet
2447 2106 2646 2159 causa,
2699 2091 2798 2146 ubi
2843 2088 3035 2163 potior
3061 2098 3154 2148 est
3183 2097 3380 2151 carnis
3411 2113 3586 2168 quam

1920 2180 2134 2234 mentis
2166 2180 2580 2250 praerogativa.
2615 2179 2767 2235 Malo
2799 2197 3028 2236 morum
3060 2183 3392 2255 signaculo,
3411 2201 3589 2258 quam

1923 2269 2192 2339 corporis
2225 2268 2482 2322 claustro
2512 2268 2908 2339 virginitatem
2940 2272 3211 2341 exprimi.

1996 2357 2083 2412 l5.
2135 2357 2264 2412 Jam
2308 2356 2452 2411 illud
2497 2357 2867 2428 praeclarum,
2917 2361 3074 2431 quod
3116 2362 3412 2433 scripsisti
3442 2364 3590 2420 insi-

1927 2450 2166 2504 nuatum
2225 2445 2329 2500 tibi
2383 2462 2417 2500 a
2463 2445 2819 2518 quibusdam
2869 2449 3026 2520 quod
3073 2465 3444 2524 nequaquam
3484 2455 3592 2510 tibi

1927 2535 2452 2604 communicarent,
2486 2537 2538 2589 si
2568 2552 2698 2590 eam
2728 2535 2859 2591 sine
2889 2537 3225 2595 visitatione
3257 2543 3590 2613 suscipien-

1926 2627 2059 2680 dam
2090 2625 2389 2680 crederes.
2425 2624 2582 2696 Ergo
2606 2624 2914 2697 iudicandi
2941 2628 3226 2699 accepisti
3257 2630 3587 2691 formulam.

1925 2715 2143 2780 Quales
2190 2714 2295 2783 illi,
2345 2714 2447 2786 qui
2496 2715 2699 2769 volunt
2742 2717 3134 2786 praescribere
3179 2721 3590 2780 sacerdotibus

1927 2804 2067 2876 quid
2099 2803 2269 2875 sequi
2303 2804 2625 2859 debeamus
2647 2807 2674 2859 ‘I
2696 2805 3108 2862 Liberavimus
3129 2808 3324 2881 itaque
3356 2814 3410 2866 te
3440 2827 3472 2866 a
3501 2827 3594 2868 co.

1928 2893 2213 2967 gnitionis
2244 2894 2622 2966 gravissimae
2652 2897 3028 2966 necessitate,
3081 2913 3154 2953 ne
3199 2915 3451 2957 necesse
3483 2901 3592 2957 ha-

1929 2984 2107 3038 beres
2137 2983 2449 3038 formulam
2480 2984 2807 3038 mandatam
2839 2986 3110 3058 exsequi.
3143 2987 3293 3054 Quid
3316 2990 3490 3046 nobis
3512 2990 3598 3048 fu.

1931 3078 2126 3128 turum
2156 3076 2268 3142 est,
2291 3074 2392 3144 qui
2410 3088 2615 3128 eorum
2638 3073 2852 3129 studiis
2875 3091 2992 3130 non
3011 3076 3547 3148 obtemperavimus
3566 3084 3597 3139 7

2005 3163 2091 3218 16.
2124 3161 2240 3218 Sed
2273 3166 2467 3218 tamen
2499 3163 2626 3218 scio
2657 3163 2775 3217 illic
2805 3163 3123 3237 plerosque
3157 3181 3318 3238 esse,
3367 3171 3469 3241 qui
3519 3171 3595 3226 ti-

1933 3257 2128 3307 meant
2178 3253 2507 3307 Dominum.
2555 3253 2705 3307 Nam
2735 3256 2792 3308 et
2841 3252 2939 3308 hic
2978 3255 3234 3312 vidimus
3266 3257 3506 3330 dudum,
3541 3263 3600 3317 et

1930 3341 2052 3396 illic
2082 3356 2221 3396 esse
2254 3341 2672 3412 comperimus,
2706 3342 2804 3413 qui
2835 3343 3219 3413 compositam
3266 3346 3418 3402 hanc
3446 3364 3598 3420 que-

1934 3434 2138 3485 rantur
2167 3430 2519 3485 calumniam
2553 3445 2566 3487 :
2601 3447 2754 3502 quos
2783 3431 2946 3486 aiunt
2975 3447 3046 3487 eo
3077 3433 3341 3491 offensos
3373 3436 3598 3495 favisse

1935 3521 2190 3575 Maximo
2222 3521 2356 3590 (6t),
2381 3521 2538 3592 quod
2561 3521 2671 3575 ista
2690 3523 2861 3593 virgo
2885 3537 3004 3577 non
3026 3522 3345 3580 circumeat
3365 3524 3596 3599 domos,

1934 3627 2044 3666 nec
2095 3626 2300 3665 eorum
2344 3613 2642 3664 matronas
2690 3611 2905 3666 salutet
2949 3615 3124 3684 atque
3166 3615 3401 3670 ambiat.
3443 3615 3594 3683 Quid

1934 3701 2115 3774 igitur
2145 3701 2262 3769 fiet,
2296 3699 2592 3770 quomodo
2622 3703 2780 3755 tanto
2826 3715 2955 3756 eam
2985 3718 3272 3758 exuemus
3304 3706 3548 3762 crimine
3569 3708 3598 3762 ?

1934 3791 2228 3863 quomodo
2257 3789 2751 3860 persuadebimus
2783 3794 2842 3844 ut
2873 3790 3068 3846 cultus
3097 3797 3362 3848 assumat
3383 3809 3594 3868 novos,

1935 3897 2081 3936 suos
2112 3881 2330 3936 exuat?
2359 3879 2549 3934 Grave
2573 3879 2859 3951 ﬂagitium
2879 3880 3171 3952 virginem
3195 3882 3343 3937 intra
3366 3888 3597 3941 secreta

1935 3971 2148 4025 domus
2178 3969 2418 4041 degere,
2453 3969 2646 4023 claudi
2675 3970 3076 4040 penetralibus
3106 3972 3236 4026 suis
3263 3971 3274 4026 l
3307 3973 3405 4027 Sic
3437 3977 3596 4030 certe

1934 4059 2108 4115 lectio
2159 4059 2332 4114 docet
2378 4059 2620 4112 Mariam
2669 4059 2826 4113 domi
2874 4064 3163 4130 repertam
3194 4061 3329 4132 (62),
3361 4078 3494 4117 cum
3524 4063 3596 4118 ad

1934 4164 2061 4204 eam
2089 4149 2325 4203 Gabriel
2355 4148 2753 4220 archangelus
2784 4151 3052 4204 venisset
3079 4151 3244 4220 (Luc.
3270 4167 3308 4219 ι,
3341 4151 3452 4221 28).
3485 4151 3596 4207 Su-

1934 4254 2120 4293 sanna
2169 4237 2408 4308 fugiens
2456 4237 2760 4292 turbarum
2806 4238 3123 4294 inducitur.
3168 4239 3432 4311 Denique
3463 4256 3597 4297 cum

1935 4343 2002 4384 se
2032 4327 2254 4383 lavaret
2283 4327 2471 4395 (Dam.
2507 4344 2632 4398 xm,
2665 4326 2733 4382 15
2764 4334 2823 4382 et
2853 4329 3023 4400 seq.),
3043 4329 3380 4399 paradisum
3404 4329 3596 4384 claudi

1929 4416 2198 4490 jubebat.
2256 4417 2407 4484 Quid
2462 4421 2656 4472 autem
2714 4418 3094 4487 praestantius
3141 4417 3494 4487 (praesertim
3538 4419 3598 4473 in

1933 4509 2191 4582 virgine,
2223 4508 2400 4580 cujus
2429 4506 2792 4577 praecipuum
2823 4520 2974 4576 opus
3002 4506 3381 4576 verecundia)
3421 4522 3596 4578 quam

1936 4600 2276 4656 secretum?
2304 4597 2455 4663 Quid
2483 4597 2667 4652 tutius
2700 4598 2954 4665 secreto,
2984 4598 3041 4650 et
3069 4595 3141 4648 ad
3172 4607 3378 4649 omnes
3426 4598 3594 4651 actus

1936 4690 2270 4761 expeditius
2312 4687 2472 4756 (63)?
2517 4685 2713 4740 Munia
2761 4684 2917 4740 enim
2960 4683 3206 4755 pudoris
3237 4683 3444 4754 induit,
3479 4699 3598 4739 non

1937 4777 2432 4834 concursationis.
2465 4775 2583 4831 Sed
2612 4775 2683 4830 de
2714 4774 2846 4828 aliis
2875 4767 3102 4844 videro,
3135 4777 3250 4829 tuae
3268 4789 3423 4830 nunc
3455 4773 3599 4830 mihi

1937 4867 2414 4940 respondendum
2444 4865 2710 4937 epistolae
2741 4868 2851 4920 est.

2009 4959 2094 5013 17.
2128 4958 2208 5013 Te
2240 4957 2440 5026 miror,
2475 4955 2674 5026 frater,
2707 4955 2806 5026 qui
2838 4957 3140 5025 tantopere
3170 4953 3454 5010 defendas
3486 4952 3600 5009 Ma-

1935 5157 2143 5228 inquit,
2177 5155 2409 5211 interim
2439 5156 2707 5228 virgines
2755 5153 2828 5209 ab
2875 5151 3302 5208 obstetricibus
3344 5150 3600 5224 diligem-

1934 5233 2121 5370 ῑθι(ἒόἶ)
2153 5300 2300 5354 Mss.
2333 5299 2574 5370 aliquot,
2613 5322 2634 5346 «ι
2674 5297 2939 5353 otl‘ensus
2967 5296 3158 5352 fuisse
3191 5295 3467 5370 maxime.
3501 5319 3522 5342 ιι

2011 5366 2122 5442 (6‘2)
2154 5372 2302 5426 Mss.
2335 5366 2575 5442 aliquot,
2632 5391 2653 5420 ς
2692 5371 2933 5423 Mariam
2963 5371 3207 5423 matrem
3241 5366 3470 5421 Domini
3501 5381 3600 5420 ro-

1936 5450 2297 5586 Ρθξὲὲξηὶνέι.
2350 5515 2512 5582 edit.,
2571 5511 2983 5568 «verecundia
3026 5509 3594 5586 quiegsecretanest,

1935 5579 2118 5643 tutius
2149 5590 2402 5654 secreto,
2437 5579 2509 5640 ad
2541 5601 2746 5641 omnes
2778 5579 3342 5659 actusexpeditius‘?
3365 5602 3387 5626 κ
3429 5579 3597 5659 Rom.

1936 5664 1993 5714 et
2025 5675 2172 5714 mss.
2206 5647 2448 5730 aliquot,
2485 5661 2544 5713 ut
2572 5673 2682 5712 nos
2713 5660 2896 5710 textu.
2930 5647 3060 5730 Nec
3086 5650 3234 5706 male
3265 5650 3441 5730 etiam
3467 5647 3603 5730 relif

1936 5732 2036 5804 qui
2066 5745 2215 5786 mss.
2250 5721 2328 5784 ita
2358 5721 2584 5804 legunt,
2624 5751 2646 5776 κ
2667 5723 3050 5804 verecundia,
3081 5737 3226 5804 qua
3251 5723 3483 5777 secreto
3514 5721 3606 5779 est

1935 5791 2136 5875 tutior,
2167 5803 2401 5862 secreto
2418 5791 2504 5860 ‘aa
2535 5791 2744 5860 omnes
2771 5799 2941 5856 actus
2970 5791 3319 5874 expeditior.
3358 5812 3380 5842 η
