3942 6168
1997 326 2060 390 S.
2111 319 2532 393 AMBROSII
3708 347 3794 415 εκ

485 530 712 586 ximam
739 542 858 585 non
885 525 1078 583 fuisse
1107 529 1539 597 accusatorem,
1591 529 1698 582 sed
1746 529 2007 598 parentis
2039 527 2147 582 do—
2181 513 2229 573 Α
2265 523 2457 584 tamen
2491 547 2622 585 cum
2655 529 2828 586 simul
2869 533 3337 602 composuissent
3374 535 3629 609 ﬂagitium,
3669 546 3794 606 simul

479 619 607 675 lore
637 617 906 674 doluisse
934 617 1213 672 invidiam
1245 619 1440 688 sparsi
1462 619 1757 686 rumoris;
1789 633 1921 671 cum
1953 617 2050 670 ille
2080 633 2146 672 se

481 707 786 765 inimicum
806 711 864 763 et
883 706 1290 763 adversarium
1309 707 1682 779 litigatorem,
1703 707 2006 776 proposito
2023 704 2147 776 jam

473 797 704 870 jurgio,
737 812 958 869 negare
987 812 1104 852 non
1135 797 1390 867 potuerit
1418 797 1710 850 adversus
1740 810 1971 849 sacram
2022 795 2144 848 vir-

380 877 387 884 ’
479 887 680 960 ginem
717 884 944 958 judicia
990 886 1374 941 attentavisse
1413 900 1426 940 :
1475 900 1762 955 muroque
1813 883 2141 954 interjecto,

479 975 776 1032 discretas
820 974 984 1029 mdes
1033 974 1244 1028 uxoris
1293 989 1421 1028 suae
1465 989 1534 1027 ac
1579 963 1855 1045 virginis,
1895 973 2145 1026 divisam

479 1062 886 1137 germanitatis
942 1061 1096 1118 inter
1151 1077 1394 1118 sorores
1450 1062 1833 1130 societatem;
1891 1061 2140 1132 aliaque,

479 1152 700 1226 quibus
745 1151 975 1208 doloret
1017 1151 1174 1223 quod
1215 1153 1386 1224 virgo
1430 1151 1543 1219 (64)
1575 1151 1634 1206 in
1664 1166 1811 1222 agro
1842 1149 2143 1204 affinitatis

479 1255 608 1298 sum
655 1240 982 1313 refugisset
1025 1242 1410 1295 consortium.
1455 1231 1600 1294 770
1647 1239 1950 1303 Quomodo
1997 1254 2143 1309 ergo

481 1345 604 1387 non
629 1334 963 1400 accusator,
997 1330 1096 1400 qui
1113 1327 1386 1384 affectum
1403 1329 1768 1382 accusatoris
1796 1327 2143 1399 jamdudum

479 1419 766 1490 exercuit,
812 1419 912 1491 qui
962 1433 1238 1474 sermone
1285 1433 1396 1472 suo
1433 1418 1870 1472 accusationem
1917 1417 2139 1486 detulit,

475 1523 656 1565 aures
698 1512 832 1564 tuas
875 1506 1140 1578 implevit
1187 1507 1465 1574 clamore,
1501 1511 1557 1560 et
1589 1511 1774 1560 testes
1821 1506 2140 1560 auditionis

477 1597 593 1668 (65)
621 1597 884 1666 deduxit,
917 1596 1320 1668 cognitionem
1351 1595 1623 1666 poposcit
1642 1597 1671 1648 ?

549 1685 638 1741 18.
671 1685 1006 1752 Quamlibet
1032 1688 1498 1756 argumentatus,
1521 1699 1740 1754 negare
1763 1699 1878 1738 non
1903 1683 2146 1752 potuisti

477 1776 636 1849 quod
683 1775 758 1830 ad
807 1775 1090 1830 lndiciam
1137 1774 1478 1848 scripseris,
1526 1775 1804 1844 quoniam
1854 1773 2147 1825 Maximus

2264 619 2528 689 ingressi
2562 625 2766 674 essent
2801 621 2973 690 viam,
3025 625 3081 675 et
3128 638 3201 676 ne
3247 624 3369 692 quid
3408 633 3706 699 praeteream,
3729 639 3796 691 atl-

2257 709 2448 778 junrti
2482 709 2758 777 Maximo,
2795 711 3230 777 comitantibus,
3264 716 3318 764 ut
3344 713 3469 767 dixit
3492 715 3800 788 Leontius,iis

2263 797 2363 866 qui
2396 797 2557 851 illum
2589 813 2886 852 rumorem
2919 805 3296 868 sparserant;
3322 805 3492 856 tamen
3519 805 3600 859 ubi
3635 808 3680 861 in
3713 826 3799 866 meo

2263 887 2576 940 astiterunt
2616 887 2867 957 judicio,
2920 903 3052 942 cum
3099 888 3284 958 primo
3322 889 3387 943 de
3429 894 3628 964 origine
3666 912 3804 955 causa

2264 989 2616 1044 quaererem,
2651 975 2886 1030 diversa
2920 982 2975 1030 et
3004 977 3275 1031 distantia
3294 994 3614 1049 prompsere,
3641 999 3729 1039 non
3751 988 3804 1040 lo-

2264 1080 2466 1118 corum
2499 1066 2773 1134 separati,
2807 1065 2914 1119 sed
2948 1065 3378 1120 mendaciorum
3405 1068 3644 1125 divo/tio.

2333 1154 2420 1208 ‘20.
2453 1152 2597 1207 Cum
2631 1155 2812 1224 igitur
2842 1154 2960 1207 sibi
2991 1155 3106 1224 ipsi
3127 1171 3246 1209 non
3268 1157 3630 1225 convenirent,
3650 1159 3808 1216 Mercu-

2262 1242 2411 1294 rium
2447 1247 2502 1295 et
2533 1241 2707 1296 Leam
2740 1242 3049 1296 vilissimae
3073 1243 3417 1298 conditionis
3438 1249 3490 1298 et
3505 1245 3811 1304 detestabilio-

2263 1331 2346 1383 ris
2379 1331 2654 1400 nequitim
2705 1345 2995 1400 personas
3037 1332 3521 1400 amandavissent,
3564 1334 3812 1406 aufugisset

2263 1418 2597 1487 Theudule,
2648 1434 2766 1472 non
2811 1419 3017 1490 ignara
3061 1419 3374 1490 objiciendi
3423 1421 3531 1474 sibi
3580 1421 3812 1494 facinoris,

2261 1509 2416 1579 quod
2447 1514 2580 1561 ante
2613 1507 2825 1562 lectum
2861 1509 3066 1563 Renati
3101 1509 3228 1562 sola
3263 1509 3637 1579 cubitavisset,
3671 1513 3816 1566 ancilla

2259 1601 2480 1668 praesto
2513 1600 2676 1650 esset
2704 1597 2838 1666 alia,
2872 1613 3006 1668 quae
3053 1601 3262 1667 stupro
3309 1598 3562 1668 ejusdem
3591 1599 3812 1654 Renatise

2259 1687 2482 1740 diceret
2528 1686 3004 1756 coinquinatum;
3047 1685 3141 1740 die
3190 1679 3329 1740 771
3383 1703 3524 1758 ipso,
3563 1689 3650 1758 qui
3687 1689 3816 1742 dictus

2260 1780 2382 1830 erat
2413 1775 2755 1846 cognitioni,
2791 1775 3212 1829 subtraxerunt
3244 1791 3310 1830 se
3342 1777 3708 1847 episcoporum
3727 1792 3817 1830 con-

475 1880 588 1921 seu
638 1863 901 1935 impulsu
943 1863 1214 1933 aliorum,
1264 1877 1374 1917 seu
1421 1861 1624 1916 dolore
1654 1862 1892 1932 proprio
1924 1860 2144 1914 crimen
2173 1890 2228 1954 B
2261 1865 2457 1918 ventui
2485 1905 2498 1932 ,
2551 1864 2688 1918 licet
2729 1866 2905 1918 etiam
2948 1865 3137 1932 pridie
3185 1864 3382 1919 subito
3430 1880 3494 1920 se
3539 1863 3822 1935 proiecturus

475 1967 660 2028 grave
691 1951 986 2008 detulerit.
1017 1951 1156 2007 Sola
1197 1951 1326 2006 haec
1377 1951 1624 2020 epistola
1655 1952 1802 2004 satis
1835 1955 1926 2004 est
1955 1951 2026 2003 ad
2057 1965 2149 2002 ac-

483 2041 812 2098 cusationis
857 2039 1299 2110 testimonium;
1353 2055 1546 2111 neque
1595 2041 1749 2094 enim
1780 2044 1834 2093 te
1865 2055 1978 2110 ego
2029 2038 2145 2093 tuis

476 2131 552 2186 ad
580 2145 674 2186 me
704 2129 858 2186 datis
889 2129 1102 2185 litteris
1135 2129 1465 2201 urgendum
1497 2131 1716 2199 putavi,
1752 2129 1858 2182 sed
1881 2127 2145 2182 iislectis

473 2235 625 2292 quas
655 2220 729 2275 ad
759 2219 1054 2292 virginem
1083 2218 1357 2287 dederas,
1390 2218 1618 2272 adverti
1647 2219 1949 2272 diversum
1983 2232 2142 2286 esse,

475 2309 634 2382 quod
662 2309 737 2364 ad
763 2325 853 2364 me
885 2309 1261 2380 scripseras;
1294 2311 1350 2362 et
1366 2311 1564 2362 tamen
1587 2323 1719 2360 cum
1739 2305 2005 2376 epistolae
2027 2311 2144 2359 tuae

475 2398 593 2455 sibi
623 2413 743 2454 non
773 2397 1179 2466 convenirent,
1204 2396 1634 2452 consulendum
1655 2401 1730 2464 te,
1755 2412 1872 2450 non
1897 2411 2148 2466 arguen-

473 2487 616 2544 dum
634 2487 855 2558 putavi.
881 2486 1032 2551 Quid
1063 2487 1244 2559 igitur
1269 2486 1387 2540 sibi
1416 2485 1540 2540 vult
1569 2485 1666 2538 illa
1688 2487 2140 2556 argumentatio,

475 2575 614 2650 quia
657 2575 804 2631 illud
851 2575 1146 2644 detulerit,
1179 2575 1339 2645 quod
1367 2575 1440 2628 ad
1472 2591 1562 2628 me
1595 2575 1950 2643 scripseras,
1984 2573 2142 2627 dela-

471 2668 594 2722 tam
622 2663 899 2720 videlicet
928 2680 1056 2718 eam
1107 2663 1168 2718 in
1210 2663 1362 2733 turpi
1411 2663 1676 2732 crimine,
1727 2669 1802 2716 ita
1835 2669 1895 2716 ut
1923 2664 2141 2716 editum

473 2757 531 2810 et
559 2754 835 2810 obrutum
865 2758 1095 2824 partum
1127 2753 1243 2806 dici
1273 2755 1554 2806 asserat?
1598 2753 1776 2817 Quasi
1810 2768 1951 2806 vero
1983 2752 2141 2806 istud

471 2843 546 2900 ad
576 2842 878 2912 Indiciam,
911 2857 1029 2897 non
1061 2841 1136 2896 ad
1167 2858 1259 2896 me
1291 2844 1634 2911 scripseris.
1681 2841 1782 2894 Illa
1831 2841 1930 2894 ubi
1969 2841 2140 2894 audi-

469 2933 556 2988 vit
581 2931 794 2988 litteris
825 2933 943 2987 tuis
979 2931 1296 2986 Maximum
1329 2931 1583 2986 subduci
1625 2931 2010 3000 accusationi,
2041 2929 2139 2984 lit-

469 3025 630 3077 teras
677 3023 811 3077 tuas
856 3020 1122 3092 protulit,
1169 3020 1388 3092 quibus
1435 3037 1568 3075 eum
1619 3020 1887 3074 criminis
1919 3020 2138 3074 delato-

468 3125 594 3167 rem
625 3109 898 3184 probavit
931 3125 944 3164 :
995 3109 1070 3165 ad
1110 3125 1202 3166 me
1231 3109 1398 3164 datas
1429 3126 1547 3164 non
1578 3111 1822 3182 legerat,
1857 3124 1966 3164 nec
1997 3109 2139 3180 quid

470 3199 778 3270 baberent,
812 3199 1060 3255 sciebat.

2257 1953 2412 2007 idem
2448 1953 2710 2006 Reuatus
2741 1952 3100 2008 clamaverit.

2327 2041 2416 2096 21.
2451 2041 2619 2096 Unde
2651 2057 2764 2112 ego
2791 2041 3017 2112 judicio
3047 2041 3397 2112 praescripsi
3433 2041 3598 2109 diem,
3625 2044 3674 2096 et
3691 2044 3823 2094 tamen

2257 2131 2418 2184 nullo
2451 2135 2788 2199 accusante,
2823 2129 3002 2184 nullis
3035 2131 3392 2185 testimoniis
3440 2129 3822 2201 perurgentibus,

2255 2220 2552 2273 insinuavi
2585 2223 2806 2274 sanctae
2839 2220 3034 2274 sorori
3081 2221 3242 2296 quod
3287 2223 3516 2290 peteres
3557 2217 3825 2285 coramipsa

2256 2309 2470 2378 inSpici
2521 2313 2579 2362 et
2621 2309 2851 2362 visitari
2901 2312 3283 2362 memoratam
3342 2308 3638 2378 virginem.
3678 2307 3734 2359 At
3767 2303 3828 2356 illa

2257 2400 2460 2451 sancte
2508 2397 2939 2466 inspectionem
2987 2397 3226 2467 quidem
3267 2397 3574 2464 recusavit,
3603 2393 3693 2448 sed
3715 2391 3824 2445 testi-

2255 2489 2514 2540 monium
2565 2503 2684 2540 non
2733 2487 3068 2554 declinaVit,
3103 2486 3314 2540 dicens
3344 2486 3488 2539 nihil
3517 2500 3578 2538 se
3604 2485 3656 2536 in
3681 2479 3828 2535 lndicia

2253 2575 2800 2646 comprehendisse,
2836 2591 2948 2628 iiiSi
2975 2576 3132 2645 quod
3155 2581 3324 2629 esset
3347 2573 3640 2645 virginalis
3659 2569 3829 2640 pudoris

2251 2669 2308 2720 et
2337 2665 2666 2718 sanctitatis
2699 2679 2710 2716 :
2748 2665 3049 2718 habitasse
3081 2679 3210 2717 eam
3251 2665 3456 2718 Romae
3487 2664 3544 2715 in
3573 2662 3722 2714 domo
3744 2671 3836 2710 nos-

2249 2758 2360 2822 tra,
2396 2755 2569 2808 nobis
2601 2754 2971 2821 absentibus,
3004 2753 3150 2806 nulli
3181 2769 3314 2807 eam
3346 2768 3414 2808 se
3448 2753 3693 2804 vitiorum
3720 2745 3836 2799 fami-

2251 2843 2482 2896 liaritati
2516 2843 2756 2896 dedisse
2789 2843 2920 2911 (δῖ),
2954 2847 3154 2912 Optare
3189 2858 3329 2896 cum
3369 2857 3439 2896 ea
3469 2840 3582 2894 sibi
3607 2855 3636 2892 a
3663 2834 3841 2890 Domino

2251 2931 2397 2986 Jesu
2429 2936 2651 3000 partem
2687 2933 2982 2984 reservari
3016 2932 3074 2984 in
3105 2947 3299 3002 regno
3334 2931 3460 2984 Dei.

2321 3021 2409 3074 2'2.
2445 3021 2753 3074 Paternum
2781 3036 3016 3091 quoque
3047 3020 3230 3073 tiliam
3253 3023 3518 3075 nostram
3538 3007 3844 3084 interrogati:

2251 3111 2407 3180 quod
2441 3110 2514 3163 ab
2546 3125 2610 3164 ea
2643 3126 2942 3180 nunquam
2973 3109 3162 3164 soleat
3195 3109 3532 3175 discedere,
3571 3105 3723 3175 cujus
3747 3100 3846 3154 clin-

2250 3203 2396 3253 ritas
2431 3201 2562 3254 vitae
2595 3200 2777 3268 huius
2807 3199 3212 3253 testimonium
3245 3203 3363 3254 est.
3398 3197 3592 3268 Itaque
3620 3192 3718 3248 etsi
3738 3184 3846 3259 quod

541 3289 628 3346 19.
683 3289 846 3362 Ergo
895 3292 1091 3344 autem
1135 3288 1419 3344 exhorrui
1465 3305 1496 3342 a
1543 3287 1730 3358 primo
1764 3288 2132 3357 calumniam,
2165 3251 2222 3318 Ο
2248 3291 2502 3360 inim-ala
2535 3289 2774 3356 diceret,
2808 3289 2945 3342 tidei
2976 3294 3360 3343 sacramento
3380 3251 3766 3341 conferendum
3785 3276 3846 3328 f0.

468 3378 608 3452 quia
637 3377 1017 3434 advertebam
1047 3393 1166 3434 non
1199 3377 1422 3432 crimen
1445 3377 1686 3446 intendi,
1721 3379 1828 3432 sed
1859 3379 1915 3430 in
1919 3378 2138 3448 juriam
2250 3387 2375 3447 ret;
2407 3380 2520 3432 sub
2551 3378 2942 3432 obtestatione
2975 3381 3168 3444 tamen
3201 3377 3486 3448 professa
3535 3377 3623 3428 est
3661 3370 3846 3424 alienam

465 3466 723 3540 virginis
753 3467 1102 3538 desiderari,
1138 3467 1313 3538 cujus
1343 3467 1634 3537 inspectio
1667 3472 1722 3521 et
1753 3467 2007 3520 visitatio
2041 3481 2137 3536 ρο·
2250 3470 2514 3523 criminis
2549 3453 2664 3539 quo
2694 3467 3094 3536 appetebatur,
3120 3483 3234 3521 nec
3257 3468 3582 3538 quidquam
3597 3457 3848 3516 ineascire

470 3559 822 3629 stulabatur,
841 3573 960 3614 non
981 3558 1220 3630 aliquod
1237 3558 1526 3630 ﬂagitium
1560 3558 1954 3612 deferebatur.
1989 3558 2134 3622 Quis
2249 3574 2316 3614 se
2345 3559 2517 3612 bonae
2549 3573 2796 3610 vacuum
2831 3557 3336 3610 conversationis.

467 3649 626 3708 enim
655 3648 815 3704 istud
844 3664 879 3702 a
909 3647 1202 3718 principio
1241 3647 1446 3703 fraude
1497 3649 1884 3717 compositum
1917 3663 2135 3716 iiequa-
2319 3648 2406 3702 9.3.
2442 3649 2743 3702 Nutricem
2774 3661 3006 3716 quoque
3037 3645 3247 3700 liberae
3281 3642 3638 3701 conditionis
3666 3639 3852 3692 interro-

467 3753 644 3810 quam
665 3737 784 3793 sibi
805 3752 1138 3808 congruere
1157 3739 1216 3791 et
1237 3737 1556 3792 convenire
1579 3754 1695 3790 non
1712 3738 2134 3790 arbitraretur?
2246 3737 2543 3808 gaviiiius,
2580 3737 2672 3788 cui
2695 3742 2784 3789 est
2806 3742 2997 3788 status
3020 3735 3488 3806 haudquaquam
3511 3727 3759 3801 degeneri
3771 3735 3851 3776 ser-

465 3826 820 3882 Cucurrisse
851 3827 1131 3881 mulieres
1159 3825 1313 3880 viles
1343 3827 1416 3880 ad
1437 3827 1858 3880 monasterium
1876 3827 2008 3895 (66),
2035 3826 2134 3896 ,ῇᾶ-
2245 3829 2388 3880 vitio
2423 3827 2718 3880 obnoxius
2749 3827 3076 3879 Lberi-atem
3109 3841 3256 3878 vera
3291 3824 3516 3878 fatendi
3554 3823 3719 3886 daret,
3746 3819 3788 3869 et
3807 3810 3855 3864 fi-

469 3917 670 3970 etasse
700 3917 930 3984 partum
960 3913 1234 3985 virginis,
1267 3917 1325 3968 et
1353 3929 1559 3968 necem
1587 3917 1879 3986 pignoris,
1913 3918 1985 3970 de
2006 3931 2132 3969 iiio-
2247 3918 2354 3970 des
2387 3921 2558 3985 atque
2589 3919 2733 3967 aetas
2763 3915 2835 3966 ad
2871 3915 3173 3967 veritatem
3203 3914 3648 3983 astipularetur,
3692 3912 3738 3960 et
3760 3898 3853 3955 otii-

467 4003 730 4058 nasterio
776 4017 1074 4058 rumorem
1117 4019 1224 4074 per
1269 4003 1522 4072 populos
1549 4019 1846 4072 sparsum,
1883 4023 2132 4078 cumque
2248 4008 2404 4060 cium
2452 4010 2699 4057 iiutriCis
2746 4004 2817 4056 ad
2859 4005 3264 4074 cognitionem
3300 4003 3543 4057 secreti.
3579 3999 3655 4053 Ea
3682 4003 3856 4066 quoque
3906 3995 3907 4046 ἓ

465 4091 778 4150 efﬂuxisse
806 4091 868 4146 in
897 4106 1074 4146 aures
1105 4092 1242 4146 novi
1272 4091 1470 4146 afﬁnis
1492 4092 1751 4161 Maximi,
1776 4095 1849 4148 ab
1879 4097 2010 4164 ipso
2037 4076 2134 4150 in-
2247 4097 2392 4152 nihil
2425 4111 2492 4150 se
2523 4095 2868 4150 indecorum
2899 4095 3146 4162 Vidisse,
3181 4094 3335 4146 nihil
3360 4093 3481 4146 sibi
3501 4087 3664 4162 quasi
3690 4076 3857 4154 parenti
3906 4079 3907 4146 ἓ

463 4180 836 4253 terpellatum
863 4181 1232 4252 episcopum,
1267 4179 1548 4236 dimissae
1580 4197 1683 4236 eas
1723 4199 1855 4253 quae
1903 4185 2134 4242 lelSSO
2247 4186 2930 4256 commissumavirgiiie
2947 4185 3141 4254 aliqua
3161 4185 3422 4254 dignum
3441 4173 3858 4250 reprehensione.

463 4272 826 4338 ferebantur,
858 4274 1033 4343 atque
1078 4271 1138 4324 in
1180 4269 1383 4342 fusam
1425 4275 1682 4341 0030333,
1733 4277 1794 4327 υῑ
1837 4276 1990 4344 apud
2020 4291 2132 4331 nos
2315 4277 2402 4330 ‘24.
2435 4275 2543 4329 His
2568 4275 2726 4344 moti,
2763 4274 3041 4328 indiciam
3077 4273 3368 4328 inotl'ensi
3401 4271 3684 4342 virginem
3710 4271 3860 4316 inime-

461 4361 650 4434 patuit
679 4381 696 4415 :
724 4377 832 4416 eos
863 4361 964 4432 qui
993 4359 1238 4416 audisse
1268 4374 1336 4414 se
1367 4360 1650 4432 dicerent,
1693 4363 1766 4416 ad
1799 4363 2130 4419 Ecclesium
2244 4361 2330 4419 ris
2360 4364 2872 4435 pronuntiavimus
2897 4377 2912 4431 ;
2959 4363 3287 4416 Maximum
3321 4365 3524 4416 autem
3549 4362 3606 4414 et
3632 4353 3860 4435 Renatuni

461 4433 708 4510 vocatos
737 4451 1014 4522 prodisse
1047 4451 1334 4504 Renatum
1363 4455 1418 4504 et
1450 4437 1792 4524 Leontium,
1812 4452 1963 4508 duos
1995 4454 2131 4509 illos
2243 4457 2300 4508 et
2331 4433 2641 4509 licentium
2689 4454 2765 4506 ita
2812 4452 3059 4507 invaluit
3105 4453 3436 4520 sententia,
3472 4454 3534 4504 ut
3563 4444 3798 4505 Maximo,
3823 4433 3860 4485 Si

459 4540 796 4613 iniquitatis
819 4539 1004 4610 viros,
1040 4555 1192 4612 quos
1223 4541 1500 4610 apposuit
1531 4541 1769 4596 Jezabel
1819 4542 1935 4612 (111
1976 4543 2127 4614 Reg.
2182 4613 2190 4614 ί
2242 4557 2507 4598 errorem
2527 4543 2884 4612 emendaret,
2911 4558 3053 4612 spes
3075 4543 3310 4597 reditus
3335 4525 3860 4597 i'esei'varetur;R€'

462 4647 586 4700 xxx,
613 4629 724 4701 10),
752 4629 1056 4701 redarguit
1094 4629 1296 4684 Daniel
1328 4629 1500 4699 (Dan.
1534 4647 1658 4700 xui,
1697 4630 1804 4702 19),
1841 4613 2129 4687 suborna-
2153 4613 2206 4676 Π
2242 4637 2416 4687 natus
2447 4636 2640 4687 autem
2671 4638 2726 4686 et
2747 4632 3031 4686 Leontius
3057 4629 3569 4686 cxcommunieati
3598 4617 3860 4702 nianeient.

462 4717 549 4772 vit
578 4699 918 4774 Judmorum
937 4699 1202 4788 populus
1234 4723 1296 4772 ut
1322 4723 1622 4774 auctorem
1653 4699 1796 4775 vitae
1819 4738 1944 4776 suae
1977 4721 2128 4777 falso
2243 4724 2361 4778 nisi
2413 4722 2560 4776 forte
2610 4722 2852 4792 probata
2901 4722 2993 4775 sui
3043 4721 3421 4791 poenitentia,
3467 4725 3527 4773 et
3572 4699 3864 4792 hujusfactl

462 4810 804 4878 appeterent
850 4807 1187 4864 testimonio
1235 4809 1474 4878 (Matt/1.
1517 4827 1680 4881 xxvr,
1725 4812 1812 4877 59,
1864 4811 1976 4879 60).
2017 4813 2130 4876 Qui
2243 4815 2515 4869 diuturna
2548 4791 2970 4882 deploratione,
2993 4811 3213 4882 dignos
3241 4826 3314 4866 se
3335 4809 3667 4881 praeberent
3687 4791 3868 4854 iniseri-

2242 5031 2530 5086 minarum
2584 5032 2726 5094 erat,
2772 5028 2926 5098 quod
2975 5028 3230 5082 maxime
3280 5026 3523 5080 videtur
3575 5009 3862 5098 verisimili.

2239 5104 2374 5157 inde
2406 5087 2741 5172 cognoscas
2765 5087 2883 5152 it'lic
2914 5116 2944 5152 e
2980 5098 3546 5152 satictiiiionialibus
3562 5093 3699 5172 alias
3717 5087 3866 5172 fuisse

2241 5192 2377 5245 quae.
2409 5164 2786 5226 iiiboiiimuiii
2839 5171 3200 5240 parthenone
3245 5175 3560 5241 degcient,
3608 5164 3868 5245 aliasiqtltﬁ

2241 5229 2300 5299 iii
2334 5264 2462 5298 suis
2491 5252 2588 5296 aut
2621 5229 2921 5312 parentum
2955 5246 3184 5296 'cL‘tllbLlS
3213 5258 3228 5307 ς
3268 5229 3863 5312 piri'wtiiii'eniniliidi:

2241 5320 2328 5370 ciu
2365 5295 2726 5370 habitavisse
2776 5316 2996 5383 liquido
3043 5332 3116 5366 ex
3163 5295 3376 5366 inuitis
3429 5314 3609 5379 huius
3648 5295 3867 5383 epistola}

2241 5390 2389 5442 locis
2437 5389 2800 5456 intelligitur.
2839 5378 2966 5438 Sed
3017 5386 3167 5438 idem
3231 5378 3622 5438 observatum
3675 5378 3868 5456 quoque

2239 5461 2372 5514 aliis
2405 5461 2574 5528 locis,
2611 5448 2686 5512 ιῖιί
2722 5475 2838 5511 non
2869 5457 3051 5510 semel
3084 5462 3219 5510 ante
3253 5457 3632 5525 designatum
3661 5448 3758 5498 est.

2311 5550 2421 5617 (67)
2455 5549 2625 5602 Eras.
2663 5553 2718 5600 et
2749 5563 2875 5616 seq.
2908 5548 3068 5613 edit.,
3125 5566 3148 5594 α
3185 5561 3259 5598 se
3313 5545 3574 5597 virorum
3609 5532 3870 5617 fami“???

2238 5623 2358 5676 tati.
2398 5601 2420 5668 ιί
2471 5622 2700 5690 Optimo
2732 5601 2937 5672 sensu.
2975 5601 3184 5672 Verum
3221 5633 3362 5690 cum
3397 5629 3505 5690 nec
3537 5619 3743 5690 sensui:
3768 5601 3868 5690 iff‘

2236 5674 2416 5748 tionis
2449 5674 2597 5746 mss.
2643 5696 2702 5746 et
2746 5690 2988 5745 Amerb.
3031 5689 3342 5744 absurdus
3382 5685 3664 5753 videatur,
3689 5674 3757 5732 ab
3781 5685 3869 5727 eo-

2235 5781 2368 5822 rum
2397 5778 2698 5824 consensu
2728 5763 3008 5824 recedere
3036 5760 3252 5840 religio
3286 5763 3402 5818 est.

531 5019 642 5091 (64)
674 5019 892 5075 Omnes
924 5021 1085 5092 edit.,
1124 5044 1144 5071 α
1180 5021 1430 5094 aliaque,
1465 5025 1614 5094 proh
1647 5025 1844 5081 dolor!
1880 5031 1936 5081 et
1967 5029 2124 5098 quod

457 5093 672 5175 virgo,_
692 5114 714 5142 ι
747 5097 892 5162 etc.;
925 5109 1072 5148 mss.
1106 5110 1138 5149 e
1171 5093 1568 5151 contrai'ioiad
1603 5113 1783 5152 unum
1813 5093 2126 5156 nobiscum

457 5165 700 5220 faciunt.

533 5237 647 5312 (65)
680 5259 703 5284 κ
737 5236 948 5292 Testes
979 5238 1298 5294 auditionis
1325 5262 1346 5287 ιι
1399 5239 1436 5293 ii
1470 5245 1608 5295 sunt
1637 5243 1736 5312 qui
1771 5260 1893 5298 rem
1925 5245 2124 5298 auditu

461 5308 658 5385 solum
686 5313 744 5364 et
773 5323 880 5364 rex
909 5326 1146 5366 rumore
1165 5316 1488 5381 acceptam,
1514 5308 1844 5369 nom—intem
1870 5318 2124 5385 propriis

457 5381 654 5508 l(gizulits
714 5387 1094 5506 coitispectam
1149 5391 1531 5456 asseverant;
1592 5402 1724 5440 cum
1781 5381 1996 5457 tamen,
2069 5391 2128 5442 ut

529 5467 603 5508 au
631 5469 704 5508 us
733 5469 788 5508 ai
844 5467 857 5508 :

477 5467 704 5509 .‘tautus
733 5467 816 5508 θη
844 5467 857 5508 ἶ

521 5579 695 5629 Pluris
727 5579 797 5628 sit
825 5578 1065 5628 oculatus
1093 5581 1244 5628 testis
1272 5593 1428 5637 unus,
1463 5593 1618 5641 quam
1647 5583 1799 5630 auriti
1831 5584 2008 5634 decem
2035 5601 2045 5634 :

519 5643 620 5701 Qui
647 5642 887 5702 audiunt,
919 5643 1094 5692 audita
1129 5643 1310 5690 dicunt
1345 5657 1355 5690 :
1389 5643 1479 5704 qui
1510 5643 1688 5700 vident
1711 5648 1864 5707 plane
1895 5649 2090 5702 sciunt.

533 5755 648 5831 (66)
676 5757 739 5813 Si
771 5759 1189 5815 monasterium
1233 5759 1346 5816 hoc
1385 5760 1635 5819 Verania
1673 5765 2002 5823 institutum
2033 5768 2124 5823 fe-
