4090 6174
228 305 355 370 937

1424 309 2037 376 EPISTOLARUM
2087 311 2430 374 CLASSIS
2459 314 2508 374 Ι.

3577 313 3699 382 938

233 505 458 560 cordia.
493 505 658 576 Vale,
683 481 885 576 frater,
921 508 979 560 et
1007 521 1141 576 nos,
1174 507 1395 580 dilige;
1425 508 1562 580 quia
1599 525 1711 564 nos
1744 513 1799 564 te
1831 509 1912 563 di-
1934 493 1990 558 Ᾱ
2025 526 2156 565 cum
2172 511 2374 566 eadem
2401 510 2832 582 expostulabat.
2868 511 3020 567 Hine
3059 510 3347 583 frequens
3391 510 3688 583 jurgium:

239 593 511 665 ligimus.

755 700 1122 756 EPISTOLA
1155 701 1230 755 VI
1262 700 1396 770 (68).

238 822 380 905 Cum
397 822 662 905 SvAeato
676 824 825 905 quod
845 825 1127 905 indiciam
1147 826 1580 905 contumeliosa?
1604 827 1912 905 inSpcctio-

313 896 377 949 ni
421 896 722 949 sententia
777 911 886 949 sua
919 896 1273 960 addixisset,
1336 896 1912 952 AMBROSIUS—amice

311 965 699 1039 expostulat;_
716 966 886 1039 eique
919 969 1353 1039 atrocissimam
1406 969 1702 1031 ultionem,
1743 985 1910 1039 quam

314 1035 612 1090 Israelita?
641 1036 713 1090 ob
752 1035 1021 1090 violatam
1071 1039 1133 1090 in
1167 1038 1392 1092 Levitae
1427 1055 1611 1094 uxore
1663 1035 1909 1093 castita-

313 1107 898 1181 tem‘repetivcrunt,
933 1113 1070 1181 ante
1101 1109 1297 1181 oculos
1320 1125 1565 1181 ponens,
1609 1116 1784 1164 totam
1816 1111 1911 1165 rei

313 1177 540 1232 seriem
571 1177 885 1250 eleganter
915 1178 1231 1234 describit.

743 1319 1084 1374 Aunaosws
1124 1319 1409 1376 Snemo.

315 1443 369 1497 1.
402 1442 544 1508 Quae
575 1444 693 1497 sint
717 1443 776 1498 in
811 1446 1015 1498 nostro
1048 1444 1276 1515 judicio
1312 1445 1584 1514 decursa,
1614 1449 1911 1515 comperta

243 1532 508 1602 retines;
538 1535 590 1586 et
607 1532 739 1586 ideo
760 1547 918 1586 nunc
957 1533 1130 1603 quasi
1167 1533 1378 1588 animaa
1407 1534 1735 1603 portionem
1767 1549 1912 1588 con-

245 1621 427 1674 venio
445 1635 606 1688 meae,
632 1620 862 1675 habens
885 1622 1038 1690 apud
1061 1625 1116 1675 te
1140 1638 1246 1690 pro
1280 1623 1568 1675 castitatis
1607 1625 1877 1676 conlume
1895 1652 1912 1662 -

242 1707 323 1763 lia
349 1708 692 1763 familiarem
715 1712 771 1762 et
793 1709 1087 1763 dolentem
1112 1710 1431 1780 querelam.
1457 1710 1615 1763 Itane
1660 1710 1914 1780 oportuit

249 1797 535 1851 inoratam
566 1801 739 1868 atque
769 1798 1089 1851 inauditam
1137 1799 1495 1870 virginitatis
1541 1815 1780 1852 causam
1813 1798 1914 1851 ad-

2024 613 2140 670 quo
2156 600 2366 654 mulier
2379 599 2624 670 offensa,
2643 601 2842 656 claves
2858 601 3085 655 remisit
3099 601 3228 671 ('12),
3248 601 3484 656 domum
3500 616 3696 657 rever-

2024 689 2108 741 tit.

2094 793 2147 848 4.
2174 795 2247 847 At
2271 793 2365 848 ille
2387 794 2564 861 (Ibid.
2587 794 2620 848 3
2643 795 2794 867 seq.)
2812 810 3011 850 amore
3034 795 3249 864 victus,
3269 795 3540 868 quiquod
3563 811 3694 867 spe-

2022 886 2179 936 raret
2196 898 2314 936 non
2341 883 2594 937 habebat
2613 883 2769 938 aliud
2797 900 2810 951 ;
2837 901 2967 938 cum
2991 891 3260 954 quartum
3277 884 3400 955 jam
3425 900 3692 940 mensem

2023 969 2208 1024 ﬂuere
2226 975 2513 1040 cerneret,
2536 987 2605 1026 eo
2622 973 2938 1041 contendit,
2957 972 3144 1026 fretus
3163 973 3318 1043 quod
3333 972 3585 1027 concilio
3598 989 3695 1044 pa-

2024 1062 2255 1112 rentum
2275 1059 2878 1115 emollireturanimus
2897 1061 3377 1116 adolescentulis.
3421 1060 3693 1116 Occurrit

2021 1162 2129 1215 pro
2147 1147 2376 1202 foribus
2399 1164 2593 1218 socer,
2619 1165 2906 1220 generum
2926 1151 3266 1219 introduxit,
3293 1150 3469 1204 tiliam
3483 1165 3693 1206 recon-

2024 1235 2244 1289 ciliavit
2265 1240 2319 1290 et
2342 1240 2402 1290 ut
2423 1237 2681 1292 laetiores
2701 1238 3034 1306 dimitteret,
3058 1239 3252 1293 triduo
3286 1239 3491 1308 tenuit,
3517 1239 3692 1310 quasi

2022 1328 2322 1392 repararet
2343 1326 2580 1394 nuptias
2602 1340 2614 1380 :
2647 1341 2716 1380 ac
2733 1326 2951 1380 volenti
2966 1327 3150 1396 abire,
3167 1329 3439 1397 quartum
3453 1341 3690 1397 quoque

2022 1411 2175 1465 diem
2191 1414 3054 1485 comperendinavit,'praetenta
3071 1415 3450 1470 humanitatis
3464 1415 3688 1486 specie,

2021 1515 2220 1555 moras
2261 1501 2636 1557 innectendo.
2676 1503 2808 1557 Pari
2853 1505 3026 1558 modo
3051 1520 3185 1558 cum
3226 1504 3400 1559 etiam
3421 1503 3690 1575 quintum

2026 1587 2179 1642 diem
2219 1590 2395 1643 vellet
2428 1591 2756 1663 adjungere
2798 1592 3233 1662 superioribus,
3272 1596 3329 1647 et
3361 1592 3488 1664 jam
3518 1607 3692 1647 novm

2021 1676 2302 1731 deessent
2325 1693 2522 1733 causae
2549 1680 2843 1747 morandi;
2883 1685 3125 1749 paterno
3148 1684 3342 1736 tamen
3364 1679 3577 1735 affectu
3600 1695 3692 1736 re-

2020 1766 2279 1820 tinendae
2316 1767 2452 1821 tilias
2490 1767 2855 1822 desiderium
2887 1783 3004 1822 non
3041 1769 3288 1838 deforet,
3329 1770 3690 1839 promissam

233 1883 521 1956 iudicari,
548 1889 608 1939 ut
640 1853 754 1940 non
785 1887 979 1955 possit
1026 1853 1300 1940 absolvi?
1335 1887 1460 1940 Hoc
1493 1890 1603 1955 est,
1654 1887 1772 1940 nisi
1804 1903 1911 1940 sua
1945 1866 1996 1928 Β
2021 1853 2660 1956 Ρνοΐθοιίῗ).ώ8.θοξῄδηξ
2683 1855 2991 1956 diStBlit.in
3014 1857 3340 1956 mei‘idiem’
3366 1857 3691 1956 “ivnga-

242 1972 485 2044 injuria,
512 1974 626 2027 nisi
651 1974 723 2028 ab
744 1974 996 2028 honesto
1019 1975 1241 2044 pudore
1263 1975 1603 2029 traducatur
1633 1976 1703 2029 ad
1738 1975 1908 2028 inde-

247 2077 448 2116 coram
494 2063 590 2116 sui
642 2063 910 2132 corporis
960 2063 1334 2132 oblationem,
1370 2064 1594 2134 grande
1642 2063 1915 2117 videlicet

243 2149 500 2204 relatura
524 2151 614 2204 sui
641 2151 1062 2214 testimonium,
1097 2155 1158 2205 ut
1192 2156 1520 2221 exponatur
1550 2152 1827 2219 ludibrio,
1861 2154 1918 2205 et

244 2239 625 2309 procacitatis
684 2243 935 2294 notetur.
998 2241 1162 2293 Hanc
1218 2241 1401 2310 igitur
1457 2241 1910 2311 praerogativam

244 2327 508 2381 detulisti
566 2327 908 2400 integritati,
968 2327 1315 2398 hujusmodi
1378 2328 1908 2396 honorificentiam,

247 2407 396 2470 772
428 2431 542 2486 qua
575 2432 641 2469 se
673 2415 948 2470 lacessiri
1005 2419 1101 2470 aut
1151 2416 1385 2470 invitari
1434 2416 1747 2487 gaudeant,
1781 2432 1914 2486 quae

243 2503 362 2557 hoc
393 2517 608 2558 munus
639 2504 1041 2574 recipiendum
1074 2507 1312 2573 putant;
1345 2507 1406 2558 ut
1437 2505 1699 2558 amittant
1730 2505 1912 2558 liber-

243 2594 425 2646 tatem
457 2593 785 2646 communis
817 2593 1192 2660 assertionis,
1225 2608 1334 2646 nec
1364 2608 1430 2646 se
1477 2593 1611 2662 jure
1644 2596 1915 2647 tueantur

240 2681 344 2736 vel
373 2684 594 2736 sanctae
626 2681 801 2752 legis,
834 2681 926 2735 vel
960 2681 1217 2750 publico,
1251 2684 1313 2735 ut
1358 2697 1473 2735 non
1507 2686 1913 2736 accusatorem

243 2771 470 2840 exigat,
504 2785 621 2824 non
643 2771 1063 2824 arcessitorem
1086 2774 1293 2841 urgeat
1318 2786 1330 2824 :
1366 2770 1471 2824 sed
1496 2771 1915 2840 impudentiam

243 2857 438 2912 solam
469 2857 690 2926 induat,
723 2874 791 2912 ac
822 2873 960 2912 sese
982 2858 1254 2928 projiciat
1283 2858 1356 2912 ad
1385 2858 1662 2929 injuriam
1690 2861 1718 2913 ἱ)

321 2963 373 3017 2.
391 2962 522 3018 Non
542 2965 617 3017 ita
639 2964 900 3036 majores
921 2965 1112 3018 nostri
1145 2965 1569 3034 despicabilem
1621 2965 1916 3020 habebant

244 3052 680 3121 castimoniam,
736 3053 829 3106 cui
886 3056 1104 3106 tantam
1150 3053 1493 3108 deferebant
1542 3055 1911 3124 reverentiae,

241 3143 313 3194 ut
344 3141 564 3194 bellum
595 3141 913 3195 adversum
961 3145 1342 3196 temeratores
1388 3143 1683 3212 pudicitiae
1717 3145 1916 3197 susci-

241 3229 530 3300 piendum
547 3233 835 3299 putarent.
871 3230 1133 3300 Denique
1163 3229 1379 3300 (Judic.
1415 3247 1514 3296 xx,
1549 3233 1582 3284 5
1605 3234 1756 3302 seq.)
1793 3235 1918 3285 tan-
1955 3217 2006 3278 Ο

242 3322 373 3371 tum
404 3317 512 3371 fuit
569 3317 810 3372 ultionis
866 3317 1146 3386 studium,
1180 3321 1243 3372 ut
1299 3334 1505 3373 omnes
1537 3320 1784 3372 tribules
1845 3321 1916 3374 de

245 3404 565 3476 Benjamin
587 3406 743 3460 tribu
763 3407 1306 3477 exstinguerentur,
1327 3407 1442 3460 nisi
1462 3412 1781 3461 sexcentos
1800 3408 1916 3477 (69)

244 3494 354 3565 qui
384 3493 540 3546 bello
597 3493 808 3564 reliqui
841 3494 1052 3562 forent,
1105 3497 1309 3548 natura
1340 3495 1607 3549 editioris
1665 3495 1779 3549 loci
1811 3496 1916 3549 de-

245 3581 576 3650 fendisset;
611 3583 700 3637 sic
731 3584 887 3637 enim
917 3583 1190 3637 lectionis
1229 3583 1446 3638 divinae
1480 3584 1635 3638 serie
1665 3599 1916 3654 expres-

245 3686 386 3725 sum
416 3673 666 3740 tenetur,
701 3669 877 3742 cujus
907 3674 1172 3726 tenorem
1203 3686 1517 3726 recensere
1550 3673 1843 3743 congruit.

323 3757 379 3813 3.
411 3759 648 3812 Levites
705 3759 798 3812 vir
854 3760 967 3829 (Ἳο)
1025 3759 1238 3827 (Judic.
1274 3777 1396 3829 xix,
1431 3759 1457 3812 1
1491 3761 1662 3831 seq.),
1725 3761 1919 3815 animo

251 3846 451 3918 major
467 3863 642 3917 quam
671 3847 906 3917 opibus,
957 3847 1254 3902 habitabat
1285 3848 1344 3902 in
1374 3849 1643 3918 partibus
1702 3850 1918 3903 montis

249 3934 533 4005 Ephrmm
561 3951 576 4004 ;
607 3937 664 3990 ei
679 3936 896 4006 quippe
919 3936 1094 3990 tribui
1119 3939 1328 3991 sortito
1351 3937 1641 4008 obligerat
1662 3937 1830 3992 locus
1862 3938 1920 3990 in

248 4025 710 4095 possessionem
730 4027 904 4078 terrae
926 4025 1097 4079 datus
1120 4039 1226 4094 pro
1250 4024 1510 4079 funiculo
1534 4025 1916 4080 haereditatis.

247 4113 310 4166 Is
343 4112 462 4166 sibi
489 4112 702 4181 accipit
723 4111 992 4183 jugalem
1022 4113 1093 4166 de
1125 4113 1274 4167 Juda
1308 4113 1628 4167 Bethleem.
1662 4114 1732 4167 Et
1764 4118 1823 4186 ut
1855 4129 1920 4168 se

247 4201 476 4256 habent
496 4200 683 4270 prima
703 4201 1043 4271 copularum
1067 4201 1329 4271 exordia,
1365 4202 1605 4256 ardebat
1631 4202 1921 4273 juvencu-

249 4289 372 4342 lam
403 4288 716 4342 immodica
757 4289 936 4342 animi
979 4290 1328 4360 cupiditate:
1382 4290 1557 4344 simul
1587 4292 1723 4361 quia
1754 4291 1922 4345 simi-

249 4377 416 4432 libus
435 4377 568 4448 ejus
591 4393 708 4432 non
730 4377 1109 4449 fungebatur,
1134 4379 1562 4432 exardescebat
1584 4379 1776 4451 magis
1802 4397 1920 4433 ma-

253 4468 474 4539 gisque
504 4465 916 4535 possessione,
968 4469 1142 4536 atque
1171 4465 1285 4534 ('71)
1337 4467 1591 4521 immane
1641 4471 1924 4537 quantum

2021 1942 2100 1995 bo
2138 1943 2323 1996 curati
2361 1943 2754 1999 adorirentur.
2793 1945 2939 1998 Post
2978 1946 3184 2016 epulas
3222 1961 3458 2016 quoque
3477 1947 3689 2001 volens

2023 2029 2361 2085 dilationem
2379 2035 2661 2101 attaxere,
2692 2048 2762 2087 eo
2785 2033 2943 2103 quod
2969 2033 3093 2103 jam
3117 2049 3336 2103 vesper
3368 2036 3690 2104 appropin-

2021 2122 2246 2188 quaret,
2273 2120 2479 2190 generi
2495 2121 2795 2189 precibus,
2812 2137 2972 2192 aegre
2987 2122 3142 2189 licet,
3163 2125 3354 2176 tamen
3367 2124 3687 2193 acquievit.

2093 2208 2145 2260 5.
2181 2208 2282 2260 llle
2314 2209 2426 2261 iter
2473 2224 2648 2262 suum
2701 2208 2877 2278 (Ibid.
2915 2209 2982 2263 10
3025 2212 3176 2280 seq.)
3226 2212 3485 2279 perrexit
3514 2210 3688 2265 laetus

2023 2295 2222 2363 animi,
2244 2297 2400 2366 quod
2443 2296 2716 2350 dilectam
2748 2296 2863 2350 sibi
2900 2298 3397 2366 recuperavisset.
3430 2297 3541 2362 Qui
3573 2313 3689 2354 uno

2025 2385 2279 2438 comitati
2325 2385 2585 2453 servulo,
2612 2401 2744 2439 cum
2778 2384 2903 2455 jam
2943 2385 3266 2440 declinaret
3303 2387 3432 2442 dies
3466 2386 3686 2443 festino

2022 2487 2176 2525 Viam
2197 2473 2533 2526 celerabant
2561 2474 2770 2544 gradu.
2808 2474 3017 2528 Mulier
3043 2475 3371 2530 vehebatur
3396 2475 3688 2548 jumento,

2023 2561 2151 2615 viro
2183 2561 2381 2615 nullus
2423 2577 2644 2616 sensus
2677 2562 2918 2631 laboris,
2941 2562 3042 2633 qui
3063 2563 3256 2618 fructu
3279 2565 3580 2635 desiderii,
3601 2565 3690 2619 si-

2022 2649 2141 2704 mul
2174 2654 2230 2704 et
2262 2650 2422 2704 vario
2456 2653 2510 2704 et
2528 2651 2792 2705 mulieris
2823 2667 2891 2705 ac
2913 2652 3212 2706 vernaculi
3237 2668 3512 2707 sermone
3534 2653 3692 2708 viam

2022 2738 2264 2793 levaret.
2303 2738 2568 2810 Denique
2597 2740 2698 2794 ubi
2730 2740 3202 2811 Hierosolymam
3250 2742 3690 2814 appropinqua-

2022 2832 2177 2896 runt,
2213 2844 2344 2898 quae
2377 2829 2614 2899 triginta
2649 2829 2856 2883 stadiis
2894 2831 3114 2899 aberat,
3149 2846 3324 2901 quam
3367 2834 3506 2886 tunc
3537 2835 3692 2886 tem-

2023 2918 2188 2985 poris
2218 2917 2483 2970 Jebuseei
2512 2918 2821 2986 tenebant;
2856 2919 3168 2989 suggessit
3199 2935 3346 2988 puer
3373 2920 3689 2976 deﬂecten-

2023 3006 2159 3059 dum
2192 3005 2251 3058 in
2283 3007 2594 3072 civitatem,
2630 2998 2776 3060 773
2810 3007 2946 3077 quia
2979 3007 3091 3061 sub
3143 3012 3376 3062 noctem
3407 3012 3688 3079 suspecta

2025 3099 2230 3147 essent
2262 3096 2434 3147 etiam
2468 3095 2585 3161 illa,
2622 3111 2754 3165 qua:
2787 3097 2998 3149 tutiora
3030 3099 3188 3163 sunt,
3216 3097 3691 3168 cavendaquete-

2027 3182 2340 3235 nebrarum
2373 3183 2689 3254 ambigua;
2724 3184 2976 3237 maxime
3013 3185 3149 3254 quia
3183 3183 3448 3239 locorum
3477 3186 3688 3240 incolae

2026 3286 2140 3323 non
2166 3275 2369 3324 essent
2391 3272 2461 3325 de
2507 3272 2645 3325 tiliis
2689 3273 2892 3326 Israel.
2930 3272 2998 3325 Et
3030 3273 3162 3326 ideo
3191 3274 3688 3345 praevertendum,

2027 3375 2098 3412 ne
2129 3359 2269 3429 quid
2301 3360 2551 3413 adversa
2584 3360 2778 3413 studia
2812 3364 3088 3431 gerentes
3121 3361 3468 3416 insidiarum
3504 3362 3690 3416 infer-

2027 3451 2176 3512 rent,
2203 3448 2460 3502 obscuro
2481 3449 2672 3502 noctis
2697 3449 2893 3502 dolum
2928 3451 3348 3519 quaerentibus.
3363 3451 3435 3504 ad
3475 3466 3690 3521 perpe-

2027 3536 2296 3589 trandum
2331 3537 2561 3590 facinus
2595 3539 2742 3592 satis
2761 3542 3110 3607 opportuno.
3137 3538 3249 3592 Sed
3287 3539 3534 3593 Domino
3557 3539 3692 3610 ejus

2028 3624 2478 3696 haudquaquam
2497 3625 2715 3695 placuit
2736 3627 3045 3695 sententia,
3072 3631 3132 3680 ut
3155 3627 3305 3680 inter
3324 3627 3693 3698 alienigenas

2029 3713 2286 3783 hospitio
2309 3714 2730 3782 succederent;
2755 3729 2888 3768 cum
2910 3715 3070 3769 Gaba
3089 3718 3144 3768 et
3165 3716 3344 3769 Rama
3368 3732 3485 3770 non
3517 3717 3694 3788 longe

2027 3803 2310 3856 abessent
2333 3801 2600 3854 civitates
2625 3801 2954 3872 Benjamin.
2980 3802 3178 3873 Itaque
3201 3804 3535 3872 prcevalens
3559 3821 3694 3859 scn-

2030 3891 2226 3959 tentia,
2253 3890 2591 3960 posthabuit
2622 3889 2846 3944 servuli
2873 3892 3324 3962 suggestionem
3352 3909 3366 3962 ;
3419 3893 3592 3964 quasi
3621 3908 3699 3947 ex

2034 3980 2366 4034 conditione
2401 3979 2714 4032 consilium
2759 3980 3168 4049 aestimaretur,
3212 3984 3268 4034 et
3297 3996 3416 4034 non
3446 3981 3697 4036 consilio

2032 4068 2304 4138 quamvis
2336 4067 2534 4120 infima
2584 4067 2840 4122 conditio
2891 4067 3245 4122 allevaretur
3291 4069 3426 4140 (73).
3478 4069 3549 4124 Et
3570 4069 3696 4140 jam

2031 4157 2122 4210 sol
2147 4157 2204 4210 in
2223 4171 2443 4210 occasu
2471 4159 2631 4210 erat:
2667 4157 2920 4226 denique
2949 4156 3050 4210 vix
3083 4158 3358 4223 occurrit,
3414 4173 3548 4212 cum
3573 4157 3698 4228 jam

2033 4248 2346 4316 urgeretur
2371 4259 2622 4314 vespere
2652 4245 2712 4298 in
2745 4245 3037 4299 civitatem
3068 4246 3410 4300 succedere.

2101 4370 2154 4424 6'
2207 4369 2546 4424 Gabaonitae
2605 4369 2780 4439 (Ibid,
2818 4369 2884 4422 15
2915 4370 3067 4441 scq.)
3097 4369 3431 4424 incolebant
3479 4369 3696 4436 locum,

2031 4459 2444 4528 inhospitales,
2479 4458 2753 4531 immites,
2787 4457 3188 4511 intolerabiles
3215 4474 3230 4526 ;
3263 4458 3458 4510 omnia
3482 4457 3699 4527 [tamen

253 4555 645 4610 exaestuabat.
681 4553 850 4608 Unde
881 4553 1016 4624 quia
1048 4553 1193 4608 nihil
1235 4553 1601 4609 referebatur
1657 4571 1731 4608 ex
1762 4561 1924 4625 parte
1961 4567 2010 4627 ι)
2034 4547 2464 4602 tolerabiliores
2493 4547 2629 4615 (Ἠ),
2655 4561 2829 4616 quam
2869 4546 2921 4599 si
2955 4546 3208 4615 aliquem
3240 4545 3496 4614 hospitio
3527 4559 3698 4598 rece-

253 4642 740 4712 adolescentulae,
771 4642 866 4696 vel
901 4642 1134 4696 levitate
1163 4643 1406 4711 amoris,
1445 4642 1536 4697 vel
1587 4643 1641 4694 vi
1675 4643 1921 4710 doloris,

253 4731 419 4804 quod
442 4731 894 4803 haudquaquam
908 4731 1177 4785 mercede
1198 4732 1320 4802 pari
1338 4746 1541 4786 secum
1557 4731 1922 4798 decerneret,

328 4873 447 4942 (68)
476 4873 703 4944 Scripta
739 4873 893 4926 circa
928 4888 1064 4926 ann.
1096 4872 1220 4927 380.

330 4946 448 5013 (69)
481 4945 626 4998 Mss.
661 4961 776 4998 non
807 4944 1000 5014 pauci,
1042 4966 1063 4992 α
1100 4945 1214 4997 nisi
1266 4944 1662 5014 quingentos:
1721 4967 1741 4988 ι»
1775 4959 1925 5013 quo-

257 5033 391 5071 rum
411 5017 583 5070 etiam
601 5016 822 5086 aliquot
843 5015 992 5068 infra
1016 5015 1146 5069 loco
1191 5016 1486 5085 virginum
1523 5015 1926 5084 quadringen-

257 5093 454 5141 tarum
485 5103 517 5142 e
547 5087 714 5140 Jabis
744 5087 976 5140 excidio
1030 5092 1463 5140 rcservatarum
1496 5102 1613 5139 non
1659 5087 1774 5138 nisi
1805 5091 1925 5138 tre-

260 5163 468 5212 centas
499 5157 734 5211 habent.
767 5158 882 5211 Sed
915 5157 1014 5210 alii
1073 5161 1129 5210 et
1161 5161 1372 5210 omnes
1426 5157 1563 5210 edit.
1599 5156 1834 5224 melius,
1865 5159 1927 5208 ut

259 5230 319 5282 in
349 5233 538 5282 textu.

330 5299 448 5369 (Ἱο)
470 5299 613 5363 Quae
637 5300 985 5368 sequuntur,
1011 5314 1127 5351 non
1151 5297 1342 5350 omnia
1368 5297 1604 5366 quidem
1626 5297 1930 5369 reperiun-

258 5368 355 5424 tur
386 5372 446 5424 in
480 5370 670 5423 sacris
703 5369 1048 5436 codicibus;
1079 5373 1326 5422 attamen
1362 5369 1592 5438 legatur
1632 5368 1784 5435 apud
1832 5368 1930 5421 Jo-

263 5441 518 5510 sephum
540 5441 642 5493 tib.
665 5441 923 5510 vAntiq.
942 5441 1192 5502 Judaic.,
1221 5455 1346 5508 cap.
1368 5440 1419 5492 2.
1441 5438 1722 5492 Nonnulli
1755 5455 1926 5507 mss.,

267 5535 286 5559 ι
323 5512 505 5566 animi
536 5511 746 5580 major,
781 5526 953 5580 quam
988 5511 1275 5564 moribus.
1317 5532 1337 5557 »

332 5583 451 5652 (71)
471 5581 690 5636 Omnes
713 5582 874 5650 edit.,
901 5603 922 5627 «ι
952 5581 1392 5652 Exardescebat
1412 5581 1624 5652 magis,
1646 5582 1820 5650 atque
1849 5595 1922 5652 ;_»

263 5650 412 5709 mes.
425 5650 953 5725 freque_ntissimi,«
973 5651 1398 5725 exardescebat
1412 5650 1602 5725 magis
1614 5650 1928 5725 possessio

265 5728 440 5806 atque
457 5740 473 5801 ;
497 5747 520 5775 η
542 5723 652 5782 sed
663 5723 923 5782 omnium
935 5723 1150 5796 optime
1165 5723 1294 5782 cod.
1312 5723 1457 5780 Lat.
1476 5727 1538 5784 ut
1553 5723 1614 5780 in
1628 5724 1925 5781 contextu.

553 5873 810 5944 Ριπιοι..
849 5871 1005 5940 XVI.

2034 4637 2284 4706 pissent.
2313 4635 2577 4705 Denique
2603 4634 2970 4688 commodius
2995 4633 3130 4687 huic
3159 4633 3286 4687 viro
3321 4633 3541 4687 Levites
3567 4649 3697 4688 ces-

2036 4728 2210 4789 serat,
2237 4725 2290 4777 si
2328 4726 2386 4777 in
2408 4723 2605 4777 Gabaa
2628 4723 2946 4792 hospitium
2967 4738 3080 4775 non
3106 4722 3446 4791 reperisset.
3481 4721 3700 4777 Verum

2107 4866 2216 4934 (‘79.)
2246 4889 2267 4911 «
2311 4864 2524 4918 Claves
2557 4864 2803 4917 remisit.
2841 4887 2861 4936 ξι
2900 4863 3025 4916 Iloc
3056 4863 3299 4934 petitum
3341 4866 3432 4918 est
3463 4878 3538 4918 ex
3562 4863 3700 4936 jure

2039 4938 2458 4999 Romanorum,
2519 4951 2770 5004 quorum
2802 4935 3021 5004 siquis
3080 4950 3324 4988 uxorem
3383 4935 3704 4990 dimitteret

2040 5029 2061 5056 α
2087 5024 2228 5060 suas
2254 5007 2370 5059 sibi
2401 5021 2500 5059 res
2535 5007 2752 5059 habere
2787 5006 2938 5077 nvel
2974 5027 2995 5051 «
3032 5021 3239 5059 curare
3276 5029 3296 5054 »
3333 5005 3492 5060 illam
3521 5007 3701 5077 jube-

2037 5079 2153 5144 bat,
2190 5078 2483 5148 simulque
2518 5077 2716 5130 claves
2748 5076 2938 5129 eidem
2970 5077 3280 5144 adimebat,
3315 5076 3702 5148 quemadmo-

2037 5150 2174 5201 dum
2209 5165 2280 5201 ex
2339 5147 2646 5201 Ciceronis
2675 5148 2928 5216 Philipp.
2978 5149 3010 5200 ΕΞ
3041 5148 3297 5201 ostendit
3333 5147 3700 5219 ’Signonius,

2037 5219 2137 5273 lib.
2175 5237 2188 5271 ι
2226 5220 2310 5272 De
2343 5220 2524 5288 antiq.
2548 5219 2692 5288 jurc
2723 5220 2837 5271 siv.
2876 5219 3063 5286 liom.,
3099 5235 3222 5288 cap.
3256 5220 3290 5273 9
3321 5224 3376 5274 et
3405 5221 3522 5274 alii.

2108 5291 2220 5358 ('73)
2244 5290 2385 5342 Cod.
2432 5290 2618 5357 Belv.,
2660 5310 2682 5340 ι
2717 5289 2946 5342 inﬁrma
2979 5290 3236 5344 conditio
3269 5291 3639 5344 allevaretur.
3678 5311 3699 5336 ιι

2109 5361 2220 5429 (74)
2258 5360 2407 5418 Edit.
2440 5365 2579 5428 vet.,
2615 5362 2808 5413 omnia
2842 5365 3033 5414 tamen
3064 5361 3499 5426 tolerabiliora;
3537 5382 3556 5407 ιο
3593 5374 3706 5412 me-

2041 5432 2156 5484 lius
2190 5433 2358 5484 Hom.
2393 5435 2448 5484 et
2479 5432 2706 5484 cunctis
2736 5447 2908 5498 mss.,
2947 5455 2968 5478 α
3007 5432 3201 5485 omnia
3263 5435 3456 5484 tamen
3487 5430 3705 5483 tolera-

2037 5503 2303 5569 biliores,
2345 5527 2366 5549 »
2403 5502 2504 5555 ubi
2554 5502 2738 5555 Paris.
2790 5503 3061 5573 qumdam
3110 5517 3215 5571 pro
3255 5524 3275 5547 ιε
3311 5502 3501 5573 omnia
3539 5521 3560 5546 ι»
3597 5515 3707 5569 po-

2042 5589 2218 5628 suere
2247 5597 2268 5620 ιι
2295 5588 2522 5628 omnes.
2554 5594 2574 5620 ι
2612 5573 2779 5626 Haud
2813 5572 3015 5642 recte;
3047 5573 3144 5626 hic
3174 5573 3327 5627 enim
3360 5572 3573 5623 dicitur
3602 5584 3710 5640 per

2040 5644 2278 5715 ellipsin
2341 5668 2362 5694 ι
2397 5644 2592 5699 omnia
2652 5644 3105 5712 tolerabiliores,
3173 5664 3195 5692 υ
3254 5654 3610 5715 nonhsecus
3640 5655 3708 5706 ac

2040 5710 2195 5791 apud
2233 5716 2539 5774 Horatium
2574 5738 2596 5767 ιι
2625 5717 2838 5773 caetera
2868 5715 3061 5786 laetus,
3092 5710 3120 5762 ἠ
3157 5715 3214 5770 et
3245 5710 3480 5774 similia.

3365 5865 3438 5938 ΒΟ
