4090 6174
1892 306 1959 377 S.
1989 302 2434 376 AMBROSII.

3741 303 3842 380 940

460 534 535 574 ne
559 518 701 590 quid
724 517 965 573 deesset
992 515 1363 585 offensionis,
1396 516 1586 587 primo
1617 514 1899 585 ingressu
1928 512 2129 568 diver-
2152 494 2205 557 Α
2253 512 2555 583 amiserat,
2604 516 2663 568 et
2713 514 3084 571 contumeliae
3133 528 3260 571 sua
3308 514 3499 570 fumus
3538 513 3851 571 lamentabili

462 608 688 662 sorium
714 623 829 661 non
857 608 1104 677 reperit:
1127 610 1327 660 etcum
1354 606 1412 660 in
1428 604 1665 676 publico
1689 603 1862 671 situs,
1881 601 2129 658 alienam

462 695 937 750 misericordiam
959 695 1322 765 imploraret,
1349 692 1589 749 offendit
1618 692 2027 746 advenientem
2056 705 2133 744 ex

461 800 609 856 agro
640 800 866 853 senem,
900 800 1075 854 quem
1102 798 1320 853 vesper
1349 799 1424 838 ex
1446 797 1622 853 opere
1652 779 1879 853 agresti
1896 794 2133 849 compu-

460 874 527 927 lit
549 877 721 927 nocte
741 873 1049 928 decedere.
1077 874 1300 927 Etcum
1325 875 1486 926 esset
1525 871 1577 925 ei
1614 870 1997 939 conspicuus,
2029 883 2133 922 ro-

465 966 643 1033 gatus
666 977 782 1032 quo
814 962 943 1029 iret,
979 965 1038 1017 et
1081 961 1236 1016 unde
1267 962 1628 1029 adventaret,
1675 957 2014 1027 respondit:
2049 956 2133 1010 De

466 1050 771 1105 Bethleem
828 1049 979 1104 Juda
1035 1053 1332 1119 revertor,
1395 1047 1684 1103 contendo
1749 1047 1822 1099 ad
1879 1047 2135 1099 montem

468 1138 767 1208 Ephram,
803 1141 859 1192 et
907 1138 1119 1193 mulier
1149 1141 1241 1192 est
1270 1151 1536 1192 mecum:
1584 1134 1692 1190 sed
1724 1149 1865 1188 ecce
1897 1133 2013 1187 huc
2042 1132 2133 1186 di-

468 1226 640 1291 verti,
667 1230 723 1279 et
750 1242 921 1280 nemo
946 1230 1038 1280 est
1068 1227 1169 1297 qui
1196 1226 1455 1295 hospitio
1505 1223 1773 1293 recipiat,
1812 1227 1869 1276 et
1898 1220 2137 1292 requie-

472 1314 678 1370 scendi
698 1330 870 1369 usum
902 1315 1215 1369 ministret.
1239 1314 1373 1368 Non
1402 1328 1518 1383 quo
1542 1311 1660 1366 cibi
1689 1314 1789 1365 aut
1803 1312 1979 1380 potus
1998 1309 2137 1377 sibi,

470 1406 569 1467 aut
597 1403 798 1472 pecori
846 1404 1200 1473 pabulorum
1246 1404 1411 1457 esset
1454 1400 1803 1471 indigentia,
1860 1399 1969 1453 sed
1999 1395 2137 1451 tecti

471 1491 732 1561 hospitio
784 1492 1275 1561 prohiberentur:
1327 1491 1548 1560 prasto
1581 1503 1720 1543 esse
1769 1487 1888 1556 illa,
1919 1486 2141 1540 nudum

471 1580 612 1634 tecti
642 1580 961 1649 hospitium
1010 1580 1357 1634 desiderari.
1415 1577 1506 1631 Ad
1536 1592 1605 1632 ea
1635 1576 1839 1631 senior
1881 1575 2141 1644 benigne

474 1669 623 1722 satis
647 1672 703 1722 et
719 1668 980 1738 placide:
1013 1669 1158 1737 Pax,
1190 1667 1399 1738 inquit,
1422 1666 1564 1720 tibi:
1619 1667 1677 1719 et
1706 1663 1965 1718 succede
1994 1661 2141 1717 hos-

474 1771 585 1827 pes
625 1757 847 1825 pariter
884 1759 940 1809 et
982 1756 1153 1825 civis,
1185 1771 1321 1809 nam
1350 1756 1407 1809 et
1447 1753 1590 1806 mihi
1622 1752 1791 1823 origo
1822 1751 1895 1806 de
1925 1750 2143 1806 montis

2245 602 2446 671 specie
2468 601 2818 673 antejanum
2834 602 3195 674 hospitalem
3225 605 3550 675 exponeret.
3584 602 3848 675 Egressus

2244 690 2441 761 itaque
2469 690 2691 758 Levita,
2718 708 2850 746 cum
2869 692 3168 764 jacentem
3207 693 3545 756 invenisset,
3574 691 3851 747 arbitratus

2247 779 2403 849 quod
2424 780 2785 835 verecundia
2807 782 3028 836 vultum
3048 797 3412 854 nequaquam
3429 780 3673 835 attollere
3699 780 3853 835 aude-

2248 856 2356 935 ret,
2384 868 2684 923 consolari
2710 871 2909 940 coepit,
2936 871 3072 941 quia
3094 887 3211 925 non
3244 870 3552 938 voluntate,
3574 868 3673 924 sed
3706 868 3856 923 invita

2248 957 2424 1010 tanta
2454 956 2693 1028 injuria
2724 959 3179 1014 succubuisset:
3214 959 3445 1014 hortare
3476 970 3795 1029 assungere,
3814 960 3861 1011 et

2250 1058 2453 1107 secum
2478 1048 2746 1115 repetere
2768 1046 3027 1103 domum.
3051 1046 3167 1103 Sed
3192 1048 3289 1102 ubi
3314 1047 3530 1102 nullum
3551 1060 3863 1117 responsum

2249 1132 2641 1204 referebatur,
2689 1136 2865 1207 quasi
2915 1137 3325 1208 quiescentem
3378 1135 3599 1208 majore
3666 1149 3795 1189 voce
3839 1148 3865 1187 ο

2251 1236 2481 1276 sommo
2512 1224 2792 1279 excitare.

2324 1328 2412 1384 10.
2438 1329 2655 1385 Verum
2689 1330 2870 1399 (Ibid.
2901 1330 2992 1402 28)
3023 1330 3122 1386 ubi
3153 1331 3362 1386 mortis
3407 1344 3687 1400 supremae
3714 1327 3866 1398 patuit

2253 1419 2425 1487 ﬁdes,
2450 1419 3047 1491 impositasjumento
3078 1418 3363 1491 reliquias
3394 1418 3624 1473 domum
3649 1415 3865 1488 pertulit,

2253 1511 2311 1563 et
2323 1508 2553 1562 divisos
2565 1510 2729 1562 artus
2743 1508 3011 1563 mulieris
3023 1509 3084 1563 in
3097 1511 3299 1579 partes
3313 1506 3616 1562 duodecim
3627 1505 3770 1560 misit
3785 1519 3869 1575 per

2258 1594 2530 1667 singulas
2550 1595 2744 1650 tribus
2759 1595 2965 1651 Israel.
2996 1594 3122 1661 Quo
3154 1598 3484 1651 commotus
3513 1593 3715 1665 (ludio.
3734 1608 3819 1661 xx,
3840 1590 3868 1646 6

2257 1684 2409 1755 seq.)
2440 1683 2763 1738 universus
2817 1682 3073 1753 populus
3129 1683 3406 1739 convenit
3453 1682 3513 1737 in
3555 1680 3868 1751 Massephat,

2257 1775 2434 1842 atque
2464 1772 2547 1827 ibi
2577 1771 2818 1843 querela
2865 1786 2973 1842 per
3003 1771 3267 1827 Levitam
3316 1772 3569 1843 cognita,
3617 1783 3800 1826 omnes
3822 1768 3870 1821 in

475 1843 757 1914 Ephrwm
795 1843 1084 1914 Partibus:
1126 1846 1184 1897 θῖ
1216 1841 1314 1896 hic
1344 1840 1656 1929 hospitali?
1688 1839 2003 1929 Ῑιεῴίίβίίφῖ
2037 1838 2144 1893 sed
2179 1861 2231 1924 Β
2258 1838 2480 1915 bellum
2517 1838 2817 1929 exarsere,
2856 1838 3183 1916 statuentes
3211 1838 3507 1915 nemixiem
3534 1838 3775 1913 virorum
3799 1855 3869 1910 fas

481 1935 747 2002 tempore
797 1933 1073 1986 diuturno
1106 1930 1397 1985 incolatus
1421 1929 1599 1984 sedes
1629 1927 1915 1983 fundavit.
1948 1928 2147 1998 Itaque

477 2024 753 2089 receptos
784 2020 1082 2074 domicilio
1114 2018 1441 2073 ministerio
1475 2018 1569 2071 sui
1599 2019 1656 2072 et
1686 2014 1977 2071 subsidiis
2007 2015 2147 2070 hos-

477 2109 757 2180 pitalibus
783 2107 950 2178 juxta
984 2107 1127 2161 fovit
1155 2108 1288 2177 ('75).

550 2197 604 2250 ’7.
632 2197 990 2251 Hortabatur
1046 2196 1118 2249 ad
1175 2195 1435 2249 latitiam
1467 2193 1671 2250 senior
1727 2193 1899 2264 (Ibid.
1945 2192 2057 2263 22),
2091 2195 2149 2247 et

480 2284 989 2355 frequentioribus
1030 2284 1392 2354 provocabat
1435 2283 1689 2353 poculis,
1741 2286 1804 2337 ut
1833 2282 1972 2336 vino
2002 2281 2150 2337 abo-

480 2372 632 2441 leret
687 2389 962 2428 curarum
1018 2372 1283 2438 oblivia;
1346 2387 1478 2426 cum
1536 2371 1735 2425 subito
1796 2370 2150 2425 circumsis-

483 2464 613 2516 tunt
643 2477 750 2515 eos
794 2462 1156 2529 Gabaonita,
1200 2461 1458 2531 juvenes
1488 2459 1560 2513 ad
1612 2474 1846 2514 omnem
1900 2458 2153 2530 projecti

485 2548 795 2604 libidinem
824 2549 971 2603 nihil
1019 2563 1267 2618 pensum
1294 2563 1363 2601 ac
1407 2548 1778 2603 moderatum
1826 2546 2150 2603 habentes:

486 2653 640 2707 quos
672 2638 859 2692 forma
888 2636 1156 2690 mulieris
1189 2635 1475 2706 illexerat,
1509 2639 1567 2690 et
1595 2636 1656 2690 in
1686 2650 1918 2690 omnem
1949 2651 2155 2690 amen-

487 2727 629 2781 tiam
658 2726 1094 2796 pracipitabat:
1138 2727 1290 2796 capti
1323 2726 1479 2779 enim
1509 2724 1644 2795 ejus
1694 2724 1931 2794 decore,
1965 2727 2022 2779 et
2052 2741 2158 2795 per

490 2817 857 2870 senectutem
900 2813 1177 2884 hospitis,
1230 2817 1403 2885 atque
1452 2812 1847 2868 infirmitatem
1879 2813 2154 2884 subsidii,

490 2905 734 2974 accepta
756 2917 863 2973 spe
891 2901 1179 2973 potiundi,
1211 2905 1464 2973 poscunt
1495 2901 1823 2972 mulierem,
1843 2904 1901 2956 et
1920 2901 2160 2973 pulsant

490 2989 755 3063 januam.

566 3080 618 3134 8.
638 3079 840 3151 Itaque
871 3078 1049 3150 (Ibid.
1083 3078 1174 3149 23,
1207 3080 1298 3150 24)
1342 3095 1634 3152 egressus
1682 3080 1887 3136 senior
1913 3080 2163 3153 rogabat

495 3184 602 3224 eos
635 3184 708 3223 ne
740 3168 1067 3239 hospitales
1096 3183 1336 3222 mensas
1357 3169 1511 3239 turpi
1527 3169 1750 3241 ﬂagitio
1772 3169 2080 3240 foedarent,
2106 3172 2164 3224 et

495 3258 889 3313 reverendum
915 3257 1018 3328 jus
1049 3257 1223 3311 etiam
1256 3257 1556 3312 indomitis
1597 3258 1982 3313 barbararum
2010 3273 2163 3330 gen-

496 3347 662 3415 tium,
690 3345 1028 3400 nationibus
1059 3345 1398 3399 violandum
1443 3346 1905 3401 arbitrarentur:
1941 3347 2164 3401 contri-

498 3434 697 3489 bulem
727 3434 891 3488 illum
924 3433 1061 3503 sibi,
1108 3433 1433 3487 Israelitem
1479 3434 1673 3488 virum
1720 3434 1967 3506 legitimi
2011 3435 2170 3490 thori

500 3522 824 3577 subnixum
857 3522 1065 3591 copula
1107 3538 1227 3576 non
1283 3522 1415 3576 sine
1445 3522 1850 3594 indignatione
1905 3523 2167 3579 calestis

500 3611 705 3665 arbitri
762 3613 921 3664 tanta
967 3609 1127 3664 afﬁci
1171 3610 1542 3665 contumelia.
1591 3609 1760 3676 Quod
1816 3611 1918 3666 ubi
1962 3628 2169 3682 parum

501 3698 827 3769 procedere
855 3698 1125 3768 advertit,
1158 3714 1298 3754 esse
1330 3700 1447 3755 sibi
1476 3699 1654 3754 ﬁliam
1683 3700 1978 3772 virginem
2006 3700 2172 3772 adje-

506 3787 605 3857 cit,
661 3787 821 3840 illam
852 3802 919 3841 se
977 3785 1425 3859 offeresmajore
1484 3789 1745 3859 parentis
1790 3788 2013 3859 dolore,
2063 3788 2171 3844 sed

504 3874 733 3928 minore
764 3875 970 3946 gratia
1003 3875 1317 3945 hospitalis
1353 3876 1699 3945 dispendio:
1733 3876 2034 3947 publicum
2064 3878 2172 3931 fla-

506 3963 717 4033 gitium
761 3963 990 4031 privato
1035 3963 1326 4017 dedecore
1360 3956 1509 4018 7'74
1536 3964 1906 4019 tolerabilius
1953 3963 2173 4020 habere

510 4048 646 4119 (76).
679 4050 755 4104 At
802 4049 887 4102 illi
930 4050 1213 4121 exagitati
1263 4053 1413 4105 astu
1461 4050 1702 4114 furoris,
1738 4054 1795 4105 et
1835 4052 2176 4107 inflammati

507 4138 807 4192 incentivo
854 4137 1140 4208 libidinis,
1192 4153 1262 4193 eo
1310 4138 1564 4209 amplius
1611 4139 1898 4194 ardebant
1925 4140 2175 4196 formam

504 4225 867 4297 juvencula,
915 4242 1031 4296 quo
1066 4227 1260 4298 magis
1303 4227 1650 4298 negabatur.
1685 4226 1757 4282 Et
1796 4226 2045 4299 justitiae
2075 4247 2178 4286 ex-

512 4318 711 4369 sortes
743 4314 1011 4369 ridebant
1042 4314 1224 4368 verba
1255 4316 1571 4387 aequitatis,
1605 4315 1790 4372 filium
1821 4319 2008 4388 senis,
2040 4320 2178 4391 quia

516 4404 744 4460 minore
775 4403 995 4457 invidia
1027 4403 1278 4458 sceleris
1311 4402 1686 4477 offerebatur,
1736 4406 2041 4478 despectui
2070 4407 2179 4462 ha-

511 4493 743 4548 bentes.

2259 1964 2398 2003 esse
2421 1949 2480 2002 in
2498 1948 2942 2003 tabernaculum
2963 1949 3289 2004 succedere
3311 1948 3649 2019 priusquam
3669 1946 3734 2001 de
3761 1942 3882 1999 tanti

2261 2036 2595 2092 sceleribus
2616 2037 2960 2091 auctoribus
2977 2037 3121 2092 ultio
3137 2038 3573 2106 capesseretur.
3587 2034 3793 2090 Animis
3803 2032 3878 2089 ita-

2266 2141 2381 2197 que
2394 2125 2641 2180 ruebant
2654 2127 2712 2179 in
2724 2125 3018 2196 pralium:
3034 2125 3142 2180 sed
3156 2125 3473 2180 consilium
3486 2123 3877 2194 prudentiorum

2266 2214 2566 2284 pravertit
2577 2214 2947 2279 sententiam,
2957 2229 3073 2268 non
3086 2216 3307 2267 temere
3321 2210 3741 2284 confligendum
3753 2207 3877 2264 bello

2265 2318 2398 2357 cum
2416 2302 2670 2372 civibus,
2696 2302 2803 2357 sed
2822 2303 2988 2373 prius
3010 2301 3213 2356 verbis
3231 2300 3648 2371 experiendum
3669 2298 3734 2353 de
3748 2297 3879 2368 flagi-

2263 2392 2365 2462 tio,
2391 2394 2447 2445 et
2463 2390 2900 2446 decernendum
2925 2389 3369 2445 conditionibus
3392 2404 3498 2460 pro
3520 2386 3771 2443 delictis:
3797 2399 3880 2439 ne—

2265 2494 2379 2550 que
2403 2478 2634 2550 justum
2680 2479 2892 2548 videri,
2925 2481 2988 2533 ut
3032 2494 3361 2548 paucorum
3405 2477 3647 2532 sceleris
3675 2474 3882 2545 pretium

2268 2567 2343 2621 ad
2363 2583 2570 2622 omnes
2591 2568 2947 2638 perveniret,
2974 2570 3032 2622 et
3053 2569 3276 2637 privata
3298 2564 3750 2621 adolescentium
3777 2575 3883 2633 patr

2272 2658 2400 2710 cata
2428 2658 2646 2711 statum
2693 2655 2904 2711 salutis
2949 2655 3204 2726 publica
3256 2655 3693 2709 labefactarent.
3725 2652 3884 2720 Itaque

2265 2744 2559 2799 miserunt
2577 2745 2764 2815 viros,
2780 2744 2883 2816 qui
2903 2743 3316 2799 denuntiarent
3335 2742 3693 2811 Gabaonitis,
3709 2743 3765 2796 ut
3776 2736 3889 2794 tanti

2265 2848 2405 2888 reos
2431 2833 2639 2905 ﬂagitii
2660 2830 2944 2888 offerent:
2978 2832 3068 2887 sic
3088 2836 3303 2902 autem,
3359 2831 3772 2905 cognoscerent
3795 2839 3886 2881 non

2269 2921 2516 2977 minoris
2546 2936 2685 2976 esse
2716 2920 2983 2977 criminis
3033 2924 3258 2977 tantum
3304 2919 3542 2976 facinus
3571 2915 3884 2981 defendisse,

2270 3026 2446 3083 quam
2475 3010 2844 3065 exercuisse.

2346 3124 2434 3180 11.
2468 3125 2688 3180 Verum
2738 3124 2859 3179 illis
2905 3124 3165 3195 superba
3216 3121 3617 3180 referentibus
3656 3118 3812 3193 (Ibid.
3838 3112 3891 3171 l3

2196 3207 2444 3287 ὕδρᾳ),
2506 3212 2757 3269 concilia
2783 3212 2951 3284 pacis
3011 3213 3170 3269 bello
3217 3216 3460 3269 mutata.
3521 3212 3715 3283 Neque
3740 3206 3891 3279 primo

2272 3306 2373 3358 aut
2401 3302 2666 3357 secundo
2700 3301 2977 3357 conﬂictu
3008 3316 3142 3356 cum
3171 3301 3413 3372 plurimi
3440 3317 3486 3356 a-
3514 3299 3711 3371 paucis
3736 3294 3890 3351 afﬂic-

2272 3393 2557 3461 tarentur,
2600 3389 2930 3445 cedendum
2948 3389 3233 3444 Israelita
3250 3389 3528 3444 adversis
3538 3386 3745 3459 praliis
3760 3381 3890 3438 asti-

2275 3482 2541 3549 marent;
2573 3477 2965 3549 quadraginta
3008 3478 3166 3533 enim
3197 3477 3385 3531 millia
3432 3478 3686 3531 virorum
3711 3470 3891 3527 bellan-

2275 3567 2421 3622 tium
2465 3566 2783 3621 adversum
2832 3565 3044 3638 viginti
3091 3566 3357 3637 quinque
3399 3565 3580 3620 millia
3627 3557 3886 3632 Benjamin

2277 3655 2492 3726 tribus,
2526 3658 2583 3710 et
2630 3655 3043 3726 septingentos
3084 3654 3447 3711 Gabaonitas
3487 3654 3748 3725 expertos
3783 3641 3894 3701 belli

2273 3744 2531 3816 juvenes
2552 3744 2949 3798 decertabant.
2972 3742 3198 3798 Etcum
3216 3743 3465 3800 sinistre
3487 3745 3643 3799 sorte
3668 3740 3772 3793 duo
3801 3730 3891 3788 sibi

2272 3831 2399 3904 jam
2439 3831 2802 3887 cecidissent
2854 3830 3089 3902 pralia;
3148 3832 3328 3886 animi
3390 3835 3582 3887 tamen
3636 3823 3893 3900 promptus

2280 3920 2733 3992 haudquaquam
2784 3920 3062 3990 deposuit
3110 3920 3296 3975 Israel
3344 3919 3619 3976 vincendi
3647 3913 3891 3975 fiduciam,

2281 4012 2341 4065 et
2367 4007 2696 4064 ulciscendi
2725 4015 3147 4079 praesumptam
3179 4024 3371 4080 spem.

2354 4123 2441 4179 19.
2498 4122 2614 4178 Sed
2660 4121 2840 4194 (Ibid.
2872 4121 2943 4177 26
2989 4123 3139 4196 seq.)
3170 4124 3307 4195 quia
3349 4138 3531 4179 causa
3577 4124 3888 4184 numeroque

2282 4211 2751 4286 prastantiores,
2776 4211 3093 4267 inferiores
3115 4227 3334 4284 pugna
3364 4216 3577 4267 eventu
3594 4208 3700 4282 ('77)
3724 4202 3892 4277 pedem

2282 4301 2624 4370 retulerant,
2670 4300 2931 4355 divinam
2979 4298 3266 4356 offensam
3297 4302 3431 4371 rati,
3459 4299 3686 4371 jejunio
3713 4297 3764 4349 et
3789 4289 3896 4345 ﬂetu

2283 4389 2542 4446 maximo
2592 4388 3136 4445 reconciliationem
3167 4388 3376 4460 gratia
3420 4387 3675 4443 calcatis
3700 4377 3893 4437 aﬂ‘ecta-

2284 4494 2446 4534 vere.
2471 4478 2674 4549 Itaque
2698 4480 2860 4533 orata
2882 4476 3115 4532 Domini
3142 4492 3309 4548 pace,
3349 4476 3611 4532 acriores
3640 4474 3695 4528 in
3721 4466 3895 4525 bellum

584 4582 638 4636 9.
674 4582 875 4653 Itaque
902 4580 1082 4651 (Ibid.
1131 4581 1200 4635 25
1232 4581 1382 4654 seq.)
1412 4598 1545 4637 cum
1599 4583 1713 4653 pia
1749 4584 1894 4638 nihil
1922 4569 2260 4654 profice-D
2289 4569 2699 4654 gejgrtuntur;
2753 4568 2818 4620 ιιι
2871 4570 3007 4636 Ροίθ
3073 4565 3294 4654 (ἰυίδιξε
3353 4563 3661 4654 oraculum
3710 4556 3892 4654 animo?

513 4673 646 4724 rent
680 4684 914 4740 preces,
950 4672 1007 4724 et
1036 4670 1258 4724 seniles
1290 4670 1515 4725 frustra
1544 4670 1768 4742 hospes
1808 4687 2018 4726 manus
2049 4674 2181 4726 ten-

518 4759 702 4827 deret,
736 4758 1052 4829 desperato
1096 4758 1399 4829 prasidio,
1444 4760 1668 4829 rapitur
1716 4759 1944 4829 mulier,
1977 4763 2035 4815 et
2077 4776 2186 4831 per

517 4848 698 4900 totam
728 4851 960 4901 noctem
1007 4845 1245 4916 injuria
1290 4846 1583 4916 impletur.
1616 4848 1692 4900 At
1720 4846 1819 4900 ubi
1876 4847 1981 4901 lux
2008 4848 2185 4903 tinem

518 4934 988 5004 intemperantia
1035 4934 1213 5004 dedit,
1271 4934 1513 5006 januam
1544 4934 1896 5005 hospitalem
1952 4938 2183 5008 repetit,

520 5038 640 5077 non
672 5038 788 5093 quo
820 5023 933 5076 viri
965 5026 1349 5093 conspectum
1381 5026 1751 5094 exposceret,
1790 5040 1965 5096 quem
1994 5026 2188 5098 magis

522 5111 938 5165 declinandum
969 5115 1218 5182 putaret,
1251 5112 1620 5167 contumelia
1666 5113 1891 5183 pudore
1933 5116 2183 5168 misera-

519 5195 697 5254 bilis:
732 5199 840 5254 sed
862 5203 922 5253 ut
943 5198 1217 5254 affectum
1237 5201 1367 5256 viro
1391 5201 1661 5272 referret,
1687 5218 1821 5273 qua
1862 5203 2185 5259 castitatem

480 5386 505 5398 -
594 5342 708 5412 (75)
738 5341 1017 5397 Nonnulli
1050 5357 1224 5411 mss.,
1263 5364 1284 5388 «ι
1314 5341 1488 5412 juxta
1519 5342 1680 5398 vires
1711 5342 1878 5399 fovit.
1915 5366 1938 5394 ι»

599 5413 714 5485 (76)
750 5415 918 5486 Rom.
956 5413 1116 5486 edit,
1155 5435 1181 5486 «_
1230 5413 1466 5486 publico
1498 5414 1740 5486 gtlagitio
1770 5415 2059 5484 privatum
2085 5414 2190 5469 de-

530 5483 718 5541 decus
751 5484 1131 5557 tolerabilius
1170 5483 1395 5539 haheri.
1428 5505 1459 5557 Δ››
1495 5483 1658 5557 Bono
1706 5483 1943 5557 quidem
1972 5489 2030 5541 et
2054 5501 2193 5557 per-

532 5558 742 5627 spicuo
770 5572 955 5610 sensu
981 5570 994 5610 :
1030 5555 1138 5610 sed
1170 5570 1305 5627 cum
1333 5570 1402 5610 ea
1428 5554 1603 5609 lectio
1633 5554 1753 5610 non
1785 5555 1979 5627 solum
2005 5554 2193 5627 afca-

462 5624 469 5629 ’
524 5624 672 5685 teris
702 5627 864 5703 edit.,
895 5642 1104 5689 verum
1159 5626 1333 5683 etiam
1363 5641 1398 5680 a
1426 5640 1576 5689 mss.
1637 5625 1914 5684 omnibus
1971 5626 2193 5686 abhor-

2288 4648 2437 4711 775
2471 4654 2732 4721 dederat,
2765 4668 2934 4724 spem
2981 4652 3477 4707 accumulaverat.
3510 4650 3580 4706 Et
3615 4642 3848 4703 simulato
3871 4650 3896 4687 ι

2288 4744 2483 4800 fronte
2517 4742 2676 4814 quod
2707 4742 3037 4812 cederetur,
3057 4756 3128 4795 ac
3155 4740 3466 4812 dispositis
3494 4754 3598 4810 per
3616 4736 3819 4792 noctem
3834 4725 3896 4779 in-

2293 4833 2465 4888 sidiis
2487 4834 2707 4903 atergo
2728 4830 2915 4896 urbis,
2941 4831 3002 4884 in
3034 4845 3150 4901 qua
3182 4829 3373 4884 locata
3412 4831 3537 4884 erat
3565 4836 3757 4881 manus
3774 4816 3895 4907 hos:

2290 4922 2466 4990 tium;
2515 4898 2660 4974 dum
2686 4918 2747 4973 hi
2793 4918 3031 4983 cedunt,
3052 4898 3122 4972 et
3160 4917 3247 4971 illi
3289 4919 3606 4984 sectantur,
3634 4898 3894 4966 invadendi

2292 5009 2500 5065 urbem
2523 5023 2768 5062 vacuam
2794 5007 2944 5061 facta
2966 5007 3155 5077 copia,
3182 5009 3239 5062 et
3260 5021 3399 5060 mox
3428 5004 3672 5069 admoto,
3718 4995 3898 5051 statim-

2290 5114 2406 5169 que
2428 5096 2625 5152 adulto
2647 5096 2941 5167 incendio,
2962 5095 3325 5150 ﬂammarum
3343 5093 3546 5165 fragor
3577 5080 3893 5169 atqueasme

2292 5163 2500 5241 furens
2525 5188 2711 5256 capta
2756 5163 2934 5240 urbis
2950 5184 3214 5255 speciem
3251 5163 3703 5238 manifestarunt.
3723 5170 3828 5237 Quo
3851 5163 3894 5218 et

2294 5331 2440 5398 reat,
2475 5330 2795 5398 eam_tanto
2836 5326 3326 5398 consensuiinon
3369 5299 3892 5398 praeferimu‘s.“(_20§¢_l

2296 5385 2441 5454 vero
2499 5398 2554 5453 si
2586 5396 2780 5469 legas
2835 5397 3330 5469 intolerabilius?
3370 5385 3552 5451 'Certe
3603 5385 3811 5446 mutatio
3849 5386 3893 5429 ιη

2300 5468 2596 5525 communi
2627 5467 2879 5523 lectione
2910 5467 3099 5524 levior
3129 5470 3310 5523 esset.

2371 5541 2484 5613 (ἿἿ)
2506 5540 2653 5597 Mss.
2675 5556 2795 5598 non
2814 5539 3007 5614 pauci,
3036 5561 3057 5588 α
3093 5538 3282 5596 infero
3310 5551 3524 5614 pugna
3549 5530 3760 5592 eventu.
3787 5539 3809 5576 ι
