4090 6174
239 308 358 376 941

1423 307 2037 373 EPISTOLARUM
2081 304 2422 371 CLASSIS
2461 308 2508 369 Ι.

3569 307 3691 372 942

243 511 374 567 suis
407 510 578 564 fracti
599 510 798 578 animi,
823 512 880 564 et
901 509 1080 564 erecti
1105 509 1383 564 hostium.
1423 509 1573 562 Nam
1605 511 1662 563 et
1700 507 1912 578 Benja-
1940 490 2000 550 Α
2031 510 2248 562 metum
2279 507 2595 577 deponere,
2629 511 2686 563 et
2715 509 2774 562 in
2806 509 3150 581 conjugium
3188 507 3303 563 sibi
3336 522 3572 562 sumere
3603 507 3692 561 in-

243 601 363 656 min
387 600 505 653 viri
528 599 766 653 clausos
785 615 852 653 se
875 602 930 652 et
955 601 1392 652 circumventos
1417 599 1544 666 rati,
1566 597 1910 666 priusquam

244 706 276 744 a
296 693 470 759 tergo
494 688 934 760 invaderentur,
956 688 1304 758 dispergere
1333 702 1490 753 sese,
1525 689 1697 755 atque
1734 686 1792 738 in
1815 685 1913 738 de-

245 781 472 832 sertum
515 777 725 847 fugere
760 779 1096 846 coeperunt;
1138 779 1192 830 et
1231 780 1432 830 contra
1464 775 1645 830 Israel
1676 775 1912 846 gemino

244 866 482 938 agmine
503 880 716 936 urgere
739 880 866 932 eos,
888 880 956 916 ac
975 865 1240 934 palantes
1253 864 1554 934 persequi.

316 954 405 1008 13.
454 953 623 1008 Caesa
665 953 858 1023 itaque
883 952 1093 1023 viginti
1128 954 1388 1023 quinque
1426 952 1608 1005 millia
1642 951 1817 1020 (Idid.
1848 951 1916 1004 35

245 1044 418 1115 seq.),
451 1041 511 1095 id
544 1045 655 1109 est,
691 1057 898 1095 omnes
932 1041 1055 1095 fere
1079 1041 1150 1095 de
1173 1041 1320 1094 viris
1351 1040 1677 1111 Benjamin,
1702 1042 1918 1109 praeter

248 1132 592 1197 sexcentos,
624 1131 725 1200 qui
769 1133 1001 1198 arrepto
1038 1144 1306 1198 scrupeas
1331 1129 1498 1198 rupis
1532 1128 1915 1196 munimento,

244 1220 458 1290 partim
489 1219 605 1272 loci
639 1218 878 1289 ingenio
910 1221 965 1270 et
997 1217 1267 1271 subsidio
1299 1220 1541 1284 naturae,
1574 1217 1779 1286 partim
1813 1215 1918 1269 de-

247 1308 585 1378 speratione
620 1306 949 1360 victoribus
978 1306 1190 1359 terreri
1231 1305 1416 1359 fuere.
1453 1305 1600 1358 Nam
1637 1303 1920 1358 secunda)

246 1412 351 1451 res
385 1396 674 1450 cautionis
717 1395 1058 1449 admonent:
1103 1395 1163 1447 in
1194 1393 1467 1447 adversis
1512 1393 1656 1446 ultio
1689 1407 1796 1462 pro
1828 1392 1920 1445 vi-

251 1485 441 1540 ctoria
467 1484 735 1538 habetur.
767 1483 893 1537 Nec
934 1482 1287 1537 feminarum
1316 1496 1604 1535 numerus
1653 1480 1795 1534 tanti
1830 1479 1922 1532 di-

255 1573 559 1630 scriminis
589 1587 804 1626 exsors
837 1571 975 1625 fuit:
1019 1571 1126 1624 sed
1159 1570 1351 1624 omnis
1384 1569 1576 1623 tribus
1609 1567 1921 1638 Benjamin

254 1660 560 1715 muliebris
594 1675 779 1715 sexus
812 1675 945 1713 cum
1001 1659 1204 1728 pueris
1260 1661 1316 1712 et
1371 1657 1606 1728 puellis,
1645 1657 1921 1727 omnique

251 1753 424 1803 astate
457 1748 652 1821 gladio
685 1750 783 1802 aut
812 1747 950 1819 igne
982 1747 1334 1813 exstinctus,
1371 1748 1921 1814 saeramentumque

247 1837 534 1905 additum,
568 1853 640 1891 ne
671 1837 806 1907 quis
837 1836 1029 1889 tribus
1061 1835 1219 1888 illius
1249 1835 1376 1888 viro
1437 1833 1614 1888 tiliam
1638 1849 1830 1904 suam
1861 1833 1920 1886 in

246 1940 502 1980 uxorem
521 1925 704 1993 daret,
730 1940 846 1996 quo
864 1923 1175 1994 reparandi
1196 1923 1454 1978 nominis
1491 1921 1685 1977 omnis
1717 1921 1921 1976 abole-

248 2017 416 2068 retur
446 2013 780 2068 successio.

321 2119 408 2173 14.
430 2118 578 2173 Belli
608 2118 743 2173 finis
766 2118 942 2173 simul
965 2121 1138 2189 atque
1170 2118 1274 2172 irae
1307 2117 1497 2172 factus
1528 2116 1746 2185 (Judic.
1790 2132 1912 2185 XXI,

249 2206 307 2276 2,
350 2205 426 2277 3),
475 2211 532 2262 et
579 2206 747 2261 furor
790 2207 849 2261 in
893 2208 1293 2277 paenitentiam
1350 2206 1558 2260 vertit:
1619 2205 1923 2274 armisque

249 2296 490 2367 positis,
523 2296 582 2349 in
614 2312 794 2350 unum
827 2296 1250 2350 convenientes
1280 2295 1393 2348 viri
1423 2293 1605 2347 Israel
1639 2293 1925 2346 ﬂeverunt

251 2385 457 2438 ﬂetum
489 2400 788 2455 magnum,
823 2387 879 2438 et
912 2381 1619 2453 celebraruntjejunium,
1655 2380 1924 2434 dolentes

249 2489 433 2528 unam
462 2473 676 2527 tribum
699 2474 932 2543 perisse
956 2488 1031 2526 ex
1049 2472 1354 2537 fratribus,
1379 2475 1551 2541 atque
1575 2470 1926 2524 exstinctam

249 2561 459 2633 populi
490 2562 584 2615 sui
616 2561 870 2614 validam
902 2575 1176 2615 manum:
1222 2559 1360 2631 jure
1401 2559 1637 2630 quidem
1679 2573 1785 2627 pro
1818 2556 1925 2610 de—

249 2651 377 2705 lieti
410 2650 598 2720 pretio
630 2650 910 2704 bellatum
949 2649 1266 2704 adversum
1311 2651 1784 2718 propugnatores
1819 2646 1926 2706 ﬂa-

250 2738 558 2811 gitiorum,
593 2739 700 2792 sed
740 2739 959 2793 misere
992 2738 1051 2791 in
1097 2753 1205 2791 sua
1242 2736 1523 2807 populum
1573 2749 1927 2788 conversum

247 2829 493 2882 viscera
541 2825 684 2898 (78),
743 2829 799 2880 et
843 2826 1000 2881 bello
1048 2825 1205 2880 civili
1262 2830 1573 2895 utrumque
1621 2824 1926 2876 afflictum.

249 2916 679 2985 Laerymarum
727 2913 939 2969 effusio
991 2914 1173 2968 movit
1228 2913 1571 2984 passionem
1618 2911 1830 2979 animi,
1875 2912 1931 2963 et

250 3003 532 3058 affectum
579 3003 835 3073 perpulit
885 3001 1025 3070 ('79),
1090 3002 1336 3056 saevitiae
1390 3001 1536 3055 ratio
1590 2999 1926 3054 successit:

2034 601 2232 667 tegras
2266 599 2378 651 aevi
2413 597 2581 668 juxta
2613 614 2680 651 ac
2711 599 2955 667 pudoris
2989 589 3131 652 776
3164 597 3430 668 puellas:
3474 596 3691 667 quibus

2034 690 2090 739 et
2119 701 2297 739 causa
2331 689 2494 740 esset
2524 686 2676 755 apud
2703 671 2864 740 viros
2895 687 3144 756 integra,
3180 685 3335 756 quod
3360 701 3531 739 nemo
3562 700 3696 740 suo.

2032 790 2161 827 rum
2194 773 2510 828 adversum
2543 789 2647 828 eos
2678 773 2897 828 bellum
2929 778 3310 843 susceperat:
3359 777 3415 828 et
3447 773 3695 827 charita-

2033 863 2109 915 tis
2154 863 2374 932 gratia,
2423 863 2558 934 quia
2617 867 2857 932 propter
2903 879 3008 917 eos
3065 878 3342 932 supremo
3401 861 3694 931 supplicio

2035 954 2250 1020 ereptae
2285 951 2494 1005 forent.
2531 951 2658 1005 Hoc
2702 952 2884 1023 igitur
2913 951 3085 1005 modo
3116 950 3564 1022 quadringentis
3590 949 3696 1021 ju-

2033 1039 2286 1093 venibus
2317 1040 2567 1110 quaesita
2597 1041 2937 1109 copularum
2970 1041 3266 1095 consortia
3298 1042 3454 1094 sunt.

2108 1145 2194 1199 16.
2229 1145 2346 1199 Sed
2377 1145 2512 1216 quia
2534 1145 2771 1200 ducenti
2802 1161 3047 1200 numero
3071 1147 3440 1216 supererant,
3479 1144 3698 1216 quibus

2029 1232 2271 1306 jugales
2317 1233 2558 1287 deerant
2611 1233 2789 1303 (Ibid.
2825 1234 2890 1288 16
2922 1235 3090 1306 seq.),
3151 1234 3226 1287 iis
3274 1247 3510 1304 quoque
3568 1234 3699 1286 sine

2036 1321 2242 1376 fraude
2274 1326 2777 1377 sacramentorum
2809 1323 3142 1377 consultum
3170 1323 3530 1391 accepimus.
3557 1321 3699 1375 Dies

2036 1409 2228 1464 festus
2259 1410 2318 1463 in
2350 1409 2471 1464 Silo
2489 1411 2804 1481 quotannis
2828 1411 3257 1466 celebrabatur.
3296 1409 3381 1464 lbi
3402 1409 3700 1464 exsultare

2038 1498 2229 1552 solitae
2258 1499 2547 1570 virgines,
2581 1503 2637 1554 et
2667 1499 2916 1554 choreas
2948 1500 3164 1554 ducere
3194 1499 3255 1553 in
3284 1498 3572 1553 honorem
3600 1513 3700 1552 re-

2038 1586 2308 1656 ligionis:
2335 1588 2467 1641 aliae
2490 1588 2701 1657 praeire
2724 1588 3030 1656 matribus,
3065 1590 3122 1642 et
3153 1590 3338 1642 totum
3367 1588 3480 1641 iter
3509 1587 3701 1659 agmi-

2039 1689 2112 1727 ne
2140 1675 2401 1727 viantum
2425 1676 2660 1744 repleri.
2696 1675 2854 1728 Dixit
2885 1691 3040 1729 unus
3090 1691 3166 1729 ex
3210 1675 3592 1730 senioribus:
3641 1674 3704 1730 Si

2039 1762 2274 1816 ducenti
2307 1763 2390 1815 illi
2428 1763 2621 1816 tribus
2665 1762 2971 1833 Benjamin
3014 1763 3129 1816 viri
3167 1764 3318 1816 intra
3366 1763 3575 1818 vineas
3607 1762 3704 1817 siti

2041 1851 2326 1904 excubias
2356 1851 2684 1920 tenderent,
2716 1851 2906 1905 donec
2938 1867 3004 1904 se
3037 1851 3229 1905 omnis
3253 1850 3506 1906 feminea
3533 1851 3707 1906 turba

2040 1938 2388 2007 eﬂ‘underet,
2422 1943 2478 1994 et
2533 1942 2853 2010 surgentes
2912 1954 2987 1993 ex
3043 1940 3235 1994 vineis
3289 1939 3706 2010 unusquisque

2040 2044 2216 2098 quam
2262 2043 2553 2082 occursus
2602 2028 2848 2096 dederit,
2899 2044 3147 2082 uxorem
3193 2028 3310 2082 sibi
3356 2028 3704 2098 vindicaret,

2041 2115 2233 2170 fraudi
2265 2117 2322 2170 id
2352 2132 2721 2187 nequaquam
2755 2116 3045 2185 futurum;
3077 2116 3357 2186 populum
3388 2115 3601 2170 etenim
3623 2115 3708 2170 fa-

2041 2220 2182 2259 vere
2223 2205 2568 2274 reparandae
2612 2205 2807 2259 tribus
2853 2205 3265 2273 successioni,
3325 2207 3564 2274 prepter
3612 2219 3708 2258 sa-

2045 2297 2406 2348 cramentum
2438 2295 2736 2362 impertire
2767 2309 2884 2347 non
2940 2307 3123 2362 posse
3181 2292 3434 2346 filiarum
3466 2307 3709 2346 suarum

2046 2383 2389 2437 societatem
2415 2399 2427 2437 :
2461 2397 2651 2452 neque
2682 2385 2875 2436 tamen
2919 2385 3121 2436 contra
3152 2384 3586 2435 sacramentum
3614 2380 3708 2434 vi-

2043 2472 2189 2538 deri,
2224 2471 2277 2525 si
2325 2470 2757 2540 prohibendum
2814 2486 2932 2525 non
2989 2472 3257 2540 putaret;
3319 2469 3456 2540 quia
3507 2485 3704 2523 sacra.

2042 2564 2242 2614 mento
2275 2576 2468 2630 neque
2499 2559 2773 2630 cogendi,
2794 2574 2984 2629 neque
3001 2557 3353 2628 prohibendi
3375 2559 3708 2612 necessitas

2042 2649 2317 2720 imposita
2346 2649 2647 2702 videretur
2672 2664 2684 2702 :
2719 2648 2855 2702 illos
2887 2648 3002 2701 sibi
3033 2648 3163 2701 sine
3207 2649 3363 2701 metu
3394 2646 3710 2701 consulere

2044 2743 2334 2808 oportere.
2368 2737 2520 2792 Sane
2552 2737 2602 2791 si
2633 2736 2961 2806 puellarum
2982 2738 3257 2806 parentes
3275 2735 3592 2789 vindictam
3625 2734 3710 2789 ef-

2045 2827 2395 2899 ﬂagitarent,
2429 2827 2641 2896 partim
2671 2840 2865 2895 prece,
2887 2826 3098 2895 partim
3116 2825 3288 2878 etiam
3310 2823 3709 2895 retorquendo

2046 2916 2105 2970 in
2155 2917 2322 2986 ipsos
2361 2915 2561 2968 invitae
2611 2914 2843 2984 culpam
2892 2914 3178 2968 custodiae
3223 2913 3365 2983 (82),
3426 2927 3564 2967 sese
3611 2927 3710 2966 re-

2046 3009 2386 3072 vocaturos,
2421 3004 2558 3075 quia
2589 3019 2720 3057 cum
2739 3003 2958 3056 scirent
2981 3001 3286 3072 Benjamin
3307 3001 3472 3055 viros
3495 3015 3710 3055 exsor-

250 3093 551 3162 missique
582 3091 762 3162 legati
792 3091 865 3144 ad
897 3094 1217 3145 sexcentos
1248 3090 1384 3144 illos
1407 3089 1720 3159 Benjamin
1742 3088 1926 3155 viros,
1970 3091 2022 3153 C
2051 3099 2140 3148 tes
2171 3109 2308 3146 esse
2333 3092 2648 3164 jugalium,
2683 3108 2814 3145 cum
2864 3090 3099 3144 filiabus
3142 3089 3580 3160 processerint:
3618 3088 3710 3142 di-

249 3179 485 3252 quiper
503 3185 753 3251 quatuor
783 3194 1026 3232 menses
1058 3178 1212 3232 edito
1245 3193 1310 3231 se
1340 3180 1768 3247 praeruptarum
1798 3179 1929 3228 tue-

247 3269 477 3323 bantur
505 3268 757 3336 rupium,
792 3270 890 3320 aut
922 3267 1142 3321 deserti
1177 3266 1521 3337 indigentia,
1561 3281 1692 3334 quae
1733 3263 1930 3317 multi-

250 3357 452 3412 tudini
483 3355 879 3410 obsidentium
936 3353 1201 3424 periculo
1261 3353 1431 3422 foret,
1477 3352 1932 3422 deploraverunt

254 3459 636 3500 communem
666 3443 825 3496 illam
858 3459 1200 3511 aerumnam,
1234 3441 1388 3512 quod
1420 3441 1503 3494 illi
1544 3439 1928 3506 contribules,

249 3534 362 3588 isti
395 3536 680 3604 cognatos
713 3535 770 3586 et
800 3531 1003 3586 socios
1033 3530 1397 3599 amisissent,
1447 3529 1555 3582 sed
1589 3532 1782 3582 tamen
1812 3543 1931 3582 non

249 3621 498 3694 penitus
537 3620 920 3689 interceptam
964 3619 1307 3688 reparandae
1354 3617 1544 3670 tribus
1585 3616 1932 3670 successio-

252 3724 426 3766 nem:
463 3707 778 3763 consulere
813 3723 878 3762 se
912 3709 971 3760 in
1003 3707 1258 3760 medium
1287 3705 1581 3776 quomodo
1628 3708 1684 3758 et
1726 3720 1931 3758 saera-

254 3799 443 3854 menti
473 3797 621 3851 ﬁdes
652 3796 770 3851 sibi
800 3799 1050 3864 constet,
1084 3797 1140 3848 et
1170 3793 1360 3848 tribus
1409 3810 1524 3848 una
1557 3808 1929 3864 nequaquam

251 3903 290 3942 a
326 3901 577 3956 corpore
607 3884 816 3939 avulsa
855 3883 1183 3938 intercidat.
1683 3901 1688 3904 -

334 3993 425 4047 15.
464 3992 648 4046 Altari
677 3992 872 4062 itaque
903 3990 1119 4060 positio
1151 3989 1355 4059 (Ibid.,
1385 3989 1420 4043 4
1451 3989 1626 4061 seq.).
1667 3987 1933 4043 renonci-

252 4081 525 4137 liationis
543 4083 601 4134 et
625 4081 791 4150 pacis
823 4079 1080 4132 oblatum
1104 4078 1483 4132 sacrificium.
1511 4077 1582 4130 Et
1603 4077 1738 4147 quia
1764 4075 1932 4130 Jabis

254 4169 483 4227 Galaad
514 4169 768 4239 populus
803 4170 927 4222 erat
953 4182 1145 4237 paenae
1185 4169 1241 4220 et
1287 4165 1598 4220 maledicto
1637 4165 1932 4219 obnoxius

258 4257 695 4327 (obstrinxerat
725 4257 881 4310 enim
905 4271 971 4309 se
1003 4256 1197 4310 omnis
1235 4255 1417 4308 Israel
1464 4269 1679 4326 magno
1729 4268 1933 4307 sacra-

259 4349 488 4414 mento,
524 4348 588 4399 ut
618 4345 673 4400 si
701 4346 837 4416 quis
866 4361 985 4399 non
1015 4343 1390 4399 ascendisset
1436 4358 1569 4396 cum
1615 4357 1686 4396 eo
1720 4342 1791 4395 ad
1823 4358 1934 4411 pu-

257 4435 550 4491 niendum
599 4433 904 4505 ﬂagitium,
965 4435 1152 4486 morte
1203 4431 1572 4499 moreretur),
1625 4430 1934 4484 duodecim

259 4523 449 4578 millia
493 4521 844 4576 bellatorum
891 4521 1003 4590 (80)
1065 4519 1317 4588 directa;
1359 4523 1421 4573 ut
1472 4522 1526 4573 et
1575 4517 1686 4572 viri
1728 4533 1933 4572 omnes

258 4615 321 4667 et
373 4611 656 4664 mulieres
706 4609 864 4663 ferro
916 4608 1474 4679 exstinguerentur,
1539 4607 1700 4660 solas
1745 4606 1936 4659 virilis

262 4699 426 4756 thori
459 4702 737 4754 exsortes
778 4699 1159 4751 reservarent
1207 4694 1707 4749 adolescentulas.
1749 4695 1935 4747 Inter—

263 4787 447 4842 fectis
492 4787 685 4857 itaque
705 4786 981 4840 omnibus
1019 4784 1185 4839 Jabis
1222 4783 1454 4849 Galaad,
1490 4783 1634 4836 solae
1671 4783 1937 4851 virgines

264 4877 724 4948 quadringentae
757 4874 867 4942 (81)
900 4874 1078 4927 exitio
1110 4876 1460 4926 caaterorum
1495 4870 1934 4940 superfuerunt.

264 4965 432 5032 Quas
463 4964 764 5033 accipiens
782 4961 987 5030 Israel,
1021 4962 1222 5015 statuit
1252 4961 1415 5014 viros
1463 4959 1770 5030 Benjamin
1801 4957 1938 5011 belli

344 5106 455 5175 (78)
494 5128 515 5152 ιι
554 5105 617 5158 In
652 5120 760 5158 sua
790 5103 1067 5173 populum
1104 5117 1458 5175 conversum
1501 5100 1752 5168 viscera,
1808 5123 1838 5175 τιΔ
1881 5098 1940 5152 id

269 5170 390 5242 est,
416 5176 694 5246 populum
729 5170 1082 5229 conversum
1107 5173 1165 5226 in
1191 5178 1433 5246 suamet
1464 5178 1731 5246 cognalaa
1751 5170 1940 5246 tribus

266 5242 620 5320 perniciem:
649 5246 967 5320 Estautem
1006 5246 1252 5298 imitatio
1284 5244 1444 5298 illius
1481 5242 1558 5298 ex
1589 5243 1691 5297 lib.
1718 5259 1734 5295 ι
1758 5242 1941 5295 Luca-

269 5315 336 5375 iii
367 5318 456 5373 De
488 5317 645 5372 bello
677 5315 1000 5372 Pbarsal.:
1041 5372 1058 5377 _

967 5438 1400 5500 ...Populumquc
1435 5443 1696 5499 potentem

371 5506 430 5554 In
462 5519 557 5555 sua
586 5503 760 5553 vitrici
809 5515 1126 5552 conversum
1156 5501 1364 5549 viscera
1405 5501 1605 5550 dextra.

345 5621 460 5696 (79)
491 5620 666 5694 Edit.,
706 5641 729 5674 ι
772 5618 1046 5679 aﬂ'ectum
1073 5615 1344 5692 perculit.
1379 5639 1403 5668 ››

1963 4394 2018 4456 D

2048 3199 2227 3254 gnam
2249 3197 2392 3235 sane
2415 3181 2628 3234 tribum
2645 3179 2768 3250 jam
2785 3196 2902 3233 non
2919 3195 3111 3248 pmna,
3139 3179 3245 3232 sed
3270 3176 3706 3231 misericordia:

2048 3272 2196 3324 satis
2229 3271 2373 3324 dure
2398 3269 2670 3323 saevitum
2701 3269 2759 3321 in
2794 3283 2920 3335 eos,
2955 3271 3011 3321 et
3059 3266 3407 3320 debellatam
3439 3265 3710 3334 corporis

2048 3361 2142 3412 sui
2198 3363 2453 3428 partem:
2515 3356 2958 3411 immoderatius
3009 3355 3314 3408 exarsisse
3363 3353 3614 3422 plebem,
3647 3356 3712 3406 ut

2048 3449 2497 3502 successionem
2530 3446 2911 3500 demestieam
2955 3445 3381 3514 exstingueret,
3431 3445 3604 3511 atque
3636 3455 3711 3495 ex

2048 3536 2177 3590 suis
2200 3539 2464 3589 necaret:
2491 3535 2724 3604 placere
2749 3535 2868 3587 Deo
2883 3548 3000 3586 non
3022 3532 3214 3601 perire
3236 3529 3452 3600 populo
3469 3529 3708 3598 tribum,

2048 3641 2240 3695 neque
2271 3640 2376 3695 pro
2410 3624 2799 3678 unamuliere
2830 3625 2946 3675 tam
2978 3621 3190 3674 acerbe
3224 3619 3475 3673 consuli.

2123 3733 2208 3787 l7.
2243 3731 2647 3786 Probaverunt
2685 3729 3000 3782 consilium
3039 3726 3322 3780 Israelita:
3371 3724 3548 3794 (Ibid.
3581 3724 3710 3794 23);

2049 3821 2317 3891 exsecuti
2349 3823 2488 3874 sunt
2515 3818 2629 3871 viri
2655 3817 2985 3888 Benjamin,
3012 3819 3069 3870 et
3107 3815 3381 3884 dispositi
3411 3815 3472 3867 in
3517 3813 3711 3867 vineis

2048 3912 2180 3966 loco
2213 3914 2542 3980 opportuno
2575 3911 2631 3962 et
2663 3911 2945 3976 tempore,
2978 3905 3186 3974 plenas
3243 3903 3478 3958 feminei
3519 3901 3712 3972 agmi-

2049 4003 2143 4055 nis
2175 4000 2302 4053 vias
2335 3999 2754 4067 ocupaverunt.
2792 3994 3049 4048 Praebuit
3079 3992 3197 4046 illis
3241 3992 3456 4046 festum
3486 3991 3712 4060 nuptia-

2049 4106 2177 4144 rum
2196 4087 2508 4159 religionis
2537 4084 2904 4140 solemnitas.
2926 4082 3171 4136 Avulsae
3195 4082 3265 4135 de
3286 4079 3598 4150 complexu
3619 4094 3714 4148 pa-

2048 4182 2202 4233 trum
2233 4177 2391 4244 filiae,
2421 4179 2697 4246 tanquam
2727 4174 2787 4227 in
2814 4188 3050 4226 manum
3081 4171 3154 4224 ab
3186 4169 3337 4240 ipsis
3367 4167 3712 4238 parentibus

2049 4267 2449 4333 tradebantur,
2483 4268 2539 4317 et
2567 4264 2728 4318 velut
2755 4265 2983 4332 pectam
3013 4276 3044 4314 c
3094 4258 3319 4330 gremio
3360 4256 3562 4310 matris
3595 4270 3712 4309 non

2050 4355 2283 4423 abduci,
2320 4353 2426 4407 sed
2455 4352 2692 4422 prodire
2724 4348 3118 4404 arbitrareris.
3157 4348 3240 4400 Ita
3271 4345 3462 4398 tribus
3492 4341 3712 4412 Benja-

2052 4447 2170 4498 min
2203 4459 2349 4514 pene
2382 4442 2702 4509 intercepta
2733 4441 2906 4508 atque
2946 4435 3234 4490 exstincta
3278 4432 3446 4486 brevi
3494 4431 3710 4498 ﬂoruit,

2053 4535 2467 4588 documentum
2500 4528 2814 4595 exhibens,
2848 4525 3006 4596 quod
3037 4537 3250 4593 magno
3301 4519 3480 4573 exitio
3520 4518 3597 4570 sit
3627 4517 3714 4570 in-

2053 4621 2388 4676 solentibus
2435 4617 2693 4672 vindicta
2737 4613 3054 4685 pudicitiae,
3107 4614 3162 4664 et
3218 4609 3381 4663 laesae
3424 4606 3714 4683 castitatis

2050 4710 2214 4766 ultio.

2126 4799 2209 4852 18.
2245 4797 2370 4851 Nec
2404 4795 2516 4849 hoc
2549 4793 2677 4847 solo
2709 4791 2859 4859 loco,
2897 4789 3002 4844 sed
3060 4789 3361 4860 plerisque
3409 4783 3714 4854 Scriptura

2051 4887 2165 4940 hoc
2197 4887 2387 4939 docet.
2423 4883 2570 4937 Nam
2601 4885 2656 4935 et
2685 4882 2746 4934 in
2803 4880 3018 4934 Genesi
3078 4879 3334 4950 legimus
3389 4874 3715 4930 exercitum

2053 4971 2486 5046 quaestionibus
2511 4970 2622 5038 (83)
2646 4985 2847 5040 regem
2879 4968 3125 5039 ZEgypti
3153 4967 3384 5021 Pharao
3423 4962 3581 5036 quod
3611 4962 3715 5017 Sa-

2124 5117 2237 5182 (80)
2260 5114 2405 5167 Mss.
2425 5114 2667 5182 aliquot,
2696 5132 2718 5160 α
2745 5110 2952 5182 viginti
2969 5110 3082 5163 duo
3106 5109 3281 5162 millia
3297 5107 3665 5182 bellatorum.
3687 5126 3709 5151 ο

2127 5177 2242 5255 (81)
2273 5185 2414 5238 Cod.
2455 5177 2628 5254 Reg.,
2653 5177 2688 5231 ’σι
2733 5177 3002 5253 νίιῖείηθε
3041 5185 3434 5234 trecentae.....
3460 5177 3714 5249 quadra-

2059 5259 2255 5330 genlis
2273 5255 2629 5330 juvenibus.
2667 5276 2688 5300 ιι

2129 5329 2241 5397 (82)
2273 5328 2352 5379 Ita
2385 5341 2530 5378 mss.
2563 5323 2848 5397 nonnulli,
2885 5327 2942 5397 et
2984 5325 3098 5397 vet.
3133 5323 3308 5392 edit.;
3372 5323 3540 5397 Rom.
3573 5332 3713 5397 vero

2061 5391 2259 5464 sola,'¢
2285 5399 2341 5449 in
2378 5397 2544 5465 ipsos
2568 5397 2624 5448 in
2649 5395 2950 5465 diligentis
2997 5395 3227 5465 culpam
3275 5391 3572 5448 eustodia:
3603 5411 3624 5434 »
3661 5391 3717 5439 at

2059 5474 2119 5525 in
2151 5468 2422 5539 pluribus
2455 5483 2601 5521 mss.
2634 5467 2732 5539 hic
2764 5467 2908 5539 nihil
2928 5469 3078 5521 sani.

2132 5525 2244 5610 (83)
2294 5537 2750 5610 ραεεειὶοηὶὺιιε,
2799 5538 2858 5593 h.
2911 5553 2987 5610 e.,
3034 5535 3342 5592 tormentis
3385 5533 3441 5586 et
3494 5525 3717 5584 doloris

2063 5609 2444 5672 cruciatibus.
