3942 6168
399 294 517 367 943

1863 280 1928 344 S.
1974 275 2415 343 AMBROSII.

3659 280 3757 345 9M

401 491 527 532 ram
559 471 1016 537 attentavisset;
1050 471 1104 521 et
1133 470 1327 520 tamen
1358 465 1608 520 alienam
1661 478 1799 519 esse
1829 477 2075 518 uxorem
2097 463 2155 527 Ᾱ
2261 460 2313 514 2.
2339 458 2446 514 Est
2462 460 2653 513 autem
2676 456 2978 512 dimidium
3010 455 3349 525 didrachmi,
3382 456 3656 528 drachma;
3684 476 3764 516 re-

410 562 714 618 nesciebat
757 559 923 626 (Gen.
960 574 1063 624 xu,
1097 555 1206 624 Π).

492 650 579 705 19.
616 648 916 719 Estigitur
938 646 1185 701 Domino
1222 642 1509 697 castitatis
1528 641 1758 697 tuendae
1779 639 2075 708 voluntas,

408 740 627 811 quanto
658 736 851 807 magis
884 737 975 789 est
1018 732 1402 787 defensandae
1459 729 1861 801 integritatis?
1907 727 2075 781 Unde

404 827 563 881 nulla
587 825 762 879 debet
783 822 1117 893 virginibus
1142 821 1331 875 sacris
1352 819 1600 890 irrogari
1640 816 1887 887 injuria;
1937 830 2077 885 quae

408 916 564 969 enim
594 929 713 967 non
746 912 990 979 nubunt,
1026 913 1081 965 et
1111 910 1209 981 qui
1252 923 1471 963 uxores
1516 922 1633 960 non
1683 906 1922 968 ducunt,
1974 904 2080 956 ha-

405 1003 624 1057 bentur
655 1002 811 1055 sicut
841 999 1034 1071 angeli
1070 999 1171 1052 Dei
1205 997 1265 1050 in
1322 996 1471 1050 caelo
1530 996 1694 1063 (Luc.
1732 1011 1833 1062 xx,
1866 992 1976 1061 36).
2011 991 2081 1044 Et

404 1092 537 1145 ideo
561 1088 1007 1159 cmlestigratiae
1026 1087 1143 1141 non
1179 1084 1505 1139 inferamus
1548 1081 1913 1151 corporalem
1937 1095 2074 1133 con-

410 1178 749 1247 tumeliam;
810 1176 1087 1246 quoniam
1145 1178 1358 1243 potens
1398 1175 1490 1225 est
1545 1172 1724 1238 Deus,
1767 1186 1940 1240 quem
1970 1184 2081 1222 nec

408 1265 818 1337 praevaricatio
877 1267 1221 1333 praetereat,
1286 1267 1341 1317 et
1396 1264 1627 1315 moveat
1684 1258 1910 1328 accepti
1966 1256 2083 1310 sibi

411 1354 676 1409 muneris
706 1357 762 1407 et
791 1355 1155 1406 consecratae
1201 1350 1560 1421 virginitatis
1594 1349 1739 1410 777
1783 1346 1995 1400 acerba
2026 1347 2084 1399 et

408 1442 614 1513 gravis
646 1440 1015 1495 contumelia.
1052 1438 1215 1509 Vale,
1249 1437 1448 1508 frater,
1483 1440 1539 1491 et
1560 1451 1670 1491 nos
1694 1434 1910 1506 dilige;
1944 1433 2082 1504 quia

411 1546 523 1586 nos
554 1533 610 1585 te
654 1529 982 1601 diligimus.

911 1631 1283 1688 EPISTOLA
1313 1631 1414 1686 VII
1446 1629 1582 1699 (84).

414 1741 597 1798 Jusro
622 1740 966 1796 sciscitanti
975 1808 986 1810 Α
996 1738 1275 1810 quidnam
1305 1736 1643 1810 didrachmi
1663 1734 1969 1810 dimidium
1980 1749 2093 1810 pro

487 1813 899 1883 redemptione
917 1806 1133 1883 aiferri
1147 1814 1509 1883 praeceptum
1523 1806 1945 1883 significasset,
1965 1808 2090 1883 Au:-

487 1876 733 1937 Bnosms
766 1881 1057 1935 rescribit
1078 1876 1251 1933 [idem
1268 1876 1859 1939 ac'misericordiam,
1888 1878 1948 1929 in
1968 1876 2092 1947 qui-

488 1954 603 2007 bus
614 1952 950 2021 redemptio
964 1958 1074 2017 est,
1095 1965 1164 2003 eo
1180 1949 1445 2021 signari;
1469 1950 1579 2002 hac
1595 1949 1669 2003 de
1682 1964 1750 2001 re
1772 1948 1927 2002 idem
1946 1962 2090 2017 pre-

494 2025 637 2078 tium
667 2020 898 2076 cunctis
942 2022 1381 2091 praescriptum,
1412 2020 1474 2072 in
1524 2035 1633 2091 quo
1662 2034 1807 2091 cum
1856 2033 2088 2091 manna,

491 2094 655 2165 cuius
676 2088 957 2145 mensura
990 2092 1064 2144 de
1096 2088 1390 2165 sapientia
1424 2094 1482 2143 ct
1521 2088 1755 2165 Christi
1804 2088 2093 2159 sanguine

494 2160 848 2234 explicatur,
906 2163 1217 2234 congruit:
1284 2160 1555 2234 congruit
1606 2168 1906 2234 praeterea
1966 2174 2093 2212 cum

487 2230 763 2307 paschali
796 2248 965 2307 agno,
1002 2230 1100 2307 Qui
1132 2231 1445 2307 aequaliter
1488 2230 1859 2307 distributus
1895 2245 2094 2300 aequa-

497 2300 613 2358 iem
645 2300 904 2374 singulis
920 2300 1603 2374 redemptionem_tribui
1619 2300 1957 2374 indicabat:
1987 2315 2096 2371 quo

502 2375 680 2429 etiam
704 2372 1281 2443 referturpromissa
1303 2372 1365 2424 in
1378 2372 1432 2424 E
1442 2372 1713 2441 range/io
1729 2372 1931 2443 eadem
1948 2386 2098 2443 mer-

504 2460 625 2500 ces.
646 2444 759 2498 His
772 2443 974 2497 subdit
986 2442 1293 2497 Christum
1310 2449 1572 2496 nostram
1592 2457 1726 2495 esse
1740 2442 2096 2512 redemptio-

504 2531 659 2583 nem,
681 2530 789 2586 qua
808 2530 933 2567 cum
944 2529 1057 2584 pro
1081 2529 1149 2566 se
1193 2528 1309 2586 non
1331 2583 1339 2586 _
1358 2512 1643 2586 indigeat,
1671 2518 1959 2586 staterem
1984 2527 2094 2566 non

502 2583 744 2663 sua,sé_d
757 2583 960 2663 nostra
974 2598 1147 2637 causa
1160 2583 1754 2663 Δ(13νίιιεείεξεο.()ιιιά
1767 2583 1967 2663 eodem
1982 2589 2097 2663 sta:

503 2662 637 2709 tere
658 2654 1055 2725 signiﬁcetur,
1071 2659 1168 2707 aut
1184 2670 1291 2706 cur
1302 2652 1465 2707 illum
1479 2654 1686 2725 ignora
1697 2654 1893 2725 verint
1906 2652 2100 2725 Judaei

504 2741 537 2780 a
559 2723 927 2780 Christianis
939 2725 1096 2795 haud
1116 2725 1408 2778 imitandi.
1431 2724 1659 2795 Adjicit
1680 2724 1986 2778 dimidium
2009 2723 2097 2777 di-

504 2795 777 2851 drachmi
811 2810 1008 2849 eorum
1048 2794 1292 2865 ﬁguram
1332 2794 1651 2865 essepqui
1691 2796 1827 2849 vitae
1862 2801 2096 2865 partem

503 2866 718 2919 mundo
763 2865 1146 2936 impendunt:
1181 2865 1330 2936 quod
1379 2882 1490 2919 non
1529 2864 1805 2936 {iecerunt
1852 2864 2100 2936 Hebraei

498 2937 696 3009 pueri.
718 2934 986 3009 Denique
1005 2936 1105 3009 ubi
1126 2934 1619 3009 eiposuit,_quare
1640 2935 1923 3009 Dominus
1949 2934 2099 3009 quod

507 3005 1213 3079 nondebebat,’solverit,
1248 3005 1500 3079 mystica
1534 3006 1793 3079 quaedam
1829 3005 2098 3061 enucleat

507 3078 584 3134 ad
604 3077 1017 3132 instituendos
1036 3093 1235 3132 mores
1263 3077 1491 3132 idonea.

756 3184 1099 3237 Ausnosws
1137 3182 1320 3236 Jus'ro
1360 3182 1609 3236 salutem
1646 3181 1776 3252 (85).

505 3291 557 3344 1.
591 3289 845 3344 Pulchre
900 3289 1205 3358 admones,
1262 3287 1463 3357 frater,
1526 3291 1589 3341 ut
1642 3287 1991 3357 epistolares
2022 3286 2102 3341 fa-

439 3378 633 3447 bulas,
659 3380 717 3431 et
741 3392 1078 3431 sermonem
1101 3376 1437 3430 absentium
1459 3375 1531 3428 ad
1562 3376 2101 3445 interpretationem

437 3466 815 3521 conferamus
845 3465 1069 3520 oraculi
1102 3464 1386 3534 caelestis,
1418 3464 1797 3535 interrogans
1837 3480 1929 3518 me
1961 3464 2101 3534 quid

436 3555 736 3627 significet
768 3554 908 3608 illud
941 3553 1349 3607 didrachmum
1389 3551 1524 3623 (86),
1574 3552 1749 3623 cujus
1797 3552 2102 3607 dimidium

436 3643 731 3697 Hebraeus
761 3642 1105 3712 prmcipitur
1132 3640 1345 3695 offerre
1375 3655 1483 3710 pro
1527 3641 1926 3711 redemptione
1970 3641 2101 3695 ani-

436 3747 548 3785 mae
576 3747 703 3786 suae
738 3730 946 3791 (Exod.
982 3747 1127 3797 xxx,
1162 3728 1364 3800 12-15).
1412 3727 1566 3793 Quid
1615 3732 1771 3784 enim
1809 3734 1924 3783 tam
1955 3744 2100 3784 con-

439 3818 746 3888 sociabile,
785 3833 960 3888 quam
991 3818 1063 3872 de
1100 3817 1323 3872 divinis
1357 3817 1544 3872 rebus
1584 3833 1919 3873 sermonem
1961 3833 2101 3872 con-

436 3908 639 3961 texere
657 3908 686 3960 ?

513 4045 624 4115 (84)
659 4044 889 4115 Scripta
919 4047 1052 4100 ante
1081 4062 1216 4102 ann.
1251 4046 1375 4101 381.

512 4117 626 4189 (85)
656 4116 953 4189 Ita_mss.;
1003 4118 1245 4189 atiedit.
1279 4116 1499 4171 nomini
1550 4118 1719 4172 Justo
1757 4116 1903 4172 nihil
1932 4117 2104 4189 plane

445 4186 686 4242 addunt.
722 4187 927 4259 iSolent
955 4188 1189 4259 quidem
1237 4188 1632 4259 Augustinus,
1685 4186 2103 4259 Hieronymus,

442 4258 564 4313 Leo
596 4261 654 4312 et
683 4258 783 4311 alii
812 4258 972 4311 illius
1014 4258 1087 4311 ad
1131 4274 1303 4328 quem
1344 4258 1641 4325 scribunt,
1676 4276 1890 4313 nomen
1920 4258 2107 4313 etiam

440 4329 608 4384 titulo
630 4329 932 4399 dignitatis
954 4334 1053 4382 aut
1084 4329 1482 4398 professionis
1514 4329 1823 4384 decorare:
1850 4331 2106 4384 Ambro-

443 4401 572 4454 sius
588 4416 730 4453 vero
755 4399 1098 4471 hujusmodi
1117 4400 1302 4452 titulis
1326 4400 1441 4471 nisi
1470 4399 1529 4452 in
1557 4400 1629 4471 iis
1658 4400 1948 4469 epistolis,
1972 4417 2109 4471 quae

442 4471 591 4525 datae
626 4473 764 4524 sunt
801 4471 873 4523 ad
905 4470 1312 4539 imperatores,
1349 4469 1471 4523 fere
1520 4469 1794 4524 abstinet.
1846 4469 2008 4524 Hinc
2045 4473 2108 4525 fit

439 4541 819 4595 utdifficilius
853 4555 958 4594 eos
987 4528 1207 4610 quibus
1241 4528 1443 4595 missae
1458 4544 1613 4612 sunt,
1637 4556 2106 4612 cognoscamus;
2137 4528 2191 4588 D

442 4612 561 4666 nisi
594 4613 734 4681 quid
793 4611 854 4664 in
910 4612 1042 4680 ipso
1100 4615 1376 4665 contextu
1432 4611 1567 4665 illos
1624 4611 1861 4666 indicet.
1920 4612 2107 4666 Porro

442 4686 836 4761 praeterquam
866 4682 1023 4761 quod
1059 4681 1526 4761 familiaritatem!
1566 4683 1875 4761 quamdam
1903 4684 2110 4761 _spirat

441 4756 562 4822 tota
594 4752 776 4822 hujus
811 4754 1023 4822 series,
1059 4752 1155 4805 hic
1211 4753 1340 4821 ipse
1400 4752 1608 4805 Justus
1659 4753 1733 4805 ab
1789 4753 2107 4807 Ambrosio

444 4821 647 4893 frater
672 4827 951 4890 vocatur;
985 4838 1100 4892 quo
1132 4822 1423 4876 vocabulo
1456 4838 1586 4877 cum
1645 4823 1782 4876 olim
1816 4824 2109 4893 .episcopi

444 4906 579 4963 raro
600 4892 749 4945 alios
765 4894 1167 4962 dignarentur,
1194 4910 1367 4963 quam
1400 4894 1740 4963 episcopos,
1775 4892 1910 4947 hinc
1941 4892 2104 4946 illum

444 4962 650 5015 eadem
691 4963 972 5033 dignitate
1024 4962 1332 5033 praeditum
1384 4964 1575 5017 fuisse
1612 4962 1923 5034 conjicere
1971 4969 2099 5018 est:

446 5048 579 5086 cum
611 5035 804 5104 autem
836 5050 904 5086 eo
938 5039 1197 5103 tempore
1229 5038 1472 5087 sanctus
1509 5036 1738 5103 Justus,
1773 5035 1947 5104 cujus
1978 5051 2104 5088 me-

443 5104 612 5177 minit
634 5120 689 5177 11'
721 5103 870 5177 Non.
918 5104 1095 5177 Sept._
1119 5106 1301 5177 Rom.
1325 5105 1827 5176 Martyrologium,
1852 5103 2106 5177 Lugdu-

442 5174 615 5229 nensi
636 5174 921 5246 Ecclesiae
946 5175 1266 5244 praefuerit,
1290 5176 1562 5245 idemque
1581 5174 2107 5246 Aquileiensicon-

444 5246 579 5299 cilio
615 5245 959 5309 interfuerit,
993 5246 1170 5299 dubio
1202 5247 1405 5315 procul
1438 5249 1510 5300 ab
1546 5245 1860 5301 Ambrosio
1893 5247 2103 5315 hujus-

444 5332 511 5372 ce
534 5316 768 5371 concilii
799 5321 1037 5370 auctore
1071 5320 1368 5386 praecipuo
1429 5318 1727 5385 invitatus,
1785 5334 1904 5372 non
1949 5319 2102 5372 alius

440 5388 619 5443 nobis
651 5387 860 5440 Justus
895 5389 1171 5457 occurrit,
1206 5389 1300 5442 cui
1335 5388 1560 5458 justius
1604 5389 1894 5443 destinata
1939 5389 2103 5443 dica-

440 5463 538 5514 tur
568 5459 696 5513 haec
728 5459 995 5528 epistola.

513 5531 619 5599 (86)
635 5530 1057 5584 Didrachmum
1070 5529 1226 5599 apud
1241 5528 1530 5583 Hebraeos
1544 5529 1803 5599 pondere
1816 5530 1971 5585 idem
1986 5532 2111 5585 erat

440 5617 510 5655 ac
525 5600 733 5656 siclus.
751 5601 951 5671 Itaque
970 5604 1031 5655 ut
1050 5600 1273 5671 duplex
1283 5600 1470 5653 siclus
1492 5600 1620 5667 fuit,
1637 5600 1789 5655 alius
1801 5600 2107 5671 profanus,

445 5672 547 5755 qui
578 5671 725 5730 duas
755 5670 1074 5729 dra’chinas
1105 5670 1216 5730 seu
1246 5670 1451 5728 decem
1484 5671 1695 5730 obolos
1735 5670 2109 5747 continebat;

2188 549 2443 618 demptio
2474 550 2666 602 autem
2690 546 2921 605 animae.
2957 546 3105 600 fides
3130 561 3142 599 :
3188 544 3332 599 ﬁdes
3359 560 3488 617 ergo
3515 546 3765 619 drachma,

2188 653 2360 709 quam
2385 637 2481 691 illa
2505 636 2714 690 mulier
2736 637 2791 689 in
2815 634 3159 705 Evangelio,
3186 638 3247 687 ut
3267 633 3517 705 legimus,
3537 638 3766 692 amissam

2191 726 2505 797 diligenter
2515 725 2781 796 requirit,
2796 723 3095 778 lucernam
3115 723 3452 790 accendens,
3468 727 3520 777 et
3534 725 3773 779 mundana

2192 814 2427 868 domum
2482 829 2688 868 suam:
2746 815 2801 867 et
2840 812 2892 866 si
2945 812 3253 880 invenerit,
3296 815 3555 865 convocat
3595 813 3773 867 amicas

2192 906 2248 957 et
2286 903 2534 970 vicinas,
2568 906 2775 972 petens
2807 899 3204 972 contragulari
3262 915 3359 953 eas
3410 915 3613 967 secum,
3655 901 3778 970 quod

2191 991 2481 1045 invenerit
2511 990 2849 1044 drachmam
2876 1005 3049 1060 quam
3095 987 3419 1058 perdiderat
3457 988 3602 1057 (Luc.
3631 1004 3714 1055 xv,
3737 987 3776 1057 8,

2191 1079 2267 1149 9).
2307 1079 2583 1150 Magnum
2613 1078 2769 1132 enim
2807 1077 3083 1131 damnum
3125 1076 3355 1145 animm,
3395 1075 3446 1130 si
3498 1078 3620 1145 quis
3645 1075 3782 1129 ﬁdem

2195 1167 2478 1235 amiserit,
2511 1165 2603 1220 vel
2634 1165 2903 1238 gratiam,
2952 1181 3127 1237 quam
3172 1164 3305 1218 ﬁdei
3352 1163 3527 1233 pretio
3572 1163 3783 1234 acquisi-

2194 1256 2277 1309 vit
2300 1255 2436 1309 sibi.
2459 1254 2527 1308 Et
2548 1258 2609 1309 tu
2629 1270 2774 1325 ergo
2815 1254 3073 1308 accende
3113 1252 3608 1307 lucernamtuam:
3644 1273 3663 1298 ι
3700 1251 3785 1305 Ln-

2198 1359 2376 1398 cerna
2405 1346 2501 1397 tua
2534 1342 2744 1397 oculus
2791 1349 2929 1397 tuus
2987 1344 3081 1396 est
3136 1340 3372 1409 (Matth.
3411 1356 3487 1409 vx,
3517 1337 3618 1408 εξ),
3648 1360 3668 1388 ι
3718 1338 3788 1392 ille

2197 1432 2428 1487 scilicet
2460 1432 2704 1486 interior
2735 1430 2945 1486 oculus
2977 1430 3213 1484 mentis.
3239 1429 3413 1483 Istam
3440 1427 3788 1482 lucernamac-

2197 1521 2403 1589 cende,
2438 1536 2571 1592 qum
2601 1519 2814 1589 accipit
2846 1519 3039 1574 oleum
3070 1516 3355 1588 spiritale,
3388 1520 3444 1572 et
3470 1515 3617 1571 lucet
3641 1516 3793 1569 intota

2195 1610 2369 1664 domo
2402 1611 2518 1663 tua.
2552 1607 2763 1673 Quaere
2794 1607 3131 1661 drachmam
3164 1605 3612 1676 redemptionem
3629 1604 3793 1657 animo

2195 1702 2333 1766 tum,
2368 1713 2541 1768 quam
2571 1697 2672 1768 qui
2720 1696 3006 1766 amiserit,
3057 1694 3365 1753 turbatur:
3416 1693 3515 1765 qui
3538 1691 3794 1759 invenerit,

2197 1786 2474 1841 exsuuaL

2267 1875 2321 1929 3.
2356 1874 2461 1929 Est
2488 1877 2544 1929 et
2571 1873 2893 1944 redemptio
2916 1873 3127 1927 animas
3158 1870 3593 1940 misericordia;
3621 1868 3800 1925 redem-

2195 1963 2316 2033 ptio
2334 1962 2489 2018 enim
2507 1962 2717 2017 animm
2739 1962 2996 2017 hominis
3011 1962 3231 2016 divitiae
3249 1961 3409 2032 ejus,
3424 1960 3631 2031 quibus
3649 1958 3801 2028 utique

2198 2051 2261 2105 fit
2282 2051 2712 2119 misericordia,
2738 2067 2870 2121 quae
2895 2054 3132 2121 sumptu
3153 2064 3447 2121 pauperes
3464 2048 3624 2119 juvat
3642 2046 3802 2117 (Prov.

2196 2156 2320 2207 xm,
2356 2139 2433 2206 8).
2481 2131 2628 2194 773
2673 2139 2851 2194 Fides
2901 2138 3100 2210 igitur,
3151 2139 3372 2210 gratia,
3424 2133 3804 2201 misericordia,

2196 2227 2523 2297 redemptio
2555 2230 2647 2282 est
2677 2228 2887 2281 animae
2920 2227 3058 2297 (8'7),
3092 2242 3226 2298 qua:
3283 2225 3598 2292 drachmae,
3652 2222 3703 2277 id
3725 2224 3806 2289 est,

2198 2314 2431 2387 integro
2471 2316 2661 2385 pretio
2719 2332 2968 2371 summm
3024 2315 3314 2385 plenioris
3368 2313 3716 2384 expenditur.
3742 2310 3811 2364 Sic

2200 2405 2357 2458 enim
2389 2404 2677 2474 scriptum
2708 2408 2820 2475 est,
2877 2404 3109 2458 dicente
3160 2403 3415 2458 Domino
3461 2402 3534 2456 ad
3578 2401 3809 2470 Moysen:

2206 2514 2229 2542 ι
2263 2491 2408 2547 Cum
2438 2493 2743 2563 acceperis
2774 2494 3267 2563 computationem
3303 2491 3558 2546 filiorum
3594 2486 3753 2543 Israel
3776 2486 3815 2538 in
3914 2536 3915 2539 η

2202 2581 2540 2635 visitatione
2571 2582 2857 2651 ipsorum,
2890 2581 3111 2636 dabunt
3133 2580 3363 2653 singuli
3412 2577 3815 2648 redemptionem

2205 2668 2321 2740 (88)
2350 2669 2562 2723 animm
2592 2685 2720 2724 sum
2749 2669 3020 2736 Domino,
3052 2672 3110 2724 et
3157 2685 3279 2723 non
3320 2668 3434 2723 erit
3462 2669 3522 2721 in
3553 2666 3646 2720 his
3672 2663 3818 2729 ruina,

2207 2756 2268 2811 in
2289 2758 2628 2813 visitatione
2650 2773 2874 2812 eorum.
2900 2757 2971 2811 Et
2991 2757 3105 2812 hoc
3121 2760 3214 2812 est
3235 2757 3400 2828 quod
3423 2756 3657 2824 dabunt,
3695 2752 3821 2823 quot-

2207 2846 2766 2917 quotperambulant
2793 2843 3561 2913 visitationem,didrachmi
3577 2841 3825 2897 dimidiam

2205 2938 2452 3005 partem,
2478 2935 2634 3006 quod
2657 2938 2750 2990 est
2780 2934 3110 2990 secundum
3140 2933 3557 2988 didrachmum
3586 2932 3823 2985 sanctum.

2120 3080 2125 3088 _
2210 3022 2433 3094 Viginti
2477 3023 2635 3078 oboli
2681 3022 3129 3077 didrachmum:
3191 3022 3442 3076 dimidia
3499 3021 3683 3076 autem
3721 3029 3827 3087 pars

2211 3110 2539 3165 didrachmi
2568 3111 2750 3166 illatio
2781 3111 3051 3166 Domino.
3083 3109 3293 3165 Omnis
3326 3111 3433 3181 qui
3463 3106 3748 3164 intraverit
3769 3103 3831 3156 vi-

2134 3178 2184 3240 Ο
2211 3198 2391 3253 sitare
2419 3215 2453 3253 a
2482 3199 2692 3271 viginti
2725 3200 2898 3254 annis
2940 3203 2998 3253 et
3034 3212 3237 3269 supra,
3293 3178 3522 3253 dabunt
3564 3193 3831 3277 illationem

2213 3286 2493 3343 Domino:
2526 3286 2634 3351 Qui
2658 3288 2825 3341 dives
2848 3290 2960 3357 est,
2992 3302 3110 3341 non
3133 3286 3416 3357 adjiciet:
3451 3289 3510 3340 et
3537 3285 3631 3356 qui
3659 3294 3835 3353 pauper

2213 3378 2325 3444 est,
2360 3392 2479 3430 non
2517 3376 2908 3430 minorabitur
2944 3390 2979 3429 a
3018 3375 3263 3428 dimidia
3303 3377 3474 3445 parte
3519 3367 3833 3433 didrachmi;

2214 3479 2348 3519 cum
2382 3464 2668 3533 coeperint
2708 3464 2849 3517 dare
2905 3462 3263 3518 oblationem
3316 3462 3590 3532 Domino,
3638 3469 3836 3515 exorare

2213 3568 2321 3623 pro
2352 3552 2661 3606 animabus
2691 3552 2842 3607 suis.
2876 3551 2947 3606 Et
2975 3552 3237 3624 accipies
3268 3552 3588 3623 pecuniam
3607 3542 3835 3602 illationis

2215 3656 2250 3694 a
2279 3639 2418 3695 filiis
2450 3640 2653 3709 Israel,
2684 3645 2741 3696 et
2774 3641 2946 3695 dabis
2977 3640 3137 3694 illam
3194 3640 3259 3695 in
3314 3656 3472 3712 opus
3530 3629 3840 3693 tabernaculi

2216 3728 2620 3799 testimonii,et
2631 3728 2740 3783 erit
2754 3728 2920 3783 Filiis
2931 3728 3114 3783 Israel
3126 3728 3466 3801 legitimum
3484 3719 3838 3782 memorialein

2219 3820 2542 3887 conspectu
2602 3817 2855 3887 Domini,
2916 3832 3163 3873 exorare
3222 3833 3338 3887 pro
3399 3817 3615 3871 animis
3665 3807 3840 3867 vestris

2217 3905 2434 3975 (Exod.
2467 3921 2610 3975 xxx,
2645 3905 2734 3975 12,
2768 3905 2880 3976 16).

2216 4046 2370 4102 alius
2384 4046 2850 4119 ecclesiasticus,
2867 4047 2966 4117 qui
2981 4046 3302 4102 drachmas
3322 4050 3599 4119 quatuor,
3615 4044 3732 4119 sive
3742 4039 3844 4119 obn-

2217 4119 2310 4172 los
2335 4118 2542 4188 viginti
2568 4133 2580 4171 :
2608 4120 2697 4172 sic
2720 4110 3020 4189 geminum
3043 4118 3216 4189 etiam
3240 4110 3657 4189 didrachmum
3673 4110 3841 4167 admit-

2218 4189 2458 4270 tendum
2475 4189 2705 4270 est‘;.vul
2714 4188 2877 4270 gare,
2894 4189 3049 4270 qugd
3066 4188 3273 4270 decem
3309 4188 3533 4270 obolis,
3557 4190 3615 4270 et
3632 4194 3842 4270 sacrum:

2220 4260 2377 4331 quod
2391 4260 2602 4329 viginti
2624 4256 2951 4313 constabat.
2979 4259 3339 4315 Eamobrem
3355 4256 3525 4330 quod
3541 4256 3843 4311 Ambrosius

2224 4351 2247 4378 «
2284 4329 2941 4402 didrachmidimidiam
2973 4333 3219 4402 partem,
3258 4351 3288 4380 »
3334 4328 3682 4402 hociversio
3707 4321 3844 4402 Vulg;

2219 4400 2519 4463 transfert,
2560 4423 2582 4447 σι
2618 4400 2923 4471 dimidium
2953 4394 3086 4454 sicli
3111 4416 3126 4469 ;
3162 4420 3184 4450 ι
3206 4394 3282 4455 ’θῑ
3312 4401 3479 4471 quod
3510 4399 3607 4454 ille
3634 4421 3657 4445 ι
3677 4394 3848 4471 figit!“

2221 4471 2413 4526 obolis
2443 4470 2866 4542 didrachmum,
2915 4493 2937 4519 ι»
2986 4463 3354 4525 ὶιοὰθειάθιιὶ
3402 4471 3602 4542 Vulg.,
3634 4463 3844 4542 (Siclus

2220 4541 2717 4622 _viginti_o_b-olos‘n
2752 4534 2945 4622 habgt.
2978 4542 3167 4622 Plura
3188 4542 3271 4622 de.
3303 4542 3491 4622 hisce
3522 4534 3845 4622 ponderibus

2218 4606 2454 4665 trtidunt
2486 4612 2845 4680 Munsterus,
2866 4611 3087 4683 Fagius
3117 4617 3175 4667 et
3206 4613 3503 4667 Vatablus
3531 4606 3596 4665 in
3623 4606 3848 4663 eumdem

2219 4683 2453 4737 locum:
2487 4683 2741 4752 itemque
2770 4683 3124 4752 Gaulperius
3160 4683 3221 4736 in
3252 4683 3468 4737 Matth.
3501 4696 3640 4752 xvn.

2214 4774 2223 4781 ι
2260 4824 2263 4825 ν
2291 4752 2560 4825 (87)Ηνθι.
2594 4744 2755 4821 edit.,
2782 4775 2804 4801 ι
2827 4744 3004 4825 Fides
3035 4755 3216 4825 igitur
3236 4754 3458 4825 gratia,
3493 4750 3674 4825 gratia
3706 4744 3848 4825 mise-

2220 4819 2495 4894 ricordia,
2520 4819 2925 4877 misericordia
2949 4819 3276 4894 redemptio
3302 4841 3317 4879 :
3348 4848 3372 4873 ιο
3399 4819 3667 4894 aquibus
3685 4819 3847 4894 plures

2222 4910 2370 4947 mss.
2407 4893 2519 4947 hoc
2549 4899 2771 4948 tantum
2821 4895 3061 4963 distant,
3120 4889 3281 4965 quod
3344 4889 3586 4962 habent,
3642 4912 3663 4940 ι
3696 4889 3847 4965 grai?

2225 4965 2671 5029 misericordiae,
2715 4989 2735 5013 ιι
2772 4969 2829 5019 et
2874 4955 3221 5036 sequentem
3274 4955 3619 5036 dictionem,
3652 4955 3851 5036 scilicet

2228 5025 2714 5107 «_misericordia,
2754 5059 2775 5083 «ι
2810 5025 3191 5107 expubgunt;
3223 5037 3336 5091 sed
3390 5037 3523 5091 cod.
3572 5025 3849 5107 Belvaczet

2224 5105 2444 5229 aliquot
2468 5106 2565 5158 alii
2581 5097 2780 5160 veram
2803 5097 3084 5161 exhibent
3106 5097 3451 5178 lectionem,
3476 5119 3647 5178 quam
3661 5097 3847 5168 ample-

2224 5191 2255 5229 c
2284 5192 2449 5229 imur.

2224 5191 2449 5229 cumur.

2292 5247 2569 5315 (88)Cum
2590 5263 2739 5302 mss.
2762 5248 2823 5301 in
2844 5248 2958 5302 hoc
2980 5248 3167 5303 Exodi
3204 5252 3379 5304 textu
3416 5252 3534 5302 vet.
3570 5245 3697 5315 edit.
3729 5239 3847 5293 satis

2222 5314 2584 5388 congruunt:
2618 5323 2675 5371 at
2701 5320 2870 5373 Rom.
2904 5320 3039 5373 edit.
3065 5321 3400 5374 immutavit
3438 5314 3847 5388 nonnulla,q_l_l€8

2219 5385 2678 5459 unoconspectu
2692 5389 2787 5443 hic
2802 5389 3173 5450 exhibemus.
3204 5414 3227 5435 ιι
3256 5392 3515 5459 pretium
3538 5385 3850 5459 redemptio“

2220 5459 2383 5534 nis...
2416 5460 2474 5534 in
2505 5456 2655 5529 ipsis
2685 5460 2927 5534 plaga.._.
2949 5456 3289 5534 didrachmi
3322 5461 3609 5515 oblatio...
3637 5456 3848 5534 intrare.

2219 5534 2295 5583 rit
2326 5531 2792 5585 visitationem...
2827 5531 2988 5585 dabit
3014 5532 3451 5587 ublationem...
3482 5544 3597 5586 non
3626 5531 3848 5582 minora-

2213 5600 2365 5655 bit...
2399 5603 2709 5671 pecuniam
2736 5602 3128 5658 oblationis...
3159 5602 3353 5661 lsrael
3380 5586 3767 5662 momorillcm
3787 5586 3849 5647 ιά

2217 5672 2652 5753 propitiandum
2679 5688 2788 5751 pro
2822 5673 3198 5736 animabus...
