4072 6174
244 366 375 455 945.

1444 364 2056 430 EPISTOLARUM
2086 367 2422 430 CLASSIS
2448 367 2496 430 Ι.

3583 366 3704 433 946

315 566 370 621 4.
394 565 477 620 Ita
509 580 655 638 ergo
685 565 890 620 deerat
944 564 1039 620 vel
1088 565 1278 633 dives,
1324 565 1424 636 qui
1473 565 1610 636 plus
1642 564 1915 636 offerret;
1944 548 1997 611 Ᾱ
2096 565 2149 620 8.
2182 565 2426 621 Plenius
2453 568 2647 621 autem
2664 567 2736 622 de
2758 571 3051 641 sanguine
3077 568 3299 625 Christi
3321 570 3693 643 intelligitur,

245 654 340 711 vel
369 670 614 725 pauper,
648 654 748 725 qui
778 654 976 709 minus
1008 654 1272 722 haberet,
1300 656 1349 707 si
1375 655 1431 708 in
1460 655 1709 723 pecunia
1742 655 1916 708 dimi-

246 744 408 798 dium
438 742 848 797 didrachmum
896 741 1074 809 istud,
1121 744 1178 796 et
1206 758 1322 797 non
1355 744 1413 795 in
1447 744 1658 797 virtute
1706 744 1917 797 esset?

246 831 418 886 Unde
448 830 873 885 advertendum
905 830 1063 901 quod
1103 847 1221 886 non
1265 831 1582 885 materialis
1613 832 1747 901 ista,
1806 832 1915 885 sed

240 919 638 991 intelligibilis
686 918 967 973 drachma
1007 920 1119 987 sit,
1155 934 1287 991 qua
1317 935 1392 973 ex
1423 935 1593 991 aquo
1623 920 1696 974 ab
1730 920 1914 974 omni-

241 1009 361 1063 bus
389 993 753 1063 conferenda
787 1008 1133 1062 aestimatur.
1236 1074 1241 1081 η

314 1098 370 1151 5.
403 1096 671 1166 Denique
698 1096 871 1150 etiam
903 1095 975 1150 de
1005 1096 1104 1150 illa
1134 1096 1516 1151 calestiesca
1537 1097 1701 1164 (esca
1723 1099 1915 1151 autem

240 1188 298 1240 et
329 1184 638 1240 delectatio
671 1185 928 1239 alimenti
981 1172 1247 1239 calestis
1298 1185 1585 1254 sapientia
1630 1188 1755 1251 est,
1798 1201 1914 1255 qua

242 1274 645 1330 vescebantur
671 1274 732 1328 in
770 1273 1049 1343 paradiso
1079 1274 1276 1341 locati,
1304 1275 1548 1345 quierat
1569 1274 1915 1328 indeiiciens

248 1362 462 1417 anima
491 1362 685 1430 cibus,
717 1377 891 1432 quem
919 1363 1153 1416 vocavit
1182 1377 1394 1416 manna
1423 1362 1661 1416 divinus
1693 1346 1915 1430 sermo)

242 1453 304 1505 ta
330 1451 587 1517 legimus
619 1449 1094 1505 distributionem
1124 1450 1334 1504 factam
1368 1467 1474 1519 per
1504 1450 1773 1522 singulas
1805 1450 1922 1504 ani-

254 1555 409 1607 mas,
440 1541 503 1594 ut
531 1537 778 1610 aqualis
827 1538 994 1593 fieret
1040 1538 1277 1594 divisio.
1327 1539 1396 1592 Et
1426 1538 1796 1611 collegerunt
1825 1554 1921 1593 se-

251 1628 507 1684 cundum
535 1627 989 1697 dispositionem
1020 1627 1231 1698 Moysi,
1254 1629 1354 1698 qui
1374 1628 1710 1697 plurimum,
1744 1630 1800 1682 at
1821 1628 1923 1698 qui

244 1717 555 1772 minimum
589 1730 603 1771 :
639 1718 697 1770 et
724 1730 1064 1770 mensuram
1108 1715 1376 1770 fecerunt
1423 1731 1637 1787 gomor
1685 1716 1832 1785 (89),
1864 1718 1922 1771 et

238 1821 364 1860 non
395 1804 737 1872 abundavit,
770 1818 879 1858 nec
910 1803 1205 1873 superfuit
1234 1804 1308 1863 ei,
1352 1804 1454 1875 qui
1486 1804 1749 1872 multum,
1785 1805 1917 1858 etei

2030 644 2205 716 cujus
2235 646 2308 700 ad
2338 647 2589 718 gratiam
2618 648 2762 704 nihil
2785 651 3064 705 minuitur
3085 652 3218 721 (92),
3243 652 3389 707 nihil
3419 652 3698 729 adjungi-

2030 736 2143 789 tur.
2177 734 2249 788 Et
2280 735 2330 789 si
2361 751 2569 806 parum
2600 752 2826 807 sumas,
2860 742 2917 793 et
2971 740 3027 793 si
3073 740 3391 809 plurimum
3430 741 3693 797 haurias.

2031 823 2235 877 eadem
2261 823 2523 893 perfecta
2563 828 2655 880 est
2698 827 2975 882 omnibus
3024 843 3303 884 mensura
3346 829 3699 900 redemptio-

2032 926 2127 965 ms
2135 952 2147 965 .
2464 921 2472 935 ’
3626 972 3631 975 λ

2102 999 2156 1054 9.
2192 999 2421 1055 Pascha
2452 1016 2687 1073 quoque
2711 1003 2972 1073 Domini,
3024 1004 3138 1060 hoc
3167 1008 3278 1076 est,
3325 1022 3543 1078 agnum
3568 1049 3583 1077 ,
3621 1008 3703 1062 ita

2033 1091 2231 1159 patres
2261 1090 2485 1160 epulari
2511 1090 2795 1162 jubentur
2823 1093 3039 1163 (Exod.
3060 1111 3162 1161 xu,
3194 1094 3270 1162 3),
3294 1097 3357 1149 ut
3373 1095 3703 1150 secundum

2034 1192 2340 1231 numerum
2374 1179 2699 1234 animarum
2732 1181 3042 1250 epulantur
3071 1198 3332 1249 suarum,
3357 1199 3548 1254 neque
3569 1184 3704 1253 plu-

2034 1281 2154 1334 res,
2184 1281 2376 1337 neque
2404 1270 2717 1336 pauciores
2751 1285 2763 1323 :
2799 1285 2991 1340 neque
3034 1271 3167 1324 aliis
3218 1272 3351 1341 plus
3381 1272 3532 1341 dari,
3567 1272 3702 1327 aliis

2035 1354 2253 1425 minus,
2288 1355 2393 1409 sed
2427 1356 2753 1410 secundum
2784 1359 3012 1412 animas
3044 1359 3453 1430 singulorum;
3503 1374 3576 1414 ne
3605 1360 3706 1414 aut

2033 1441 2313 1498 fortiores
2341 1444 2594 1513 amplius
2642 1448 2896 1515 sumant,
2930 1449 3030 1501 aut
3074 1447 3434 1502 inﬁrmiores
3481 1447 3702 1503 minus.

2033 1530 2230 1585 Gratia
2261 1532 2416 1585 enim
2449 1533 2696 1603 aqualis
2718 1534 2976 1606 singulis
3026 1535 3325 1605 dividitur,
3380 1536 3705 1607 redemptio

2034 1618 2334 1689 dividitur,
2368 1620 2588 1674 donum
2636 1612 2935 1676 dividitur.
2987 1623 3195 1694 Neque
3243 1625 3444 1694 plures
3474 1627 3705 1695 oportet

2033 1723 2191 1776 esse,
2237 1724 2311 1762 ne
2360 1709 2494 1779 quis
2516 1725 2741 1764 vacuus
2761 1711 2891 1779 spei
2912 1714 2969 1764 et
2991 1712 3687 1780 redamptionisracedat.

2032 1795 2244 1850 Plures
2276 1799 2435 1865 sunt,
2468 1798 2703 1868 quando
2735 1797 2917 1868 aliqui
2948 1802 3115 1852 extra
3158 1816 3469 1855 numerum
3516 1803 3656 1854 sunt
3689 1816 3703 1856 :

243 1883 347 1964 qui
381 1893 600 1961 minus,
635 1907 753 1946 non
782 1891 967 1946 defuit
994 1892 1212 1962 (Exod.
1262 1909 1383 1961 xvi,
1436 1892 1501 1946 1'7
1525 1934 1539 1960 ,
1572 1892 1682 1953 18).
1718 1893 1921 1947 Unus-
1955 1918 2006 1981 Β
2033 1883 2766 1981 εξιξιοιὶ-ουῑθῗιιιιωθιυθιὶ
2787 1889 3174 1957 sunt‘omnes,
3199 1892 3255 1942 et
3276 1889 3472 1958 capilli
3499 1904 3708 1944 eorum

241 1981 508 2053 quisque
539 1982 695 2036 enim
732 1996 840 2050 pro
883 1996 1131 2036 numero
1162 1981 1510 2050 animarum,
1546 1982 1645 2052 qui
1668 1982 1821 2051 apud
1854 1997 1922 2036 se

241 2074 370 2127 erat
398 2072 459 2125 in
488 2069 888 2125 tabernaculis
911 2070 1276 2141 collegerunt
1308 2085 1415 2140 per
1464 2070 1702 2141 singula
1734 2070 1923 2139 capita

240 2174 458 2231 gomor
474 2159 612 2231 (90),
635 2158 696 2212 id
724 2160 835 2227 ast,
867 2172 1207 2213 mensuram
1238 2158 1381 2228 vini,
1436 2158 1593 2213 sicut
1620 2158 1798 2214 habet
1824 2159 1920 2213 in-

240 2248 605 2318 terpretatio.

313 2355 368 2409 6.
404 2353 513 2408 Est
541 2356 735 2409 autem
764 2369 1047 2408 mensura
1079 2353 1386 2425 sapientia
1406 2396 1421 2423 ,
1473 2369 1607 2425 qua
1656 2354 1710 2408 si
1740 2368 1922 2423 supra

246 2457 592 2498 mensuram
621 2442 717 2510 sit,
766 2446 978 2512 nocet;
1018 2443 1156 2513 quia
1196 2443 1482 2513 scriptum
1514 2444 1606 2497 est
1658 2457 1671 2496 :
1726 2462 1753 2492 «
1786 2438 1918 2495 Noli

238 2547 385 2586 esse
418 2531 662 2586 multum
693 2532 936 2602 sapiens
966 2530 1191 2600 (Eccle.
1225 2547 1327 2600 vn,
1372 2530 1484 2600 1'7).
1525 2550 1546 2579 ιν
1583 2529 1655 2584 Et
1698 2530 1922 2585 Paulus

237 2620 445 2675 docuit
473 2620 802 2675 secundum
853 2635 1194 2674 mensuram
1223 2619 1348 2673 dari
1393 2619 1749 2673 divisionem
1779 2635 1921 2691 grn-

234 2711 476 2776 tiarum,
508 2724 640 2763 cum
674 2709 846 2762 dicit:
887 2730 908 2757 α
944 2707 1089 2773 Quia
1109 2708 1426 2778 unicuique
1456 2708 1627 2762 datur
1642 2707 1923 2762 manifes-

240 2798 390 2852 tatio
439 2798 685 2868 spiritus
732 2797 806 2850 ad
855 2797 1180 2865 utilitatem,
1228 2796 1325 2849 alii
1356 2812 1555 2851 sermo
1590 2796 1917 2865 sapientia,

235 2886 343 2941 alii
374 2901 573 2941 sermo
603 2885 869 2941 scientia
903 2883 1036 2955 (91),
1062 2885 1161 2939 alii
1183 2885 1333 2939 ﬁdes
1348 2885 1653 2955 sapientiae
1675 2899 1784 2954 per
1800 2884 1922 2954 spi-

237 2974 424 3029 ritum
457 2974 722 3028 scientiae
753 2973 1091 3027 secundum
1113 2973 1383 3028 eumdem
1426 2973 1719 3043 spiritum,
1771 2972 1921 3027 fides

228 3065 298 3119 in
319 3063 529 3117 eodem
558 3062 770 3132 spiritu
801 3062 860 3121 (Ι
885 3061 1019 3116 Cor.
1054 3079 1159 3131 xu,
1199 3061 1365 3130 7-9);
1419 3064 1477 3116 et
1524 3061 1707 3115 dividi
1768 3062 1914 3125 779

233 3167 371 3207 eam
401 3152 649 3222 gratiam
682 3152 1012 3206 secundum
1041 3151 1404 3205 voluntatem
1435 3149 1714 3220 Spiritus.
1749 3148 1918 3214 Quod

239 3240 477 3310 dividit,
511 3239 805 3310 aquitatis
834 3242 927 3293 est
959 3256 971 3294 ε
1015 3239 1173 3310 quod
1203 3242 1399 3293 autem
1430 3239 1760 3293 secundum
1806 3254 1917 3293 vo-

233 3329 525 3384 luntatem
559 3343 729 3382 suam
758 3327 982 3393 dividit,
1007 3329 1340 3397 potestatis.
1374 3327 1479 3382 Vel
1520 3328 1657 3398 quia
1689 3328 1747 3381 id
1775 3327 1919 3381 velit

244 3416 575 3487 unicuique
606 3414 901 3483 conferre,
936 3416 1093 3486 quod
1122 3415 1496 3485 profuturum
1527 3416 1776 3470 noverit.

311 3505 368 3559 '7.
411 3504 631 3560 Gomor
674 3519 819 3575 ergo
860 3519 1141 3558 mensura
1185 3509 1306 3573 est,
1340 3508 1397 3557 et
1439 3519 1719 3557 mensura
1770 3504 1914 3573 vini,

233 3593 402 3666 quod
430 3592 689 3647 latiﬂcat
717 3607 822 3649 cor
851 3592 1108 3646 hominis
1140 3591 1329 3661 (PsaI.
1362 3607 1481 3659 mn,
1514 3592 1623 3661 15).
1656 3591 1804 3656 Quid
1823 3608 1920 3646 au-

228 3686 357 3738 tem
390 3683 503 3737 nisi
524 3681 828 3752 sapientia
848 3684 1023 3750 potus
1040 3680 1383 3752 jucunditas
1408 3680 1607 3735 cordis
1627 3683 1720 3735 est
1735 3682 1763 3735 ε>
1788 3681 1914 3735 Hoc

234 3774 335 3828 est
370 3770 513 3825 illud
542 3771 769 3838 vinum,
802 3769 957 3839 quod
990 3769 1228 3823 miscuit
1255 3770 1316 3822 in
1347 3771 1573 3823 cratere
1620 3769 1915 3839 Sapientia

235 3860 455 3931 (Prov.
478 3874 540 3912 ιι
568 3859 645 3927 2),
677 3860 735 3912 et
756 3856 926 3912 offert
954 3857 1296 3926 bibendum,
1320 3860 1383 3911 ut
1411 3872 1716 3911 sumamus
1740 3857 1914 3911 nobis

233 3948 622 4003 sobrietatem
635 3949 691 4000 et
708 3946 1073 4015 prudentiam
1090 3961 1102 3999 :
1124 3945 1280 4015 quod
1296 3961 1363 3999 ea
1380 3945 1709 4016 aequalitate
1723 3948 1915 3999 trans-

232 4036 406 4092 fundi
442 4037 670 4105 oportet
692 4034 975 4088 sensibus
998 4036 1055 4088 et
1085 4032 1540 4104 cogitationibus
1582 4033 1826 4102 nostris,
1858 4036 1917 4088 et

235 4125 520 4182 omnibus
534 4123 796 4177 motibus
811 4123 908 4192 qui
922 4123 1069 4176 intra
1087 4122 1239 4176 hanc
1255 4125 1515 4176 nostram
1528 4124 1666 4176 sunt
1678 4122 1915 4176 domum

234 4217 301 4269 ut
318 4214 585 4269 sciamus
607 4226 789 4282 posse
806 4210 1107 4265 abundare
1126 4209 1422 4279 omnibus,
1461 4209 1714 4264 deficere
1746 4210 1912 4264 nulli.

309 4354 427 4425 (89)
454 4353 679 4425 Gomor
700 4367 981 4406 mensura
1010 4354 1102 4425 est
1130 4351 1307 4425 trium
1337 4351 1670 4425 chanicum
1714 4351 1914 4425 attica-

234 4422 396 4490 rum,
427 4428 579 4479 testa
612 4424 990 4493 Hieronymo.
1025 4423 1328 4491 Josephus
1360 4422 1548 4493 inquit
1577 4437 1703 4475 eam
1734 4422 1914 4493 habe-

230 4513 301 4553 re
322 4509 458 4577 τριῐς
476 4492 911 4575 ἡμιονκοτὺλους,;
949 4494 1140 4577 cotyla
1188 4496 1381 4577 autem
1410 4494 1482 4577 at
1497 4492 1728 4546 hemina
1761 4492 1914 4577 idem

233 4571 538 4641 est,'teste
570 4574 812 4628 Fannio.
845 4573 1114 4627 Continet
1144 4587 1289 4643 ergo
1328 4572 1633 4643 hominum
1673 4574 1749 4643 et,
1769 4571 1912 4643 ejus

235 4646 567 4702 dimidium.
599 4645 680 4697 Ita
712 4644 1003 4713 Nannius,
1034 4660 1066 4696 a
1098 4641 1470 4713 quo'Fagius
1499 4643 1559 4695 in
1591 4641 1781 4697 Exodi
1813 4659 1911 4696 xv:

236 4733 363 4772 non
385 4716 702 4785 discrepat.

307 4786 427 4858 (90)
461 4782 630 4841 Rom.
655 4784 792 4840 edit.
829 4782 978 4854 sola,
1015 4804 1037 4834 ι
1065 4799 1303 4858 gomor,
1336 4782 1393 4836 id
1426 4786 1518 4837 est
1548 4797 1908 4858 mensuram,

235 4852 354 4913 seu
384 4852 974 4911 consummationem.
1009 4875 1031 4904 ν
1065 4854 1137 4908 Et
1167 4854 1506 4923 Hieronym.
1541 4853 1777 4923 quidem
1823 4852 1913 4906 De

234 4928 481 4984 Nomin.
516 4927 821 4993 Hebraic.,
844 4948 864 4973 «ι
881 4927 1101 4980 Gomor
1118 4925 1466 4993 assumptio,
1484 4923 1612 4977 sive
1637 4938 1913 4976 consum-

236 4998 440 5061 matio,
474 4997 569 5051 vel
599 4996 884 5065 perfectio
924 4999 1057 5059 est;
1106 5018 1127 5043 υ
1164 4995 1270 5049 sed
1314 5010 1433 5048 non
1471 4994 1569 5047 hic
1595 4994 1792 5065 agitur
1834 4993 1911 5065 de

239 5064 1057 5146 hujusmoilisignificatione
1092 5082 1105 5120 :
1138 5065 1286 5146 nihil
1320 5065 1534 5134 quippe
1565 5064 1723 5146 aliud
1754 5064 1908 5144 indi-

237 5134 430 5206 catur,
456 5139 570 5193 nisi
602 5134 913 5208 cujusnam
946 5137 1188 5208 generis
1217 5151 1494 5208 mensura
1526 5135 1622 5208 sit,
1658 5150 1790 5204 qua
1804 5134 1912 5208 _sic

238 5204 478 5263 dicitur.
511 5204 825 5278 Propterea
849 5204 1000 5261 infra
1032 5206 1293 5261 subdidit
1316 5205 1705 5278 Ambrosius:
1743 5227 1764 5251 α
1792 5204 1913 5259 Go-

239 5297 374 5351 mor
403 5295 549 5351 ergo
578 5276 855 5334 mensura
888 5281 1000 5344 est,
1036 5281 1092 5332 et
1120 5292 1397 5331 mensura
1427 5276 1567 5351 vini.
1599 5298 1622 5323 ιι

309 5350 426 5421 (9t)
458 5344 537 5403 Ita
566 5365 715 5405 mss.
747 5365 963 5421 magno
993 5364 1294 5421 consensu
1328 5362 1340 5401 :
1375 5350 1576 5421 contra
1609 5360 1750 5421 vero
1774 5344 1911 5399 edit.

242 5417 453 5475 omnes
484 5438 515 5472 a
549 5417 1131 5474 communi'lectione
1182 5417 1509 5487 Apostolici
1552 5419 1748 5470 textus
1797 5431 1915 5487 non

236 5493 615 5557 recedentes,
639 5492 909 5544 eumdem
932 5488 1181 5544 efferunt
1211 5486 1268 5541 in
1303 5489 1431 5540 hac
1461 5488 1639 5540 verba
1675 5501 1687 5540 :
1724 5508 1747 5532 «
1784 5486 1916 5557 iAlii

238 5578 442 5620 sermo
472 5562 739 5616 scientia
763 5560 1088 5614 secundum
1129 5558 1399 5613 eumdem
1436 5558 1707 5626 Spiritum
1746 5556 1913 5609 alteri

238 5633 393 5688 ﬁdes
422 5633 480 5687 in
512 5632 723 5688 eodem
761 5631 993 5701 spiritu,
1015 5630 1113 5684 alii
1139 5644 1362 5700 genera
1383 5627 1774 5682 sanitatumin
1798 5641 1913 5681 uno
1937 5663 1943 5669 ι

242 5704 487 5775 Spiritu,
496 5708 630 5775 ’βίος
667 5725 690 5750 ιι

310 5773 437 5845 (92)
465 5768 575 5828 Hic
602 5772 773 5829 locus
795 5771 1087 5844 reperitur
1118 5770 1329 5825 citatus
1359 5768 1433 5823 ab
1468 5768 1737 5825 Ecclesia
1754 5768 1914 5841 Lug-

2034 1972 2273 2037 (Matth.
2308 1989 2367 2042 x,
2399 1972 2527 2043 30);
2575 1974 2855 2044 cognovit
2889 1975 3045 2028 enim
3093 1976 3381 2030 Dominus
3428 1977 3528 2047 qui
3567 1980 3708 2033 sunt

2032 2059 2225 2130 ipsius
2262 2078 2274 2115 :
2311 2077 2503 2131 neque
2534 2063 2848 2131 pauciores
2874 2104 2888 2131 ,
2930 2078 3004 2117 ne
3050 2064 3454 2135 magnitudine
3496 2067 3705 2136 gratia

2033 2151 2113 2204 sit
2138 2150 2212 2204 ad
2242 2150 2647 2219 recipiendum
2682 2151 2958 2205 inﬁrmio.

2104 2238 2191 2292 10.
2226 2237 2298 2291 Et
2328 2238 2459 2292 ideo
2493 2254 2700 2292 omnes
2722 2239 3112 2309 aequalitatem
3136 2238 3470 2295 devotionis
3492 2243 3549 2295 et
3567 2241 3702 2296 fidei

2036 2326 2267 2381 deferre
2297 2327 2577 2396 praecepit
2605 2327 2677 2379 ad
2712 2326 2936 2380 Pascha
2971 2326 3221 2396 Domini,
3256 2327 3316 2381 id
3339 2331 3432 2382 est
3460 2329 3533 2383 ad
3554 2332 3705 2383 tran-

2035 2415 2235 2469 situm.
2268 2414 2505 2468 Pascha
2534 2418 2722 2468 autea
2753 2418 2864 2484 est,
2899 2415 3133 2484 quando
3164 2416 3357 2469 anima
3388 2416 3701 2472 irrationa-

2031 2502 2211 2557 bilem
2242 2503 2481 2573 deponit
2509 2503 2871 2573 passionem,
2897 2504 3288 2558 sumitautem
3302 2504 3520 2559 bonam
3542 2521 3700 2560 com-

2031 2592 2413 2661 passionem;
2445 2594 2508 2645 ut
2548 2591 2932 2660 compatiatur
2958 2590 3194 2646 Christo
3221 2634 3236 2661 ,
3283 2596 3340 2647 et
3383 2594 3702 2649 transitum

2030 2680 2165 2751 ejus
2196 2681 2255 2733 in
2287 2696 2354 2734 se
2385 2680 2690 2750 suscipiat,
2725 2684 2786 2734 ut
2807 2680 3089 2733 inhabitet
3119 2681 3180 2735 in
3212 2696 3300 2750 ea,
3336 2683 3393 2736 et
3423 2682 3703 2737 deambu-

2031 2767 2128 2837 lat,
2164 2770 2220 2821 et
2250 2769 2348 2822 flat
2395 2767 2529 2839 ejus
2588 2768 2767 2822 Deus.
2819 2768 3015 2822 Gratia
3055 2769 3253 2839 itaque
3304 2770 3553 2841 aqualis
3598 2786 3705 2840 per

2030 2872 2257 2925 omnes,
2282 2858 2471 2910 virtus
2495 2860 2689 2910 autem
2710 2857 2948 2911 diversa
2968 2858 3029 2909 in
3050 2857 3328 2928 singulis.
3359 2858 3701 2931 Unusquis-

2029 2960 2143 3016 que
2178 2961 2322 3017 ergo
2344 2946 2675 3014 portionem
2707 2948 3134 3014 competentem
3173 2945 3302 3000 suis
3336 2946 3566 3002 viribus
3597 2964 3704 3003 su-

2028 3037 2165 3101 mat,
2199 3049 2273 3087 ne
2301 3037 2401 3087 aut
2429 3032 2639 3088 fortior
2665 3033 2949 3104 indigeat,
2967 3037 3064 3088 aut
3085 3037 3363 3088 oneretur
3388 3035 3698 3093 infirmior.

2100 3121 2187 3176 11.
2222 3122 2423 3176 Habes
2455 3122 2568 3176 hoc
2596 3122 2657 3175 in
2690 3121 3013 3193 Evangelio
3062 3123 3301 3187 (Matth.
3347 3139 3459 3187 xx,
3500 3123 3554 3192 9,
3590 3123 3699 3195 10),

2029 3211 2164 3282 quia
2193 3226 2426 3265 merces
2460 3210 2708 3281 aqualis
2738 3210 3015 3264 omnibus
3045 3210 3296 3264 solvitur
3323 3210 3384 3263 in
3413 3211 3584 3265 vinea
3607 3212 3695 3265 la-

1954 3268 2006 3331 c
2026 3268 2373 3353 borentibus
2407 3314 2419 3352 :
2453 3268 2561 3352 sed
2590 3299 2762 3367 pauci
2791 3297 2866 3352 ad
2895 3298 3185 3365 brevium,
3216 3298 3389 3367 pauci
3418 3299 3491 3353 ad
3522 3315 3695 3353 coro-

2026 3403 2162 3441 nam
2178 3387 2542 3456 perveniunt,
2570 3387 2739 3455 pauci
2762 3387 2993 3440 dicunt:
3021 3406 3043 3436 κ
3090 3387 3373 3455 Reposita
3417 3390 3510 3440 est
3551 3387 3696 3441 mihi

2029 3491 2248 3530 corona
2272 3474 2519 3545 justitia
2541 3474 2629 3543 (II
2657 3474 2800 3528 Tim.
2833 3491 2913 3543 vx,
2933 3474 3009 3543 8).
3048 3496 3070 3522 ιι
3096 3474 3227 3527 Alia
3248 3478 3338 3528 est
3361 3474 3517 3528 enim
3540 3490 3697 3529 mer-

2027 3580 2128 3618 ces
2158 3563 2525 3617 liberalitatis
2548 3566 2604 3616 et
2620 3563 2848 3633 gratia,
2872 3561 3031 3616 aliud
3054 3563 3290 3616 virtutis
3315 3563 3693 3634 stipendium,

2026 3651 2250 3706 laboris
2281 3651 2676 3705 remuneratio
2709 3650 2844 3719 (93).

2096 3758 2183 3813 12.
2218 3757 2377 3828 Ergo
2407 3756 2816 3811 didrachmum
2861 3755 3187 3825 redemptio
3220 3758 3332 3825 est,
3366 3756 3484 3810 imo
3516 3755 3692 3810 dimi-

2025 3847 2186 3901 dium
2212 3845 2558 3899 didrachmi.
2595 3844 2864 3899 Redemit
2884 3848 3076 3898 autem
3101 3860 3211 3899 nos
3230 3847 3483 3913 amorte,
3519 3845 3693 3899 rede-

2025 3936 2129 3988 mit
2160 3950 2193 3988 a
2226 3934 2552 4002 servitute;
2601 3948 2674 3987 ne
2718 3932 2978 4003 subjecti
3020 3933 3210 3986 simus
3260 3933 3405 3996 780
3457 3933 3695 4003 mundo,

2027 4024 2122 4077 cui
2151 4022 2637 4077 renuntiavimus.
2674 4021 2842 4076 Unde
2863 4021 3149 4076 Dominus
3173 4021 3231 4074 in
3255 4021 3580 4093 Evangelio
3603 4022 3695 4076 di-

2026 4112 2105 4165 cit
2120 4112 2193 4164 ad
2216 4110 2472 4178 Petrum,
2496 4112 2559 4163 ut
2593 4109 2768 4163 vadat
2802 4110 2876 4163 ad
2906 4124 3086 4178 mare,
3126 4109 3312 4162 mittat
3349 4109 3605 4178 hamum,
3640 4112 3698 4164 et

2024 4200 2086 4253 in
2115 4214 2217 4254 ore
2247 4199 2434 4270 piscis
2464 4198 2766 4252 inventum
2795 4200 3075 4252 stateram
3120 4200 3314 4251 sumat
3344 4196 3477 4267 (94),
3513 4200 3569 4250 et
3599 4197 3696 4252 det

2024 4340 2279 4396 dunensi
2321 4339 2381 4394 in
2412 4339 2527 4393 ﬁne
2566 4339 2702 4393 libri
2735 4338 2821 4392 De
2853 4337 3108 4392 tenenda
3145 4337 3478 4405 Scriptura
3517 4337 3682 4390 veri-

2025 4418 2147 4466 tate
2172 4454 2184 4479 ,
2219 4411 2317 4465 ubi
2337 4416 2533 4464 tamen
2554 4425 2806 4481 quonam
2826 4424 2901 4462 ex
2924 4423 3100 4477 opera
3123 4406 3682 4474 fueritdesumptus,

2024 4499 2139 4537 non
2174 4482 2538 4550 exprimitur.

2096 4551 2208 4620 (93)
2244 4545 2413 4607 Rom.
2464 4550 2626 4618 edit.,
2665 4571 2687 4595 «
2739 4548 2852 4601 alia
2900 4547 3124 4620 laboris
3176 4545 3686 4620 remuneratio;__:3

1946 4615 2001 4677 D
2025 4614 2133 4678 sed
2152 4614 2360 4677 vocem
2388 4645 2409 4668 (ι
2445 4621 2556 4673 alia
2589 4614 2621 4666 »ι’
2649 4634 2840 4688 neque
2872 4620 2985 4670 vet.
3019 4617 3156 4688 adit.
3194 4630 3386 4688 neque
3418 4624 3564 4688 mss.
3586 4614 3687 4668 ulli

2025 4696 2377 4765 agnoscunt.
2413 4686 2888 4765 Melius‘utique;
2909 4703 3070 4765 __nar_n
3102 4687 3357 4765 virtutis
3382 4690 3439 4738 at
3472 4686 3696 4740 laboris

2025 4757 2256 4818 marces
2289 4762 2495 4835 gratia
2536 4763 2591 4813 et
2613 4757 2980 4835 liberalitatis
3013 4757 3700 4835 donqconginnaﬂoppo-

2025 4836 2217 4889 nitur:
2250 4828 2369 4887 non
2398 4835 2587 4884 autem
2621 4829 2841 4883 laboris
2874 4828 3234 4881 emuneratio
3259 4828 3554 4895 stipendio
3575 4829 3698 4881 vir-

2024 4905 2203 4973 tutis;
2235 4919 2368 4957 cum
2401 4901 2661 4955 hocloco
2692 4899 2881 4952 virtus
2911 4899 2971 4951 in
3002 4898 3203 4952 labore
3237 4898 3426 4967 posita
3459 4899 3554 4951 sit.
3593 4898 3700 4951 Ea-

2029 4992 2161 5066 dem
2219 4991 2355 5066 edit.
2410 4990 2578 5066 Rom.
2610 4992 2743 5066 ante
2781 5002 2963 5041 vocas
3019 5007 3041 5037 ι
3094 4989 3369 5066 ειηῐῐιριθιθ
3421 4983 3743 5066 »_posui_t'

2034 5085 2055 5109 α
2098 5061 2411 5129 Christus,
2452 5063 2507 5113 et
2552 5059 2803 5112 vocibus
2852 5080 2873 5104 «ι
2927 5072 2960 5110 a
3007 5057 3292 5111 servitute
3330 5080 3352 5104 »
3388 5056 3699 5129 subjunxit

2032 5156 2053 5180 α
2100 5132 2324 5202 peccati
2360 5153 2381 5179 υ
2410 5130 2515 5202 sed
2546 5132 2792 5202 utraque
2822 5128 3038 5182 abesto
3066 5143 3213 5202 mss.
3248 5131 3305 5181 et
3328 5130 3510 5198 antiq.
3534 5128 3697 5195 adit.,

2027 5199 2137 5258 nec
2167 5202 2287 5256 ullo
2320 5201 2492 5255 modo
2524 5200 2729 5254 sensui
2763 5202 2855 5253 est
2885 5199 3250 5253 necessaria.

2097 5274 2212 5344 (94)
2243 5273 2434 5344 Stater
2454 5287 2676 5344 nomen
2696 5273 2820 5344 erat
2847 5270 3067 5344 nummi
3083 5269 3514 5344 Do_rici,__q_uem_
3533 5266 3700 5337 ejus-

2028 5339 2159 5398 dem
2183 5339 2352 5411 pretii
2387 5342 2574 5396 fuisse
2597 5357 2665 5394 ac
2688 5341 2899 5394 siclum
2921 5340 3048 5395 sive
3068 5340 3262 5409 majus
3294 5339 3703 5411 didracbmum

2027 5430 2145 5469 non
2178 5408 2252 5467 ex
2283 5414 2392 5466 hac
2422 5414 2643 5466 tantum
2674 5412 2977 5465 Ambrosii
3008 5408 3277 5480 apistOla,
3299 5408 3703 5480 veruimAetiam

2029 5501 2103 5539 ex
2136 5484 2444 5538 collatione
2479 5499 2585 5553 cap
2607 5500 2729 5536 xxx
2761 5481 2951 5535 Exodi
2999 5476 3401 5553 translatiOnis
3432 5476 3588 5553 ΙλΧξς
3620 5476 3705 5553 ln-

2028 5559 2232 5624 terpr.,
2286 5571 2419 5607 cum
2467 5546 2744 5608 versione
2781 5553 2968 5624 Vulg.
3028 5551 3300 5624 ejusdem
3355 5563 3481 5624 cap.
3538 5546 3703 5624 Unde

2027 5617 2159 5680 cum
2190 5617 2482 5696 Origenes
2522 5625 2582 5678 in
2638 5617 3252 5696 Matthaiivn'dicit‘
3283 5634 3319 5696 :_
3349 5639 3369 5666 ι
3425 5617 3707 5696 Praecipit

2026 5687 2451 5752 Salvator'dari
2486 5699 2788 5760 stateram,
2821 5695 2884 5746 in
2934 5707 3051 5761 quo
3094 5692 3261 5761 erant
3289 5687 3708 5761 duo‘didrach-

2031 5783 2166 5839 mo,
2215 5786 2237 5818 ι
2280 5765 2703 5837 intelligendus
2758 5756 2991 5817 videtur
3047 5775 3164 5817 non
3219 5758 3292 5812 de
3344 5756 3707 5813 didrachmis
