4072 6174
403 347 524 412 947‘

401 565 510 624 pro
553 550 802 607 Domino
831 553 886 607 et
917 566 1025 623 pro
1060 565 1127 607 se
1160 550 1540 622 exigentibus
1560 550 1904 607 didrachma
1959 551 2071 622 (95)
2101 532 2159 593 Α

400 640 640 710 (Matth.
673 658 818 710 xvn,
849 640 960 711 26).
996 641 1124 696 Hoc
1163 643 1256 696 est
1284 641 1465 713 igitur
1495 641 1837 696 didrachma
1858 681 1872 710 ,
1915 640 2073 711 quod

402 728 765 801 exigebatur
785 729 1115 784 secundum
1136 730 1332 802 legem
1357 743 1370 784 :
1396 729 1503 784 sed
1526 744 1645 783 non
1657 729 1909 783 debebat
1931 728 2073 782 illud

398 816 560 872 filius
599 816 785 888 regis,
818 817 926 872 sed
956 818 1187 876 alienus
1227 817 1406 885 (Ibid.
1459 816 1548 883 24,
1582 818 1693 887 25).
1726 816 1875 881 Quid
1918 815 2074 870 enim

401 920 469 960 se
507 904 781 960 Christus
838 905 1129 960 redimere
1159 906 1232 960 ab
1264 905 1379 959 hoc
1420 904 1674 973 mundo,‘
1692 904 1792 975 qui
1832 905 2076 959 venerat

400 996 465 1047 ut
501 993 732 1048 tolleret
760 996 1066 1063 peccatum
1097 994 1345 1049 mundi?
1373 991 1522 1058 Quid
1554 1009 1621 1048 se
1652 1007 1684 1046 a
1713 995 1953 1062 peccato
1976 1007 2074 1046 re-

400 1081 668 1152 dimeret,
702 1082 804 1153 qui
833 1081 1225 1137 descenderat
1245 1085 1309 1136 ut
1338 1081 1614 1137 omnibus
1646 1084 1951 1152 peccatum
1982 1079 2075 1133 di-

400 1171 655 1227 mitteret
684 1171 872 1241 (Joan.
904 1188 943 1239 ι,
976 1171 1067 1240 29)
1101 1172 1131 1224 εἰ
1178 1169 1329 1236 Quid
1359 1186 1426 1224 se
1469 1169 1784 1224 redimeret
1813 1184 1847 1223 a
1879 1168 2074 1224 servi-

400 1262 545 1328 tute,
580 1259 681 1330 qui
713 1275 779 1314 se
811 1258 1218 1313 exinaniverat
1247 1257 1429 1328 (Phil.
1468 1274 1540 1327 ιι,
1579 1257 1635 1327 ’7)
1665 1260 1728 1312 ut
1773 1257 2075 1312 universis

402 1347 734 1403 libertatem
763 1347 928 1401 daret
946 1348 975 1401 ?
1004 1345 1155 1411 Quid
1184 1362 1251 1401 se
1298 1346 1615 1401 redimeret
1644 1361 1679 1399 a
1717 1348 1928 1413 morte,
1972 1344 2075 1416 qui

405 1451 642 1492 carnem
672 1438 1021 1505 susceperat
1047 1438 1111 1489 ut
1139 1437 1326 1490 morte
1357 1450 1466 1490 sua
1487 1434 1764 1489 omnibus
1794 1448 2076 1489 resurec-

399 1524 620 1581 tionem
650 1524 985 1596 anquireret
1012 1525 1041 1577 ε)

478 1630 565 1686 13.
597 1630 732 1685 Non
760 1630 960 1701 utique
985 1646 1134 1701 opus
1157 1629 1361 1684 habuit
1381 1629 1784 1699 redemptione
1806 1627 2077 1697 redemp-

403 1721 498 1775 tor
526 1719 942 1773 universorum
976 1734 988 1772 :
1023 1718 1129 1773 sed
1161 1720 1316 1773 sicut
1352 1717 1865 1772 circumcisionem
1910 1731 2078 1770 acce-

402 1808 505 1879 pit,
540 1810 602 1861 ut
629 1807 823 1878 legem
854 1806 1123 1876 impleret
1152 1807 1315 1875 (Luc.
1351 1824 1410 1870 ιι,
1445 1807 1577 1874 22);
1630 1810 1686 1860 et
1724 1806 1796 1858 ad
1843 1805 2077 1874 baptis-

406 1911 568 1950 mum
586 1896 745 1950 venit
772 1898 835 1949 ut
856 1894 1685 1967 impleretjustitiam(Matth.
1720 1910 1804 1961 iu,
1840 1893 1928 1962 15)
1965 1910 1976 1947 :
2004 1892 2083 1946 ita

407 1985 583 2038 etiam
616 1983 957 2037 didrachma
990 1983 1373 2054 exigentibus
1391 1983 1746 2037 solutionem
1778 1997 1896 2036 non
1915 1996 2082 2036 recu-

410 2073 583 2141 savit,
618 2072 726 2127 sed
750 2072 945 2126 statim
976 2075 1253 2127 staterem
1275 2088 1382 2142 pro
1407 2071 1750 2127 didrachmo
1768 2069 1956 2142 jussit
1975 2084 2081 2139 pro

410 2176 477 2216 se
509 2163 566 2216 et
598 2160 768 2215 Petro
801 2160 927 2214 dari
973 2160 1216 2229 (Matth.
1247 2177 1388 2229 xvu,
1420 2160 1533 2230 25).
1568 2159 1769 2213 Maluit
1799 2159 1953 2213 enim
1976 2172 2083 2211 su-

411 2265 519 2321 pra
548 2249 743 2321 legem
766 2249 1023 2318 solvere,
1048 2264 1225 2321 quam
1245 2249 1303 2303 id
1327 2249 1483 2320 quod
1516 2252 1640 2303 erat
1659 2248 1817 2319 legis
1839 2257 2082 2318 negare.

410 2337 681 2393 Ostendit
709 2339 902 2393 autem
936 2341 1141 2393 contra
1167 2338 1361 2411 legem
1387 2338 1629 2392 Judaeos
1651 2336 1869 2405 facere,
1894 2335 1996 2406 qui
2011 2333 2085 2388 ab

411 2443 530 2482 uno
551 2427 959 2482 didrachmum
980 2427 1289 2499 exigerent
1311 2442 1327 2496 ;
1361 2426 1457 2480 cui
1487 2425 1793 2480 dimidium
1809 2423 2082 2478 didrach-

415 2515 492 2570 mi
516 2516 877 2588 exigendum
920 2516 1160 2586 Moyses
1206 2514 1665 2586 praescripserit.
1714 2511 1785 2566 Et
1812 2512 1967 2581 ideo,
2029 2512 2088 2564 et

414 2619 525 2675 pro
555 2619 623 2659 se
652 2607 711 2659 et
740 2619 846 2675 pro
878 2604 1052 2659 Petro
1079 2606 1356 2675 tanquam
1388 2602 1660 2673 singulas
1681 2600 1995 2655 drachmas
2016 2597 2077 2652 in

420 2694 639 2747 statere
658 2692 814 2747 solvi
836 2692 1153 2747 mandavit.
1177 2692 1379 2746 Bonus
1399 2695 1593 2745 autem
1610 2704 1829 2745 census
1841 2686 2083 2755 Christi,

2112 1766 2162 1827 B

419 2780 522 2852 qui
552 2783 771 2836 statere
801 2780 1088 2850 solvitur;
1120 2780 1257 2852 quia
1287 2783 1505 2834 statera
1545 2777 1774 2850 justitia
1806 2778 1916 2844 est,
1950 2775 2088 2846 jus-

415 2869 543 2924 titia
571 2872 766 2924 autem
787 2884 968 2939 supra
996 2868 1211 2941 legem.
1235 2868 1500 2939 Denique
1531 2866 1668 2922 ﬁnis
1697 2865 1853 2937 legis
1886 2863 2089 2918 Chris-

1842 354 1900 417 S.
1960 349 2401 415 AMBROSII.

3704 354 3812 419 948

2185 551 2598 619 infirmitatem,
2632 551 2729 623 qui
2754 566 2821 607 se
2839 551 3166 624 subjeeerit
3185 552 3423 620 mundo,
3452 551 3604 624 quod
3630 552 3815 626 diligat

2187 640 2489 707 mundum,
2520 640 2615 695 vel
2647 644 2897 695 mentem
2931 657 3121 709 suam,
3155 642 3211 695 id
3230 653 3321 704 est
3347 652 3459 701 νοῦν
3487 640 3616 711 (9⁵1),
3648 641 3816 713 hujus

2185 730 2485 783 auctorem
2515 729 2858 784 voluntatis.
2905 729 3030 784 Nec
3080 730 3274 785 solum
3322 729 3394 784 ad
3440 744 3695 797 uxorem,
3725 731 3821 787 sed

2187 817 2358 871 etiam
2381 816 2456 870 ad
2503 816 2892 872 delectionem
2939 817 3213 887 refertur,
3259 833 3391 887 quae
3443 817 3818 889 domesticam,

2186 920 2306 959 non
2337 904 2496 959 illam
2528 908 2807 959 aeternam
2839 921 3061 973 curam,
3110 907 3381 975 suscipit.
3416 905 3567 959 Huic
3603 920 3738 977 ergo
3760 906 3825 960 ad

2186 992 2364 1047 limen
2397 995 2454 1047 et
2484 994 2701 1048 ostium
2738 1010 2912 1049 suum
2959 994 3233 1049 dominus
3279 1008 3429 1049 suus
3468 987 3664 1048 aurem
3704 1009 3826 1064 per-

2187 1081 2411 1152 tundit;
2432 1085 2495 1137 ut
2524 1082 2856 1137 meminerit
2882 1083 3180 1138 sermonis
3209 1082 3323 1147 sui,
3361 1097 3479 1154 quo
3508 1082 3826 1137 servitutem

2190 1170 2392 1242 elegit.

2272 1276 2411 1347 781
2456 1276 2542 1331 15.
2576 1276 2649 1332 Et
2685 1277 2818 1333 ideo
2851 1279 2934 1347 tu,
2974 1276 3329 1347 Christiane,
3364 1277 3545 1332 istum
3572 1291 3684 1332 non
3712 1276 3830 1330 imi-

2190 1365 2335 1419 teris
2368 1364 2515 1435 (98);
2546 1364 2684 1435 quia
2708 1364 2819 1419 tibi
2847 1364 3131 1435 scriptum
3152 1369 3262 1435 est,
3290 1380 3410 1420 non
3442 1368 3507 1419 ut
3531 1364 3832 1419 didrachmi

2191 1452 2517 1521 dimidium,
2542 1452 2595 1505 si
2612 1456 2806 1508 tamen
2833 1453 2928 1507 vis
2949 1453 3250 1523 perfectus
3272 1469 3434 1522 esse,
3460 1452 3582 1508 Deo
3604 1451 3828 1508 offeras:

2191 1541 2299 1595 sed
2329 1542 2392 1595 ut
2422 1541 2616 1596 omnia
2645 1544 2743 1595 tua
2759 1541 3003 1609 vendas,
3038 1545 3094 1596 et
3110 1542 3217 1595 des
3235 1540 3599 1610 pauperibus
3619 1540 3831 1607 (Matth.

2191 1646 2316 1698 xix,
2350 1629 2459 1694 2t).
2492 1628 2618 1683 Nec
2655 1632 2718 1683 ut
2747 1629 3077 1699 portionem
3099 1630 3408 1683 servitutis
3431 1629 3646 1683 mundo
3667 1642 3837 1683 reser-

2190 1732 2299 1771 ves
2336 1732 2347 1771 :
2382 1717 2488 1771 sed
2520 1720 2582 1771 ut
2613 1718 2797 1771 totum
2827 1720 2883 1772 te
2913 1717 3201 1789 abneges,
3246 1720 3304 1772 et
3346 1718 3595 1772 Domini"
3626 1731 3835 1772 crucem

2192 1806 2386 1873 tollas,
2421 1809 2478 1859 et
2508 1805 2782 1876 sequaris
2815 1821 2970 1860 eum.

2265 1893 2352 1947 16.
2385 1893 2788 1966 Cognovimus
2809 1895 3005 1965 itaque
3033 1894 3165 1950 ideo
3198 1894 3508 1950 dimidium
3538 1877 3835 1949 didrachmi

2192 1981 2325 2053 lege
2356 1982 2663 2055 postulari,
2700 1983 2836 2052 quia
2865 1983 3171 2037 dimidium
3203 1984 3413 2055 generi
3437 1982 3620 2054 hujus
3641 1982 3834 2049 mundi,

2193 2071 2252 2125 id
2284 2073 2376 2125 est
2404 2071 2840 2126 conversationi
2865 2071 3160 2139 saeculari,
3194 2074 3251 2126 et
3281 2072 3421 2126 usui
3439 2072 3771 2139 domestico,
3791 2072 3837 2123 et

2192 2160 2523 2230 posteritati
2572 2159 3027 2224 reservabatur,
3079 2159 3299 2230 quibus
3352 2175 3606 2215 necesse
3652 2162 3765 2214 erat
3795 2158 3842 2212 et

2192 2250 2417 2303 sortem
2447 2262 2524 2301 ex
2555 2251 2718 2302 sorte
2748 2247 2883 2316 (99),
2928 2247 2987 2302 id
3033 2251 3125 2301 est
3153 2248 3655 2314 transmissionis,
3689 2246 3843 2316 depu-

2190 2335 2320 2390 tari.
2356 2335 2526 2390 Unde
2567 2339 2625 2390 et
2668 2335 2955 2390 Dominus
2999 2336 3365 2390 tentantibus
3411 2352 3479 2390 se
3540 2333 3838 2390 Pharisaeis

2190 2423 2442 2478 subdola
2460 2424 2926 2496 interrogatione
2960 2413 3153 2478 utrum
3176 2425 3463 2480 suaderet
3486 2440 3721 2479 censum
3741 2422 3845 2476 dari

2189 2510 2435 2580 Caesari,
2468 2512 2812 2582 respondit:
2852 2533 2874 2561 α
2907 2511 3060 2577 Quid
3090 2528 3180 2567 me
3202 2515 3469 2580 tentatis,
3499 2510 3842 2583 hypocrita?

2191 2599 2493 2654 Ostendite
2515 2600 2658 2654 mihi
2680 2601 2973 2655 numisma
2997 2616 3239 2655 census.
3267 2624 3289 2648 »ι
3316 2602 3397 2655 At
3426 2601 3510 2654 illi
3534 2599 3839 2656 obtulerunt

2192 2689 2246 2742 ei
2274 2688 2579 2743 denarium
2607 2688 2846 2760 (Matth.
2880 2705 3025 2757 xxii,
3053 2688 3138 2756 18,
3167 2689 3273 2758 19),
3300 2688 3361 2743 in
3384 2705 3503 2760 quo
3527 2691 3650 2744 erat
3675 2688 3843 2758 imago

2191 2774 2471 2831 Caesaris.
2522 2777 2620 2832 Ait
2666 2776 2785 2830 illis
2820 2791 2832 2830 :
2871 2795 2894 2826 ι
2933 2776 3181 2830 Reddite
3225 2792 3360 2846 quae
3413 2780 3555 2832 sunt
3581 2775 3833 2842 Caesaris,

2192 2863 2448 2921 Caesari:
2480 2868 2535 2918 et
2564 2880 2697 2935 quae
2730 2867 2869 2918 sunt
2899 2864 3027 2933 Dei,
3063 2864 3184 2918 Deo
3215 2864 3401 2934 (Ibid.
3435 2865 3565 2933 21);
3599 2884 3621 2914 ι
3654 2866 3831 2917 osten-

416 2959 515 3012 tus
561 2956 635 3012 ad
658 2956 948 3028 justitiam
988 2957 1144 3013 omni
1188 2956 1449 3011 credenti
1494 2955 1682 3025 (Rom.
1728 2970 1798 3021 x,
1850 2953 1927 3022 4).
1978 2951 2089 3006 Hic
2196 2954 2345 3008 dens
2376 2952 2511 3008 illos
2542 2954 2621 3007 ita
2659 2968 2799 3008 esse
2845 2951 3254 3023 imperfectos,
3305 2955 3414 3024 qui
3464 2952 3580 3008 sibi
3626 2949 3844 3023 perfecti

420 3047 605 3101 stater
632 3045 693 3100 in
724 3061 827 3101 ore
857 3045 1045 3117 piscis
1077 3045 1373 3100 invenitur
1405 3059 1418 3100 :
1451 3043 1611 3098 illius
1652 3042 1863 3113 piscis,
1914 3055 2089 3112 quem
2121 3028 2172 3091 Ο
2196 3042 2555 3109 viderentur,
2589 3043 2653 3096 ut
2681 3041 2848 3111 prius
2899 3040 3127 3095 Caesari
3168 3056 3343 3112 quam
3397 3042 3519 3096 Deo
3552 3040 3842 3096 solverent.

424 3133 663 3205 capiunt
681 3133 1013 3205 piscatores
1032 3133 1336 3189 hominum
1369 3147 1382 3188 :
1416 3132 1575 3186 illius
1592 3131 1801 3201 piscis,
1829 3129 1931 3200 qui
1946 3144 2090 3199 pon-

420 3222 587 3277 derat
616 3238 927 3278 sermones
960 3237 1106 3278 suos
1127 3221 1262 3293 (96),
1295 3223 1358 3277 ut
1387 3220 1527 3292 igne
1559 3218 1927 3274 examinatos
1945 3233 2091 3288 pro-

420 3310 572 3367 ferat
602 3310 791 3381 (Psal.
826 3328 974 3381 xvn,
1005 3311 1121 3382 31).

493 3415 581 3473 14.
615 3418 787 3474 Hunc
816 3420 1096 3474 staterem
1124 3416 1469 3473 nescierunt
1498 3412 1713 3483 Judaei,
1746 3426 1925 3484 quem
1954 3426 2093 3492 pro-

424 3505 598 3562 ditori
641 3507 948 3563 dederunt.
995 3508 1120 3562 Lex
1163 3510 1358 3561 autem
1418 3502 1726 3584 dimidium
1770 3500 2097 3584 didrachmi

422 3610 533 3666 pro
559 3596 961 3666 redemptione
1007 3596 1220 3651 animae
1269 3593 1485 3666 exigit,
1531 3582 1707 3665 quam
1758 3582 2097 3672 drachmam

424 3682 549 3739 Deo
578 3685 844 3759 deputat;
868 3684 1005 3756 quia
1020 3687 1204 3739 totum
1222 3680 1633 3737 didrachmum
1648 3678 1953 3732 vindicare
1977 3691 2097 3731 non

425 3775 673 3845 poterat.
707 3773 822 3827 Vix
850 3774 1007 3829 enim
1037 3773 1098 3827 in
1146 3771 1355 3827 Judaeo
1389 3768 1486 3825 vel
1524 3768 1716 3838 portio
1763 3765 2097 3821 devotionis

426 3863 654 3932 poterat
682 3861 1051 3934 investigari.
1073 3858 1183 3924 Qui
1201 3862 1395 3914 autem
1414 3872 1595 3912 verus
1614 3859 1706 3911 est
1725 3855 1897 3923 liber,
1915 3868 2096 3908 verus

429 3948 744 4019 Hebrmus,
763 3951 922 4004 totus
936 3952 1028 4004 est
1045 3949 1181 4017 Dei;
1220 3950 1404 4003 totum
1427 3945 1586 4017 quod
1625 3943 1822 4012 habet,
1855 3942 2099 3997 liberta-

428 4038 507 4093 tis
538 4040 648 4093 est.
683 4037 845 4093 Nihil
883 4037 1061 4092 habet
1106 4036 1288 4104 illius,
1340 4034 1439 4106 qui
1485 4033 1817 4087 libertatem
1863 4032 2101 4085 recusat

430 4125 675 4182 dicens:
714 4146 738 4179 ι
789 4125 981 4181 Dilexi
1025 4124 1327 4181 dominum
1367 4136 1585 4191 meum,
1635 4122 1693 4173 et
1745 4134 1995 4174 uxorem
2042 4120 2101 4172 et

429 4214 687 4271 infantes
725 4229 740 4270 :
773 4229 894 4271 non
920 4213 1096 4269 abibo
1146 4212 1297 4267 liber
1333 4209 1551 4282 (Exod.
1583 4224 1707 4278 xxi,
1740 4207 1818 4277 5).
1864 4226 1887 4256 ι
1929 4205 2096 4272 Quod

431 4320 552 4362 non
573 4304 773 4361 solum
800 4303 877 4359 ad
906 4302 1210 4357 dominum
1242 4300 1352 4355 sed
1382 4297 1556 4354 etiam
1573 4296 1647 4351 ad
1677 4294 1829 4368 ejus.
1842 4293 2098 4350 refertur

432 4447 654 4519 templi,
688 4446 801 4519 sed
818 4446 891 4519 de
912 4444 1347 4519 communibus.
1386 4442 1587 4519 Itaque
1629 4439 1826 4519 minus
1874 4440 2034 4519 recte
2064 4454 2099 4492 a

432 4508 667 4576 Nannio
696 4518 755 4574 in
776 4517 1034 4573 Scholiis
1064 4516 1137 4570 ad
1175 4516 1400 4569 hancce
1432 4508 1743 4582 epistolam
1774 4508 2100 4582 reprehen-

434 4591 591 4662 ditur
606 4590 873 4662 Budeus,
893 4588 1051 4662 quod
1068 4590 1347 4662 stateram
1367 4580 1619 4662 quatuor
1636 4580 1955 4662 drachmas
1991 4595 2098 4661 νει-τ

434 4661 559 4716 lere
586 4650 891 4728 docuerit;
910 4650 977 4712 ἐἰ
998 4657 1154 4713 enim
1184 4657 1256 4711 de
1270 4650 1918 4728 minorib_us_drachmis
1940 4650 2101 4728 loqui

431 4731 638 4800 voluii,
671 4748 705 4785 a
725 4723 1084 4799 vero'pretio
1115 4724 1577 4800 nonaberravit.
1602 4723 1800 4800 ipsum
1831 4723 2097 4800 consule.

505 4791 635 4871 (95)
651 4802 730 4856 Ita
761 4791 920 4855 mss:
940 4802 1004 4871 et
1031 4804 1155 4871 vet.
1181 4795 1457 4871 edit._hi_c
1500 4796 1562 4871 et
1608 4791 1761 4871 infra
1803 4791 1987 4871 semel
2032 4806 2101 4871 ac

435 4861 667 4927 iterum.
691 4871 817 4927 Nec
845 4869 995 4925 male
1023 4870 1258 4940 quidem
1292 4884 1305 4922 :
1339 4866 1589 4940 habetur
1614 4863 1770 4940 enim
1820 4861 1914 4940 bis
1946 4862 2101 4940 apud

435 4942 774 4997 Matthaeum
804 4941 900 4997 cit.
954 4931 1108 5008 loco,
1150 4948 1218 5000 τὰ
1242 4940 1511 5019 δίδρᾳχμοξ
1539 4936 1603 5019 in_
1640 4936 1803 5019 ι’θοιρ
1848 4931 2099 5019 ΡῙΨξθίίί

435 5022 555 5077 dici
580 5024 774 5094 tamen
805 5044 828 5070 α
863 5021 1142 5094 drachma
1163 5043 1198 5094 _»
1218 5019 1285 5094 in
1315 5010 1607 5094 singulari
1628 5012 1786 5094 quod
1819 5010 2098 5094 continuo

435 5093 739 5177 sequitur,‘
758 5092 1038 5177 ostendit;
1076 5090 1184 5146 sed
1216 5090 1386 5145 Rom.
1421 5085 1565 5142 edit.
1605 5085 1823 5154 ubique
1855 5085 2099 5151 antepo-

436 5162 557 5220 suit
586 5185 610 5212 «
644 5162 1074 5218 didrachmum.
1112 5184 1135 5210 ιι
1614 5194 1621 5199 .
2030 5222 2040 5232 .

504 5235 618 5307 (96)
653 5235 822 5289 Rom.
858 5233 1019 5301 edit.,
1057 5231 1224 5307 arqui
1270 5232 1487 5285 statera
1537 5225 1857 5307 ponderat;
1910 5246 1931 5271 »
1968 5223 2099 5277 aliae

433 5300 642 5362 omnes
671 5320 741 5359 ac
772 5319 919 5359 mss.
955 5300 1226 5358 omittunt
1252 5316 1455 5356 cocem
1489 5320 1511 5345 α
1551 5300 1787 5352 statera.
1826 5314 1850 5346 ι

504 5377 620 5447 (97)
653 5376 781 5432 Vet.
816 5376 978 5447 edit.,
998 5397 1019 5423 α
1049 5374 1139 5430 vel
1163 5376 1415 5447 mentem
1447 5384 1636 5447 suam,
1660 5367 1717 5421 id
1739 5367 1852 5432 est,
1886 5378 2042 5447 non;
2073 5385 2095 5411 »ι

435 5437 607 5503 Rom.
638 5459 752 5508 νοῦν
782 5437 1019 5522 quidem
1050 5446 1423 5522 restituerat,
1448 5440 1555 5495 sed
1587 5454 1798 5492 vocum
1832 5437 2100 5522 ordinem

434 5528 772 5593 inverterat,
798 5516 983 5597 quem
1039 5521 1569 5597 nos_restit_uimus
1608 5533 1639 5571 e
1673 5516 1906 5597 cunctis
1946 5530 2096 5597 mss.

432 5598 722 5652 Caeterum
753 5587 871 5651 non
919 5611 1139 5665 parum,
1167 5593 1321 5665 lucis
1364 5591 1461 5644 hic
1505 5587 2098 5665 locusAacpipiet,“si

435 5683 569 5719 eum
598 5683 731 5720 cum
759 5667 862 5721 lib.
886 5653 963 5719 ιἐι
999 5665 1070 5718 de
1113 5661 1399 5717 Paradiso
1436 5678 1457 5707 »
1509 5673 1636 5727 cap.
1680 5656 1745 5723 2,
1796 5670 1953 5708 num.
1990 5653 2047 5707 11
2082 5694 2094 5719 ,

436 5736 706 5793 conferre
734 5736 1018 5793 volueris.

2195 3129 2424 3194 Quibus
2455 3130 2608 3184 enim
2641 3130 2806 3201 prior
2832 3132 2999 3185 esset
3024 3145 3166 3183 cura
3198 3130 3429 3200 mundi,
3482 3129 3555 3185 ab
3599 3129 3671 3184 iis
3699 3128 3842 3199 prius

2197 3218 2550 3274 solvendum
2589 3218 2761 3288 foret,
2794 3218 2953 3289 quod
2994 3220 3121 3272 erat
3157 3218 3391 3272 mundi.
3440 3218 3609 3274 Unde
3655 3221 3708 3272 et
3733 3215 3840 3268 ait:

2202 3329 2224 3354 «ι
2253 3306 2522 3375 Reddite,
2560 3327 2582 3355 »
2608 3306 2665 3360 id
2694 3311 2806 3372 est,
2830 3322 2940 3361 vos
2962 3306 3208 3376 reddite,
3255 3325 3277 3356 ι
3323 3321 3465 3377 qua
3487 3309 3626 3362 sunt
3664 3303 3838 3360 Casa-

2197 3395 2283 3449 ris
2331 3418 2353 3443 ιι
2389 3395 2544 3467 apud
2590 3395 2751 3467 quod
2791 3395 2985 3465 ﬁgura
3041 3400 3098 3449 et
3143 3394 3345 3467 imago
3399 3395 3691 3451 invenitur
3723 3391 3836 3447 Cm-

2201 3499 2378 3539 881‘18.

2273 3572 2360 3628 1'7.
2394 3572 2484 3628 Illi
2515 3588 2660 3646 ergo
2684 3572 2924 3627 Hebraei
2944 3572 3114 3642 pueri
3145 3572 3437 3643 Ananias,
3473 3571 3727 3639 Azarias,
3755 3566 3848 3622 Mi-

2203 3660 2327 3716 sael
2356 3661 2528 3730 (Dan.
2552 3677 2612 3731 ιι,
2665 3660 2772 3730 1'7),
2807 3660 2903 3714 ille
2949 3659 3154 3714 Daniel
3210 3660 3562 3731 sapientior,
3611 3657 3707 3731 qui
3749 3669 3848 3711 non

2202 3752 2554 3819 receperunt
2581 3764 2730 3819 eam,
2765 3749 2865 3820 qui
2905 3747 3051 3802 nihil
3082 3748 3153 3802 de
3188 3747 3284 3801 illa
3323 3764 3536 3804 mensa
3586 3746 3740 3818 regis
3766 3757 3847 3796 ac-

2206 3837 2498 3907 cipiebant
2516 3837 2687 3905 (Dan.
2721 3853 2759 3905 ι,
2793 3836 2870 3906 8),
2895 3851 3013 3890 non
3033 3835 3391 3891 tenebantur
3419 3837 3492 3892 ad
3524 3834 3848 3891 solutionem

2203 3925 2427 3980 tributi.
2462 3924 2623 3979 Nihil
2662 3925 2819 3980 enim
2865 3940 3071 3980 eorum
3113 3940 3247 3995 quae
3296 3925 3416 3980 sub
3459 3939 3602 3997 rege
3646 3924 3849 3977 terreno

2205 4016 2400 4083 erant,
2448 4013 2860 4084 possidebant.
2910 4012 3071 4084 Ergo
3121 4028 3328 4067 eorum
3384 4013 3703 4067 imitatores
3752 4020 3850 4063 non

2206 4101 2445 4157 solvunt
2471 4102 2786 4171 tributum,
2828 4101 3051 4172 quibus
3097 4102 3290 4171 portio
3336 4101 3502 4157 Deus
3545 4104 3636 4158 est
3679 4098 3847 4169 (Deut.

2206 4207 2371 4260 xvm,
2404 4191 2481 4260 2).
2514 4189 2651 4245 Ideo
2684 4189 2975 4245 Dominus
3005 4190 3084 4244 ait
3111 4205 3124 4244 :
3155 4211 3176 4238 α
3207 4190 3484 4260 Reddite,
3521 4212 3543 4238 ω
3575 4188 3634 4244 id
3653 4190 3738 4244 est
3754 4197 3846 4238 vos

2205 4280 2431 4334 reddite
2453 4321 2467 4349 ,
2514 4278 2615 4350 qui
2664 4277 3000 4349 protulistis
3050 4277 3371 4349 imaginem
3399 4276 3688 4345 Cesaris,
3717 4269 3847 4343 apud

2275 4420 2389 4491 (98)
2420 4420 2569 4496 Mss.
2600 4418 2888 4496 nonnulli,
2923 4440 2947 4467 α
2981 4417 3283 4496 Christum
3313 4434 3435 4474 non
3466 4411 3848 4496 imiteris._Mi-;

2204 4479 2319 4547 nu‘s
2349 4479 2546 4558 recte;
2582 4512 2605 4539 α
2638 4488 2819 4562 istum
2850 4479 2885 4538 ι’
2923 4490 3079 4543 enim
3131 4494 3357 4562 certum
3406 4485 3760 4562 estgreferri
3790 4479 3849 4562 ad

2204 4577 2446 4618 servum
2477 4553 2674 4627 illum,
2723 4561 2794 4614 de
2844 4576 2961 4631 quo
3014 4560 3282 4630 proxime
3325 4564 3461 4615 ante
3500 4559 3711 4631 dictum
3728 4553 3842 4631 fuit.

2204 4634 2462 4688 Adverte
2491 4636 2685 4686 autem
2718 4628 3356 4685 illud'nonadmodum
3400 4646 3542 4702 esse
3572 4628 3844 4702 usitatus!»

2203 4708 2267 4758 ut
2295 4703 2430 4774 quis
2462 4703 2539 4756 ad
2568 4702 2820 4774 amicum
2859 4702 3129 4770 privatim
3164 4702 3460 4774 scribens,
3508 4698 3709 4754 litteris
3736 4698 3843 4748 suis

2203 4772 2460 4829 morales
2488 4773 2946 4842 praeceptiones,
2971 4788 3104 4842 quae
3134 4772 3286 4825 alios
3320 4774 3591 4841 spectent
3612 4811 3636 4842 ,_
3670 4777 3845 4842 asper-

2205 4849 2323 4917 gat,
2357 4835 2855 4917 quemadmodum
2878 4835 2975 4896 hic
2989 4835 3080 4917 'et_
3109 4842 3168 4895 in
3188 4916 3192 4917 ί
3213 4842 3328 4917 fine
3356 4835 3728 4917 Ambrosius.
3757 4835 3846 4887 At-

2201 4907 2394 4971 tamen
2428 4914 2582 4968 haud
2622 4912 2930 4967 absimiles
2988 4912 3434 4967 exhortationes
3474 4910 3625 4981 apud
3654 4907 3843 4981 Hiero:

2200 4969 2438 5057 nymum
2471 4985 2626 5040 sicut
2655 4985 2713 5057 in
2744 4983 3072 5057 epist._1_28,
3109 4983 3184 5038 ad
3211 4969 3538 5045 Fabiolam,
3565 4983 3620 5057 et
3642 4973 3753 5043 129,
3780 4969 3844 5053 ad

2200 5054 2575 5124 Dardanum;
2600 5055 2753 5109 unde
2783 5054 3071 5125 conjicias
3095 5061 3408 5124 utrumque
3431 5054 3693 5125 sanctum
3712 5056 3841 5125 epis:

2199 5112 2351 5183 tolas
2408 5112 2813 5196 suas'publici
2860 5112 3020 5194 juris
3059 5130 3159 5179 aut
3189 5112 3331 5179 fore.
3365 5120 3727 5194 praevidisse,
3746 5112 3837 5167 aut

2200 5200 2351 5255 forte
2381 5214 2456 5251 an
2489 5197 2684 5251 facere
2714 5195 3083 5250 decrevisse.

2273 5279 2384 5348 (99)
2415 5276 2557 5332 Cod.
2592 5276 2717 5329 Vat.
2759 5273 2988 5329 Thuan.
3022 5278 3080 5328 et
3136 5274 3301 5348 Belv.
3327 5296 3360 5348 *σε
3413 5274 3632 5348 sortem
3661 5272 3839 5348 exse}-

2200 5335 2337 5417 tem,
2366 5335 2399 5397 ἰι
2435 5348 2548 5402 hoc
2578 5348 2689 5414 est,
2722 5347 3162 5417 vanamhatque
3194 5344 3476 5417 inutilem,
3520 5341 3710 5417 utpote
3734 5335 3837 5385 ter—

2201 5411 2403 5475 renam
2436 5434 2450 5486 ;
2481 5433 2598 5472 non
2630 5411 2811 5470 secus
2833 5431 2902 5468 ac
2934 5411 3146 5469 dicitur
3175 5431 3207 5468 ει
3239 5414 3462 5473 Graecis
3481 5417 3591 5493 βίος
3627 5411 3829 5493 ddiem,

2199 5513 2356 5581 χᾶρις
2376 5504 2593 5578 ἀχαρις,
2617 5498 2848 5575 «Scopa»;
2884 5510 3031 5581 mss.
3064 5498 3259 5581 tamen
3282 5486 3559 5581 caeteri:et
3587 5486 3834 5581 edit’fE:

2203 5560 2391 5645 nes-»
2415 5560 2651 5631 sortem
2683 5560 2757 5629 e'x
2789 5560 2970 5641 sorte,
3011 5596 3032 5621 »
3070 5574 3347 5627 nimirum
3367 5560 3833 5645 portionem-illiti?

2202 5637 2803 5719 possessionishquaa
2836 5646 2893 5697 in
2920 5637 3117 5719 prima
3150 5637 3437 5719 divisione
3458 5655 3525 5694 ac
3555 5637 3832 5691 sortitione

2204 5716 2460 5791 singulis
2493 5716 2766 5772 tribubus
2800 5716 3077 5769 attributa
3109 5717 3222 5770 est.
