3942 6168
199 339 298 409 949
1317 337 1802 402 EPISTOLARl

1980 339 2308 402 CLASSIS
2349 338 2398 402 Ῑ.

3462 329 3585 397 950

189 556 315 613 quos
342 536 630 607 invenitur,
663 552 778 608 ego
795 539 989 592 autem
1010 538 1157 593 nihil
1181 539 1368 594 debeo
1389 537 1633 608 Caesari,
1661 539 1797 610 quia
1825 526 1885 589 Α
1915 539 2306 612 Evangelium
2333 539 2660 607 redimitur,
2683 538 2860 594 solvit
2881 539 3220 593 drachmam
3249 542 3579 598 secundum

188 629 308 685 nihil
346 627 511 696 hujus
556 626 753 680 mundi
801 626 990 682 habeo
1042 643 1054 681 :
1109 647 1131 677 ι
1187 628 1358 682 Venit
1405 629 1562 682 enim
1612 628 1797 699 hujus

182 716 350 771 mundi
379 715 659 784 princeps,
694 717 751 768 et
783 715 843 768 in
875 731 966 769 me
1002 715 1259 770 inveniet
1291 716 1435 770 nihil
1458 716 1649 786 (Joan.
1675 733 1796 785 x1v,

183 803 274 871 30).
308 825 327 851 ι
372 802 521 857 Nihil
550 802 722 857 debet
749 803 983 871 Petrus,
1017 803 1160 857 nihil
1193 804 1447 873 apostoli
1477 804 1590 858 mei
1617 820 1632 874 ;
1664 805 1800 874 quia

177 908 274 947 non
326 894 452 946 sunt
503 890 572 944 de
628 891 740 945 hoc
798 892 1057 960 mundo,
1123 893 1234 946 etsi
1291 894 1351 946 in
1410 892 1522 948 hoc
1582 892 1799 946 mundo

183 983 313 1035 sunt.
361 979 478 1051 Ego
521 978 654 1033 misi
700 995 806 1033 eos
854 980 914 1033 in
963 980 1120 1034 hunc
1166 981 1486 1051 mundum;
1536 981 1644 1035 sed
1676 980 1801 1052 jam

180 1084 279 1124 non
316 1070 442 1124 sunt
481 1067 551 1123 de
586 1067 700 1122 hoc
747 1069 986 1138 mundo,
1019 1069 1157 1140 quia
1191 1085 1421 1124 mecum
1452 1073 1591 1124 sunt
1619 1085 1802 1139 supra

181 1157 442 1212 mundum.

237 1246 310 1301 18.
351 1245 500 1316 Ergo
547 1245 706 1316 quod
754 1245 969 1300 divinae
1015 1247 1170 1318 legis
1205 1249 1317 1316 est,
1352 1246 1508 1301 solvi
1533 1245 1797 1317 jubetur,

177 1351 273 1389 non
300 1333 442 1405 quod
472 1332 750 1388 Caesaris.
785 1334 901 1389 Sed
933 1337 1125 1389 tamen
1164 1338 1222 1389 et
1249 1337 1446 1405 ipsum
1476 1334 1798 1405 perfectus,

177 1423 224 1476 id
249 1425 343 1489 est,
371 1421 719 1491 praedicator
758 1421 1062 1494 Evangelii
1092 1422 1214 1493 jam
1245 1439 1362 1477 non
1394 1423 1666 1491 debebat,
1701 1423 1804 1493 qui

177 1511 288 1582 plus
314 1511 678 1581 praedicabat.
713 1511 846 1564 Non
876 1511 1126 1566 debebat
1165 1511 1353 1566 Filius
1385 1512 1509 1581 Dei,
1546 1527 1665 1566 non
1697 1511 1803 1565 de-

179 1599 323 1653 bebat
348 1602 399 1655 et
424 1600 637 1654 Petrus
666 1599 728 1653 in
757 1600 1131 1670 adOptionem
1151 1617 1182 1653 a
1203 1601 1375 1654 Patre
1408 1600 1674 1654 adscitus
1696 1615 1804 1670 per

175 1689 387 1760 gratiam
419 1703 432 1742 :
464 1688 575 1743 sed
621 1710 643 1735 ει
683 1704 756 1742 ne
789 1689 1277 1756 scandalizentur,
1311 1689 1518 1760 inquit,
1552 1689 1701 1742 vade
1731 1688 1803 1742 ad

172 1792 322 1844 mare,
353 1781 406 1830 et
434 1777 597 1831 mitte
630 1776 888 1845 hamum,
921 1780 977 1831 et
1008 1793 1142 1832 eum
1171 1777 1417 1847 piscem,
1453 1777 1554 1847 qui
1577 1777 1803 1846 primus

171 1865 487 1932 ascenderit,
524 1866 703 1934 tolle;
745 1869 819 1934 et,
863 1868 1063 1935 aperto
1101 1881 1203 1920 ore
1232 1865 1388 1936 ejus,
1421 1866 1690 1920 invenies
1721 1865 1804 1919 ibi

171 1956 432 2023 stateram,
467 1953 634 2008 illum
667 1970 912 2008 sumens
943 1954 1016 2008 da
1044 1954 1119 2007 iis
1151 1970 1256 2024 pro
1289 1970 1381 2008 me
1410 1957 1466 2009 et
1485 1957 1540 2008 te
1563 1953 1802 2024 (Matth.

169 2058 286 2110 xvii,
309 2041 413 2112 26).
439 2063 460 2090 ι
494 2043 543 2096 Ο
577 2058 790 2114 magna
809 2043 1087 2114 mysteria
1114 2040 1126 2096 l
1161 2043 1258 2096 dat
1279 2043 1584 2096 dimidium
1605 2043 1804 2096 didra-

168 2130 296 2184 chmi
313 2131 460 2202 quod
482 2131 586 2185 lex
601 2129 870 2202 jubebat,
896 2133 952 2184 et
969 2146 1084 2185 non
1103 2134 1282 2203 negat
1318 2132 1475 2201 quod
1504 2131 1658 2202 legis
1691 2133 1803 2200 est,

167 2221 312 2289 quasi
353 2219 541 2273 factus
597 2234 672 2273 ex
713 2219 980 2288 muliere,
1029 2219 1221 2274 factus
1267 2220 1380 2274 sub
1419 2219 1553 2292 lege
1584 2219 1802 2289 (Galat.

167 2323 230 2376 iv,
273 2308 340 2376 4).
385 2307 632 2362 Factum
682 2308 1008 2363 secundum
1058 2309 1524 2362 incarnationem
1569 2308 1805 2363 locutus

165 2409 292 2465 sum,
335 2410 406 2450 ex
448 2397 700 2451 muliere
738 2397 1064 2451 secundum
1095 2412 1345 2466 sexum;
1379 2397 1592 2450 mulier
1620 2411 1806 2451 sexus

164 2487 255 2553 est,
271 2485 432 2556 virgo
451 2485 724 2556 species:
746 2501 934 2539 sexus
953 2486 1213 2556 generis,
1236 2485 1408 2555 virgo
1427 2485 1804 2556 integritatis.

163 2571 215 2626 In
239 2589 343 2643 quo
373 2590 515 2645 ergo
548 2574 711 2628 venit
740 2574 854 2628 sub
884 2573 1037 2646 lege,
1074 2574 1134 2627 in
1172 2589 1241 2627 eo
1294 2565 1442 2628 782
1492 2573 1685 2628 factus
1718 2575 1810 2628 est

161 2676 222 2714 ex
249 2661 499 2732 muliere,
537 2663 600 2715 id
633 2665 744 2731 est,
783 2663 839 2715 in
864 2677 1132 2732 corpore.
1156 2662 1226 2715 Et
1248 2662 1378 2715 ideo
1403 2661 1808 2715 didrachmum

161 2749 288 2803 solvi
314 2749 480 2821 jubet
507 2767 621 2821 pro
652 2767 718 2805 se
750 2755 806 2805 et
841 2751 1032 2820 Petro,
1069 2751 1203 2821 quia
1235 2753 1481 2820 uterque
1512 2750 1624 2804 sub
1674 2750 1808 2821 lege

158 2841 412 2908 generati.
449 2839 633 2895 Jubet
661 2854 808 2910 ergo
840 2839 1170 2893 secundum
1202 2839 1397 2909 legem
1421 2838 1598 2908 solvi,
1619 2841 1680 2892 ut
1701 2854 1808 2893 eos

160 2928 244 2996 qui
270 2928 375 2982 sub
405 2929 539 3000 lege
577 2931 762 2993 erant,
798 2928 1113 2982 redimeret
1146 2926 1365 2996 (Galat.
1398 2943 1476 2995 iv,
1511 2927 1587 2996 5).

221 3015 296 3070 19.
346 3017 414 3070 Et
458 3021 658 3071 tamen
710 3019 988 3071 staterem
1034 3016 1161 3070 dari
1199 3016 1389 3086 jubet,
1442 3031 1558 3085 quo
1605 3017 1809 3070 vectes

160 3103 501 3174 imponerent
552 3107 641 3160 ori
693 3121 824 3174 suo,
875 3121 948 3160 ne
998 3122 1072 3160 ex
1119 3106 1464 3176 mutiloquio
1504 3107 1808 3175 peccatum

161 3191 523 3249 admitterent.
585 3194 655 3248 Et
690 3193 860 3265 jubet
890 3194 1017 3249 dari
1044 3195 1104 3248 in
1137 3210 1238 3248 ore
1268 3195 1456 3264 piscis
1489 3198 1806 3266 repertum,

160 3285 212 3334 ut
235 3286 627 3354 agnoscerent
659 3283 938 3338 Verbum.
973 3282 1083 3348 Qui
1133 3283 1289 3337 enim
1323 3284 1477 3353 quod
1508 3282 1662 3354 legis
1694 3286 1804 3350 est,

162 3371 450 3442 exigebant
475 3388 489 3441 ;
513 3389 627 3427 cur
646 3372 801 3442 quod
825 3372 980 3443 legis
997 3375 1109 3439 est,
1130 3371 1480 3426 nesciebant
1507 3373 1536 3425 ?
1551 3371 1809 3425 Verbum

160 3459 293 3513 enim
340 3461 440 3516 Dei
489 3462 772 3534 ignorare
820 3476 938 3514 non
987 3460 1321 3526 debebant;
1355 3460 1492 3530 quia
1523 3460 1806 3534 scriptum

162 3551 272 3617 est;
305 3572 325 3595 «ι
357 3551 555 3621 Pr0pe
606 3552 701 3624 est
742 3549 1000 3604 Verbum
1049 3551 1108 3602 in
1159 3565 1260 3603 ore
1296 3552 1418 3617 tuo,
1451 3552 1507 3602 et
1537 3550 1596 3602 in
1632 3548 1809 3603 corde

160 3637 243 3691 tuo
277 3637 469 3707 (Deut.
522 3655 671 3708 xxx,
723 3638 831 3707 14).
870 3661 890 3686 η
942 3638 1155 3693 Totum
1185 3637 1371 3708 igitur
1403 3636 1812 3691 didrachmum

163 3723 504 3797 Deo‘solvit,
551 3727 656 3798 qui
687 3726 909 3782 saeculo
943 3726 1088 3780 nihil
1119 3726 1468 3780 reservavit.
1502 3726 1622 3779 Deo
1655 3725 1812 3779 enim

155 3809 358 3882 justitia
403 3816 684 3884 solvitur,
738 3832 871 3886 qua)
920 3818 1011 3870 est
1055 3814 1270 3869 mentis
1311 3814 1651 3869 sobrietas:
1687 3813 1810 3868 Deo

161 3901 386 3958 solvitur
428 3904 734 3960 sermonis
766 3904 1054 3972 custodia,
1089 3919 1223 3974 quae
1256 3906 1347 3957 est
1377 3901 1673 3956 sermonis
1706 3917 1810 3956 so-

160 3987 395 4061 brietas;
444 4015 468 4042 u
512 3993 709 4048 Corde
760 3993 915 4047 enim
969 3993 1228 4046 creditur
1266 3991 1337 4044 ad
1365 3990 1672 4061 justitiam,
1709 4005 1812 4044 ore

160 4079 437 4137 confessio
470 4082 536 4137 ﬁt
567 4082 642 4136 ad
675 4081 923 4136 salutem
953 4081 1140 4148 (Rom.
1176 4097 1234 4147 x,
1271 4077 1381 4149 10).
1421 4102 1442 4127 »ι

219 4167 298 4222 20.
348 4169 556 4225 Potest
602 4173 794 4224 autem
840 4172 896 4223 et
927 4169 1206 4223 drachma
1237 4184 1344 4239 pro
1373 4167 1573 4222 Veteri
1601 4167 1811 4220 Testa-

163 4261 332 4312 mento
380 4259 600 4330 accipi,
650 4258 1056 4312 didrachmum
1103 4273 1209 4328 pro
1260 4256 1568 4327 utriusque
1599 4255 1809 4309 Testa-

164 4346 318 4400 menti
345 4349 537 4417 pretio
565 4363 582 4415 ;
613 4348 750 4418 quia
780 4347 1108 4401 secundum
1150 4346 1346 4416 legem
1395 4343 1810 4415 unusquisque

161 4447 250 4500 per
299 4435 522 4508 legem.
552 4435 954 4491 redimebatur
1002 4450 1015 4490 :
1082 4434 1184 4505 qui
1240 4437 1434 4488 autem
1481 4432 1809 4487 secundum

220 4556 290 4626 (1)
332 4560 415 4614 lta
461 4562 583 4615 vet.
636 4559 771 4614 edit.
806 4575 873 4613 ac
907 4574 1054 4613 mss.
1089 4573 1270 4628 prope
1302 4556 1374 4609 ad
1405 4571 1623 4628 unum:
1656 4571 1806 4628 non-

161 4627 284 4699 nulli
330 4635 528 4686 tamen
580 4634 637 4685 et
681 4632 849 4685 Rom.
881 4630 1040 4697 edit.,
1079 4627 1106 4676 (ἰ
1138 4627 1430 4699 sanguine
1461 4627 1680 4681 Christi
1711 4642 1808 4680 re-

163 4695 408 4770 demptus
440 4717 684 4756 crucem
714 4701 980 4770 accipiat.
1021 4695 1042 4747 »ς

221 4768 294 4839 (2)
322 4776 407 4825 An
441 4772 724 4826 drachma
757 4775 811 4826 et
843 4768 1122 4825 denarius
1152 4768 1339 4839 pretio
1382 4769 1535 4822 inter
1563 4783 1629 4821 se
1662 4783 1807 4839 con-

163 4837 395 4910 veniant,
431 4843 794 4897 dissentiunt
825 4843 975 4896 inter
995 4857 1083 4910 se,
1109 4837 1170 4893 ut
1193 4840 1460 4895 Nannius
1483 4839 1540 4892 in
1560 4837 1809 4910 scholiis

165 4908 440 4981 observat,
485 4914 744 4975 Budeus,
789 4908 1076 4978 Alciatus,
1115 4914 1287 4981 atque
1325 4911 1472 4965 Rod.
1511 4909 1806 4981 Agricola,

163 4980 223 5033 ad
249 4998 394 5052 quos
427 4985 774 5054 hujusmodi
807 4983 1111 5037 studiosos
1158 4979 1507 5054 eruditionis
1557 4979 1809 5054 remitti-

166 5050 298 5120 inus,
347 5050 531 5109 sicut"
551 5061 606 5110 et
653 5056 724 5109 ad
772 5054 1223 5124 Villalpandum,
1276 5050 1700 5107 Brerewodum
1741 5064 1810 5104 ac

164 5118 477 5175 Valtonum-

207 5127 477 5181 altonum.

223 5194 294 5261 (3)
321 5197 552 5264 Scripta
584 5199 716 5252 ante
747 5212 881 5250 ann.
917 5194 1044 5251 381.

224 5266 295 5334 (4)
325 5267 462 5321 Veri
497 5268 808 5322 admodum
839 5267 1030 5320 simile
1047 5269 1159 5334 est,
1179 5281 1313 5319 cum
1333 5263 1686 5319 Ambrosius
1711 5278 1812 5316 ex-

165 5333 349 5408 tremis
401 5339 622 5394 ultimm
673 5339 938 5408 epistolae
985 5337 1187 5391 verbis
1233 5336 1404 5390 Justo
1437 5337 1810 5408 potestatem

167 5402 390 5480 fecisset
421 5411 615 5463 denuo
648 5402 803 5462 circa
834 5409 1190 5478 Scripturas,
1227 5408 1276 5461 si
1317 5402 1808 5480 quidivideretur,

168 5474 589 5549 interrogandi;
625 5482 779 5534 hunc
810 5480 884 5533 ab
917 5474 987 5532 eo
1020 5474 1384 5533 sciscitatum
1409 5476 1618 5549 fuiss_e,
1644 5474 1812 5549 quid-

166 5558 283 5621 nam
313 5545 658 5621 de'stylo'et
685 5551 914 5605 dicendi
949 5551 1309 5616 charactere,
1339 5564 1512 5619 quem
1534 5545 1810 5621 anderis

164 5617 457 5693 nti-iusque
479 5617 802 5693 scriptores
829 5622 1017 5676 secuti
1039 5624 1195 5685 sunt,
1223 5617 1467 5674 sentiret
1491 5618 1810 5693 :Aillumque

169 5683 264 5741 hac
293 5683 681 5768 responsione
714 5693 987 5772 ejusdem
1026 5683 1385 5765 interrogato
1417 5683 1807 5748 satisfecisse.

1913 628 2129 700 legem,
2161 629 2452 698 sanguine
2482 629 2789 682 redimitur
2827 627 3046 682 Christi
3077 630 3405 683 secundum
3438 647 3579 702 gra-

1915 717 2072 786 tiam,
2106 717 2400 788 geminam
2432 717 2661 770 habens
2693 717 3174 786 redemptionem,
3210 721 3266 771 et
3309 719 3584 775 devotio-

1914 806 2008 859 nis
2041 808 2098 859 et
2125 806 2458 876 sanguinis.
2494 806 2619 859 Nec
2650 806 2804 859 enim
2836 807 2984 860 ﬁdes
3017 807 3143 860 sola
3175 807 3245 860 ad
3276 808 3586 877 perfectio-

1914 909 2047 948 nem
2078 893 2224 947 satis
2256 896 2366 962 est,
2415 895 2531 948 nisi
2577 895 2751 948 etiam
2798 895 3170 964 baptismatis
3218 896 3585 965 adipiscatur

1913 982 2183 1053 gratiam,
2237 986 2292 1036 et
2328 983 2680 1053 sanguinem
2711 983 2932 1038 Christi
2964 985 3303 1054 redemptus
3335 986 3585 1056 accipiat

1915 1071 2011 1140 (1).
2046 1071 2207 1125 Bona
2239 1087 2384 1143 ergo
2414 1073 2694 1126 drachma
2728 1089 2859 1142 quae
2894 1073 3015 1127 Deo
3048 1074 3321 1127 solvitur.

1986 1159 2074 1213 2-1.
2091 1159 2224 1214 Non
2238 1161 2619 1214 estdrachma
2640 1148 2918 1216 denarius
2935 1163 3137 1230 (2),sed
3153 1162 3454 1217 diversum
3471 1165 3585 1217 est.

1915 1247 2182 1318 Denique
2212 1248 2270 1301 in
2301 1249 2541 1304 denario
2572 1249 2766 1321 imago
2797 1249 3055 1303 Caesaris
3089 1252 3199 1317 est,
3227 1251 3286 1303 in
3307 1251 3588 1305 drachma

1915 1335 2112 1406 imago
2161 1336 2266 1390 Dei
2313 1337 2552 1404 (Matt/2.
2597 1355 2739 1407 xxii,
2791 1337 2882 1406 21)
2909 1354 2924 1407 ;
2957 1339 3092 1409 quia
3122 1339 3300 1392 unius
3333 1342 3425 1393 est
3455 1339 3588 1409 Dei,-

1915 1425 1988 1478 ad
2019 1424 2399 1480 imitationem
2429 1427 2641 1496 ipsius.
2678 1427 2766 1480 Ab
2801 1443 2916 1481 uno
2943 1427 3170 1496 incipit,
3205 1431 3261 1481 et
3293 1427 3351 1480 in
3386 1427 3589 1482 inﬁni-

1912 1515 2038 1567 tum
2086 1511 2429 1568 diffunditur
2462 1530 2474 1569 :
2508 1517 2564 1569 et
2611 1515 2822 1568 iterum
2871 1516 2942 1568 de
2987 1515 3213 1570 inﬁnito
3247 1531 3492 1570 numero
3523 1516 3585 1570 in

1915 1617 2117 1667 unum,
2137 1603 2308 1672 quasi
2330 1603 2390 1656 in
2410 1603 2584 1657 finem
2604 1604 2799 1657 omnia
2821 1606 3196 1657 revertuntur
3225 1619 3239 1672 ;
3266 1605 3398 1674 quia
3424 1605 3586 1658 Deus

1917 1693 1974 1744 et
2016 1689 2368 1760 principium
2422 1695 2479 1745 et
2525 1692 2661 1744 finis
2701 1692 2961 1745 omnium
2993 1693 3102 1744 est.
3138 1691 3308 1746 Unde
3339 1708 3449 1746 nec
3481 1709 3590 1747 nu-

1916 1794 2146 1832 merum
2171 1779 2438 1847 monada,
2473 1780 2582 1833 sed
2612 1779 2963 1833 elementum
2993 1780 3242 1849 numeri,
3277 1780 3494 1850 quibus
3520 1796 3590 1835 ea

1921 1882 2061 1921 cura
2091 1868 2201 1934 est,
2237 1867 2698 1937 appellaverunt.
2745 1867 2815 1920 Et
2839 1867 2950 1922 hoc
2972 1871 3282 1937 propterea
3305 1869 3587 1939 diximus,

1920 1956 2057 2025 quia
2090 1955 2374 2024 scriptum
2407 1957 2498 2009 est
2529 1971 2540 2010 :
2581 1977 2603 2002 α
2639 1955 2766 2027 Ego
2799 1972 2931 2009 sum
2969 1975 3003 2007 α
3043 1960 3099 2010 et
3145 1941 3214 2024 ω,”
3255 1958 3483 2027 primus
3534 1959 3592 2013 et

1920 2042 2286 2097 novissimus
2318 2043 2520 2113 (Apoc.
2555 2059 2592 2111 ι,
2625 2043 2722 2112 8);
2756 2046 2812 2097 et
2843 2061 2855 2098 :
2898 2066 2920 2091 ιι
2953 2045 3127 2113 Audi,
3161 2046 3363 2114 Israel,
3400 2046 3593 2100 Domi-

1919 2147 2034 2185 nus
2065 2131 2224 2185 Deus
2256 2138 2393 2185 tuus
2425 2131 2584 2185 Deus
2616 2147 2771 2185 unus
2800 2134 2891 2185 est
2921 2132 3117 2199 (Deut.
3155 2149 3234 2201 vr,
3268 2134 3343 2202 4).
3382 2155 3404 2180 η

1989 2219 2077 2273 22.
2127 2219 2198 2272 Et
2242 2222 2303 2273 tu
2351 2235 2495 2290 ergo
2544 2219 2616 2272 ad
2660 2219 3104 2273 similitudinem
3135 2220 3236 2274 Dei
3270 2237 3424 2276 unus
3459 2224 3588 2277 esto

1919 2310 2092 2378 atque
2120 2307 2272 2360 idem
2308 2321 2320 2361 :
2368 2323 2486 2361 non
2518 2307 2692 2360 hodie
2725 2307 2985 2374 sobrius,
3021 2324 3155 2362 cras
3187 2308 3390 2363 ebrius
3427 2325 3439 2364 :
3477 2311 3589 2365 ho-

1921 2397 2014 2450 die
2043 2395 2350 2466 pacificus,
2386 2395 2641 2450 crastina
2673 2395 2765 2449 die
2800 2395 3099 2466 litigiosus
3135 2413 3146 2450 :
3193 2397 3368 2452 hodie
3399 2397 3583 2470 frugi,

1923 2485 2178 2539 crastina
2208 2483 2302 2538 die
2331 2483 2706 2537 incontinens
2742 2499 2754 2537 :
2791 2486 3044 2537 mutatur
3071 2485 3229 2538 enim
3258 2487 3593 2556 unusquis-

1923 2589 2035 2644 que
2096 2588 2326 2626 morum
2385 2571 2683 2639 varietate,
2743 2575 2799 2626 et
2855 2573 2918 2625 ﬁt
2970 2573 3159 2627 alter:
3197 2574 3255 2627 in
3307 2589 3422 2644 quo
3473 2591 3591 2630 non

1922 2661 2269 2733 agnoscitur
2299 2660 2454 2732 quod
2485 2660 2612 2727 fuit,
2649 2662 2705 2714 et
2733 2661 2935 2730 incipit
2965 2677 3100 2715 esse
3124 2661 3282 2732 quod
3311 2679 3428 2716 non
3460 2662 3589 2732 fuit,

1923 2751 2018 2805 sui
2049 2750 2328 2820 degener.
2362 2749 2553 2803 Grave
2585 2751 2677 2802 est
2699 2749 2853 2802 enim
2887 2750 3096 2802 mutari
3127 2751 3186 2803 in
3226 2749 3400 2821 pejus
3434 2767 3445 2805 :
3483 2751 3591 2806 sed

1923 2842 2051 2894 esto
2084 2840 2240 2892 sicut
2268 2839 2463 2909 imago
2483 2838 2540 2890 in
2564 2837 2862 2904 drachma,
2891 2838 3293 2908 immutabilis,
3320 2841 3593 2894 eumdem

1922 2927 2186 2982 habitum
2231 2941 2482 2980 servans
2529 2926 2808 2996 quotidie.
2843 2927 3068 2980 Videas
3115 2927 3475 2997 drachmam,
3508 2931 3593 2982 at-

1920 3015 2094 3071 tende
2126 3016 2466 3086 imaginem,
2501 3014 2615 3068 hoc
2648 3017 2758 3084 est,
2793 3015 3005 3069 videns
3026 3016 3239 3086 legem,
3273 3017 3503 3070 attende
3535 3017 3593 3070 in

1921 3104 2054 3176 lege
2086 3105 2404 3174 imaginem
2436 3103 2541 3156 Dei
2573 3102 2872 3157 Christum
2906 3104 3078 3172 :quia
3107 3105 3235 3172 ipse
3261 3104 3454 3174 imago
3488 3105 3595 3159 Dei

1921 3192 2242 3246 invisibilis
2289 3195 2346 3246 et
2390 3190 2878 3260 incorruptibilis,
2928 3191 3119 3244 luceat
3169 3191 3270 3244 tibi
3319 3192 3478 3245 velut
3533 3192 3594 3247 in

1922 3281 2166 3351 speculo
2207 3280 2362 3352 legis
2393 3279 2610 3348 (Calas.
2643 3297 2681 3348 ι,
2716 3279 2825 3349 15).
2860 3278 3152 3333 Confitere
3183 3295 3317 3333 eum
3345 3279 3405 3332 in
3433 3280 3589 3350 lege,

1921 3372 1984 3424 ut
2014 3385 2146 3424 eum
2177 3369 2236 3422 in
2272 3367 2597 3439 Evangelio
2628 3383 3054 3439 recognoscas.
3079 3367 3141 3421 Si
3173 3367 3508 3438 cognovisti
3532 3368 3590 3421 in

1923 3457 2236 3525 mandatis,
2269 3471 2637 3530 recognosce
2669 3456 2729 3509 in
2759 3456 3060 3524 Operibus.
3097 3455 3260 3524 Vale,
3303 3458 3359 3509 et
3391 3456 3442 3508 si
3473 3471 3590 3510 non

1923 3545 2290 3599 infructuose
2338 3544 2744 3598 didrachmum
2792 3543 2951 3597 istud
3001 3543 3388 3597 commissum
3446 3543 3591 3596 mihi

1924 3624 2070 3687 783
2129 3631 2458 3701 arbitraris,
2493 3632 2705 3686 iterum
2733 3631 2786 3685 si
2817 3631 2958 3702 quid
2989 3631 3196 3700 habes,
3223 3632 3589 3686 committere

1925 3737 1998 3776 ne
2031 3721 2419 3775 dubitaveris.

2424 3825 2792 3880 EPISTOLA
2832 3825 2960 3879 vm
2993 3826 3092 3896 (3).

1920 3934 2238 3989 Adversus
2269 3947 2370 3987 eos
2400 3933 2498 4004 qui
2525 3932 2842 3987 secundum
2874 3939 3064 3986 artem
3097 3933 3394 4003 negabant
3435 3932 3589 4004 scri-

1984 4007 2188 4077 psisse
2209 4003 2425 4077 sacros
2446 4009 2739 4077 auctores,
2775 4005 3078 4058 contendit
3102 4004 3175 4057 ab
3200 4004 3297 4056 his
3318 4004 3508 4077 ipsius
3529 4003 3591 4056 il-

1991 4075 2082 4131 los
2118 4076 2214 4146 qui
2241 4075 2319 4146 de
2352 4075 2555 4146 eadem
2579 4081 2711 4128 arte
2737 4081 3172 4145 praeceperunt,
3209 4075 3592 4146 expressisse

1987 4143 2205 4218 placita
2223 4143 2866 4218 sna.iTum,ip_ropositis
2887 4143 3188 4218 sacrorum
3212 4143 3592 4218 codicumali-

1994 4214 2128 4290 'quot
2140 4217 2305 4287 locis,
2322 4214 2563 4271 dicendi
2572 4214 2740 4287 leges
2752 4216 2876 4269 illic
2889 4231 2991 4270 ser
3001 4217 3130 4269 vari
3140 4215 3344 4270 sedulo
3350 4214 3586 4286 probat.

2419 4323 2761 4376 Annaosws
2791 4321 2972 4375 Jusro
2994 4321 3089 4391 (4).

1838 4461 1890 4522 D
1993 4427 2045 4483 1.
2077 4428 2314 4500 Negant
2340 4427 2608 4498 plerique
2639 4430 2880 4481 nostros
2931 4427 3008 4496 (5)
3047 4424 3374 4479 secundum
3405 4426 3588 4477 artem

1993 4553 2071 4623 (5)
2098 4552 2266 4618 Quod
2295 4552 2623 4621 negabatur
2644 4567 2674 4604 a
2696 4550 2993 4619 plerisque
3016 4564 3089 4602 ex
3106 4548 3248 4600 artis
3273 4546 3586 4623 praeceptis

1924 4619 2141 4694 scripta
2174 4619 2587 4694 composuisse
2637 4637 2844 4694 sacros
2891 4625 3186 4694 auctores,
3223 4619 3441 4694 nemini
3476 4619 3586 4671 mi-

1921 4689 2269 4750 rum—videri
2299 4689 2490 4746 debet.
2518 4692 2662 4744 Nam
2687 4691 2757 4744 de
2778 4691 2972 4743 Veteri
2995 4689 3230 4758 quidem
3253 4689 3588 4742 Testamen-

1922 4771 2000 4834 to,
2035 4766 2169 4819 licet
2204 4764 2410 4833 partim
2441 4779 2473 4814 a
2502 4762 2706 4834 Moyse
2747 4761 2807 4815 in
2847 4760 3267 4834 ngyptioruin
3299 4761 3589 4828 sapientia

1922 4831 2284 4906 peritissimo
2317 4836 2618 4906 exaratum
2640 4832 2745 4906 _sit,
2780 4831 2988 4906 partim
3029 4831 3101 4883 ab
3152 4831 3284 4906 aliis
3336 4846 3587 4906 quorum

1923 4902 2040 4961 non
2085 4920 2307 4976 paucos
2347 4902 2654 4976 multijugi
2701 4902 2968 4976 doctrina
3017 4902 3285 4976 excultos
3320 4905 3586 4976 constat;

1922 4972 2114 5032 tamen
2144 4975 2279 5046 quia
2311 4974 2384 5046 ob
2415 4972 2972 5046 rarain’primigenii
3005 4973 3346 5046 earumdem
3396 4972 3586 5046 libro-

1921 5064 2050 5102 rum
2084 5042 2378 5100 sermonis
2409 5042 2972 5114 eognitionemﬂ'ere
2995 5059 3110 5096 non
3136 5045 3248 5097 nisi
3274 5043 3330 5096 in
3352 5044 3588 5097 versio-

1922 5119 2119 5186 nibus,
2153 5117 2347 5186 iisque
2380 5116 2451 5170 de
2483 5115 2666 5169 verbo
2699 5130 2879 5184 prepe
2911 5114 3191 5186 reddicis,
3217 5115 3586 5186 legebantur,

1922 5157 2058 5243 illos
2107 5157 2358 5242 necesse
2408 5191 2530 5240 erat
2572 5157 2777 5256 ptier
2811 5157 2935 5255 tprae
2966 5202 3032 5239 se
3066 5157 3221 5239 ferr’e
3255 5157 3584 5254 elegantiae:

1922 5262 2120 5329 utpote
2153 5258 2345 5312 nativa
2376 5273 2484 5329 sua
2516 5257 2758 5326 perinde
2789 5273 2858 5310 ac
2889 5257 3202 5326 peregrina
3248 5257 3583 5329 destitutos.

1923 5326 2088 5396 Quod
2121 5332 2313 5382 autem
2345 5328 2417 5380 ad
2450 5343 2635 5382 novas
2666 5329 2919 5396 tabulas,
2945 5344 3074 5382 cum
3100 5343 3300 5380 earum
3332 5326 3588 5392 scripto-

1924 5418 2022 5456 res
2054 5399 2257 5454 rustici
2291 5399 2646 5473 acimperiti
2678 5399 2913 5469 fuerint,
2950 5401 2999 5454 si
3035 5398 3206 5473 modo
3241 5398 3481 5473 Lucam,
3517 5397 3591 5473 .et

1922 5473 2190 5538 Paulum,
2224 5470 2324 5541 qui
2363 5466 2557 5524 tamen
2607 5466 3226 5541 humanae'sapientiae
3277 5466 3590 5518 lenociniis

1925 5559 2098 5598 usum
2129 5557 2195 5597 se
2228 5539 2423 5613 negat,
2457 5542 2758 5612 excipias;
2791 5539 3084 5613 quomodo
3128 5541 3591 5613 consentaneum

1925 5607 2366 5681 arbitraremur,
2401 5607 2463 5667 ut
2493 5607 2713 5683 scripta
2744 5607 2996 5682 quaesito
3015 5607 3379 5683 etadscititio
3403 5607 3594 5683 nitore

1925 5685 2270 5761 perpolituri
2293 5675 2544 5741 essent?
2574 5675 2923 5756 cumigitur
2957 5702 2978 5728 «
3004 5681 3243 5734 nostros
3267 5675 3597 5732 secundum
