4072 6174
415 324 537 395 951

1856 335 1924 404 8.
1967 336 2411 406 AMBROSII.

3704 346 3814 416 952

417 538 761 609 scripsisse.
781 541 907 599 Nec
927 558 1038 599 nos
1056 543 1548 616 obnitimur;non
1565 546 1720 603 enim
1749 547 2080 603 secundum
2103 527 2435 600 A'Materia
2480 542 2636 598 enim
2681 559 2799 599 non
2840 545 2913 599 ab
2964 544 3242 600 omnibus
3288 546 3551 615 videtur;
3586 548 3815 622 ideoque

415 630 601 684 artem
624 630 1014 701 scripserunt,
1041 634 1150 689 sed
1170 636 1497 690 secundum
1521 637 1787 708 gratiam,
1807 652 1940 708 quae
1970 652 2078 691 su-

412 731 521 787 per
542 733 775 774 omnem
795 724 978 776 artem
1000 725 1094 777 est
1117 739 1132 792 ;
1155 724 1525 794 scripserunt
1539 726 1695 779 enim
1725 741 1859 796 quae
1887 724 2075 794 Spiri-

414 806 513 860 tus
544 805 619 860 iis
644 802 805 879 loqui
837 809 1011 864 dabat
1040 810 1197 875 (Act.
1231 829 1293 880 ιι,
1323 812 1398 881 4).
1432 813 1548 867 Sed
1576 816 1772 868 tamen
1797 813 1856 880 ii,
1880 813 1978 884 qui
2003 813 2075 867 de

412 896 537 949 arte
569 896 961 967 scripserunt,
995 898 1066 953 de
1100 913 1303 953 eorum
1333 900 1573 971 scripti.
1606 905 1787 956 artem
1829 902 2075 957 invene-

411 985 568 1053 runt,
600 987 656 1039 et
687 986 1076 1042 condiderunt
1098 992 1425 1044 commenta
1441 991 1609 1060 artis,
1635 993 1691 1045 et
1712 991 2073 1063 magisteria.

480 1071 532 1125 2.
569 1072 834 1144 Denique
880 1075 941 1129 in
988 1078 1111 1131 arte
1145 1079 1527 1149 requiruntur
1554 1080 1873 1149 praecipue,
1908 1082 1969 1134 ut
1999 1080 2077 1133 sit

407 1156 595 1223 αἴτιον,
640 1155 753 1224 ὕλη,
800 1160 1149 1236 ἀποτέλεσμα;
1202 1182 1335 1220 cum
1387 1168 1570 1239 igitur
1613 1167 1884 1239 legamus
1940 1184 2075 1223 san-

408 1249 567 1303 ctum
597 1248 765 1304 Isaac
795 1251 943 1320 patri
973 1252 1171 1308 dicere
1202 1254 1279 1323 (6)
1313 1270 1326 1310 :
1375 1277 1397 1303 α
1431 1255 1587 1310 Ecce
1618 1255 1776 1327 ignis
1807 1259 1864 1311 et
1890 1257 2071 1328 ligna,

406 1334 510 1389 ubi
563 1335 758 1391 hostia
806 1337 979 1408 (Gen.
1029 1357 1174 1408 xxii,
1227 1341 1333 1412 7)?
1367 1363 1389 1393 ιι
1440 1344 1580 1414 quid
1619 1343 1828 1399 horum
1860 1344 2075 1399 deest?

407 1422 558 1477 Nam
587 1426 688 1495 qui
719 1428 931 1496 quaerit
961 1427 1224 1500 dubitat;
1275 1431 1373 1502 qui
1413 1432 1734 1502 respondet
1763 1433 2070 1502 quaerenti,

405 1513 765 1583 pronuntiat,
798 1517 856 1569 et
887 1516 1307 1573 dubitationem
1324 1519 1599 1575 absolvit.
1628 1520 1782 1575 Ecce
1809 1521 1988 1592 ignis,
2015 1522 2075 1576 id

408 1603 502 1656 est
528 1597 695 1654 αἴτιον
728 1617 741 1658 :
775 1605 833 1657 et
861 1603 1042 1676 ligna,
1077 1606 1135 1660 id
1167 1609 1258 1661 est
1285 1602 1398 1670 ὕλη,
1434 1624 1568 1679 quae
1598 1610 1803 1663 Latine
1833 1613 2073 1665 materia

408 1688 660 1758 dicitur;
710 1693 945 1747 tertium
1000 1694 1141 1764 quid
1201 1700 1496 1765 superest,
1556 1697 1675 1752 nisi
1732 1696 2069 1771 ἀποτέλεσμα,

400 1777 561 1848 quod
610 1778 768 1834 filius
812 1781 1110 1851 quaesivit,
1158 1786 1325 1852 pater
1354 1784 1570 1853 retulit,
1603 1785 1857 1854 dicendi,
1897 1809 1918 1835 ι(
1956 1787 2073 1843 Ubi

398 1864 656 1960 bestia?
683 1867 865 1960 Deus,
900 1869 1106 1941 inquit,
1141 1871 1475 1940 providebit
1522 1873 1641 1927 srbi
1690 1874 2067 1947 sacrificium,
2104 1897 2158 1960 Β

400 1952 505 2009 filii
538 1954 715 2023 (Ibid.
753 1955 830 2026 8).
868 1975 891 2007 ι

475 2043 531 2098 8.
564 2042 917 2101 Differamus
947 2046 1251 2118 paulisper
1280 2049 1355 2119 ('7)
1386 2050 1752 2121 mysterium.
1801 2051 2070 2110 Ostendit

403 2130 565 2187 Deus
595 2133 838 2188 arietem
868 2135 1220 2205 pendentem
1252 2139 1537 2193 cornibus
1567 2139 1742 2207 (Gen.
1776 2159 1920 2211 χχιι,
1956 2142 2065 2214 13);

400 2221 563 2275 aries
588 2224 784 2278 autem
833 2226 927 2278 est
974 2223 1233 2279 Verbum
1277 2226 1515 2297 plenum
1545 2230 1982 2301 tranquillitatis
2016 2236 2073 2288 et

397 2310 852 2382 moderationis,
885 2315 1061 2384 atque
1089 2314 1424 2385 patientiae;
1457 2332 1574 2388 quo
1606 2319 1939 2375 ostenditur
1966 2321 2072 2377 bo-

395 2414 536 2455 num
558 2399 920 2455 sacrificium
941 2417 1081 2457 esse
1103 2402 1473 2473 sapientiam,
1495 2408 1553 2461 et
1573 2407 1894 2477 prudenter
1913 2425 2070 2469 eme-

316 2555 318 2558 ν
395 2487 567 2543 randi
594 2504 665 2543 ac
692 2489 1047 2560 pr0pitiandi
1078 2491 1366 2547 rationem
1398 2509 1788 2565 cognoscere.
1811 2497 1980 2553 Unde
2011 2503 2070 2555 et

396 2576 682 2647 propheta
713 2577 819 2632 ait:
851 2598 873 2628 ι
890 2577 1229 2634 Sacrificate
1244 2582 2063 2655 sacrificiumjustitiae(PsaI.

398 2664 557 2736 iv,6).
570 2685 592 2716 ι
608 2665 1172 2738 Itaquejustitiae,ita
1186 2671 1248 2723 ut
1260 2671 1566 2740 sapientiae
1581 2674 1938 2731 sacrificium
1953 2679 2065 2732 est.

471 2752 527 2808 4.
559 2752 715 2808 Ecce
743 2768 889 2826 ergo
933 2769 1103 2810 mens
1151 2757 1338 2812 calida
1390 2762 1448 2814 et
1494 2759 1753 2831 fervens,
1805 2766 1867 2817 ut
1908 2764 2066 2836 ignis

568 2844 846 2912 operatur
879 2858 892 2899 :
925 2858 1068 2900 ecce
1098 2845 1580 2919 etintelligibilia,
1603 2850 1659 2903 id
1681 2853 1774 2905 est
1794 2854 2065 2924 materia;

403 2921 552 2987 784
579 2931 681 2987 ubi
711 2933 803 2986 est
830 2932 1088 3000 tertium,
1120 2932 1497 3006 intelligere?
1528 2937 1681 2993 Ecce
1732 2939 1932 3009 color;
1967 2921 2067 2997 ubi

401 3022 496 3076 est
524 3019 729 3076 videre
756 3019 883 3090 (8)?
932 3019 1089 3077 Ecce
1138 3023 1485 3095 sensibilia;
1536 3026 1637 3081 ubi
1668 3030 1761 3083 est
1799 3030 2068 3085 sentire?

402 3166 586 3238 artem
636 3161 962 3238 scripsisse
995 3185 1021 3238 ιε
1067 3180 1101 3217 a
1149 3163 1452 3238 plerisque
1484 3170 1691 3238 negari
1718 3171 1894 3226 tradit
1927 3180 2067 3227 Am-

399 3234 666 3302 brosius,
698 3234 811 3289 hoc
843 3250 962 3288 non
989 3234 1061 3289 de
1093 3235 1241 3289 solis
1274 3234 1495 3293 exteris
1524 3234 1946 3296 etintidelibus
1964 3260 2068 3298 ac-

403 3306 737 3378 cipiendum
765 3308 877 3371 est,
905 3320 938 3358 a
961 3305 1178 3378 quibus
1202 3306 1484 3378 frequens
1504 3308 1838 3378 jactabatur
1856 3313 2067 3369 isthaac

399 3377 750 3467 aecusetiou
783 3391 988 3431 verum
1020 3376 1192 3467 etiam
1242 3376 1323 3467 de
1352 3376 1712 3467 ‘Chris‘tianis
1761 3383 1933 3467 ipsis,
1966 3386 2068 3467 qui

402 3447 759 3522 objectionis
777 3452 1148 3522 agnoverunt
1164 3449 1487 3522 veritatem.
1521 3447 1870 3522 Namque—ut
1892 3447 2065 3509 omit-

400 3523 596 3574 tamus
614 3518 767 3592 elios
786 3518 1008 3592 plures,
1034 3518 1325 3592 Origenes
1346 3520 1447 3574 lib.
1474 3538 1492 3574 ι
1527 3518 1708 3577 ϐοηιξ
1730 3523 1964 3580 Celsum
1994 3527 2066 3582 de

400 3590 688 3663 apostolis
721 3588 796 3643 ita
826 3589 1122 3663 loquitur;
1145 3588 1197 3663 '«_
1219 3590 1350 3646 Non
1373 3592 1550 3660 enim,
1582 3592 1789 3663 inquit,
1827 3595 1940 3650 ulla
1971 3597 2066 3651 his

400 3662 591 3717 inerat
620 3677 696 3716 ex
725 3664 848 3715 arte
879 3661 1110 3715 dicendi
1146 3661 1256 3724 vis,
1301 3662 1428 3717 sive
1475 3661 1889 3731 pronuntiandi
1924 3683 1937 3722 :
1970 3668 2066 3722 vel

399 3747 510 3805 pro
539 3731 1157 3805 Grmcerumartiﬁcio
1190 3732 1496 3805 dialectico
1529 3735 1783 3805 quodam
1812 3740 1912 3792 aut
1940 3739 2069 3792 rhe-

401 3802 589 3859 torico
643 3802 786 3857 ordo
825 3802 1039 3875 aliquis
1069 3806 1167 3855 aut
1194 3803 1426 3875 modus.
1458 3802 1575 3875 quo
1605 3807 1903 3862 auditores
1935 3809 2064 3863 alli~

403 3876 623 3953 eerent‘.
660 3894 685 3921 η
730 3873 1031 3953 Arnobius
1062 3874 1433 3953 queque-lib.
1469 3873 1672 3953 fAdv.
1695 3884 1917 3953 gentes
1947 3895 2063 3935 non

401 3942 688 4013 diffitetur
726 3964 750 3989 α
775 3943 849 3996 ab
880 3942 1133 3997 indoctis
1166 3942 1505 3999 hominibus
1529 3948 1587 4000 et
1605 3942 1853 4004 rudibus
1877 3970 1898 3998 υ
1926 3966 2064 4004 con-

402 4013 524 4084 dita
551 4028 690 4068 esse
721 4028 893 4067 sacra
922 4013 1239 4079 volumina,
1283 4031 1534 4084 quorum
1580 4033 1913 4074 sermonem
1948 4037 2065 4076 non

400 4083 594 4169 modo.
639 4106 662 4132 «ι
683 4083 983 4169 χςὶνίθιθω
1014 4087 1070 4139 et
1100 4083 1407 4169 sordidum
1440 4109 1494 4169 n_
1514 4087 1785 4169 appellat,
1818 4092 1922 4145 sed
1954 4107 2064 4169 nec

402 4154 840 4210 clamitantibus
883 4169 983 4209 res
1031 4159 1269 4209 nostras
1315 4177 1336 4203 α
1369 4154 1857 4214 ὴθινδθὶιῐεπιίεθα
1886 4163 2064 4216 solm-

401 4225 609 4297 cismis
646 4249 668 4274 η
704 4225 930 4281 obsitas
962 4241 1102 4281 esse
1132 4225 1483 4297 refragatur,
1531 4228 1863 4285 barbariem
1907 4233 2065 4287 illam

398 4296 461 4352 in
491 4296 843 4352 Christianae
876 4312 1073 4351 causa;
1104 4296 1406 4351 utilitatem
1436 4299 1814 4355 transtulisse
1834 4307 2066 4357 conten-

398 4371 519 4439 tus,
552 4368 708 4439 quod
741 4366 913 4439 etiam
942 4367 1014 4439 ab
1045 4367 1299 4439 Origene
1320 4368 1471 4425 libro
1489 4370 1585 4423 cit.
1612 4370 1929 4426 factitatum
1949 4377 2059 4429 est.

400 4438 550 4505 Quid
574 4438 764 4510 ergo,
815 4438 1071 4509 inquies,
1118 4454 1201 4510 an
1237 4443 1436 4495 contra
1477 4443 1767 4495 tantorum
1802 4443 2063 4498 virorum

399 4508 804 4565 auctoritatem
834 4508 1042 4581 saeros
1075 4508 1314 4581 codices
1344 4512 1414 4564 ad
1451 4512 1923 4581 grammaticales
1960 4529 2062 4569 ca-

398 4595 588 4635 nones
637 4584 901 4649 exactos,
932 4580 1026 4635 vel
1059 4579 1376 4635 rhetoricis
1406 4579 1673 4636 ﬂosculis
1705 4586 1761 4636 et
1792 4583 2062 4639 calamis-

397 4652 508 4722 tris
540 4655 807 4722 comptos
835 4652 1051 4706 asserit
1083 4651 1291 4706 doctor
1318 4655 1568 4707 noster?
1599 4653 1835 4709 Minime
1867 4670 2010 4711 sane
2044 4671 2059 4711 ε

397 4721 513 4796 hoc
542 4721 696 4777 enim
727 4738 908 4796 unum
940 4722 1256 4796 contendit,
1289 4726 1564 4779 auctores
1595 4739 1804 4779 sacros
1835 4741 1968 4796 quae
1989 4727 2064 4782 ad

398 4791 694 4874 cujusque
756 4793 841 4848 rei
907 4794 1654 4874 cognitionem_praaeipue
1713 4791 2060 4874 exponenda

398 4865 557 4939 sunt,
593 4865 669 4939 ita
683 4865 1107 4939 expressisse,
1126 4868 1187 4939 ut
1204 4865 1462 4939 posteris
1487 4866 1751 4939 formam,
1779 4883 1854 4921 ex
1884 4868 2059 4939 cujus

397 4933 814 5010 observatione
844 4950 944 5010 ars
959 4935 1175 5010 eoniici
1195 4938 1417 5010 posset,
1442 4937 1841 5010 relinquerent
1865 4955 1877 4993 :
1903 4933 2061 5010 quod

396 5004 633 5075 quidem
684 5020 818 5059 cum
863 5005 998 5075 styli
1044 5005 1415 5075 simplicitate
1445 5011 1544 5062 aut
1574 5004 1749 5062 etiam
1786 5004 2059 5065 barbarie

394 5075 736 5147 neutiquam
765 5079 1009 5147 pugnat.

465 5145 544 5220 (6)
577 5145 720 5220 Haec
750 5145 807 5220 et
830 5145 1117 5220 pleraque
1142 5147 1253 5220 alia
1285 5145 1466 5218 hujus
1497 5148 1766 5220 epistolae
1796 5165 1870 5203 ex
1911 5150 2057 5204 Phi-

392 5215 549 5272 lonis
579 5217 733 5272 libro
770 5215 852 5272 De
880 5215 1151 5289 profugis
1171 5215 1848 5275 hausit'Ambrosiuth
1868 5223 2062 5276 autem

393 5303 462 5343 ea
495 5289 709 5363 minori
737 5290 976 5363 negotio
999 5290 1230 5363 capias,
1264 5291 1503 5363 adverte
1536 5290 1843 5346 Philonem
1883 5307 2062 5363 agere

392 5376 464 5415 eo
517 5360 639 5433 loci
679 5361 751 5416 de
802 5360 1183 5433 scientiarum
1229 5361 1539 5433 adeptione
1572 5379 1584 5416 :
1618 5363 1721 5416 ubi
1750 5360 2061 5433 postquam

392 5430 671 5505 exposuit
718 5432 1121 5502 quadruplicis
1172 5433 1413 5505 generis
1464 5430 1766 5505 hominum
1814 5430 2061 5487 affectus

389 5503 566 5573 atque
610 5505 857 5557 conatus
919 5518 1060 5572 erga
1109 5503 1438 5567 scientiam,
1488 5503 1735 5556 secundi
1794 5505 2057 5573 generis,

391 5572 600 5643 nempe
630 5588 833 5628 eorum
866 5573 964 5643 qui
996 5577 1050 5626 et
1073 5573 1602 5643 quaererentillem,
1628 5575 1683 5626 et
1705 5572 2055 5638 invenirent,

390 5642 641 5712 figuram
673 5644 865 5699 fuisse
884 5641 955 5697 in
990 5642 1252 5710 Josepho
1292 5645 1466 5712 atque
1501 5641 1725 5695 Isaacio
1758 5643 1946 5697 docet.
1983 5645 2061 5698 Ut

392 5710 583 5783 [autem
615 5728 743 5767 eam
770 5728 897 5767 rem
929 5714 1292 5783 demonstret
1322 5710 1394 5765 de
1440 5710 1687 5783 lsaacio,
1720 5728 1894 5782 quam
1926 5718 2056 5783 apte

392 5777 546 5834 idem
567 5797 781 5839 causas
800 5783 961 5839 dubii
981 5783 1076 5838 sui
1093 5780 1514 5855 interrogando
1531 5777 1845 5853 aperuerit,
1861 5777 2060 5855 quam-

2192 633 2351 688 Deus
2382 633 2480 687 dat
2506 648 2721 688 munus
2764 634 3152 706 intelligendi,
3200 636 3259 689 et
3296 636 3602 706 sentiendi,
3646 641 3701 693 et
3735 638 3815 693 vi-

2189 721 2385 777 dendL

2258 811 2312 865 5.
2345 810 2605 865 Verbum
2636 824 2781 881 ergo
2812 810 2916 866 Dei
2945 808 3261 883 ἀποτέλεσμα
3300 815 3411 882 est,
3444 812 3504 867 id
3540 814 3646 881 est,
3688 813 3818 869 deﬁ-

2188 899 2331 954 nitio
2362 901 2419 954 et
2451 899 2879 953 consummatio
2911 899 3349 968 disputationis,
3390 901 3545 971 quod
3582 901 3818 957 infundi-

2186 988 2283 1041 tur
2309 986 2812 1057 prudentioribus,
2847 991 2903 1040 et
2933 987 3109 1041 dubia
3133 989 3457 1042 confirmat.
3479 988 3722 1044 Pulchre
3739 1006 3822 1046 au-

2185 1076 2302 1129 tem
2333 1075 2504 1129 etiam
2534 1075 2597 1142 ii,
2632 1074 2733 1146 qui
2761 1075 2822 1129 in
2851 1074 3165 1130 adventum
3196 1075 3416 1130 Christi
3448 1092 3565 1132 non
3592 1077 3823 1133 credide-

2186 1166 2342 1233 runt,
2376 1179 2443 1218 se
2473 1164 2642 1234 ipsos
2672 1163 3022 1233 revinrunt;
3055 1166 3117 1218 ut
3146 1164 3552 1233 confiteantur,
3576 1167 3722 1236 quod
3740 1182 3823 1222 ne-

2187 1252 2446 1324 gandum
2473 1253 2694 1321 putant.
2730 1251 2942 1306 Dicunt
2970 1252 3126 1306 enim
3157 1252 3400 1306 arietem
3431 1252 3681 1308 Verbum
3708 1254 3816 1323 Dei,

2189 1343 2247 1396 et
2291 1355 2410 1395 non
2459 1339 2707 1395 credunt
2751 1339 3053 1409 passionis
3095 1341 3439 1410 mysterium
3480 1340 3592 1410 (9);
3625 1358 3748 1396 cum
3771 1342 3822 1396 in

2188 1428 2289 1484 illo
2318 1427 2602 1499 mysterio
2632 1427 2891 1483 Verbum
2923 1427 3027 1483 Dei
3060 1428 3156 1498 sit,
3188 1428 3248 1482 in
3279 1444 3397 1499 quo
3428 1429 3719 1503 impletum
3745 1433 3821 1487 est

2188 1517 2567 1572 sacriﬁcium.

2254 1605 2307 1660 6.
2334 1605 2492 1677 Ergo
2512 1605 2764 1676 primum
2786 1605 3178 1661 accendamus
3200 1606 3259 1660 in
3282 1606 3459 1661 nobis
3476 1606 3669 1679 ignem
3689 1622 3824 1663 men-

2183 1693 2282 1763 tis,
2327 1696 2389 1747 ut
2438 1696 2716 1763 operetur
2759 1693 2821 1747 in
2867 1693 3063 1748 nobis.
3096 1693 3447 1758 Quaeramus
3476 1694 3824 1766 subjicientis

2184 1782 2488 1836 materiam
2518 1781 2653 1853 (10),
2686 1781 2828 1853 quid
2857 1781 2936 1836 sit
2966 1782 3125 1852 quod
3167 1783 3384 1838 nutriat
3413 1784 3681 1851 animam,
3712 1786 3824 1838 tan-

2185 1887 2358 1941 quam
2387 1871 2447 1924 in
2473 1870 2739 1925 tenebris
2766 1870 3140 1941 requiramus
3171 1886 3319 1926 eam.
3340 1871 3553 1942 Neque
3584 1871 3732 1926 enim
3744 1871 3823 1926 vel

2182 1960 2390 2013 Patres
2434 1958 2723 2027 sciebant,
2755 1958 2896 2028 quid
2923 1962 3088 2014 esset
3115 1975 3327 2013 manna
3355 1960 3578 2029 (Exod.
3603 1976 3717 2030 xvr,
3748 1958 3820 2029 15,

2185 2045 2270 2117 16)
2296 2063 2310 2117 ;
2342 2047 2712 2115 invenerunt,
2737 2046 2945 2118 inquit,
2969 2062 3180 2101 manna
3203 2048 3475 2102 dicentes
3496 2049 3686 2118 ipsum
3705 2062 3822 2102 esse

2184 2150 2523 2190 sermonem
2551 2138 2607 2190 et
2636 2135 2883 2190 verbum
2914 2135 3020 2189 Dei
3044 2151 3058 2203 ;
3091 2136 3245 2190 unde
3277 2151 3490 2191 omnes
3518 2136 3821 2207 disciplinas

2183 2223 2345 2278 fonte
2371 2223 2504 2295 jugi
2534 2239 2603 2276 ac
2629 2226 2912 2293 perpetuo
2943 2223 3131 2277 ﬂuunt
3158 2226 3330 2294 atque
3360 2224 3649 2279 derivant.

2254 2311 2307 2366 '1.
2341 2312 2484 2367 Haec
2514 2315 2607 2366 est
2636 2327 2775 2367 esca
2807 2311 3090 2367 caelestis.
3141 2311 3529 2383 Signiﬁcatur
3555 2316 3738 2368 autem
3763 2327 3824 2367 ex

2181 2416 2440 2472 persona
2481 2401 2734 2455 dicentis
2769 2416 2782 2455 ε
2839 2421 2862 2448 α
2896 2399 3050 2455 Ecce
3087 2415 3200 2472 ego
3231 2399 3436 2470 pluam
3464 2401 3635 2457 vobis
3663 2416 3823 2472 panes

2182 2488 2254 2544 de
2287 2488 2436 2543 ccelo
2465 2488 2644 2558 (Ibid.
2677 2488 2733 2557 4)
2765 2504 2777 2543 :
2816 2508 2838 2538 ι
2890 2484 3058 2541 atrior
3085 2504 3250 2560 ergo,
3285 2505 3356 2543 eo
3390 2490 3550 2560 quod
3579 2492 3827 2559 operatur

2182 2578 2365 2647 Deus,
2397 2578 2498 2648 qui
2528 2577 2735 2650 irrigat
2764 2581 2992 2632 mentes
3023 2594 3159 2632 rore
3189 2579 3503 2647 sapientiae
3535 2594 3550 2634 :
3582 2574 3686 2645 ὕλη,
3709 2577 3826 2648 quia

2180 2666 2452 2720 videntes
2483 2666 2694 2727 animm
2725 2668 2781 2720 et
2810 2669 3122 2738 gustantes
3152 2666 3543 2736 delectantur,
3576 2669 3633 2721 et
3660 2664 3824 2735 requi-

2178 2758 2316 2809 runt
2345 2755 2498 2808 unde
2533 2754 2610 2809 sit
2642 2754 2784 2809 illud
2815 2754 3164 2823 splendidus
3198 2755 3353 2824 luce,
3390 2755 3623 2809 dulcius
3652 2752 3820 2807 melle.

2182 2842 2600 2912 Respondetur
2630 2844 2719 2897 eis
2750 2841 3072 2913 Scripturae
3103 2843 3260 2898 serie
3293 2858 3305 2897 :
3355 2866 3380 2889 «ε
3421 2843 3533 2897 Hic
3562 2845 3650 2896 est
3678 2839 3822 2911 panis

2181 2947 2354 3001 quem
2385 2931 2545 2986 dedit
2574 2931 2747 2986 vobis
2779 2931 3136 2986 manducare
3166 2931 3460 2985 Dominus
3479 2930 3651 2997 (Ibid.
3673 2930 3779 2998 15);
3800 2947 3819 2976 ι

2181 3022 2238 3075 et
2268 3020 2381 3075 hoc
2410 3023 2503 3075 est
2531 3020 2777 3075 verbum
2820 3020 2947 3089 Dei,
2998 3019 3156 3092 quod
3204 3020 3508 3090 disposuit
3538 3020 3710 3088 Deus,
3744 3014 3822 3069 vel

2181 3160 2666 3285 quedftibsolutam
2709 3176 2742 3214 a
2788 3161 2953 3231 patre
2999 3160 3197 3216 tulerit
3234 3161 3705 3231 responsionem,
3736 3173 3816 3213 os-

2204 3244 2275 3285 en
2321 3250 2337 3285 ι
2369 3274 2381 3284 .

2180 3233 2381 3286 tendit.

2250 3303 2326 3371 ('7)
2377 3303 2546 3357 Rom.
2593 3301 2730 3356 edit.
2786 3321 2808 3349 ει
2846 3301 3226 3357 Disseramus
3273 3303 3616 3373 paulisper;
3649 3320 3671 3352 ι
3721 3314 3818 3354 cae-

2176 3376 2320 3428 teras
2370 3389 2500 3427 cum
2553 3388 2696 3426 mss.
2748 3387 2930 3441 prope
2978 3374 3296 3442 universis,
3350 3396 3371 3422 α
3412 3373 3766 3428 Diiferamus.
3796 3392 3814 3417 ι

2178 3444 2416 3498 Minime
2451 3443 2598 3498 male
2622 3458 2646 3515 :7
2672 3443 2833 3515 idem
2852 3443 3011 3515 enim
3063 3448 3155 3498 est
3202 3450 3378 3513 atque
3422 3443 3818 3515 expendamus,

2178 3519 2235 3568 et
2276 3514 2447 3586 quasi
2496 3515 2553 3567 in
2578 3514 2763 3586 plura
2806 3513 3247 3586 distrahamus,
3281 3510 3520 3569 lterum
3557 3530 3691 3586 vero
3722 3510 3818 3586 ubi

2179 3584 2315 3639 edit:
2348 3588 2489 3653 vet.,
2519 3608 2541 3631 ιι
2576 3585 2805 3656 bonum
2824 3599 2962 3638 esse
2996 3584 3371 3638 sacriﬁcium‘
3390 3585 3635 3656 justitiae
3664 3584 3816 3656 etiam

2179 3656 2545 3725 sapientiam,
2580 3661 2634 3710 et
2663 3654 3001 3724 prudenter,
3039 3678 3061 3702 η
3105 3660 3162 3709 et
3196 3656 3364 3710 Rom.
3393 3652 3616 3721 autem,
3650 3676 3670 3701 α
3698 3652 3816 3723 jus-

2176 3727 2320 3801 titiaa
2363 3742 2526 3801 esse
2548 3726 2853 3801 sapientia
2882 3725 3205 3801 prudenter
3234 3742 3248 3781 :
3285 3749 3327 3801 ρ,
3346 3742 3499 3801 mss.
3530 3725 3817 3801 nobiscum

2178 3797 2419 3864 faciunt,
2470 3796 2588 3851 nisi
2620 3793 2791 3866 quod
2839 3793 3102 3849 ncnnulli
3158 3818 3179 3844 α
3215 3797 3554 3867 patientiam
3586 3818 3607 3845 ι
3660 3793 3812 3848 exhi-

2175 3868 2336 3935 bent,
2370 3883 2488 3922 non
2519 3887 2547 3916 ‹‹
2579 3867 2959 3935 sapientiam;
2998 3886 3019 3912 ιι
3055 3867 3294 3936 quidam
3325 3868 3504 3921 etiam
3532 3870 3813 3934 utrumque

2176 3938 2372 4013 habet.
2406 3939 2710 4013 Postremo
2742 3952 2871 4013 pro,
2928 3959 2949 3983 ιι
2984 3936 3183 4013 Itaque
3224 3937 3500 4013 justitim,
3549 3938 3622 3990 ita
3650 3939 3706 4013 ut
3730 3947 3812 4013 sa-

2175 4008 2410 4079 pientiae
2441 4011 2552 4072 est,
2590 4028 2617 4079 »ί
2645 4007 2893 4079 quodin
2922 4005 3319 4079 cunctisiedit.
3373 4024 3446 4079 ac
3493 4005 3813 4079 mss._legi-

2174 4076 2288 4145 tur,
2323 4079 2491 4133 solus
2523 4078 2685 4133 Belv.
2719 4078 2850 4132 cod.
2875 4077 3071 4146 habet,
3107 4100 3130 4126 α
3157 4078 3624 4149 Itaquejustitia,
3642 4076 3810 4145 itaque

2177 4149 2481 4222 sapientia.
2520 4172 2543 4197 ιι
2611 4218 2626 4222 _
2641 4218 2672 4222 __
2806 4218 2820 4222 _
2967 4217 3012 4222 _
3185 4219 3194 4222 _
3587 4218 3602 4222 _
3760 4212 3773 4222 _
3797 4210 3806 4222 ,

2245 4212 2322 4289 (8)
2357 4221 2525 4274 Rom.
2560 4218 2698 4273 edit.
2732 4218 2877 4280 sola,
2919 4238 2941 4268 ι
2967 4217 3119 4273 Ecce
3142 4219 3332 4285 visus,
3358 4234 3482 4286 aer,
3516 4218 3706 4289 color;
3725 4212 3809 4289 ubi

2175 4285 2267 4344 est
2295 4285 2496 4345 videre
2516 4291 2545 4345 ?
2576 4289 2729 4343 Ecce
2761 4304 2999 4356 sensus,
3035 4304 3174 4342 ecce
3205 4285 3551 4356 sensibilia;
3599 4287 3693 4342 ubi
3733 4285 3810 4356 est

2175 4361 2395 4416 sentire
2416 4363 2445 4416 ?
2475 4360 2763 4415 Nimirum
2802 4375 2877 4413 ex
2906 4359 3175 4413 Philonis
3206 4360 3357 4413 libro
3387 4361 3583 4424 citato,
3614 4358 3707 4411 ubi
3732 4355 3807 4408 le-

2173 4440 2371 4511 gimus
2397 4456 2410 4495 :
2448 4464 2471 4488 ιι
2498 4434 2629 4492 Ἰδοὺ
2657 4439 2689 4496 ἡ
2719 4432 2917 4512 ὅρασις,
2948 4432 3053 4490 ἰδοὺ
3072 4438 3132 4490 τὸ
3152 4442 3476 4512 χρῶμα,ποῦ
3494 4437 3553 4491 τό
3572 4434 3717 4511 «ipa»;
3739 4431 3812 4512 ut

2172 4510 2409 4581 ἀννὸλως,
2440 4514 2546 4572 ἰδοὺ
2586 4510 2822 4578 αἵσθηάις
2842 4514 2900 4570 τὸ
2922 4510 3204 4591 κριτήριονξ
3238 4516 3365 4570 ά).λά
3388 4518 3478 4572 καί
3516 4517 3581 4571 τά
3611 4510 3804 4570 αἰσθητά

2171 4598 2229 4650 αί
2249 4594 2388 4663 ὕλαι,
2413 4599 2471 4652 τὸ
2494 4591 2577 4652 οὖν
2604 4598 2934 4651 αἰσθάνεσθαι
2953 4601 3082 4667 ποῦς

2242 4670 2320 4740 (9)
2353 4669 2651 4724 Ambrosii
2681 4674 2932 4723 mentem
2966 4666 3136 4722 facile
3166 4669 3531 4739 assequeris,
3556 4668 3606 4740 si
3629 4666 3806 4740 obser-

2172 4738 2331 4796 varis
2367 4742 2689 4807 Philonem,
2741 4756 2873 4794 cum
2922 4740 3176 4794 dixisset
3222 4738 3521 4809 proprium
3552 4738 3648 4793 Dei
3666 4746 3794 4822 esse

2177 4820 2639 4901 eibiprovidere
2662 4820 2733 4874 de
2754 4819 3008 4901 victima,
3033 4819 3205 4901 paulo
3233 4823 3365 4901 post
3387 4818 3632 4901 addere:
3666 4815 3799 4901 Κριός

2174 4893 2225 4950 δὲ
2268 4898 2553 4971 εὑρίσκεται
2594 4894 2949 4970 κατεχόμενος,
2980 4897 3215 4950 τούτέο-τι
3238 4894 3398 4970 Λόγος
3426 4895 3692 4967 ἡσυχάζων
3725 4893 3798 4941 καί

2173 4976 2388 5050 ἐπέχων,
2421 4983 2554 5048 etc.,
2588 4978 2745 5049 quod
2776 4993 2957 5046 supra
2986 4993 3146 5031 num.
3177 4976 3219 5031 3
3244 4978 3529 5031 redditum
3557 4976 3658 5029 est.

2243 5069 2356 5138 (10)
2386 5068 2602 5122 Omnes
2635 5067 2770 5139 edit.
2805 5068 2862 5139 et
2889 5080 3037 5120 mss.
3072 5066 3357 5139 nonnulli,
3397 5088 3418 5112 ι.
3443 5059 3794 5139 subjicientes

2172 5133 2514 5206 materiam;
2568 5162 2588 5186 η
2643 5137 2857 5207 reliqui
2905 5151 3052 5190 mss.
3105 5133 3353 5207 partim,
3398 5157 3419 5183 η
3460 5133 3744 5207 subientis,
3775 5144 3791 5169 υ

2173 5210 2403 5279 partim,
2426 5232 2468 5281 ε
2498 5202 2872 5281 subjicientis
2904 5202 3203 5281 materiem
3231 5222 3245 5274 ;
3274 5229 3304 5281 »Α
3334 5205 3476 5281 _Laet.
3510 5202 3683 5281 solus,
3712 5210 3795 5281 ne-

2178 5273 2398 5334 iuram.
2424 5279 2495 5345 Et
2523 5273 2659 5350 post
2688 5279 2838 5333 duos
2869 5277 3224 5339 versiculos,
3250 5278 3349 5330 ubi
3378 5273 3648 5350 vet.‘edit.
3680 5279 3790 5350 one)

2175 5342 2451 5404 omnibus
2497 5336 3069 5422 msstinvenerunt,
3121 5336 3255 5415 etc.,
3306 5346 3429 5400 sola
3488 5336 3803 5422 [lenmeditz'

2175 5422 2506 5476 emendavit
2538 5437 2550 5476 :
2591 5442 2613 5467 ει
2646 5421 3020 5474 Invenienlcs
3050 5404 3190 5471 vero
3222 5404 3449 5483 manna,
3499 5404 3789 5483 didicerat!t

2172 5492 2366 5560 ipsum
2415 5507 2554 5545 esse
2584 5491 2842 5544 Verbum
2893 5489 3019 5542 Dei.
3056 5510 3080 5561 ῃ
3132 5488 3254 5561 Nec
3287 5482 3680 5561 sanemultnm
3707 5489 3786 5561 re:

2173 5552 2581 5617 r'lamaremus.
2617 5564 2666 5613 si
2703 5562 2757 5614 in
2791 5563 3021 5633 recepta
3055 5560 3303 5613 lectione
3327 5570 3521 5633 vocem
3551 5552 3785 5633 ᾀξᾳθηξςξ

2171 5637 2389 5688 tantum
2440 5615 2716 5686 vertisset
2765 5632 2821 5684 in
2857 5615 3199 5693 discentes;
3233 5646 3363 5683 nam
3393 5630 3446 5682 et
3474 5619 3677 5679 scribis
3705 5615 3783 5693 hic

2170 5684 2586 5773 iaei'ﬁi’onain,
2622 5684 2681 5755 et
2710 5702 2876 5755 Philo
2905 5684 3220 5769 posteriori
3252 5696 3482 5753 dictioni
3510 5693 3667 5773 favet,
3697 5684 3777 5773 ubi

2169 5764 2379 5838 scribit
2410 5797 2424 5840 :
2458 5764 2598 5855 εὑροῶ
2633 5778 2870 5855 μαθόντες
3064 5782 3195 5833 Θεοῦ
3240 5778 3328 5834 καί
3346 5774 3481 5851 λόγον
3517 5764 3770 5839 Moneta.
