3942 6168
86 355 183 424 953

86 549 313 610 ordinavit
347 561 358 602 :
396 559 501 617 quo
529 545 796 615 pascitur
827 545 1019 599 anima
1050 545 1451 615 prudentium,
1481 549 1540 601 et
1570 547 1665 601 de-
1691 531 1749 591 Α

86 642 314 698 lectetur:
342 633 481 706 quod
522 636 614 687 est
660 634 973 689 candidum
1021 637 1078 688 et
1123 650 1307 688 suave
1333 675 1348 702 ,
1398 636 1664 689 veritatis

85 726 332 800 splendore
356 722 719 790 illuminans,’
739 726 797 777 et
813 724 1094 778 virtutum
1113 724 1402 778 suavitate
1431 724 1662 779 demul-

86 831 191 871 cens
212 810 525 868 audientium
546 811 797 866 animas.

134 938 174 994 8.
199 937 250 991 In
274 950 331 990 se
358 935 498 990 enim
531 933 817 988 didicerat
844 934 1130 1005 propheta
1161 936 1301 1006 quid
1336 940 1500 991 esset
1523 953 1667 991 con-

89 1024 379 1082 sanunandae
409 1023 489 1077 rei
534 1028 723 1082 αἴτιον.
758 1022 905 1077 Nam
938 1038 1071 1077 cum
1100 1025 1428 1079 mitteretur
1454 1025 1525 1079 ad
1559 1042 1669 1096 po-

81 1116 235 1186 pulum
261 1112 349 1167 Dei
391 1111 793 1181 liberandum,
832 1112 907 1165 ad
952 1128 1157 1184 regem
1205 1113 1473 1184 Egypti,
1526 1115 1604 1168 ait
1653 1131 1664 1169 :

83 1229 98 1249 .
123 1194 239 1267 Quis'
257 1216 371 1254 sum
398 1214 524 1271 ego,
552 1202 613 1253 ut
647 1199 874 1269 vadam,
918 1203 974 1255 et
1005 1200 1250 1255 educam
1294 1202 1442 1265 785
1485 1219 1671 1272 popu-

81 1291 168 1345 lum
189 1305 215 1342 a
240 1288 379 1360 regis
406 1289 695 1357 potestate
726 1287 943 1358 (Exod.
976 1305 1059 1341 ιιι.
1097 1288 1186 1357 11)
1216 1290 1244 1343 ‘?
1279 1312 1302 1337 ι»
1340 1290 1672 1359 Respondit

82 1377 302 1433 Dominus
338 1392 350 1430 :
385 1396 405 1422 α
438 1373 565 1446 Ego
598 1390 703 1430 ero
734 1379 929 1430 tecum
974 1376 1159 1445 (Ibid.
1202 1376 1311 1445 12).
1349 1400 1370 1424 »
1410 1378 1670 1431 Interro-

79 1466 213 1538 gabat
237 1465 416 1519 iterum
445 1464 686 1534 Moyses
721 1480 732 1518 :
772 1487 793 1511 α
830 1463 980 1529 Quid
1001 1465 1190 1519 dicam
1209 1466 1349 1535 illis,
1384 1467 1437 1519 si
1469 1467 1671 1537 requi-

77 1557 177 1607 rant
203 1570 214 1607 :
242 1551 360 1617 Quis
389 1555 475 1606 est
496 1552 786 1607 Dominus
818 1553 917 1623 qui
967 1553 1128 1607 misit
1157 1557 1233 1621 te,
1286 1557 1341 1608 et
1374 1555 1531 1625 quod
1563 1571 1672 1609 no-

2 1642 3 1645 “
78 1657 177 1696 men
204 1644 278 1695 est
303 1640 417 1695 illi?
455 1640 616 1695 Dixit
656 1641 943 1696 Dominus
979 1659 990 1696 :
1027 1641 1155 1714 Ego
1205 1659 1337 1697 sum
1385 1644 1483 1714 qui
1516 1659 1670 1698 sum.

75 1727 366 1793 DiceszQui
394 1731 499 1798 est,
533 1729 698 1784 misit
718 1745 811 1784 me
842 1730 1020 1799 (Ibid.
1042 1742 1137 1797 ιιι,
1187 1731 1255 1785 13
1306 1729 1415 1800 14).
1473 1753 1493 1780 η
1544 1732 1672 1786 Hoc

74 1820 138 1871 est
160 1832 328 1871 verum
357 1832 567 1871 nomen
598 1818 724 1886 Dei,
750 1833 888 1873 esse
912 1834 1167 1888 semper.
1195 1818 1363 1873 Unde
1394 1821 1451 1873 et
1482 1824 1666 1889 Apos-
1690 1851 1702 1864 .

70 1904 189 1959 totus
214 1905 273 1960 de
299 1904 520 1961 Christo
559 1923 572 1960 :
610 1926 633 1955 cr
671 1906 777 1960 Dei
806 1907 960 1961 enim
985 1907 1169 1961 Filius
1194 1908 1374 1962 Jesus
1396 1908 1670 1963 Christus

10 1996 13 2005 ‘
75 1993 208 2063 quiin
231 1993 383 2048 vobis
412 1996 520 2064 est,
570 1995 670 2065 qui
711 2010 819 2065 per
856 2011 968 2049 nos
1019 1996 1373 2066 prmdicatus
1420 2000 1531 2064 est,
1565 2013 1672 2066 per
1701 1971 1754 2031 Β

2 2082 5 2083 ⁷
71 2096 137 2135 me
159 2080 521 2152 etSylvanum
558 2086 615 2137 et
661 2083 1032 2138 Timotheum
1073 2100 1084 2138 :
1121 2100 1239 2138 non
1286 2084 1413 2153 fuit,
1462 2086 1668 2155 inquit,

76 2171 147 2224 Est
169 2172 215 2223 et
238 2170 356 2224 Non
386 2187 398 2226 :
430 2171 538 2226 sed
573 2170 679 2225 Est
709 2172 768 2225 in
815 2171 916 2226 illo
968 2171 1078 2226 fuit
1108 2171 1195 2240 (II
1221 2171 1355 2227 Cor.
1395 2191 1433 2240 ι,
1495 2171 1604 2242 10).
1645 2194 1666 2223 ι

70 2257 332 2327 Respondit
358 2259 599 2330 Moyses
633 2276 645 2315 :
683 2280 705 2309 α
742 2259 805 2315 Si
856 2276 974 2314 non
1014 2261 1374 2315 crediderint
1404 2261 1544 2315 mihi
1572 2277 1673 2315 ne-

72 2360 154 2415 que
170 2346 503 2402 obaudierint
543 2364 753 2404 vocem
788 2364 997 2418 meam,
1049 2349 1337 2418 dicentes,
1384 2351 1521 2419 quia
1553 2366 1671 2405 non

1 2450 7 2455 ν
73 2434 284 2502 apparuit
308 2437 407 2491 tibi
437 2437 623 2507 Deus,
657 2437 796 2508 quid
820 2437 1010 2491 dicam
1033 2437 1151 2491 illis
1170 2438 1386 2505 (Exod.
1412 2455 1490 2507 xv,
1527 2439 1622 2506 1)?
1649 2461 1671 2486 ‹‹

70 2520 198 2576 Dedit
221 2524 295 2578 illi
324 2526 490 2597 signa
522 2526 745 2594 facere,
778 2530 841 2580 ut
864 2526 1206 2581 crederetur
1244 2527 1380 2597 quia
1412 2542 1443 2580 a
1477 2526 1673 2580 Domi-

2 2600 11 2629 ’⁷
72 2625 125 2662 no
148 2612 338 2667 missus
368 2618 475 2669 est.
508 2615 712 2669 Tertio
744 2616 824 2668 ait
872 2615 1111 2686 Moyses
1146 2631 1158 2670 :
1198 2637 1220 2664 α
1257 2615 1390 2670 Non
1421 2631 1553 2669 sum
1585 2615 1672 2669 di-

2 2690 5 2720 λ
62 2714 203 2769 gnua,
236 2705 286 2756 et
309 2703 514 2780 gracili
558 2719 708 2758 voce
758 2719 911 2772 sum,
962 2704 1220 2758 tardiore
1263 2704 1485 2775 lingua,
1521 2718 1673 2774 quo-

64 2788 195 2842 modo
220 2805 300 2845 me
326 2792 517 2847 audiet
569 2792 799 2846 Pharao
843 2791 1022 2860 (Ibid.
1058 2791 1195 2861 10)?
1232 2811 1254 2841 ι
1294 2793 1674 2861 Responsum

61 2879 127 2928 est
149 2877 191 2931 ei
222 2894 233 2931 :
264 2898 289 2928 α
319 2879 494 2948 Vade,
528 2883 592 2935 et
638 2896 752 2953 ego
798 2881 1057 2951 aperiam
1109 2896 1178 2934 os
1220 2882 1404 2948 tuum,
1456 2882 1513 2934 et
1544 2881 1672 2934 ins-

58 2964 202 3018 truam
236 2969 285 3020 te
311 2968 445 3038 quid
473 2968 701 3023 debeas
729 2968 893 3040 loqui
923 2967 1101 3039 (Ibid.
1138 2968 1248 3039 12).
1284 2990 1305 3016 »ι

104 3087 145 3141 9.
171 3088 657 3165 Interrogationes
688 3109 834 3165 ergo
866 3093 984 3147 illae
1016 3093 1076 3146 in
1106 3093 1299 3147 medio
1330 3095 1387 3146 et
1416 3108 1667 3162 respon-

57 3174 212 3231 siones
238 3178 444 3235 habent
473 3182 786 3252 sapientim
818 3182 1045 3236 semina
1077 3185 1133 3234 et
1162 3190 1394 3262 θεωρίαν,
1427 3181 1668 3235 Gratum

52 3264 197 3320 tamen
223 3275 532 3351 ἀποτέλεσμα
589 3273 701 3339 est,
736 3270 870 3341 quia
899 3271 978 3323 ait
1018 3284 1030 3324 :
1087 3292 1107 3316 «
1147 3269 1273 3340 Ego
1313 3285 1414 3324 ero
1472 3272 1666 3323 tecum

57 3349 222 3417 (Exod.
251 3373 329 3424 ιιι,
363 3349 472 3427 12).
513 3381 535 3407 ι
572 3358 643 3412 Et
672 3358 943 3428 quamvis
967 3357 1193 3411 dederit
1220 3358 1273 3411 ei
1304 3358 1477 3428 signa
1510 3356 1666 3410 face-

55 3453 127 3507 re;
150 3444 317 3499 tamen
346 3446 641 3500 dubitanti
671 3446 903 3514 iterum,
929 3448 990 3499 ut
1012 3445 1171 3499 scias
1190 3446 1327 3515 quia
1351 3445 1522 3516 signa
1547 3460 1665 3498 non
1699 3416 1750 3477 Ο

57 3527 386 3602 credentibus,
428 3534 801 3605 promissum
847 3538 1041 3588 autem
1094 3534 1495 3602 credentibus,
1530 3549 1665 3586 res-

54 3617 293 3680 ponditad
323 3622 727 3679 infirmitatem
757 3621 853 3676 vel
902 3622 1114 3689 meriti,
1147 3621 1239 3675 vel
1274 3622 1388 3675 voti
1426 3637 1438 3676 :
1477 3643 1499 3670 α
1538 3621 1664 3692 Ego

56 3706 254 3769 aperiam
283 3724 348 3763 os
378 3714 572 3781 tuum,
607 3715 664 3766 et
694 3711 983 3765 instruam
1023 3713 1078 3764 te
1123 3710 1263 3780 quid
1314 3710 1534 3764 debeas
1577 3709 1668 3764 lo-

53 3791 135 3858 qui.
164 3816 183 3841 ι
216 3795 551 3854 Perfectum
586 3815 729 3871 ergo
761 3805 1076 3879 ἀποτῡεσμα
1101 3802 1401 3853 servatum
1431 3802 1542 3853 est.

103 3915 169 3970 10.
197 3919 383 3977 Habes
416 3923 533 3978 hoc
569 3926 628 3977 et
657 3923 716 3977 in
749 3921 1073 3994 Evangelio
1109 3937 1121 3975 :
1160 3943 1182 3972 α
1218 3921 1426 3989 Petite,
1461 3924 1519 3975 et
1557 3922 1662 3975 da-

54 3999 167 4059 bitur
194 4009 354 4065 vobis
405 4027 417 4066 :
473 4013 750 4083 quaerite,
791 4014 848 4064 et
894 4009 1210 4065 invenietis
1246 4026 1257 4064 :
1297 4009 1561 4078 pulsate,
1614 4013 1671 4064 et

52 4093 284 4159 aperietur
309 4099 484 4154 vobis
518 4100 764 4167 (Matth.
790 4115 893 4165 vu,
919 4098 995 4168 7).
1021 4121 1042 4145 n
1078 4099 1218 4152 Pete
1238 4104 1450 4159 ἀπὸτοῦ
1471 4106 1663 4176 αἰτίου,

52 4176 219 4253 idest,
265 4186 335 4241 ab
391 4192 643 4243 auctore
699 4203 922 4258 quare.
975 4187 1177 4241 Habes
1220 4190 1340 4252 ὕλην
1386 4186 1670 4258 intelligi-

51 4264 164 4339 bilia,
198 4276 402 4345 quibus
455 4292 701 4347 quaeras
739 4291 751 4329 :
793 4277 987 4345 pulsa,
1044 4277 1101 4329 et
1138 4275 1325 4344 aperit
1362 4274 1466 4328 tibi
1509 4275 1668 4329 Deus

55 4351 271 4418 Verbum.
301 4363 443 4430 Quae
482 4366 654 4437 petit,
688 4379 857 4420 mens
888 4365 1001 4433 est,
1052 4380 1186 4434 qum
1236 4366 1546 4433 operatur,
1581 4364 1669 4416 si-

55 4449 120 4497 cut
143 4448 323 4520 ignis:
365 4453 802 4524 intelligibilia,
857 4454 916 4505 in
964 4452 1182 4523 quibus
1234 4452 1448 4505 mentis
1496 4452 1674 4506 ardor

56 4539 287 4610 operatur,
316 4543 475 4596 sicut
506 4542 672 4614 ignis
704 4542 763 4595 in
793 4540 1014 4613 lignis;
1048 4540 1234 4609 aperit
1271 4540 1373 4592 tibi
1410 4540 1670 4594 Verbum

53 4614 182 4710 ρεαδ,
212 4630 360 4697 quod
408 4634 505 4685 est
555 4636 920 4710 “meam-5m,
974 4628 1276 4681 Habemus
1326 4630 1383 4681 et
1424 4628 1565 4689 alibi
1609 4628 1671 4682 in

53 4701 334 4787 Evangelio,
365 4719 610 4773 dicente
642 4701 889 4773 Domino
925 4732 937 4771 :
978 4739 997 4765 α
1034 4716 1180 4771 Cum
1216 4717 1411 4770 autem
1442 4714 1671 4769 tradent

96 4852 188 4929 (Ui
212 4856 423 4914 Eadem
456 4860 643 4915 habet
680 4858 1035 4914 Ambrosius
1065 4858 1169 4912 lib.
1202 4858 1289 4912 De
1314 4856 1502 4925 Isaae,
1537 4873 1664 4927 cap.
1698 4867 1752 4929 Ῑ)

49 4915 84 5005 βο
108 4925 191 5005 Sed
219 4930 384 5005 paulo
410 4931 623 5005 fusius
656 4929 1119 5005 explicata_._1llic
1147 4932 1351 5005 autem
1382 4915 1514 5005 cum
1545 4915 1669 4982 mo-

49 4998 294 5069 Itaerimus
324 4998 896 5056 imitationem'essc
928 5000 1260 5055 Philoniani
1290 4998 1370 5053 lib
1401 4998 1490 5052 De
1514 5014 1654 5069 pro-

51 5057 181 5131 ίυσιε,
211 5068 298 5123 hic
346 5073 677 5143 adjicimus
717 5072 987 5127 Judaeum
1018 5071 1181 5143 illum
1224 5070 1305 5143 ibi
1337 5057 1550 5143 docere
1592 5072 1673 5139 ty-

52 5143 357 5211 ??matque
410 5141 738 5211 imaginem
783 5158 987 5196 eorum
1033 5142 1135 5211 qui
1195 5141 1502 5194 scientiam
1555 5156 1675 5194 non

50 5197 286 5284 laboriosi
317 5197 733 5284 inquisitione,
765 5213 873 5267 sed
906 5214 961 5266 vi
992 5197 1392 5284 efsagacitate
1424 5212 1670 5284 ingenii,

52 5280 341 5356 Pvegirent,
376 5280 442 5356 in
473 5284 700 5356 Jacoho
732 5284 1061 5356 patriarcha
1096 5280 1269 5356 nobis
1300 5283 1546 5356 proponi
1576 5298 1590 5337 :
1617 5285 1674 5335 et

50 5336 125 5427 i190
146 5347 291 5427 inde
316 5336 575 5427 probari
600 5336 689 5407 ab
733 5336 948 5409 eodem
1003 5336 1476 5427 Philone,:quod
1508 5336 1674 5427 Isaac

50 5413 435 5489 ti‘itnirantiiilii
470 5425 855 5489 celeritatem,
888 5427 943 5478 is
983 5440 1223 5478 causam
1258 5413 1429 5477 illius
1480 5424 1675 5476 statim

52 5484 307 5565 reddiderit
332 5497 699 5551 voluntatem
730 5484 986 5549 divinam
1020 5511 1032 5550 :
1071 5512 1145 5549 ex
1167 5510 1279 5565 qua
1304 5494 1676 5563 ingeniorum

51 5562 185 5649 antur
221 5563 567 5621 diversitas.
615 5567 727 5622 Per
760 5572 903 5649 ὅρους
931 5582 1073 5621 vero
1122 5562 1197 5619 de
1238 5562 1455 5634 quibus
1488 5565 1673 5631 intra,

52 5643 129 5714 “fin
144 5641 349 5714 tantum
380 5649 688 5700 accuratae
711 5641 1090 5700 dctinitiones
1110 5644 1533 5714 intelligendae,
1568 5645 1677 5697 sed

52 5704 173 5763 etiam
206 5710 468 5771 formula:
502 5732 575 5770 ac
611 5718 768 5771 modi
808 5732 1056 5787 omnes,
1110 5704 1334 5788 quibus
1373 5704 1672 5785 quidpiam

1189 344 1797 412 EPISTOLARUM
1830 348 2170 412 CLASSIS
2203 351 2252 416 Ι.

3332 354 3452 424 954

1786 567 1915 619 vos,
1950 553 2129 607 nolite
2158 555 2420 626 cogitare
2451 556 2743 625 quomodo
2775 558 2873 611 aut
2913 557 3052 628 quid
3092 557 3451 630 loquamini;

1781 640 2015 696 dabitur
2043 644 2199 697 enim
2246 644 2420 698 vobis
2477 646 2538 698 in
2576 645 2673 699 illa
2722 646 2867 701 hora
2915 647 3056 718 quid
3103 647 3448 719 loquamini.

1779 729 1913 783 Non
1946 731 2099 784 enim
2146 748 2256 786 vos
2304 734 2468 787 eritis
2513 734 2611 804 qui
2662 734 2998 804 loquimini,
3040 737 3146 790 sed
3196 736 3452 807 Spiritus

1779 817 1971 873 Patris
2003 821 2206 889 vestri,
2242 822 2340 892 qui
2372 822 2632 893 loquitur
2662 823 2721 877 in
2751 823 2924 878 vobis
2965 825 3202 892 (.ll'attb.
3253 842 3311 895 κ,
3361 825 3450 896 19,

1779 904 1888 977 9.0).
1931 928 1953 957 »

1852 1014 1938 1068 11.
1974 1015 2173 1069 Habes
2206 1016 2318 1071 hoc
2348 1019 2402 1070 et
2434 1018 2493 1071 in
2525 1017 2777 1089 Genesi,
2830 1020 3059 1074 dicente
3090 1020 3254 1075 Isaac
3287 1020 3399 1089 (11)
3437 1038 3449 1076 :

1785 1122 1808 1152 α
1843 1101 2008 1166 Quod
2046 1107 2158 1170 est,
2191 1105 2328 1175 quid
2360 1108 2476 1159 tam
2510 1106 2623 1161 cito
2664 1108 2967 1178 invenisti,
3001 1109 3124 1177 fili;
3163 1132 3184 1157 ››
3220 1108 3329 1173 Qui
3361 1108 3453 1163 di-

1781 1192 1866 1244 xit
1901 1207 1913 1245 :
1943 1213 1964 1242 α
1998 1192 2162 1259 Quod
2187 1195 2421 1248 tradidit
2450 1196 2735 1250 Dominus
2770 1198 2927 1251 Deus
2959 1200 3095 1252 tuus
3141 1199 3201 1250 in
3234 1213 3444 1251 manus

1781 1296 1944 1335 meas
1976 1281 2146 1349 (Gen.
2192 1300 2373 1351 xxvu,
2407 1285 2517 1351 20).
2556 1310 2577 1333 υ
2634 1292 2974 1368 Ἀποτέλεσμα
3026 1286 3312 1340 Dominus
3337 1287 3453 1339 est.

1780 1367 1889 1433 Qui
1918 1386 2024 1440 per
2055 1372 2365 1425 Dominum
2398 1374 2608 1443 quaerit
2632 1416 2645 1443 ,
2694 1367 2933 1429 invenit.
2965 1375 3168 1429 Laban
3199 1373 3453 1444 denique

1782 1459 1881 1527 qui
1912 1473 2017 1527 per
2044 1459 2355 1515 Dominum
2386 1478 2503 1515 non
2517 1463 2812 1533 quaesivit,
2838 1463 2974 1533 quia
2997 1462 3299 1535 queerebat
3322 1462 3452 1516 ido-

1780 1545 1856 1614 la,
1890 1562 2007 1599 non
2047 1548 2270 1601 invenit
2299 1548 2472 1617 (Gen.
2506 1567 2670 1620 xxxx,
2708 1550 2798 1617 33,
2831 1551 2945 1622 34).

1855 1652 1940 1705 12.
1971 1652 2226 1707 Pulchre
2270 1658 2462 1709 autem
2504 1672 2654 1726 quos
2704 1657 2906 1711 dicunt
2953 1659 3115 1738 ὅρους,
3171 1657 3451 1712 servavit.

1783 1743 2017 1799 Primus
2046 1748 2137 1799 est
2173 1746 2283 1827 ὅρος
2318 1762 2330 1800 :
2370 1768 2392 1793 «
2427 1747 2606 1816 Vade,
2640 1746 2786 1801 affer
2831 1748 2977 1800 mihi
3018 1748 3089 1800 de
3137 1747 3449 1805 venatione

1782 1837 1899 1902 tua,
1933 1838 1995 1887 ut
2028 1836 2372 1890 manducem
2401 1836 2574 1905 (Gen.
2618 1853 2804 1905 xxvn,
2836 1836 2912 1907 4).
2950 1859 2971 1883 ε»
3010 1835 3241 1889 Excitat
3271 1837 3447 1905 atque

1784 1924 1978 1978 adolet
2006 1924 2177 1978 velus
2209 1925 2334 1995 igni
2379 1925 2632 1995 quodam
2676 1925 3102 1979 adhortationis
3135 1940 3262 1978 suae
3286 1939 3453 1978 men-

1783 2012 1899 2068 tem
1931 2014 2085 2085 ejus,
2138 2014 2282 2077 786
2326 2017 2386 2068 ut
2435 2017 2710 2083 operetur
2752 2017 2809 2067 et
2847 2016 3090 2084 quaerat.
3144 2012 3455 2067 Secundus

1782 2103 1912 2180 ὅρος.
1946 2128 1967 2156 ι
2001 2105 2151 2170 Quid
2183 2108 2292 2172 est,
2315 2105 2469 2175 quod
2495 2108 2609 2158 tam
2625 2102 3031 2158 citoinvenisti
3053 2101 3230 2171 (Ibid.
3251 2101 3399 2169 xx)?
3426 2121 3447 2147 η
3554 2101 3560 2107 ’

1784 2196 1893 2250 Hic
1926 2197 1985 2249 in
2022 2195 2484 2265 interrogatione
2527 2196 2636 2247 cst.
2687 2191 2920 2245 Tertius
2952 2192 3063 2271 ὅρος
3090 2189 3151 2243 in
3199 2204 3452 2257 respon-

1782 2286 1951 2340 sione
2004 2300 2015 2340 :
2074 2308 2095 2331 α
2150 2283 2316 2347 Quod
2366 2282 2604 2336 tradidit
2662 2280 2946 2335 Dominus
2997 2279 3155 2331 Deus
3203 2279 3341 2330 tuus
3388 2277 3450 2330 in

1778 2390 1990 2429 manus
2021 2389 2147 2427 mea
2186 2372 2365 2442 (Ibid.
2399 2372 2510 2438 9.0).
2553 2393 2575 2418 ι»
2609 2374 2949 2448 Ἀηοτὲλεσμα
2982 2367 3140 2420 Deus
3185 2368 3297 2433 est,
3345 2364 3448 2435 qui

1783 2463 2079 2518 concludit
2108 2464 2163 2515 et
2193 2463 2560 2516 consummat
2609 2457 2804 2513 omnia
2844 2472 2856 2511 :
2902 2456 2972 2510 de
3024 2470 3140 2526 quo
3173 2454 3448 2508 dubitan-

1782 2554 1918 2608 dum
1948 2568 2067 2607 non
2100 2554 2210 2606 est.

1852 2658 1939 2713 ‘13.
1974 2657 2080 2712 Est
2110 2658 2166 2710 et
2201 2656 2298 2710 ille
2347 2657 2458 2737 ὄρος
2497 2655 2567 2709 de
2609 2652 2954 2723 spontanies
2986 2664 3005 2704 τ
3043 2672 3065 2697 α
3100 2649 3159 2704 Si
3200 2665 3319 2721 non
3348 2664 3451 2703 se-

1776 2747 2166 2813 minaveritis,
2203 2762 2319 2800 non
2370 2746 2603 2798 metetis
2633 2744 2748 2810 (1‘2)
2799 2742 3018 2810 (Lavit.
3071 2756 3212 2808 xxv,
3249 2739 3374 2809 ti);
3426 2761 3449 2785 η

1781 2854 1917 2892 nam
1955 2836 2064 2890 etsi
2109 2835 2336 2888 cultura
2394 2835 2677 2903 provocet
2725 2831 2973 2898 semina,
3020 2834 3212 2883 tamen
3244 2831 3451 2882 natura

1782 2929 2107 2997 spontaneo
2138 2924 2411 2995 quodam,
2445 2925 2509 2976 ut
2538 2923 2805 2993 surgant,
2840 2920 2900 2974 in
2931 2920 3005 2973 iis
3050 2920 3327 2989 operatur
3364 2916 3452 2969 in-

1782 3017 1981 3089 genio.

1854 3125 1939 3179 14.
1985 3122 2153 3177 Unde
2203 3119 2527 3189 Apostolus
2581 3134 2592 3172 :

1780 3214 1990 3286 Apollo
2021 3211 2257 3282 rigavit,
2293 3206 2400 3261 sed
2446 3208 2605 3260 Deus
2654 3204 3084 3258 incrementum
3131 3200 3310 3254 dedit.
3342 3200 3452 3253 Ita-

1779 3318 1892 3374 que
1924 3315 2114 3371 neque
2147 3299 2249 3368 qui
2279 3297 2533 3367 plantat,
2585 3297 2676 3348 est
2724 3292 3080 3363 quidquam;
3130 3303 3322 3360 neque
3353 3285 3456 3353 qui

1778 3392 1931 3462 rigat
1959 3406 1972 3458 ;
1999 3389 2103 3442 sed
2136 3387 2237 3458 qui
2267 3387 2363 3453 dat
2408 3385 2860 3448 incrementum,
2892 3379 3053 3433 Deus
3084 3378 3144 3446 (Ἰ
3170 3378 3307 3432 Cor.
3361 3394 3444 3447 In,

1777 3480 1829 3541 6,
1862 3480 1937 3547 Ἴ).
1975 3502 1996 3526 »ι
2035 3478 2142 3530 Dat
2172 3475 2275 3528 tibi
2311 3475 2469 3527 Deus
2504 3473 2559 3524 in
2595 3471 2825 3540 spiritu,
2860 3472 2915 3523 ct
2947 3468 3003 3520 in
3020 3467 3196 3519 corde
3229 3469 3329 3518 tuo
3365 3480 3460 3519 se-

1779 3568 1958 3621 minat
1990 3565 2295 3619 Dominus.
2329 3564 2456 3633 Age
2491 3577 2656 3632 ergo,
2692 3564 2752 3613 ut
2785 3558 3051 3627 inspiret,
3088 3557 3453 3620 etscminct;

1779 3658 1842 3710 ut
1871 3658 2055 3709 metas
2089 3669 2101 3707 :
2138 3654 2189 3706 si
2225 3667 2340 3704 non
2374 3648 2786 3715 seminaveris,
2840 3662 2958 3700 non
3010 3648 3220 3699 metes.
3273 3643 3457 3708 Quasi

1779 3741 2123 3799 admoneris
2157 3744 2215 3794 ut
2247 3738 2510 3792 semines
2538 3754 2549 3791 :
2577 3753 2693 3790 non
2727 3734 3058 3802 seminasti,
3083 3750 3201 3787 non
3232 3737 3419 3786 metes
3446 3747 3460 3799 ;

1781 3831 2072 3887 sententia
2103 3832 2214 3885 est.
2254 3827 2558 3896 Principio
2585 3825 2719 3879 finis
2752 3823 3025 3878 convenit
3059 3838 3070 3877 :
3106 3821 3462 3893 principium

1780 3937 1986 3975 semen
2018 3923 2133 3987 est,
2165 3918 2303 3971 finis
2346 3915 2588 3970 messis.

1850 4010 1936 4064 15.
1968 4009 2164 4074 Disce,
2199 4007 2404 4077 inquit,
2437 4020 2512 4058 ex
2534 4020 2623 4058 me
2658 4020 2669 4058 :
2698 4005 2903 4057 natura
2934 3999 3173 4072 adjuvat
3204 3999 3446 4055 discen-

1776 4101 1895 4153 tem
1928 4118 1944 4152 :
1976 4098 2135 4151 Deus
2168 4100 2361 4149 autem
2411 4096 2617 4146 auctor
2648 4094 2873 4146 natura:
2904 4093 3014 4145 est.
3051 4090 3153 4143 Dei
3196 4103 3453 4158 quoque,

1778 4191 1839 4242 ut
1870 4188 2020 4241 bene
2050 4186 2353 4239 discamus
2386 4181 2535 4250 (i3);
2565 4182 2699 4252 quia
2732 4182 2843 4234 hoc
2893 4182 3117 4232 naturm
3167 4182 3277 4241 est,
3334 4191 3457 4245 per-

1779 4276 2013 4331 discere
2056 4289 2069 4330 :
2104 4273 2236 4328 duri
2268 4272 2423 4327 enim
2455 4271 2631 4325 cor‘de
2663 4286 2780 4323 non
2812 4269 3066 4322 discunt.
3093 4266 3458 4319 Incrementa

1779 4381 1886 4435 per
1916 4366 2203 4429 naturam,
2238 4377 2371 4432 quae
2404 4359 2590 4414 divini
2630 4358 2809 4412 habet
2852 4356 3101 4427 gratiam
3140 4351 3404 4406 muneris
3438 4366 3450 4405 :

1783 4451 2354 4508 consummetionem
2387 4452 2444 4503 et
2473 4446 2899 4517 perfectionem
2923 4444 3081 4497 Deus
3112 4441 3227 4508 dat,
3261 4439 3319 4494 id
3342 4441 3454 4507 est,

1784 4542 1880 4596 illa
1911 4540 2407 4612 praestantissima
2441 4540 2497 4590 et
2547 4535 2744 4588 divina
2791 4532 3093 4585 Trinitatis
3142 4531 3348 4582 natura
3406 4529 3463 4581 et

1786 4632 2137 4687 substantia.
2171 4628 2334 4697 Vale,
2369 4629 2426 4681 et
2459 4640 2569 4679 nos
2603 4621 2805 4692 dilige,
2844 4623 2903 4673 ut
2943 4618 3091 4673 facis
3127 4633 3139 4672 :
3176 4617 3312 4688 quia
3344 4630 3455 4670 nos

1783 4724 1839 4775 te
1871 4721 2195 4790 diligimus.

2641 3116 2827 3186 «Ego
2885 3113 3179 3184 plantavi,
3228 3110 3455 3182 inquit,

1786 4864 1940 4918 clare
1972 4861 2302 4930 exponitur.

1854 4932 1968 5002 (19.)
2004 4922 2171 4986 Hom.
2202 4929 2362 4994 edit.,
2401 4948 2423 4976 «
2470 4925 2603 5002 Non
2628 4922 3063 5002 “seminabitisn,
3104 4936 3294 5002 neque
3335 4936 3457 5002 mle-.-

1781 4992 1918 5059 tetis
1950 4992 2289 5071 'spontanea
2319 4992 2737 5071 ascendentia.
2771 4994 2843 5049 Et
2891 4994 2940 5048 si
2992 4992 3265 5071 dixeritis
3299 4992 3457 5071 ᾖ..Ξί

1783 5092 1900 5130 non
1933 5062 2444 5134 seminaverimus,
2483 5084 2598 5121 non
2631 5070 2916 5120 metemus
2945 5081 2958 5133 ;
3002 5062 3459 5133 respondebitur

1781 5147 1976 5211 vobis,
2012 5145 2165 5197 sicut
2187 5142 2469 5209 scriptum
2495 5143 2584 5192 est
2611 5154 2622 5193 ε
2650 5138 2717 5191 Et
2742 5137 2960 5211 mittam
2984 5135 3457 5211 benedictionem

1783 5206 1973 5271 meam
2003 5214 2174 5267 vobis
2208 5213 2266 5265 in
2297 5206 2450 5264 anno
2483 5213 2674 5277 sexto,
2696 5212 2750 5261 et
2774 5207 2958 5261 facies
2983 5206 3212 5260 fructus
3245 5206 3303 5259 in
3335 5209 3457 5258 tres

1782 5304 1991 5342 annos.
2027 5284 2193 5349 Quod
2227 5284 2426 5351 utique
2454 5296 2657 5355 verum
2692 5279 3015 5355 est..~1‘:v':tm,
3070 5282 3240 5355 (ξίν.)
3279 5277 3454 5355 Vete-

1782 5376 1883 5413 res
1915 5347 2064 5412 edit.‘
2088 5372 2219 5408 cum
2255 5347 2399 5407 mss.
2427 5351 2723 5405 omnibus.
2763 5372 2784 5399 ε
2821 5350 2881 5404 Si
2914 5347 3451 5423 nonuseminaver‘i-j

1786 5432 1880 5494 tis,
1917 5444 2033 5482 non
2064 5425 2335 5487 metetis;
2373 5444 2394 5472 ω
2434 5423 2675 5491 propius
2707 5423 2775 5474 ad
2810 5420 2988 5473 verba
3023 5417 3313 5494 Philonis,
3352 5414 3447 5466 ubi

1784 5491 2002 5559 tantum
2023 5499 2191 5568 legas
2213 5512 2224 5551 :
2251 5504 2326 5555 Οὐ
2348 5505 2576 5577 dmpsit:
2591 5542 2605 5565 ,
2635 5496 2744 5554 οὐδὲ
2762 5520 2830 5572 μη
2856 5500 3078 5571 ἀμησητε
3098 5497 3165 5547 τὰ
3184 5491 3449 5562 αὐτόματος

1784 5584 2118 5639 ἀναϐαίνοντα
2142 5583 2317 5644 αὑτης.

1855 5660 1965 5726 (l3)
2008 5658 2153 5711 Mss.
2186 5658 2427 5726 aliquot,
2456 5678 2478 5702 α
2514 5656 2576 5707 ut
2602 5652 3042 5708 benedicamus.
3084 5668 3100 5687 υ
