4072 6174
118 350 251 416 957

1288 345 1903 417 EPISTOLARUM
1951 347 2287 412 CLASSIS
2330 347 2380 410 Ῑ.

3463 342 3585 408 958

127 550 368 605 stianus
401 546 1059 617 constituitimperntor.
1084 547 1286 603 Noluit
1306 546 1587 618 injuriam
1609 548 1806 605 facere
1833 532 1878 595 4
1984 547 2363 604 Constantius
2393 546 2712 619 episcopus
2743 547 2889 604 dixit
2920 563 2961 605 :'
2988 569 3011 596 α
3046 546 3181 603 Non
3218 544 3572 617 respondes,

124 636 547 694 sacerdotibus
575 652 589 703 ;
644 636 811 707 ipsos
856 636 1209 706 interpretes
1241 637 1545 691 constituit
1575 638 1807 707 episco-

119 742 265 797 pos.
316 727 403 779 Ac
433 739 541 796 per
568 725 701 787 hoc,
754 726 1031 794 quoniam
1061 725 1122 778 in
1152 725 1523 780 sacerdodali
1554 727 1805 781 concilio

126 813 543 881 considemus,
576 813 873 883 responde
904 812 977 868 ad
1008 828 1075 867 ea
1098 829 1231 884 quae
1248 814 1352 868 tibi
1376 818 1802 884 proponuntur.

126 904 263 958 Arii
291 901 541 973 epistola
572 901 721 955 lecta
753 903 885 969 est;
931 902 1106 955 etiam
1155 918 1311 956 nunc
1354 903 1717 972 recitabitur,
1752 904 1805 957 si

123 992 241 1047 tibi
273 990 422 1055 788
453 990 703 1044 videtur.
754 989 806 1043 Α
849 989 1139 1060 principio
1175 990 1351 1044 habet
1376 990 1801 1060 blasphemias,

126 1090 330 1144 solum
373 1088 610 1143 Patrem
643 1089 925 1142 aeternum
958 1086 1126 1142 dixit.
1159 1086 1222 1141 Si
1253 1087 1358 1142 tibi
1388 1088 1620 1143 videtur
1647 1090 1805 1160 quod

127 1177 240 1233 Dei
273 1176 460 1232 Filius
491 1176 895 1247 sempiternus
921 1191 1039 1230 non
1071 1176 1169 1245 sit,
1215 1176 1329 1231 hoc
1369 1177 1565 1247 ipsum
1597 1192 1805 1248 quem-

126 1265 449 1321 admodum
487 1265 607 1334 vis,
651 1269 850 1319 astrue
897 1264 1057 1333 ('26);
1103 1264 1156 1319 si
1208 1265 1560 1319 damnadum
1608 1269 1802 1335 putas,

128 1354 367 1409 damna.
416 1353 808 1425 Evangelium
851 1368 1127 1423 prmseus
1176 1356 1289 1423 est,
1351 1356 1408 1408 et
1457 1354 1801 1424 Apostolus,

128 1458 344 1497 omnes
375 1442 687 1512 scripturae
720 1445 941 1511 praasto
971 1444 1134 1496 sunt.
1171 1441 1338 1496 Unde
1373 1443 1716 1518 vis’astrue,
1753 1443 1807 1496 si

128 1532 314 1600 putas
348 1546 467 1584 non
496 1544 631 1585 esse
663 1530 768 1584 Dei
798 1529 1011 1584 Filium
1043 1531 1492 1599 sempiternum.
1532 1554 1553 1577 »

210 1618 264 1672 6.
315 1618 611 1672 Palladius
659 1618 808 1672 dixit
840 1633 853 1673 :
910 1639 933 1665 α
970 1618 1181 1673 Vestro
1213 1618 1412 1673 studio
1442 1618 1661 1673 factum
1692 1622 1804 1688 est,

128 1705 296 1760 sicut
341 1706 517 1760 dictat
555 1706 729 1761 lectio
778 1722 948 1760 saera
997 1723 1030 1761 a
1078 1707 1249 1761 vobis
1297 1708 1520 1777 prolata
1563 1708 1697 1778 (2'7),
1746 1710 1810 1762 ut

126 1809 253 1851 non
275 1798 441 1849 esset
461 1795 738 1868 generale
762 1799 818 1850 et
836 1796 1072 1866 plenum
1093 1797 1437 1865 concilium;
1456 1796 1807 1851 absentibus

129 1884 519 1938 consortibus
533 1872 899 1952 no‘stris,nos
914 1885 1279 1954 respondere
1293 1901 1409 1939 non
1424 1899 1769 1955 possumus.
1782 1908 1802 1931 ιι
1839 1902 1886 1964 Β

205 1972 566 2028 Ambrosius
597 1974 918 2044 episcopus
950 1973 1135 2043 dixit;
1191 1995 1213 2021 ιι
1246 1971 1356 2038 Qui
1387 1977 1525 2028 sunt
1564 1990 1810 2029 consor-

126 2064 225 2116 tes
258 2061 496 2116 vestri?

202 2166 509 2222 Palladius
539 2167 686 2222 dixit
718 2184 731 2223 :
770 2189 793 2217 α
818 2167 1149 2223 Orientales
1171 2168 1458 2239 episcopi.
1498 2192 1519 2216 ιι

202 2254 263 2310 ’7.
308 2255 666 2311 Ambrosius
712 2257 1033 2327 episcopus
1086 2257 1279 2311 dixit:
1332 2279 1354 2304 α
1388 2257 1625 2311 Interim
1672 2258 1810 2328 quia

128 2343 553 2414 superioribus
584 2345 951 2414 temporibus
984 2345 1301 2399 concilium
1332 2346 1422 2399 sic
1453 2345 1670 2400 factum
1695 2348 1806 2415 est,

127 2437 194 2486 ut
225 2431 558 2487 Orientales
604 2432 666 2487 in
706 2432 964 2488 Orientis
993 2433 1263 2503 partibus
1299 2434 1602 2488 constituti
1631 2433 1812 2488 habe-

125 2523 272 2575 rent
321 2521 654 2589 consilium,
694 2520 1104 2576 Occidentales
1134 2522 1195 2575 in
1224 2521 1578 2591 Occidente;
1610 2537 1721 2577 nos
1753 2523 1813 2576 in

127 2608 479 2664 Occidentis
510 2610 777 2678 partibus
801 2611 1100 2665 constituti
1126 2611 1514 2665 convenimus
1537 2611 1609 2665 ad
1632 2612 1813 2681 Aqui-

127 2697 457 2753 leiensium
489 2698 801 2768 civitatem,
831 2698 1002 2770 juxta
1031 2699 1405 2769 imperatoris
1450 2703 1814 2770 praeceptum

122 2785 275 2857 (28).
310 2786 575 2856 Denique
606 2786 779 2841 etiam
810 2787 1130 2856 praefectus
1163 2787 1343 2842 Italiae
1375 2787 1600 2842 litteras
1633 2788 1812 2858 dedit,

125 2878 191 2929 ut
226 2875 287 2929 si
321 2874 540 2929 vellent
567 2874 896 2930 Orientales
928 2876 1268 2943 convenire,
1301 2876 1361 2930 in
1390 2879 1680 2945 potestate
1710 2876 1815 2931 ha-

124 2964 350 3019 berent
383 2980 396 3017 :
440 2964 547 3018 sed
577 2965 712 3035 quia
743 2965 1008 3019 scierunt
1058 2965 1549 3020 consuetudinem
1596 2964 1814 3036 hujus-

125 3051 321 3121 modi,
370 3054 435 3107 ut
479 3052 539 3106 in
582 3051 819 3108 Oriente
863 3053 1246 3108 Orientalium
1279 3057 1442 3108 esset
1473 3054 1812 3125 concilium,

126 3141 293 3196 intra
337 3140 716 3196 Occidentem
764 3141 1269 3211 Occidentalium;
1299 3141 1432 3196 ideo
1463 3146 1817 3212 putaverunt

127 3246 260 3285 non
293 3244 434 3284 esse
464 3230 841 3285 veniendum.
880 3252 902 3280 ι»
986 3280 987 3283 η

198 3319 265 3373 8.
315 3317 618 3373 Palladius
666 3318 813 3373 dixit
864 3335 877 3374 :
930 3339 952 3369 ε
1001 3319 1327 3390 Imperator
1354 3321 1561 3374 noster
1590 3319 1817 3374 Gratia-

128 3422 256 3462 nus
307 3405 493 3477 jussit
537 3406 869 3462 Orientales
913 3406 1117 3462 venire
1172 3423 1184 3462 :
1238 3423 1426 3480 negas
1456 3411 1519 3462 tu
1544 3406 1814 3477 jussisse

132 3496 330 3551 eum?
374 3494 510 3565 Ipse
554 3496 874 3565 imperator
919 3496 1097 3551 nobis
1142 3495 1290 3550 dixit
1351 3511 1418 3551 se
1481 3495 1812 3551 Orientales

129 3582 412 3654 jussisse
443 3584 669 3639 venire.
706 3606 729 3632 ιι

206 3671 574 3726 Ambrosius
604 3673 925 3743 episcopus
957 3671 1104 3727 dixit
1136 3688 1149 3727 :
1190 3695 1212 3721 ιι
1249 3672 1465 3744 Utique
1493 3671 1698 3744 jussit,
1714 3674 1816 3744 qui

135 3776 262 3816 non
292 3760 598 3830 prohibuit
628 3761 744 3816 huc
774 3762 998 3817 venire.
1041 3781 1064 3811 ι

204 3848 517 3904 Palladius
561 3849 754 3905 dixit:
806 3871 830 3897 ιι
863 3849 980 3905 Sed
1030 3865 1103 3905 ne
1151 3849 1422 3905 venirent
1470 3851 1567 3903 tua
1612 3850 1814 3920 petitio

137 3937 285 3993 fecit
319 3952 334 3992 :
367 3937 479 3992 sub
511 3939 713 4008 specie
742 3937 912 3993 falsae
942 3939 1264 3994 voluntatis
1310 3936 1422 4009 (29)
1473 3938 1586 3993 hoc
1626 3938 1817 4008 impe-

135 4025 335 4095 trasti,
369 4028 428 4080 et
456 4026 739 4081 distulisti
769 4027 1109 4082 concilium.
1149 4050 1171 4075 ιι

204 4115 266 4170 9.
301 4115 661 4170 Ambrosius
707 4115 1031 4186 episcopus
1078 4115 1225 4170 dixit
1259 4130 1273 4169 :
1321 4137 1342 4163 ιι
1378 4115 1513 4171 Non
1546 4130 1696 4186 opus
1726 4119 1819 4171 est

139 4203 371 4258 diutius
400 4204 662 4276 evagari,
693 4204 989 4274 responde
1019 4220 1198 4258 nunc.
1231 4204 1390 4259 Bene
1441 4204 1590 4259 dixit
1639 4200 1818 4259 Arius

142 4292 343 4347 solum
370 4294 657 4346 aeternum
689 4292 964 4347 Patrem?
1012 4290 1083 4346 Et
1118 4292 1449 4347 secundum
1479 4292 1817 4363 Scripturas

142 4374 255 4435 hoc
286 4380 459 4449 dixit,
489 4395 563 4434 an
596 4396 715 4435 non
737 4383 765 4435 ?
799 4404 823 4429 ιι
1101 4444 1112 4455 ,

214 4467 522 4524 Palladius
552 4468 699 4523 dixit
732 4485 744 4524 :
781 4489 806 4520 ι
840 4470 975 4525 Non
1004 4469 1113 4524 tibi
1144 4470 1500 4540 respondeo.
1543 4492 1565 4516 ιι

1916 639 2015 710 qui
2045 639 2246 692 tandiu
2274 636 2701 707 blasphemasti
2732 638 2897 709 (30)?
2930 661 2951 685 ιι

1988 727 2286 781 Eusebius
2333 726 2652 797 episcopus
2704 722 2894 782 dixit:
2947 749 2968 774 ιι
3005 726 3123 781 Sed
3152 725 3399 780 debebis
3445 722 3586 785 sim-

1913 815 2145 885 pliciter
2172 815 2308 870 tidei
2336 818 2453 870 tuae
2482 816 2733 885 prodere
2765 816 3114 870 libertatem.
3146 814 3208 869 Si
3237 830 3270 867 a
3299 817 3355 868 te
3389 812 3579 885 gentil-

1914 905 1990 958 lis
2021 904 2287 975 exigeret
2318 904 2809 974 quemadmodum
2839 905 2901 958 in
2928 903 3231 958 Christum
3278 901 3578 973 crederes,

1919 993 2184 1047 confiteri
2216 993 2571 1047 erubescere
2604 1009 2723 1047 non
2754 993 3028 1047 deberes.
3069 1014 3091 1040 ιι

1990 1081 2076 1135 10.
2109 1080 2365 1135 Sabinus
2397 1081 2716 1151 episcopus
2749 1081 2933 1136 dixit:
2971 1102 2992 1127 α
3019 1080 3108 1133 Tu
3137 1078 3336 1150 petisti
3366 1080 3429 1133 ut
3457 1093 3586 1133 res-

1917 1169 2313 1241 ponderemus
2349 1185 2361 1224 :
2399 1169 2571 1224 hodie
2602 1184 2675 1225 ex
2707 1169 3004 1224 voluntate
3037 1171 3154 1237 tua,
3189 1170 3245 1221 et
3272 1170 3327 1222 te
3358 1183 3585 1239 urgen-

1916 1262 1991 1327 te,
2044 1259 2452 1328 convenimus,
2505 1261 2561 1312 et
2610 1274 2728 1312 non
2775 1257 3256 1328 exspectavimus
3318 1256 3584 1326 reliquos

1917 1346 2152 1415 fratres,
2186 1347 2283 1417 qui
2316 1349 2585 1416 poterant
2613 1346 2852 1421 venire”
2870 1346 3129 1415 Proinde
3160 1360 3279 1399 non
3308 1343 3413 1397 tibi
3443 1343 3592 1398 libe-

1916 1451 2048 1489 rum
2097 1437 2189 1490 est
2236 1435 2496 1507 evagari,
2542 1435 2842 1490 Christum
2888 1434 3039 1488 dicis
3085 1449 3223 1488 esse
3281 1433 3586 1487 creatum?

1918 1529 2010 1578 aut
2045 1526 2468 1593 sempiternum
2498 1525 2647 1579 dicis
2680 1539 2817 1578 esse
2850 1522 3062 1577 Filium
3094 1521 3249 1577 Dei?
3285 1543 3306 1570 ι

1989 1612 2288 1666 Palladius
2332 1612 2525 1667 dixit:
2581 1634 2601 1658 ιι
2639 1612 2774 1665 Dixi
2821 1611 2949 1680 tibi,
3000 1626 3111 1665 nos
3159 1610 3292 1664 ideo
3323 1608 3584 1663 diximus

1918 1699 2029 1769 (31)
2063 1700 2235 1754 vobis
2285 1703 2347 1753 ut
2393 1701 2753 1769 veniremus,
2800 1703 2856 1753 et
2904 1699 3398 1753 convinceremus
3431 1694 3591 1767 quod

1918 1805 2036 1845 non
2066 1792 2224 1843 recte
2257 1788 2486 1843 fecistis
2517 1789 2843 1858 subrepere
2874 1787 3241 1857 imperatori.
3278 1805 3301 1835 ι

2002 1870 2145 1933 789
2207 1878 2561 1932 Ambrosius
2621 1878 2943 1946 episcopus
2999 1875 3201 1929 dixit:
3259 1896 3280 1923 α
3334 1874 3595 1945 Legatur

1920 1967 2168 2037 epistola
2199 1966 2462 2034 Palladii,
2498 1969 2693 2019 utrum
2742 1965 2916 2020 nobis
2967 1964 3079 2018 hoc
3110 1963 3497 2032 mandaverit,
3532 1963 3590 2016 et

1921 2055 2230 2109 docebitur
2260 2055 2417 2126 quod
2449 2055 2620 2109 etiam
2651 2070 2807 2108 nunc
2840 2052 3005 2107 fallit.
3046 2076 3069 2100 ιι

1992 2143 2298 2197 Palladius
2331 2143 2499 2196 dixit.
2538 2163 2560 2192 ι
2594 2142 2854 2214 Legatur
2883 2140 3077 2211 plane.
3115 2158 3138 2190 ιι

1993 2231 2274 2302 Episcopi
2312 2231 2586 2285 dixerunt
2621 2247 2633 2284 :
2675 2250 2696 2279 α
2733 2230 3054 2299 Imperator
3085 2242 3218 2281 cum
3250 2228 3413 2281 esset
3442 2241 3595 2295 pree-

1923 2335 2066 2375 sens
2088 2320 2339 2389 Syrmio,
2373 2324 2431 2373 tu
2462 2320 2618 2373 illem
2646 2316 3051 2386 interpellasti,
3084 2331 3159 2370 an
3190 2316 3319 2385 ipse
3351 2317 3407 2370 te
3428 2330 3587 2370 com—

1923 2409 2114 2480 pulit?
2150 2408 2220 2462 Et
2248 2408 2635 2462 addiderunt:
2677 2428 2699 2451 «
2722 2406 2873 2470 Quid
2904 2405 2976 2459 ad
3009 2404 3122 2458 ista
3154 2403 3528 2474 respondes?

1996 2497 2295 2551 Palladius
2343 2496 2691 2566 respondit:
2742 2516 2764 2542 ιι
2801 2494 2936 2555 Dixi
2975 2493 3156 2562 mihi;
3204 2492 3385 2546 Vade.
3429 2492 3597 2546 Dixi-

1924 2602 2058 2641 mus
2109 2602 2120 2640 :
2170 2585 2501 2639 Orientales
2553 2583 2826 2638 conventi
2875 2583 3056 2637 sunt?
3103 2582 3199 2635 Ait
3245 2596 3257 2635 :
3306 2579 3597 2636 Conventi

1926 2678 2064 2730 sunt
2095 2674 2232 2744 (32).
2267 2674 2566 2746 Numquid
2598 2674 2649 2727 si
2680 2671 3008 2727 Orientales
3033 2687 3150 2725 non
3177 2670 3433 2725 fuissent
3456 2686 3597 2726 con-

1925 2764 2106 2834 venti,
2140 2764 2424 2834 numquid
2462 2778 2574 2817 nos
2608 2761 3148 2816 convcnissemus?
3179 2783 3202 2808 ιι

2000 2871 2085 2925 11.
2138 2870 2494 2925 Ambrosius
2542 2870 2864 2939 episcOpus
2913 2867 3105 2923 dixit:
3164 2888 3185 2915 α
3220 2867 3601 2938 Sequestrata

1926 2960 2004 3014 sit
2035 2975 2212 3014 causa
2243 2958 2646 3025 Orientalium,
2682 2957 3035 3011 sententiam
3056 2959 3213 3009 tuam
3234 2955 3409 3010 hodie
3433 2970 3600 3025 quae-

1925 3064 2013 3103 ro.
2049 3049 2173 3103 Arii
2206 3048 2310 3102 tibi
2346 3047 2597 3117 epistola
2645 3046 2796 3100 lecta
2843 3047 2935 3099 est
2972 3061 2985 3100 :
3035 3045 3198 3099 soles
3230 3047 3286 3099 te
3316 3044 3601 3098 Arianum

1927 3153 2168 3209 negare,
2206 3139 2321 3190 Aut
2354 3137 2565 3189 damna
2593 3135 2773 3189 hodie
2805 3134 3034 3201 Arium,
3066 3136 3165 3187 aut
3196 3132 3468 3187 defende.
3505 3155 3529 3180 ιι

2000 3226 2297 3279 Palladius
2339 3225 2485 3279 dixit
2518 3240 2530 3278 :
2589 3245 2610 3273 ιι
2646 3223 2780 3278 Non
2824 3224 2918 3277 est
2964 3220 3330 3276 auctoritatis
3368 3222 3506 3289 tuae,
3540 3222 3603 3274 ut

1928 3314 2041 3369 hoc
2072 3331 2105 3368 a
2136 3330 2227 3369 me
2259 3329 2515 3385 quaeras.
2557 3335 2579 3359 ιι

1998 3403 2297 3458 Eusebius
2329 3404 2650 3473 episcopus
2682 3400 2828 3455 dixit
2861 3417 2872 3455 :
2913 3423 2935 3447 α
2970 3399 3104 3454 Non
3135 3397 3432 3453 credimus
3464 3396 3605 3452 reli-

1928 3493 2171 3563 giosum
2202 3493 2614 3561 imperatorem
2646 3490 2803 3543 aliud
2843 3489 3093 3555 dixisse,
3127 3502 3301 3557 quam
3334 3486 3599 3555 scripsit.

1929 3581 2263 3651 Episcopus
2304 3579 2490 3651 jussit
2539 3578 2857 3633 convenire
2908 3576 3062 3645 (33);
3112 3592 3230 3630 non
3280 3575 3461 3643 potuit
3496 3573 3600 3628 tibi

1929 3670 2043 3725 soli
2076 3672 2279 3723 contra
2310 3669 2665 3737 rescriptum
2697 3682 2873 3720 suum
2907 3665 3125 3734 dicere,
3145 3666 3207 3718 ut
3230 3663 3361 3718 sine
3389 3662 3603 3717 Orien-

1926 3756 2147 3813 talibus
2179 3773 2363 3811 cuusa
2400 3757 2636 3811 minime
2668 3755 2985 3808 diceretur.
3024 3774 3045 3800 ιι

2001 3846 2298 3900 Palladius
2329 3845 2475 3899 dixit
2508 3861 2520 3899 :
2563 3867 2584 3891 «
2619 3843 2683 3898 Si
2714 3843 2837 3897 Itali
2874 3841 2982 3895 soli
3012 3840 3169 3912 jussi
3202 3843 3341 3895 sunt
3371 3854 3596 3895 conve-

1929 3935 2056 3990 nire
2076 3937 2105 3990 ?
2140 3958 2161 3982 ιι

2000 4023 2297 4095 Evagrius
2345 4022 2659 4093 presbyter
2707 4024 2763 4076 et
2803 4021 3034 4093 legatus
3068 4018 3216 4073 dixit
3251 4036 3261 4072 :
3304 4040 3323 4067 ιι
3362 4018 3435 4072 Ut
3466 4018 3600 4072 ante

1929 4115 2178 4184 quatuor
2212 4112 2361 4181 dies,
2396 4115 2452 4165 et
2481 4114 2615 4165 ante
2645 4110 2890 4164 biduum
2921 4108 3309 4178 responderet
3354 4122 3420 4159 se
3452 4104 3603 4159 affu-

1928 4205 2143 4256 turum.
2192 4200 2340 4265 Quid
2389 4216 2534 4271 ergo
2583 4198 3023 4268 exspectabas?
3074 4195 3477 4262 Orientalium,
3540 4195 3604 4247 ut

1930 4290 2101 4359 dicis,
2150 4289 2514 4343 consortium
2561 4292 2791 4342 tuorum
2844 4286 3195 4340 sententiam
3234 4284 3346 4354 (31)
3381 4296 3600 4351 exspe-

1932 4378 2250 4432 ctandam?
2298 4377 2397 4432 Sic
2447 4377 2702 4432 debuisti
2753 4374 3053 4444 mandare,
3096 4388 3216 4428 non
3258 4370 3599 4441 promittere

1932 4466 2291 4521 conﬂictum.
2324 4489 2347 4513 ιι

210 4626 330 4697 (26)
362 4627 513 4683 Edit.
547 4628 837 4699 quaadam,
893 4650 914 4677 α
950 4631 1239 4684 astruere.
1274 4628 1391 4684 Sed
1424 4629 1817 4685 damnandum
1842 4613 1889 4673 ο
1931 4627 2120 4681 fuisse
2152 4626 2452 4699 agitatam.

144 4704 317 4767 putas
340 4699 369 4752 ?
400 4699 641 4754 Damna.
684 4721 704 4747 υ

212 4769 331 4837 (27)
380 4768 597 4836 (κήαι,
658 4792 679 4816 ιι
715 4771 932 4824 indicat
969 4770 1144 4825 lectio
1189 4785 1379 4825 sacrae
1410 4786 1440 4823 a
1472 4770 1646 4824 vobis
1676 4786 1817 4839 pro-

146 4837 274 4922 latae
300 4854 317 4907 ;
354 4840 723 4922 Rem.‘e_dit.,_
754 4864 776 4889 α
803 4842 990 4922 dictat
1019 4841 1233 4895 divalis
1280 4842 1509 4922 sanctio
1538 4857 1552 4908 ;
1587 4862 1608 4888 ιι
1639 4837 1809 4922 ςΙῖΘΙΙ.

146 4915 342 4964 autem
372 4915 430 4964 et
458 4911 665 4976 Labb.,
698 4912 875 4966 lectio
904 4928 1097 4978 sacra,
1148 4911 1307 4981 quod
1355 4927 1541 4965 sensu
1573 4911 1813 4965 minime

148 4979 452 5049 diversum
482 4984 591 5035 est.
628 4982 782 5036 Infra
814 4998 975 5049 vero,
1010 4982 1109 5036 ubi
1144 4983 1347 5037 eadem
1371 4982 1507 5037 edit.
1541 4998 1609 5035 ac
1641 4981 1810 5035 Chill.

150 5048 386 5119 habent,
424 5073 446 5100 α
481 5054 861 5107 consortibus
892 5048 1115 5107 uestris
1143 5068 1157 5119 ;
1186 5074 1206 5101 ιι
1243 5053 1389 5107 Tell.
1425 5056 1482 5108 et
1513 5052 1697 5107 Labb.
1734 5052 1817 5107 le-

151 5124 313 5190 gunt,
355 5146 377 5167 a
413 5125 941 5178 consacerdotibus
974 5125 1220 5178 nostris.

216 5192 333 5260 (28)
368 5193 536 5265 Rom.
571 5194 732 5263 edit.,
768 5194 953 5248 Labb.
1001 5198 1057 5248 et
1104 5193 1300 5249 Chifﬂ.
1337 5215 1359 5241 ιι
1394 5195 1815 5265 imperatorum

152 5264 609 5335 [ascriptuau
669 5288 690 5311 ιι
741 5266 954 5335 melius
1004 5265 1135 5320 cod.
1186 5265 1357 5331 Tell.,
1408 5264 1813 5335 imperatoris,

152 5331 419 5388 Gratiani“
459 5334 707 5404 scilicet,
760 5334 936 5406 cujus
986 5336 1163 5391 unius
1211 5336 1429 5391 mentio
1462 5331 1560 5391 hic
1591 5331 1818 5407 passim

156 5406 535 5556 θῗὲἐῖεάίι.
588 5477 781 5547 Rom.,
837 5499 860 5528 ι
895 5476 1008 5532 sub
1055 5478 1257 5548 specie
1306 5477 1439 5547 piae,
1490 5478 1600 5532 sed
1650 5476 1817 5531 talem

159 5549 562 5689 Ριῗὲῗῦιῗάιιὶᾶ
584 5619 764 5672 tantiu
786 5619 1233 5689 blasphemasti,
1263 5642 1283 5667 ιι
1311 5617 1468 5673 refer
1485 5619 1615 5673 haec
1637 5618 1818 5672 verba

164 5683 227 5735 nd
247 5687 569 5757 superiora
600 5690 695 5743 illa
729 5706 741 5744 :
779 5711 803 5741 ς
840 5683 951 5745 Diu
987 5692 1130 5745 citra
1156 5683 1304 5745 ecta
1348 5690 1751 5757 tractavimus,
1789 5712 1810 5736 η

166 5756 375 5826 quibus
427 5758 706 5817 docemur
752 5761 1147 5838 disputatione
1171 5760 1295 5837 jam
1324 5761 1493 5834 prius
1544 5756 1818 5835 utrinque

2000 4698 2112 4767 (31)
2147 4685 2314 4750 Nam.
2348 4696 2509 4761 edit.,
2546 4717 2569 4741 «ι
2603 4695 2747 4747 Dico
2777 4693 2880 4746 tibi
2912 4706 3024 4745 nos
3056 4689 3187 4767 ideo
3219 4688 3448 4767 dixisse
3475 4685 3601 4757 jam

1927 4760 2140 4835 vobis,
2191 4767 2348 4837 quod
2391 4767 2731 4819 veniremus
2776 4768 2838 4816 ut
2893 4760 3291 4837 conveniretis
3337 4762 3395 4812 et
3425 4773 3599 4837 _vo.s;

1929 4840 2065 4909 quia
2088 4828 2590 4909 exspectabamus
2615 4841 2948 4909 consortes,
3000 4832 3109 4909 sed
3142 4846 3271 4909 agn
3315 4832 3476 4909 recte
3508 4828 3600 4882 fe-

1929 4901 2098 4964 cistis
2130 4901 2473 4976 subrepere.
2513 4930 2533 4954 ιι
2571 4906 2755 4959 Labb.
2791 4919 2933 4958 vero
2965 4907 3021 4976 et
3279 4901 3427 4976 satis
3461 4915 3602 4953 con-

1927 4982 2148 5052 gruunt
2177 4972 2451 5052 cum'ms.
2488 4977 2657 5052 Tell.,
2710 4976 2828 5029 nisi
2868 4974 3021 5045 quod
3055 4972 3455 5052 Chifil.-solus
3488 4986 3595 5040 pro

1928 5043 2188 5105 diximus
2217 5049 2391 5103 habet
2422 5048 2793 5118 scripsimus,
2843 5043 2904 5100 et
2948 5061 3071 5118 pro_
3102 5043 3595 5118 convinceremus

1926 5121 2071 5193 legit
2120 5137 2250 5174 cum
2298 5113 2971 5193 Labb._cbuvcuirguius
2994 5135 3013 5179 ;
3042 5114 3316 5193 denique,
3338 5113 3453 5193 _ub_i
3482 5129 3593 5167 nos

1928 5184 2061 5246 cuvm
2108 5195 2357 5260 utroque
2405 5190 2757 5260 subripere,
2804 5188 2950 5241 Tell.
2984 5187 3225 5260 exhibet
3253 5184 3593 5260 subripere.

1927 5262 2102 5319 Forte
2150 5278 2222 5316 an
2262 5255 2427 5314 haud
2473 5261 2550 5313 ita
2591 5255 2763 5328 male,
2816 5274 2949 5312 cum
2989 5257 3196 5312 eodem
3228 5271 3413 5310 sensu
3443 5255 3597 5307 infra

1923 5337 2176 5405 ponatur
2204 5332 2613 5405 subripuistis.

1995 5403 2104 5473 (3‘2)
2140 5425 2162 5453 ι
2192 5404 2322 5457 Ait:
2358 5395 2831 5476 C_on_venti_sun_t,
2861 5423 2881 5447 ιι
2905 5400 3146 5476 deerant
3176 5398 3236 5451 in
3257 5396 3393 5476 edit:
3421 5395 3593 5449 Rom.

1924 5467 2057 5547 quae
2081 5467 2191 5547 nos
2210 5490 2283 5547 ex
2306 5474 2435 5527 cod.
2462 5473 2629 5547 Tell.,
2659 5472 2840 5547 liahb.
2867 5476 2921 5525 et
2945 5470 3140 5547 Chifﬂ.
3163 5467 3554 5547 resti‘tuimus.

1994 5547 2104 5615 (33)
2138 5545 2375 5599 Eadem.
2411 5544 2574 5614 edit.,
2613 5536 2633 5591 (ι
2672 5543 3006 5614 Episcopus
3038 5536 3596 5604 Occidentalesjus-

1924 5617 2002 5670 sit
2032 5617 2369 5672 convenire.
2408 5639 2430 5663 »ι

1994 5688 2106 5758 (34)
2160 5688 2329 5742 Rom.
2381 5680 2542 5758 edit.,
2588 5684 3012 5758 praesentiain;
3062 5679 3252 5746 Tell.,
3301 5674 3485 5729 Labb.
3540 5675 3599 5729 et

1923 5752 2142 5830 Chifﬂ.,
2183 5761 2204 5805 ἀ
2236 5752 3099 5830 sententiam—exspectandum.
3144 5773 3164 5797 ιι
