4072 6174
517 356 639 428 959

2005 373 2071 435 S.
2119 371 2562 437 AMBROSII.

3803 381 3896 447 960

597 561 894 621 Palladius
924 565 1072 622 dixit
1101 583 1114 626 :
1147 567 1293 634 Quia
1322 571 1494 643 quasi
1516 571 1590 626 ad
1613 573 1928 629 concilium
1949 573 2189 646 plenum
2222 559 2273 620 Α
2295 573 2492 628 divina
2519 573 2742 645 judicia
2771 572 3049 650 damnare
3079 574 3306 645 Arium,
3343 591 3475 629 cum
3504 578 3772 646 crepuerit
3799 595 3894 633 me-

525 665 825 725 veneram,
859 655 980 710 vidi
1011 673 1128 712 non
1160 663 1517 716 convenisse
1563 667 1875 718 consortes
1908 668 2191 740 meos,.ut

526 743 924 813 convenirem,
959 749 1016 800 et
1047 746 1302 802 dicerem
1335 750 1660 804 secundum
1689 751 2028 822 jussionem
2057 769 2191 826 age-

525 831 672 884 retis
702 830 762 884 in
791 831 1204 904 praejudicium
1237 836 1417 891 futuri
1447 840 1682 894 concilii
1715 840 1846 910 (35).
1877 865 1900 890 ι»

599 917 686 973 12.
721 921 1077 977 Ambrosius
1108 924 1428 996 episcOpus
1459 927 1640 984 dixit:
1683 953 1703 976 «ι
1733 929 1808 984 Ut
1837 930 2012 986 hodie
2040 932 2191 986 resi-

528 1007 826 1076 deremus,
877 1009 1005 1081 ipse
1051 1015 1324 1086 exegisti.
1376 1017 1642 1088 Denique
1684 1018 1852 1073 etiam
1906 1019 2080 1075 hodie
2127 1023 2188 1076 tu

527 1094 658 1166 ipse
687 1097 888 1152 dixisti
907 1100 1040 1171 quia
1063 1099 1379 1158 Christiani
1409 1105 1482 1160 ad
1502 1105 1872 1163 Christianos
1894 1110 2186 1164 venimus.

525 1181 896 1242 Christianos
927 1188 1108 1261 igitur
1135 1208 1252 1246 non
1281 1194 1566 1263 probasti.
1599 1197 1938 1252 Promisisti
1965 1203 2020 1253 te
2055 1215 2192 1253 con-

529 1271 901 1346 ﬂictaturum,
935 1281 1262 1348 promisisti
1294 1285 1349 1336 te
1381 1283 1689 1340 allaturum
1729 1291 1827 1342 aut
1853 1291 2192 1359 acceptatu-

528 1376 657 1414 rum
691 1362 803 1433 (36)
836 1380 974 1420 esse
1007 1368 1310 1425 rationem.
1343 1372 1622 1428 Libenter
1643 1375 1836 1447 itaque
1854 1379 2194 1448 accepimus

530 1449 936 1518 praefationem
965 1459 1141 1512 tuam.
1175 1457 1516 1529 Optavimus
1542 1465 1602 1518 ut
1629 1465 1801 1535 quasi
1819 1465 2193 1522 Christianus

531 1539 792 1595 venires.
825 1541 1021 1598 Obtuli
1049 1546 1155 1600 tibi
1184 1549 1492 1618 epistolam
1535 1553 1680 1622 Arii,
1729 1571 1904 1625 quam
1952 1557 2196 1626 scripsit

533 1626 741 1698 Arius,
775 1630 846 1685 de
881 1632 1056 1704 cujus
1085 1637 1320 1691 nomine
1363 1638 1558 1693 dicitis
1605 1657 1716 1696 vos
1765 1642 2042 1714 injuriam
2071 1643 2194 1698 fre-

531 1720 780 1786 quenter
809 1723 1128 1778 sustinere.
1163 1724 1370 1780 Dicitis
1403 1729 1559 1799 quod
1591 1729 1796 1785 Arium
1826 1748 1944 1786 non
1977 1748 2194 1804 sequa-

534 1803 697 1860 mini.
733 1806 922 1862 Hodie
952 1814 1152 1880 aperta
1182 1812 1355 1868 debet
1387 1831 1526 1871 esse
1555 1820 1845 1874 sententia
1879 1835 1892 1875 :
1927 1825 2026 1876 aut
2056 1803 2196 1878 con-

533 1889 744 1948 demna
761 1895 945 1967 illum,
969 1903 1066 1953 aut
1087 1903 1286 1956 astrue
1305 1904 1618 1974 quibusvis
1641 1907 1994 1964 lectionibus
2013 1910 2138 1980 (37).
2169 1934 2190 1960 η

541 1979 612 2035 Et
637 1983 858 2039 addidit
891 2001 904 2041 :
941 2009 964 2034 α
1001 1987 1158 2060 Ergo
1191 1989 1358 2060 juxta
1391 1995 1720 2064 epistolam.
1757 1999 1880 2052 Arii
1923 1979 2196 2057 Christus

531 2067 636 2124 Dei
671 2070 857 2128 Filius
889 2091 1006 2129 non
1035 2081 1126 2132 est
1155 2081 1552 2150 sempiternus
1572 2085 1601 2138 ‘?

599 2158 898 2216 Palladius
931 2163 1121 2243 dixit:
1161 2189 1184 2215 «
1219 2167 1351 2224 Non
1401 2171 1658 2227 diximus
1698 2175 2052 2244 probaturos
2083 2196 2194 2235 nos

533 2243 924 2321 Christianos,
959 2255 1065 2308 sed
1093 2255 1153 2309 in
1186 2259 1436 2314 concilio
1466 2261 1660 2330 pleno.
1699 2243 1842 2318 iNon
1893 2267 2066 2322 vobis
2096 2285 2194 2323 re-

537 2339 901 2426 spondemus
924 2343 1160 2400 omnino
1181 2345 1242 2400 in
1265 2348 1676 2420 praejudicium
1700 2354 1930 2408 concilii
1955 2355 2190 2426 futuri.»

603 2424 901 2484 Eusebius
934 2432 1252 2504 episcopus
1285 2437 1430 2491 dixit
1463 2454 1476 2493 :
1514 2462 1535 2486 α
1572 2439 1711 2495 Sine
1745 2424 2076 2514 calliditate,
2123 2446 2195 2500 fl-

533 2511 626 2568 dei
657 2518 772 2571 tuae
803 2519 1236 2586 professionem
1267 2525 1451 2582 debes
1483 2544 1798 2599 exponere.
1839 2553 1862 2579 ι»

607 2601 900 2662 Palladius
923 2608 1100 2666 dixit:
1127 2632 1149 2662 α
1175 2611 1243 2666 Et
1265 2615 1404 2684 quid
1426 2617 1677 2672 conc-ilio
1708 2635 2084 2678 reservamus
2107 2623 2135 2677 ’ς’
2168 2647 2190 2671 ι»

604 2691 688 2747 13.
722 2694 1078 2752 Ambrosius
1108 2701 1408 2773 epiSCOpis
1439 2705 1583 2760 dixit
1617 2723 1630 2763 :
1667 2728 1688 2757 α
1723 2708 1893 2763 Omni
1924 2726 2024 2765 ore
2057 2727 2196 2766 con-

535 2777 828 2837 demnatio
859 2783 1011 2840 facta
1043 2791 1136 2842 est
1165 2789 1224 2844 in
1255 2807 1408 2860 eum,
1440 2796 1539 2864 qui
1573 2802 1817 2868 negaret
1848 2799 1953 2852 Dei
1985 2799 2193 2855 Filium

535 2871 978 2958 sempiternum.
1014 2876 1268 2950 Negavit
1297 2882 1514 2952 Arius;
1548 2884 1705 2939 hunc
1749 2889 2020 2958 sequitur
2061 2891 2195 2944 Pal-

533 2955 747 3026 ladius,
783 2961 883 3032 qui
913 2980 1030 3020 non
1060 2968 1184 3022 vult
1213 2971 1604 3028 condemnare
1639 2967 1784 3030 790
1817 2955 2040 3032 Arium.
2089 2978 2196 3032 Ita-

530 3059 648 3116 que
680 3051 874 3106 utrum
905 3051 1088 3126 hujus
1117 3057 1418 3128 probanda
1450 3063 1740 3117 sententia
1771 3065 1868 3134 sit,
1917 3067 2199 3122 conside-

534 3138 659 3192 rate
707 3153 721 3193 :
773 3141 830 3195 et
875 3145 1068 3198 utrum
1114 3149 1442 3204 secundum
1489 3150 1826 3221 Scripturas
1875 3153 2048 3225 dicat,
2100 3149 2200 3210 aut

537 3229 740 3282 contra
796 3229 1153 3304 Scripturas,
1215 3235 1546 3310 intelligere
1605 3239 1761 3296 licet.
1814 3243 2056 3298 Lectum
2106 3247 2200 3298 est

531 3316 688 3370 enim
711 3334 723 3372 :
753 3340 776 3365 α
795 3319 1161 3392 Sempiterna
1181 3327 1370 3381 virtus
1389 3327 1493 3382 Dei
1515 3331 1688 3398 atque
1710 3330 1988 3386 divinitas
2005 3331 2193 3402 (Rom.

531 3419 570 3470 ι,
598 3404 709 3475 20).
737 3406 842 3462 Dei
860 3410 1049 3466 virtus
1071 3410 1344 3468 Christus
1364 3419 1456 3470 est
1488 3417 1545 3487 (I
1573 3417 1708 3472 Cor.
1732 3435 1774 3487 ι,
1795 3419 1907 3489 24).
1931 3419 1991 3474 Si
2017 3421 2196 3491 igitur

531 3495 890 3565 sempiterna
911 3499 1016 3554 Dei
1036 3501 1225 3557 virtus
1247 3507 1357 3572 est,
1381 3506 1778 3575 sempiternus
1800 3508 2000 3579 utique
2021 3508 2195 3562 Chri-

531 3584 663 3638 stus
686 3588 776 3640 est
801 3601 815 3655 ;
837 3587 975 3658 quia
995 3587 1270 3646 Christus
1294 3597 1385 3647 est
1402 3593 1504 3648 Dei
1529 3595 1717 3650 virtus
1739 3595 1795 3664 (I
1813 3595 1948 3651 Cor.
1984 3613 2021 3666 ι,
2054 3596 2129 3667 8).
2168 3619 2190 3646 ιι

603 3671 901 3730 Eusebius
949 3678 1270 3750 episcopus
1315 3683 1506 3738 dixit:
1561 3705 1584 3735 α
1623 3684 1766 3738 [iam
1814 3684 1964 3739 fides
1995 3688 2199 3740 nostra

533 3764 645 3831 est,
679 3763 810 3818 haec
842 3764 1226 3840 intelligentia
1259 3771 1565 3827 catholica.
1599 3771 1856 3838 Quihvec
1887 3789 2006 3828 non
2036 3774 2200 3830 dixe-

533 3848 626 3919 rit,
660 3853 988 3909 anathema.
1025 3880 1048 3904 ιι

600 3937 818 3995 Omnes
851 3943 1116 4014 episcopi
1147 3945 1421 4002 dixerunt
1453 3965 1466 4004 :
1507 3973 1529 3998 α
1565 3951 1909 4006 Anathema.
1948 3972 1971 4002 ι

604 4025 691 4082 14.
727 4027 1027 4086 Eusebius
1057 4034 1358 4106 episcopis
1391 4037 1538 4092 dixit
1570 4055 1582 4093 :
1625 4060 1646 4087 α
1683 4039 2030 4109 Specialiter
2059 4040 2201 4094 dicit

531 4113 724 4170 solum
756 4118 984 4174 Patrem
1035 4124 1476 4195 sempiternum,
1527 4129 1584 4180 et
1629 4127 1838 4182 Filium
1883 4127 2196 4198 aliquando

451 4227 454 4230 η
529 4205 807 4274 coepisse.
847 4229 870 4255 ι»

600 4295 900 4352 Palladius
922 4299 1098 4354 dixit:
1127 4323 1148 4348 α
1167 4301 1372 4357 Arium
1393 4319 1502 4358 nec
1522 4304 1665 4375 vidi,
1681 4319 1791 4358 nec
1813 4304 1939 4359 scio
1961 4304 2140 4376 qusit.
2170 4329 2192 4354 η

602 4385 902 4442 Eusebius
952 4389 1272 4460 episcopus
1319 4391 1510 4447 dixit:
1575 4415 1597 4443 α
1647 4394 1772 4446 Arii
1829 4393 2198 4464 blasphemia

529 4475 754 4546 prolata
785 4479 895 4546 est,
931 4477 988 4532 in
1021 4493 1136 4549 qua
1174 4483 1352 4552 negat
1374 4481 1475 4534 Dei
1510 4481 1721 4536 Filium
1751 4483 2196 4552 sempiternum.

533 4564 701 4620 Hanc
718 4566 1024 4636 perﬁdiam
1047 4567 1290 4622 damnas
1311 4586 1444 4624 cum
1471 4573 1730 4640 auctore,
1754 4574 1850 4624 aut
1870 4571 2100 4625 asseris
2120 4572 2148 4625 ξ)
2170 4594 2192 4619 ι»

602 4654 901 4710 Palladius
933 4657 1123 4713 dixit:
1173 4681 1196 4705 α
1233 4657 1348 4712 Ubi
1391 4659 1710 4714 auctoritas
1757 4659 1916 4730 pleni
1963 4659 2200 4714 concilii
2225 4647 2267 4704 ι)

530 4759 649 4801 non
680 4748 792 4815 est,
825 4762 942 4801 non
976 4747 1128 4802 dico.
1167 4767 1190 4797 ι

605 4833 692 4888 15.
725 4833 1080 4892 Ambrosius
1113 4837 1432 4908 episcopus
1465 4836 1612 4892 dixit
1661 4851 1674 4892 :
1731 4858 1754 4884 α
1788 4836 2035 4892 Dubitas
2067 4838 2202 4908 post

607 5033 720 5103 (35)
751 5033 902 5088 Edit.
937 5035 1106 5088 Rom.
1145 5055 1168 5084 ιι
1204 5033 1472 5089 Judicavi
1501 5049 1666 5104 vero,
1717 5036 1781 5088 ut
1822 5031 2201 5104 convenirem

535 5105 860 5230 setcundum
892 5105 1248 5176 jussionem,
1283 5109 1345 5160 ut
1378 5103 1656 5160 dicerem
1685 5119 1759 5159 ne
1805 5103 2024 5174 aliquid
2056 5119 2202 5175 ege-

535 5193 584 5230 l‘l
615 5192 686 5230 IS.
726 5199 748 5224 »

535 5193 718 5335 mstiti)
747 5265 827 5320 Ita
861 5266 990 5321 cod.
1025 5265 1196 5332 Tell.,
1229 5265 1346 5320 nisi
1375 5265 1531 5336 quod
1562 5281 1670 5335 pro
1701 5263 2036 5329 allaturum,
2069 5262 2198 5332 lap-

537 5351 612 5392 su
641 5337 868 5392 librarii
899 5337 1183 5408 scriptum
1214 5340 1324 5402 est,
1359 5337 1732 5402 ablaturum;
1765 5336 1824 5390 in
1847 5336 1984 5390 edit.
2009 5337 2203 5388 autem

539 5409 760 5476 deerat,
799 5431 821 5456 α
857 5411 956 5462 aut
983 5411 1440 5478 acceptaturum.
1481 5429 1501 5457 υ

755 5498 1094 5575 Bom._edit.
1129 5497 1292 5575 sola;
1319 5495 1692 5575 «inquibusvis
1724 5494 2073 5575 rationibus:
2096 5515 2134 5575 ο»

605 5563 719 5639 (38)
755 5569 904 5623 Edit.
940 5571 1110 5625 Rom.
1147 5571 1203 5622 et
1233 5563 1434 5639 Chiftl‘,
1483 5589 1504 5613 «ι
1539 5565 1638 5639 qui
1683 5565 1944 5639 omnium
1983 5563 2202 5619 Africa

540 5636 937 5709 sacerdotum,
976 5660 998 5689 ι
1031 5639 1176 5694 Tell.
1211 5641 1267 5692 et
1297 5637 1480 5692 Labb.
1514 5639 1577 5688 ut
1608 5636 1666 5688 in
1697 5637 1881 5689 textu.

609 5727 700 5792 (39
707 5748 724 5796 )
757 5729 838 5782 lta
867 5727 1062 5782 Chit‘t‘l.
1095 5742 1128 5780 a
1150 5742 1266 5796 quo
1296 5740 1414 5796 non
1435 5721 1718 5796 recedunt
1739 5722 1884 5796 Tell.
1910 5722 1967 5776 et
1989 5721 2200 5796 Labb.,

539 5797 658 5862 nisi
701 5791 859 5870 quod
893 5798 1148 5870 primum
1167 5791 1522 5851 'membrum
1565 5792 1770 5866 legunt
1810 5791 1924 5847 hoc
1973 5793 2146 5846 modo
2189 5807 2203 5848 :

2301 662 2435 716 dius
2456 663 2484 718 ε)
2516 663 2585 716 Et
2617 663 2842 718 addidit
2875 679 2889 718 :
2931 686 2952 710 α
2991 663 3200 718 Dicant
3229 663 3400 718 etiam
3428 664 3611 719 sancti
3641 665 3740 720 viri
3763 666 3903 738 legati

2297 751 2616 806 Gallorum.
2659 775 2682 800 η

2369 839 2748 896 Constantius
2779 841 3098 912 episcopus
3129 845 3186 898 et
3205 841 3437 914 legatus
3457 841 3737 898 Gallorum
3757 841 3898 900 dixit:

2375 952 2396 976 ι(
2424 929 2589 982 Hanc
2611 929 2964 1000 impietatem
2985 929 3120 1002 ejus
3141 931 3400 986 hominis
3413 931 3902 1001 etsemperdamna-

2301 1018 2518 1088 vimus,
2551 1021 2607 1072 et
2635 1034 2790 1072 nunc
2824 1019 3170 1074 damnamus
3213 1035 3332 1074 non
3363 1019 3556 1074 solum
3592 1019 3793 1087 Arium,
3821 1021 3900 1075 sed

2303 1107 2359 1160 et
2381 1105 2718 1178 quicunque
2739 1106 2951 1162 Filium
2971 1108 3077 1162 Dei
3099 1123 3216 1162 non
3238 1107 3455 1163 dixerit
3471 1107 3864 1177 sempiternum.
3881 1133 3896 1156 ι

2375 1195 2730 1250 Ambrosius
2778 1196 3098 1267 episcopus
3149 1197 3296 1252 dixit
3329 1212 3342 1250 :
3389 1217 3412 1246 ιι
3448 1194 3594 1261 Quid
3623 1195 3774 1250 etiam
3800 1196 3902 1250 dicit

2301 1283 2576 1338 dominus
2607 1300 2776 1338 meus
2807 1285 3015 1339 Justus
3037 1287 3065 1339 ?
3099 1309 3120 1332 η

2371 1372 2582 1426 Justus
2638 1374 2956 1444 episcopus
3015 1376 3073 1427 et
3127 1373 3362 1444 legatus
3419 1371 3709 1428 Gallorum
3757 1370 3899 1426 dixit:

2306 1481 2328 1511 α
2363 1459 2470 1525 Qui
2502 1460 2714 1515 Filium
2746 1461 2852 1516 Dei
2882 1465 3240 1517 coaeternum
3273 1477 3410 1516 cum
3449 1459 3618 1515 Patre
3660 1475 3767 1516 non
3805 1475 3902 1514 con-

2302 1550 2515 1617 fitetur,
2549 1549 2856 1604 anathema
2893 1550 3199 1604 habeatur.
3240 1574 3262 1598 η

2373 1636 2590 1692 Omnes
2623 1638 2887 1709 episcopi
2919 1639 3194 1692 dixerunt
3224 1653 3238 1692 :
3275 1659 3300 1687 α
3336 1637 3674 1693 Anathema.
3719 1657 3740 1686 ι

2374 1727 2459 1781 16.
2512 1727 2866 1782 Ambrosius
2911 1728 3234 1796 episcopus
3265 1726 3417 1780 dixit
3449 1741 3462 1782 :
3501 1749 3523 1773 «ι
3557 1725 3752 1780 Dicant
3775 1725 3902 1778 etiam

2301 1815 2581 1871 Afrorum
2631 1816 2832 1886 legati,
2883 1817 2986 1888 qui
3031 1815 3292 1870 omnium
3330 1815 3549 1880 civium
3579 1814 3690 1870 huc
3716 1813 3902 1868 attulere

2223 1936 2270 1996 Β
2304 1905 2630 1996 sententias
2650 1905 2796 1996 Δ(38).
2831 1927 2853 1952 »ι

2374 1994 2538 2049 Felix
2569 1993 2888 2064 episcopus
2919 1994 2976 2048 et
3006 1993 3240 2065 legatus
3273 1991 3424 2046 dixit
3455 2007 3468 2048 :
3519 2015 3541 2040 α
3571 1990 3633 2048 Si
3677 1990 3796 2062 quis
3833 1987 3903 2042 Fi-

2303 2083 2446 2137 lium
2491 2083 2596 2138 Dei
2656 2082 2962 2154 negaverit
3016 2081 3464 2151 sempiternum,
3512 2083 3568 2134 et
3613 2082 3903 2134 coaeternum

2303 2171 2630 2244 negaverit,
2681 2186 2800 2226 non
2846 2171 3014 2225 solus
3051 2185 3166 2242 ego
3197 2171 3436 2241 legatus
3466 2169 3643 2224 totius
3670 2166 3902 2221 Africana

2303 2261 2626 2332 provinciae
2658 2259 2890 2324 damno,
2925 2259 3029 2314 sed
3059 2262 3117 2313 et
3146 2261 3402 2313 cunctus
3440 2257 3656 2312 chorus
3681 2252 3903 2309 sacerdo-

2303 2351 2459 2418 talis,
2493 2350 2594 2420 qui
2624 2349 2694 2402 ad
2729 2349 2884 2403 hunc
2916 2351 3129 2402 coetum
3162 2347 3610 2402 sanctissimum
3651 2359 3736 2399 me
3771 2341 3903 2407 misit,

2305 2439 2479 2494 etiam
2508 2439 2637 2508 ipse
2667 2440 2800 2492 ante
2831 2437 3148 2491 damnavit.
3184 2457 3208 2484 υ

2377 2526 2660 2582 Anemius
2706 2526 3026 2595 episcopus
3075 2523 3267 2578 dixit:
3324 2546 3347 2570 u
3387 2522 3574 2592 Caput
3611 2519 3801 2591 Illyrici
3826 2530 3906 2571 non

2303 2617 2422 2671 nisi
2467 2616 2675 2669 civitas
2726 2617 2820 2668 est
2869 2613 3216 2668 Sirmiensis
3249 2627 3260 2667 :
3295 2627 3416 2682 ego
3448 2611 3626 2682 igitur
3653 2609 3907 2678 episcopus

2303 2705 2462 2758 illius
2494 2703 2747 2758 civitatis
2779 2718 2932 2757 sum.
2969 2700 3116 2755 Eum
3149 2701 3246 2772 qui
3278 2716 3403 2754 non
3429 2699 3727 2754 confitetur
3751 2693 3908 2749 Filium
3998 2745 3999 2772 ἦ

2303 2793 2408 2848 Dei
2440 2795 2744 2860 aeternum,
2779 2793 2834 2844 et
2866 2793 3226 2844 coaeternum
3272 2788 3458 2857 Patri,
3505 2785 3660 2858 quod
3687 2787 3768 2839 est
3789 2795 3907 2834 sem-

2303 2883 2615 2953 piternum,
2649 2879 2957 2934 anathema
2987 2879 3120 2932 dico
3155 2894 3168 2932 :
3224 2876 3332 2932 sed
3376 2877 3552 2932 etiam
3581 2875 3654 2929 iis
3681 2870 3772 2944 qui
3794 2868 3909 2924 idem

2304 2987 2422 3026 non
2453 2969 2806 3025 conﬁtentur
2833 2968 2967 3036 (39).
3005 2987 3029 3017 ι

2376 3059 2462 3114 17.
2516 3057 2871 3112 Ambrosius
2916 3057 3237 3126 episcopus
3280 3053 3435 3108 dixit
3483 3068 3496 3108 :
3549 3075 3570 3102 α
3621 3048 3808 3106 Audite
3839 3057 3910 3099 se-

2305 3147 2560 3220 quentia.
2597 3168 2618 3194 ι
3688 3227 3702 3230 _
3843 3219 3854 3230 θ

2376 3237 2445 3291 Et
2475 3235 2784 3290 recitatum
2810 3235 2902 3288 est
2935 3249 2946 3288 :
2987 3255 3010 3280 «
3045 3231 3246 3288 Solum
3277 3233 3590 3297 mternum,
3620 3227 3792 3282 solum
3814 3227 3908 3276 sine

3997 2753 3999 2806 l

3998 3217 3999 3254 ι

2305 3325 2492 3394 initio,
2526 3323 2720 3379 solum
2747 3337 2978 3393 verum,
3009 3320 3205 3376 solum
3233 3318 3721 3375 immortalitatem
3748 3311 3911 3368 haben.
3998 3327 3999 3346 λ

2302 3417 2440 3469 tem.
2479 3434 2501 3462 ι

2376 3501 2732 3556 Ambrosius
2780 3499 3100 3570 episcopus
3142 3496 3288 3551 dixit
3319 3511 3332 3550 :
3375 3517 3399 3544 α
3436 3495 3508 3550 Et
3533 3495 3594 3549 in
3622 3493 3727 3548 hoc
3751 3487 3908 3542 damna

2309 3607 2464 3662 eum,
2510 3590 2609 3661 qui
2658 3592 2835 3660 negat
2881 3586 3092 3642 Filium
3144 3586 3329 3639 Deum
3380 3599 3604 3638 verum.
3641 3579 3770 3634 Cum
3793 3573 3908 3628 enim

2306 3681 2438 3751 ipse
2467 3679 2544 3734 sit
2573 3677 2812 3746 veritas,
2847 3673 3339 3747 quemadmodum
3385 3687 3505 3726 non
3547 3672 3636 3724 est
3677 3667 3816 3721 Deus
3837 3673 3908 3712 ve-

2306 3785 2412 3825 rus
2433 3771 2462 3823 ‘?
2492 3791 2514 3817 η
2553 3767 2624 3821 Et
2653 3765 2874 3820 addidit
2904 3780 2916 3818 :
2955 3787 2978 3812 (ι
3010 3761 3160 3828 Quid
3189 3761 3260 3815 ad
3290 3761 3459 3815 hoc?
3492 3779 3515 3808 ι
3858 3833 3886 3843 η

2376 3855 2674 3912 Palladius
2724 3853 2870 3908 dixit
2903 3867 2915 3908 :
2973 3873 2996 3903 ι
3033 3849 3244 3904 Filium
3289 3863 3504 3904 verum
3541 3845 3672 3918 quis
3709 3854 3809 3896 non
3847 3833 3907 3889 di-

2306 3947 2388 4002 cit
2417 3947 2528 4015 (40)
2550 3947 2579 4000 ⁸2
2611 3967 2634 3992 ιο
3789 4015 3799 4025 ,

2376 4034 2732 4089 Ambrosius
2761 4031 3081 4102 episcopus
3111 4027 3260 4082 dixit
3289 4041 3301 4081 :
3343 4047 3368 4074 α
3406 4025 3586 4080 Arius
3613 4017 3837 4091 negavit.
3863 4031 3880 4058 ι

2375 4122 2674 4178 Palladius
2704 4119 2851 4175 dixit
2882 4135 2894 4174 :
2932 4139 2955 4168 α
2983 4115 3128 4171 Cum
3160 4114 3488 4185 Apostolus
3505 4104 3906 4167 dicatChristum

2307 4190 2444 4268 ~7'91
2499 4226 2682 4281 super
2729 4208 2923 4264 omnia
2969 4205 3175 4276 Deum,
3234 4205 3434 4274 potest
3489 4198 3696 4272 aliquis
3739 4197 3907 4260 nos!”
3998 4203 3999 4214 ‘

2305 4316 2512 4358 verum
2542 4297 2754 4354 Filium
2786 4295 2936 4350 Dei?
2969 4317 2992 4342 η

2484 4353 2854 4442 ambrosius
2885 4383 3207 4454 episcopus
3237 4379 3422 4434 dixit:
3461 4401 3484 4426 α
3510 4377 3586 4432 Ut
3605 4372 3750 4430 scias
3773 4373 3906 4454 quam
3998 4353 3999 4400 ἶ

2307 4476 2656 4548 simpliciter
2702 4451 2941 4528 veritas
2971 4487 3004 4523 a
3053 4468 3229 4524 nobis
3271 4467 3624 4538 requiratur,
3660 4471 3784 4548 esse
3803 4451 3904 4548 ςίοθ

2307 4539 2445 4638 ego,
2476 4567 2538 4620 ut
2569 4563 2720 4618 dicis
2751 4577 2766 4618 :
2819 4560 2928 4616 sed
2975 4556 3368 4628 semiplenum
3417 4553 3604 4608 habeo
3647 4546 3766 4618 (41).
3795 4539 3904 4640 Cum

2307 4655 2462 4710 enim
2494 4653 2572 4706 ita
2603 4650 2776 4720 dicis,
2809 4647 3033 4702 videris
3065 4659 3286 4718 negare
3307 4643 3494 4697 Deum
3509 4652 3703 4695 verum
3724 4639 3902 4728 ;

2306 4747 2423 4800 tem
2472 4715 2821 4812 simpliciter
2867 4715 3170 4792 confiteris
3214 4749 3226 4788 :
3275 4747 3483 4788 verum
3531 4729 3703 4812 Deum
3741 4715 3902 4774 Filium

2307 4831 2435 4902 Dei,
2469 4845 2540 4886 eo
2572 4810 2778 4884 ordine
2808 4827 3030 4895 astrue,
3054 4838 3173 4895 quo
3189 4823 3320 4893 ipse
3336 4831 3599 4892 propono
3629 4810 3747 4884 (42)-
3777 4827 3796 4852 ι’

3103 4977 3120 5000 Ι

2315 5051 2338 5076 «ι
2373 5027 2481 5083 sed
2511 5025 2686 5080 etiam
2715 5022 2769 5076 is
2799 5020 3035 5093 quidem
3066 5034 3184 5074 non
3216 5015 3556 5080 confitetur;
3590 5006 3904 5112 κίοιυωιαιιῖ

2315 5102 2325 5112 .
2455 5098 2468 5112 .
2692 5111 2700 5112 ,
2733 5094 2795 5112 νι
2857 5093 2997 5112 η-...
3062 5090 3144 5112 ,2-
3178 5088 3389 5112 ι.-ι.,.ι.
3428 5108 3447 5112 --
3486 5087 3538 5112 ,ιι
3568 5082 3722 5112 Ahom
3769 5085 3798 5112 ιι
3841 5073 3886 5112 1⁵8

2308 5069 2835 5154 ἱεὲἓῖἷοῖιίἰῖιῗθέᾗιῗ
2846 5069 3035 5147 ᾗῦῐιῖξ
3059 5069 3390 5144 ξίξξιιέἣὲῐε
3425 5108 3448 5132 «ι
3484 5069 3742 5139 et'etiam.
3769 5069 3898 5186 ιιιίτες

2350 5171 2383 5186 α.
2587 5169 2668 5186 --ι
2730 5179 2851 5186 ---μ
2891 5163 2984 5186 -.-ε
3011 5160 3319 5186 ..-ληιλιηκ
3339 5156 3525 5186 αλιι-η.
3549 5153 3753 5186 Dan-nm
3773 5153 3812 5186 aa
3833 5145 3882 5184 er

2312 5145 2707 5253 'c'iih’thiﬁ'é'ét,‘
2723 5145 2862 5246 eum
2887 5160 3319 5253 quieontitet‘ur
3339 5145 3896 5253 601113338113?

2310 5215 2700 5308 ἷιὶὶἶτίῖέοιιιηῖ
2732 5236 2876 5320 ἀξίης
2906 5215 3110 5300 initi",
3163 5215 3895 5320 SOlum.Y°'“$i.§‘i§“L”.I$l

2311 5289 2720 5367 Ξιῐᾶἒιιῖῐείῐέᾶι
2769 5289 3278 5392 humani»!
3319 5290 3715 5392 °““‘“.}‘Zi'i‘.‘.'£
3740 5289 3890 5392 fit???

2309 5350 3358 5449 ἦῆᾛιέιῖιῖἔίηὲᾟῖοο.Ἀτέὼιιοείιιε
3404 5365 3705 5436 episcopus
3744 5350 3890 5404 dm“

2311 5457 2368 5509 et
2397 5455 2457 5507 in
2486 5452 2600 5506 hoc
2634 5451 2866 5504 damno.

2383 5499 3068 5618 (ὧῖἐῐίξῖῆξέλεοιθ,
3125 5554 3148 5577 ι·
3185 5545 3413 5618 ve.rus;_
3434 5499 3892 5618 ljalla'djgsgdliﬂ‘:

2311 5587 3015 5680 Qui-dlesfhoc‘iinlium
3046 5587 3254 5658 verum
3285 5599 3415 5672 quis
3442 5609 3556 5650 non
3582 5587 3747 5644 dicit?
3773 5597 3792 5624 ι

2391 5699 2505 5772 (41)
2536 5698 2688 5752 Edit.
2725 5692 3074 5786 Romlsola,
3115 5713 3138 5741 α
3171 5687 3819 5786 ὴειιθεῇεροξξξωλεξη
3869 5761 3885 5786 ι

2389 5755 2504 5860 (493
2559 5785 2779 5842 Eadem
2832 5783 2994 5853 edit.,
3052 5755 3260 5836 verum
3317 5774 3518 5832 Filium
3571 5762 3665 5822 Dei
3713 5755 3833 5810 dico.
