4072 6174
121 285 252 350 965

131 485 292 540 dicis
319 501 334 553 ;
367 485 526 554 quod
556 499 590 538 a
619 486 676 538 te
706 484 1010 554 quaeritur.
1049 507 1071 531 »
1107 483 1178 537 Et
1207 482 1463 539 addidit:
1497 503 1525 534 α
1557 483 1664 550 Qui
1695 483 1807 539 bo-
1835 472 1892 532 Α
1995 483 2293 539 Eusebius
2354 484 2673 555 episcopus
2733 485 2915 539 dixit:
2975 507 2996 531 α

133 589 280 628 num
317 571 534 627 Filium
593 572 700 628 Dei
732 573 917 628 Deum
975 587 1093 627 non
1141 573 1452 628 confitetur
1505 571 1639 644 (54),
1673 588 1808 626 ana-

136 662 358 716 thema.
396 683 418 710 ι

215 750 438 805 Omnes
471 750 738 820 epgscOpi
771 750 1082 805 dixerunt:
1125 773 1146 798 ε
1177 750 1522 806 Anathema.
1561 773 1582 798 ιι

208 839 300 895 3t.
336 839 481 893 Item
514 839 815 894 recitavit:
856 862 877 886 «
912 839 1113 893 Solum
1143 843 1458 908 potentem.
1493 863 1515 887 ιο

215 927 576 982 Ambrosius
633 927 954 997 episcopus
1013 927 1192 982 dixit:
1251 928 1470 982 Potens
1500 929 1591 982 est
1623 925 1807 980 Filius

137 1016 268 1083 Dei,
300 1032 374 1069 an
407 1031 523 1069 non
538 1015 568 1069 ‘2

214 1103 517 1158 Palladius
549 1103 728 1158 dixit:
771 1127 792 1150 ιι
847 1103 956 1168 Qui
988 1103 1183 1158 omnia
1229 1103 1386 1172 fecit,
1433 1119 1549 1159 non
1581 1106 1672 1158 est
1699 1119 1808 1174 po-

133 1197 274 1248 tens
296 1194 325 1246 ‘?
353 1189 498 1256 Quia
531 1193 727 1245 omnia
758 1191 915 1262 fecit,
950 1193 1147 1246 minus
1179 1197 1373 1262 potest
1393 1194 1420 1246 ?
1447 1216 1468 1241 ››

212 1280 571 1335 Ambrosius
603 1281 924 1350 episcopus
955 1281 1134 1335 dixit:
1192 1304 1214 1328 «
1255 1280 1413 1353 Ergo
1461 1281 1638 1335 Arius
1662 1281 1810 1334 male

141 1371 314 1425 dixit.
339 1394 360 1416 »ι
390 1369 460 1423 Et
487 1369 744 1423 addidit:
785 1393 806 1416 α
836 1369 941 1423 Vel
973 1370 1033 1423 in
1055 1369 1167 1423 hoc
1210 1369 1454 1423 damnas
1499 1373 1698 1423 Arium
1719 1371 1746 1424 ἱ)
1783 1393 1804 1416 η

215 1458 518 1513 Palladius
548 1457 729 1512 dixit:
769 1480 790 1504 α
846 1458 1014 1513 Unde
1055 1459 1182 1512 scio
1229 1459 1328 1528 qui
1376 1459 1502 1512 sit?
1533 1457 1660 1530 Ego
1703 1474 1810 1528 pro

138 1562 242 1602 me
275 1546 605 1616 respondeo
635 1545 761 1599 tibi.
799 1567 822 1592 η

221 1633 574 1688 Ambrosius
606 1634 930 1704 episcOpus
962 1633 1108 1688 dixit
1134 1652 1144 1688 :
1190 1657 1207 1680 ιι
1237 1633 1424 1690 Filius
1453 1635 1684 1690 Domini
1708 1635 1814 1689 Dei

139 1723 309 1778 Deus
340 1726 548 1792 potens
581 1726 672 1775 est
702 1723 864 1791 (55)?
898 1743 921 1772 ι

217 1810 520 1864 Palladius
553 1810 736 1864 dixit:
775 1831 796 1860 α
837 1812 1076 1866 Potens.
1114 1830 1137 1861 ι

216 1899 580 1956 Ambrosius
610 1900 929 1969 episcopus
962 1899 1109 1953 dixit
1143 1922 1165 1948 α
1204 1899 1363 1954 Deus
1395 1901 1592 1954 bonus
1624 1902 1764 1955 est?
1790 1923 1810 1950 ιι

219 1988 520 2042 Palladius
551 1988 730 2042 dixit:
769 2008 792 2039 ι
827 1988 959 2044 Jam
992 1988 1114 2042 dixi
1144 1987 1354 2043 Filium
1405 1990 1512 2044 Dei
1542 1991 1816 2061 unigeni-

144 2079 273 2131 tum
305 2091 447 2130 esse
478 2079 795 2146 potentem.
834 2099 857 2124 ι»

218 2165 584 2220 Ambrosius
619 2165 942 2236 episcopus
976 2165 1159 2220 dixit:
1199 2189 1220 2213 «
1271 2166 1586 2222 Hominum
1617 2169 1820 2237 poten-

142 2257 286 2309 tem.
325 2277 349 2301 ιι

218 2342 524 2396 Palladius
547 2342 729 2398 dixit:
769 2366 791 2390 α
830 2341 1039 2398 Filium
1074 2344 1178 2398 Dei
1208 2347 1522 2414 potentem.
1561 2367 1582 2393 υ

219 2431 314 2486 32.
349 2431 706 2485 Ambrosius
765 2433 1084 2502 episcopus
1115 2433 1298 2488 dixit:
1363 2456 1385 2481 α
1448 2434 1725 2488 Potentes
1763 2439 1820 2489 et

146 2519 430 2574 homines
456 2523 594 2574 sunt
619 2536 632 2588 ;
665 2521 949 2589 scriptum
973 2525 1064 2574 est
1086 2523 1239 2574 enim
1265 2537 1277 2575 :
1317 2545 1339 2567 α
1375 2521 1519 2585 Quis
1540 2522 1819 2593 gloriaris

144 2610 206 2662 in
230 2609 474 2676 malitia,
500 2609 601 2679 qui
624 2612 836 2678 potens
859 2625 926 2663 es
948 2610 1011 2662 in
1029 2610 1333 2680 iniquitate
1351 2610 1540 2677 (Psal.
1565 2627 1638 2679 LI,
1663 2611 1760 2677 3)?
1795 2635 1816 2658 »

147 2697 219 2751 Et
236 2697 384 2750 alibi
410 2711 423 2752 :
453 2719 474 2745 α
501 2695 648 2750 Cum
685 2697 971 2767 infirmor,
996 2701 1134 2751 tunc
1173 2701 1384 2768 potens
1425 2715 1557 2753 sum
1579 2700 1652 2768 (II
1684 2700 1818 2754 Cor.

144 2802 247 2840 xu.
277 2784 391 2849 19).
421 2808 442 2832 υ
469 2785 618 2838 Illud
641 2789 750 2840 ate
771 2786 1032 2856 requiro,
1055 2790 1116 2840 ut
1137 2787 1472 2841 confitearis
1511 2788 1823 2842 Dominum

142 2876 449 2944 potentem
467 2889 604 2928 esse
622 2873 924 2928 Christum
947 2874 1053 2928 Dei
1097 2873 1344 2929 Filium:
1379 2879 1478 2930 aut
1520 2876 1574 2930 si
1610 2893 1820 2948 negas,

145 2965 383 3016 astrue.
407 2961 556 3015 Nam
578 2962 677 3032 qui
709 2977 885 3015 unam
912 2962 1229 3032 potentiam
1261 2964 1392 3018 dico
1425 2964 1615 3018 Patris
1647 2970 1703 3020 et
1731 2964 1824 3018 Fi-

144 3050 231 3121 lii,
268 3051 367 3104 sic
399 3049 612 3105 Filium
644 3051 748 3105 Dei
778 3050 910 3104 dico
942 3054 1236 3120 potentem
1282 3052 1436 3106 sicut
1483 3057 1540 3107 et
1572 3053 1820 3108 Patrem.

1367 273 1979 348 EPISTOLARUM
2009 279 2350 360 CLASSIS
2381 280 2429 344 Ῑ.

3467 277 3589 346 966

3055 483 3190 537 Nisi
3231 481 3586 551 impietatem

1922 573 2049 627 Arii
2080 589 2152 627 ex
2185 573 2390 628 ordine
2443 573 2837 642 damnaveris,
2883 552 3284 643 interrogandi
3317 585 3434 624 non
3483 569 3588 622 da-

1921 661 2120 716 bimus
2153 661 2507 716 facultatem.
2545 686 2566 709 η

1993 749 2293 804 Palladius
2325 751 2505 804 dixit:
2548 773 2568 796 «
2603 751 2736 804 Non
2767 751 2872 804 tibi
2904 749 3257 820 respondeo.
3295 772 3315 794 ››

1993 839 2354 893 Ambrosius
2388 840 2708 910 episcopus
2749 839 2931 893 dixit:
2973 861 2993 886 «ι
3033 837 3224 892 Filius
3276 836 3404 906 Dei,
3437 835 3592 890 sicut

1922 926 2140 980 lectum
2172 931 2282 996 est,
2312 927 2500 997 judex
2529 931 2639 997 est,
2673 945 2745 982 an
2777 944 2893 981 non
2916 929 2943 981 ‘?
2974 951 2995 974 ιι

1992 1015 2292 1069 Palladius
2326 1017 2507 1070 dixit:
2573 1040 2594 1062 α
2630 1017 2690 1070 Si
2723 1033 2839 1070 non
2893 1015 3225 1086 respondes
3255 1014 3420 1083 mihi,
3471 1029 3584 1085 ego

1922 1102 2048 1168 tibi,
2084 1107 2148 1157 ut
2179 1104 2378 1174 impio,
2415 1120 2531 1158 non
2565 1105 2918 1174 respondeo.
2958 1128 2979 1151 »ι

1883 1242 1889 1248 .
1992 1191 2081 1245 34.
2118 1193 2472 1246 Ambrosius
2505 1195 2825 1263 episcopus
2859 1193 3040 1247 dixit:
3081 1214 3103 1239 «
3137 1191 3338 1246 Habes
3365 1191 3592 1261 profes-

1923 1280 2155 1334 sionem
2189 1297 2397 1351 meam,
2431 1298 2545 1352 qua
2596 1283 2968 1352 respondebo
3000 1282 3124 1349 tibi,
3173 1281 3408 1334 Interim
3448 1295 3588 1349 per-

1921 1368 2156 1440 legatur
2187 1371 2436 1439 epistola
2487 1371 2630 1425 Arii.
2673 1395 2694 1418 n
2751 1371 2821 1424 Et
2862 1370 3113 1424 addidit:
3153 1389 3176 1418 cr
3231 1369 3293 1422 In
3342 1368 3590 1438 epistola

1925 1457 2049 1511 Arii
2074 1458 2344 1512 invenies
2369 1462 2424 1512 et
2447 1459 2559 1513 hoc
2583 1459 2985 1530 sacrilegium,
3009 1458 3167 1529 quod
3185 1461 3247 1512 tu
3275 1457 3524 1511 moliris.
3564 1481 3585 1504 η

1995 1545 2295 1600 Palladius
2327 1547 2509 1602 dixit:
2569 1570 2590 1594 α
2629 1547 2755 1619 Ego
2787 1548 2889 1619 qui
2920 1547 3243 1618 interrogo,
3287 1562 3404 1600 non
3452 1560 3586 1600 res-

1924 1635 2198 1704 pondetis
2219 1637 2248 1688 ‘?
2284 1657 2304 1683 ι)

1997 1723 2295 1777 Eusebius
2356 1723 2676 1794 episcopus
2734 1723 2918 1777 dixit:
2980 1722 3193 1777 Filium
3250 1724 3356 1778 Dei
3405 1724 3593 1778 Deum

1848 1842 1900 1905 Β
1926 1813 2213 1882 aqualem
2246 1812 2520 1866 dicimus.
2558 1836 2580 1860 η

2002 1901 2297 1955 Palladius
2331 1901 2512 1956 dixit:
2570 1924 2590 1947 α
2629 1900 2716 1954 Tu
2742 1899 2930 1972 judex
2976 1915 3065 1972 es,
3109 1900 3195 1955 tui
3243 1903 3592 1972 exceptores

1927 1989 2022 2043 hic
2055 1993 2212 2043 sunt.
2252 2012 2271 2037 »ι

1997 2079 2356 2133 Ambrosius
2389 2078 2708 2148 episcopus
2756 2079 2936 2133 dixit:
2977 2099 2999 2128 ι
3052 2079 3324 2132 Scribant
3354 2079 3457 2148 tui,
3491 2077 3595 2148 qui

1926 2166 2152 2220 volunt.
2193 2190 2214 2214 ι»

1999 2255 2087 2308 35.
2109 2255 2408 2309 Palladius
2433 2256 2579 2309 dixit
2606 2271 2617 2310 :
2655 2279 2676 2302 ιι
2714 2257 2887 2310 Pater
2907 2254 3098 2325 major
3120 2256 3234 2324 est,
3266 2270 3340 2308 an
3363 2269 3480 2308 non
3501 2255 3529 2308 ?
3565 2275 3585 2302 ιι

2002 2344 2302 2398 Eusebius
2324 2345 2646 2415 episcopus
2669 2345 2850 2398 dixit:
2891 2366 2912 2390 α
2961 2329 3295 2397 Secundum
3327 2343 3596 2396 divinita-

1929 2436 2046 2487 tem
2079 2433 2328 2503 aequalis
2359 2438 2450 2488 est
2483 2433 2668 2486 Filius
2719 2433 2894 2485 Patri.
2931 2432 3131 2486 Habes
3181 2433 3240 2485 in
3273 2431 3596 2503 Evangelia

1933 2523 2086 2592 quod
2121 2522 2312 2576 Judaei
2343 2521 2855 2592 persequebantur
2881 2536 3013 2574 eum
3041 2537 3055 2588 ;
3087 2521 3222 2591 quia
3254 2536 3369 2574 non
3401 2521 3596 2574 solum

1935 2610 2208 2665 solvebat
2249 2611 2590 2678 Sabbatum,
2639 2611 2744 2664 sed
2777 2613 2833 2664 et
2883 2610 3114 2663 Patrem
3147 2625 3320 2662 suum
3366 2609 3598 2664 dicebat

1937 2698 2143 2768 Deum,
2169 2699 2455 2770 aqualem
2478 2715 2543 2752 se
2563 2697 2787 2752 faciens
2812 2698 2932 2752 Deo
2954 2697 3142 2765 (Joan.
3168 2714 3224 2765 v,
3253 2697 3394 2762 118).
3427 2696 3595 2762 Quod

1937 2802 2082 2858 ergo
2113 2787 2275 2857 impii
2323 2790 2752 2858 persequentes
2801 2785 3067 2840 confessi
3115 2789 3272 2856 sunt,
3321 2801 3433 2840 nos
3467 2802 3599 2840 cre-

1937 2877 2142 2930 dentes
2174 2891 2393 2947 negare
2426 2892 2542 2930 non
2574 2891 2918 2946 possumus.
2956 2895 2978 2924 ι

2008 2965 2365 3018 Ambrosius
2385 2964 2705 3034 episc0pus
2729 2963 2902 3017 dixit:
2931 2961 2999 3016 Et
3029 2963 3168 3017 alibi
3202 2962 3416 3018 habes:
3450 2963 3602 3028 «Qui

1939 3069 2071 3107 cum
2094 3057 2256 3107 esset
2278 3053 2336 3106 in
2359 3053 2544 3106 forma
2568 3053 2695 3121 Dei,
2721 3067 2836 3106 non
2875 3052 3137 3121 rapinam
3172 3052 3489 3106 arbitratus
3512 3056 3605 3107 est

149 3139 409 3193 Dubitas
440 3154 585 3210 ergo
605 3139 872 3194 conﬁteri
893 3139 1205 3194 Dominum
1225 3144 1520 3210 potentem
1558 3157 1696 3196 esse
1720 3142 1825 3196 Dei
1859 3175 1910 3212 Α,
1939 3157 2077 3196 esse
2101 3158 2166 3196 se
2191 3142 2476 3212 aqualem
2501 3142 2620 3195 Dco
2647 3157 2662 3209 ;
2691 3141 2798 3194 sed
2817 3142 3203 3209 semetipsum
3245 3155 3276 3193 e
3293 3141 3600 3211 xinanivit,

149 3226 393 3281 Filium.
430 3250 452 3274 η

220 3315 534 3370 Palladius
554 3315 740 3370 dixit:
775 3339 796 3362 α
823 3317 950 3371 Jam
968 3317 1112 3385 dixi,
1129 3317 1458 3372 secundum
1481 3318 1826 3388 disputatio-

151 3420 315 3474 nem,
333 3409 862 3474 proutpossumus,
879 3406 1311 3475 respondemus
1328 3406 1528 3475 vobis;
1550 3423 1656 3462 vos
1671 3409 1828 3462 enim

154 3494 269 3549 soli
288 3493 476 3547 vultis
495 3508 633 3547 esse
656 3493 896 3564 judices
922 3509 936 3550 :
961 3509 1072 3548 vos
1104 3494 1431 3566 litigatores
1455 3511 1592 3550 esse
1624 3497 1824 3566 vultis,

155 3582 291 3636 Non
328 3582 502 3636 vobis
533 3583 966 3652 respondemus
999 3599 1176 3652 nunc,
1209 3584 1316 3637 sed
1347 3584 1408 3638 in
1437 3585 1687 3639 concilio
1719 3601 1827 3657 ge-

153 3671 349 3726 nerali
379 3673 437 3724 et
466 3670 639 3740 pleno
669 3672 1162 3740 respondebimus
1194 3672 1387 3726 vobis.

223 3759 593 3813 Ambrosius
625 3760 946 3829 episcopus
981 3760 1165 3814 dixit:
1207 3783 1230 3807 α
1253 3761 1578 3816 Anathema
1600 3761 1704 3832 illi,
1729 3763 1830 3833 qui

158 3850 347 3920 negat
376 3847 687 3902 Dominum
717 3851 1013 3918 potentem
1055 3847 1376 3904 Christum.
1415 3870 1437 3899 ι

225 3936 460 3991 Omnes
491 3936 757 4006 episcopi
789 3936 1094 3991 dixerunt:
1133 3960 1156 3984 «
1190 3937 1534 3994 Anathema.
1573 3963 1595 3986 η

227 4023 326 4080 33.
362 4024 504 4078 Item
536 4025 844 4079 recitatum
876 4028 1004 4080 est:
1041 4045 1064 4076 ι
1099 4025 1302 4081 Solum
1349 4030 1664 4098 potentem,
1711 4045 1832 4083 om-

163 4114 330 4168 nium
358 4112 641 4184 judicem.
679 4137 701 4161 n
759 4122 762 4124 '

233 4200 543 4256 Palladius
593 4202 776 4256 dixit:
828 4201 1099 4257 Omnium
1141 4202 1408 4274 judicem
1454 4205 1669 4262 Filium
1706 4207 1831 4262 Dei.

172 4289 276 4345 Est
310 4289 415 4360 qui
439 4290 553 4360 dat,
586 4293 678 4344 est
699 4291 798 4361 qui
826 4292 1038 4361 accipit
1066 4291 1198 4361 (56).
1239 4316 1260 4340 ιι

234 4378 601 4434 Ambrosius
633 4379 954 4450 episcopus
977 4381 1158 4436 dixit:
1190 4401 1212 4432 α
1249 4381 1363 4437 Per
1379 4383 1625 4455 gratiam
1657 4385 1834 4455 dedit,

168 4459 315 4522 795
359 4482 435 4520 an
481 4483 589 4538 per
617 4469 927 4523 naturam?
985 4467 1055 4524 Et
1085 4468 1424 4526 hominibus
1483 4473 1652 4528 datur
1672 4472 1827 4545 judi-

170 4571 350 4610 cium.
390 4578 412 4603 Ι

241 4644 546 4699 Palladius
577 4645 762 4716 dixit;
816 4669 837 4693 α

173 4735 342 4788 non?
381 4758 402 4781 η

248 4821 610 4878 Ambrosius
641 4824 960 4894 episcopus
993 4822 1173 4880 dixit:
1213 4849 1234 4872 «
1268 4826 1481 4881 Postea
1510 4829 1839 4898 responde-

175 4909 248 4964 bo
280 4911 412 4966 tibi.
451 4936 471 4958 ι»

901 4645 1133 4702 Patrem
1189 4647 1476 4720 majorem
1532 4650 1704 4722 dicis,
1764 4667 1838 4705 an

247 4999 550 5056 Palladius
581 5001 759 5057 dixit:
799 5023 819 5049 ιι
857 5001 984 5074 Ego
1016 5003 1123 5058 tibi
1153 5019 1271 5060 non
1302 5004 1620 5076 respondo,
1653 5005 1704 5060 si
1726 5020 1844 5060 non

179 5089 509 5159 respondes
542 5091 703 5145 mihi.
742 5116 764 5140 η

251 5231 366 5302 (54)
402 5231 570 5287 Rom.
606 5233 768 5288 edit..
805 5257 827 5282 «ι
884 5235 1092 5289 Filium
1146 5235 1252 5290 Dei
1281 5253 1398 5290 non
1449 5237 1777 5292 confitetur.
1817 5261 1838 5286 υ

252 5302 366 5378 (55)
398 5303 613 5359 Eadem
647 5307 784 5378 edit.
825 5307 1020 5376 Rom.,
1068 5305 1257 5360 Filius
1307 5309 1414 5362 Dei
1447 5309 1605 5362 Deus
1636 5313 1845 5378 potens

1943 3189 2075 3196 ’“”“”’
2101 3189 2164 3196 vv
2191 3189 2476 3212 ”Ὶ“’”“””“’
2501 3189 2538 3194 —
2556 3189 2615 3195 "
2648 3189 2662 3209 Ἰ
2692 3189 2798 3194 ⁷⁷-
2818 3189 3203 3209 """"r"‘“‘
3251 3189 3272 3193 '
3294 3189 3494 3194 ““““’““’“’
3513 3189 3600 3211 “”’1

1857 3189 1911 3259 c
1940 3231 2188 3285 formam
2213 3230 2371 3283 servi
2390 3229 2717 3298 accipiens,
2741 3229 2797 3282 in
2821 3229 3263 3282 similitudinem
3300 3228 3602 3282 hominum

1939 3319 2152 3388 factus,
2189 3318 2474 3373 obediens
2492 3333 2682 3388 usque
2712 3317 2782 3371 ad
2805 3320 3049 3371 mortem
3074 3316 3356 3387 (Philipp.
3390 3333 3448 3386 ιι,
3474 3316 3548 3384 6).
3578 3340 3600 3364 η

1941 3407 2012 3462 Et
2041 3408 2297 3462 addidit:
2338 3429 2358 3453 ιι
2395 3407 2574 3460 Vides
2607 3407 2742 3477 quia
2775 3407 2832 3458 in
2867 3405 3052 3459 forma
3084 3405 3186 3459 Dei
3210 3405 3457 3476 aqualis
3490 3406 3612 3460 est?

1942 3497 2009 3550 Et
2049 3520 2069 3543 u
2107 3496 2377 3565 formam,
2429 3495 2636 3564 inquit,
2688 3494 2849 3548 servi
2889 3495 3114 3563 accepit
3159 3494 3335 3564 (Ibid.
3369 3494 3445 3564 'l).
3483 3518 3504 3541 »ι
3541 3494 3607 3548 In

1943 3602 2060 3657 quo
2093 3601 2237 3657 ergo
2297 3584 2488 3639 minor
2517 3585 2656 3638 est?
2713 3583 3048 3638 Secundum
3102 3582 3350 3638 formam
3384 3583 3609 3654 ,utique

1946 3674 2128 3741 servi,
2164 3690 2282 3727 non
2318 3673 2446 3726 Dei.
2483 3696 2505 3720 υ
2701 3727 2704 3730 ⁴

2015 3763 2314 3817 Eusebius
2339 3761 2659 3831 episcopus
2684 3761 2866 3816 dixit:
2904 3784 2925 3808 «
2950 3761 3116 3816 Sicut
3150 3761 3210 3814 in
3233 3761 3423 3815 forma
3441 3761 3604 3816 servi

1946 3853 2324 3919 constitutus,
2367 3849 2616 3904 inferior
2651 3865 2828 3905 servo
2859 3866 2977 3905 non
3026 3850 3173 3904 fuit:
3207 3851 3284 3903 ita
3315 3850 3376 3904 in
3421 3850 3609 3920 forma

1945 3941 2054 3996 Dei
2085 3941 2461 4007 constitutus,
2495 3938 2743 3994 inferior
2774 3940 2894 3994 Deo
2917 3955 3055 3994 esse
3087 3955 3205 3994 non
3234 3940 3439 4009 potuit.
3476 3963 3498 3990 ι»

2017 4030 2106 4084 36.
2141 4029 2440 4083 Abrosius
2497 4029 2817 4099 episcopus
2873 4029 3050 4084 dixit:
3091 4052 3112 4076 ιι
3175 4032 3291 4083 Aut
3319 4029 3414 4083 dic
3473 4029 3610 4100 quia

1947 4119 2277 4173 secundum
2308 4119 2670 4172 divinitatem
2702 4119 2895 4173 minor
2923 4123 3014 4172 est
3049 4118 3229 4173 Filius
3275 4119 3381 4174 Dei
3411 4118 3544 4189 (57).
3583 4142 3605 4166 ι»

2016 4207 2315 4262 Palladius
2348 4208 2528 4262 dixit:
2569 4230 2588 4256 «
2624 4208 2799 4262 Pater
2825 4207 3018 4279 major
3047 4211 3157 4263 est.
3194 4228 3216 4256 ι

2017 4296 2379 4350 Ambrosius
2429 4297 2749 4368 episcopus
2800 4296 2982 4351 dixit:
3021 4319 3042 4343 α
3092 4295 3430 4351 Secundum
3478 4311 3612 4349 car-

1948 4401 2102 4442 nem.
2140 4407 2161 4434 υ

2020 4475 2317 4529 Palladius
2367 4475 2543 4529 dixit:
2593 4497 2614 4521 α
2649 4475 2759 4539 Qui
2791 4489 2882 4528 me
2941 4473 3116 4540 misit,
3151 4470 3343 4542 major
3397 4474 3487 4525 est
3518 4485 3610 4524 me

1867 4543 1926 4611 Ῑ)
1949 4564 2140 4634 (Joan.
2173 4580 2294 4633 xiv,
2344 4563 2455 4633 28).
2490 4563 2638 4618 Caro
2689 4565 2874 4617 missa
2903 4566 2994 4616 est
3031 4578 3064 4615 a
3111 4561 3252 4629 Deo,
3305 4562 3402 4613 aut
3432 4559 3610 4613 Filius

1949 4654 2093 4708 Dei?
2129 4673 2152 4702 ι)

2019 4741 2376 4797 Ambrosius
2399 4741 2719 4810 episc0pus
2741 4739 2887 4793 dixit
2914 4753 2926 4793 :
2964 4761 2986 4785 α
3022 4737 3249 4792 Falsari
3278 4753 3311 4791 a
3331 4736 3504 4792 vobis
3535 4734 3617 4790 di.

1949 4832 2121 4885 vinas
2169 4831 2506 4899 Scripturas
2565 4829 2740 4883 hodie
2783 4827 3280 4897 comprobamus;
3337 4826 3426 4880 sic
3457 4825 3614 4880 enim

1951 4920 2238 4989 scriptum
2294 4922 2422 4973 est:
2480 4940 2500 4966 α
2538 4918 2750 4971 Pacem
2797 4933 2985 4970 meam
3019 4918 3091 4970 do
3153 4917 3346 4984 vobis,
3407 4931 3614 4986 pacem

1950 5024 2140 5062 meam
2159 5007 2425 5078 relinquo
2447 5007 2640 5061 vobis.
2659 5007 2790 5060 Non
2805 5006 3071 5060 turbetur
3084 5021 3188 5060 cor
3199 5009 3461 5060 vestrum
3475 5005 3616 5074 (58):

1951 5114 2070 5152 non
2119 5096 2413 5168 quomodo
2461 5095 2557 5149 hic
2588 5105 2844 5150 mundus
2889 5096 3003 5174 dat,
3051 5110 3163 5166 ego
3221 5095 3295 5150 do
3327 5094 3520 5150 vobis.
3556 5093 3618 5148 Si

2026 5239 2238 5308 (5'7)lta
2277 5239 2420 5292 Tell.
2457 5242 2512 5292 et
2542 5238 2769 5305 I.abb.;
2828 5241 2885 5291 at
2916 5239 3083 5292 Rom.
3119 5238 3255 5292 edit.
3309 5241 3366 5292 et
3394 5237 3611 5304 Chifﬂ.,

1957 5333 1979 5360 α
2008 5311 2196 5364 Filius
2251 5311 2438 5363 Patre.
2470 5331 2491 5358 ν
2525 5310 2814 5364 Continuo
2858 5325 2998 5363 vero
3057 5313 3211 5379 post,
3245 5324 3351 5378 pro
3388 5331 3408 5354 α
3448 5309 3616 5360 Pater

186 5377 292 5453 est,
328 5389 400 5427 an
431 5378 592 5430 non?
655 5398 676 5423 ι
714 5377 783 5430 Et
812 5378 996 5432 infra:
1064 5400 1085 5424 «
1122 5379 1282 5433 Deus
1331 5395 1476 5451 ergo
1531 5377 1726 5434 bonus
1758 5383 1850 5435 est
1954 5383 2147 5453 major
2178 5385 2308 5449 est;
2347 5404 2366 5428 »
2409 5382 2577 5435 Hom.
2613 5382 2751 5436 edit.
2786 5381 2936 5450 sola,
2975 5402 2996 5430 α
3031 5377 3221 5448 Pater,
3247 5377 3455 5450 inquit,
3488 5393 3614 5430 ma-

187 5440 390 5498 Filius.
428 5469 449 5493 η

257 5515 372 5590 (56)
431 5517 601 5572 Rom.
637 5519 799 5588 edit.,
867 5543 888 5567 «ι
923 5519 1136 5576 Filium
1184 5521 1291 5575 Dei
1339 5521 1679 5590 profitetur:
1740 5522 1848 5576 sed

192 5582 362 5642 Pater
387 5591 497 5660 est,
532 5589 633 5662 qui
664 5590 760 5646 dat
834 5595 890 5649 et
921 5592 1107 5650 Filius
1137 5595 1248 5664 est,
1283 5582 1382 5665 qui
1413 5593 1640 5665 recipit.
1679 5617 1700 5642 υ

1945 5457 2048 5525 jor
2078 5468 2169 5506 me
2201 5457 2310 5505 est.
2349 5475 2370 5499 υ»

2026 5525 2132 5595 (58)
2158 5545 2180 5575 ς
2208 5524 2340 5578 Non
2380 5523 2648 5579 turbetur
2680 5539 2790 5578 cor
2830 5525 3114 5590 vestrum,
3137 5543 3167 5595 _n
3219 5520 3376 5595 sicut
3396 5521 3452 5595 et
3483 5533 3615 5572 ver-

1953 5591 2097 5653 bum
2127 5595 2256 5653 dixi
2285 5599 2417 5653 ante
2455 5596 2621 5668 vado,
2643 5596 2711 5651 in
2742 5595 2879 5653 edit.
2916 5597 3084 5653 Rom.
3119 5591 3504 5650 desideratur.
