3942 6168
130 375 229 441 969

1286 383 1895 458 EPISTOLARUM
1928 392 2268 458 CLASSIS
2300 397 2349 458 Ι.

3397 408 3520 474 970

117 574 362 632 Palladius
387 572 524 628 dixit
556 589 570 630 :
609 594 633 625 α
669 576 939 633 Mandavi
972 582 1034 634 ut
1065 583 1377 656 sederetis,
1412 590 1476 641 ut
1506 604 1719 661 argue-
1757 583 1812 648 ᾹῘ
1918 594 2150 650 Attalus
2184 596 2330 651 dixit
2364 612 2377 653 :
2414 620 2436 646 ‹‹
2473 596 2609 654 Non
2638 599 2744 654 tibi
2773 602 3128 672 respondeo.
3165 625 3188 654 ιι

120 680 217 719 rem
241 678 352 717 vos.
371 660 551 727 Quare
572 664 960 735 subripuistis
981 670 1366 740 imperatori?
1395 674 1470 730 Ut
1490 660 1730 748 plenum

123 750 386 807 concilium
404 766 519 805 non
549 758 732 824 esset,
769 755 1136 827 obripuistis.
1173 784 1194 808 ιι

172 856 483 912 Ambrosius
514 859 835 930 episcopus
867 863 1013 919 dixit
1044 881 1056 941 ς
1086 887 1108 916 κ
1144 865 1289 922 Cum
1309 869 1434 924 Arii
1464 872 1722 942 impieta-

119 950 189 1000 tes
214 942 542 1017 legerentur,
577 951 633 1002 et
662 949 930 1021 impietas
969 956 1065 1008 tua
1096 956 1317 1025 pariter
1347 961 1732 1017 condemnata

121 1037 207 1104 est,
241 1049 356 1105 quae
384 1037 685 1091 consensit
715 1039 949 1095 Arianae
997 1041 1298 1113 impietati.
1351 1047 1575 1103 Placuit
1622 1050 1730 1104 tibi

114 1123 160 1177 in
183 1122 398 1193 epistola
424 1124 615 1178 media
644 1125 959 1183 lectionem
979 1146 1332 1203 proponere,
1359 1151 1534 1206 quam
1562 1139 1731 1193 vole-

110 1211 195 1265 bas
217 1210 310 1280 (62)
341 1226 354 1265 :
383 1227 738 1282 responsum
758 1217 864 1271 tibi
896 1221 987 1273 est
1018 1223 1509 1291 quemadmodum
1533 1224 1722 1281 Filius

113 1299 299 1354 Patrem
325 1299 604 1372 majorem
633 1302 869 1376 dixerit,
904 1321 974 1361 eo
1004 1309 1163 1379 quod
1180 1313 1507 1367 secundum
1531 1315 1728 1370 carnis

112 1388 496 1458 susceptionem
519 1390 693 1445 Pater
711 1391 905 1464 major
924 1399 1016 1450 est
1037 1412 1127 1451 eo.
1150 1397 1519 1469 PrOposuisti
1553 1403 1728 1458 etiam

108 1475 392 1546 subjectum
437 1493 578 1533 esse
618 1478 835 1536 Filium
864 1483 971 1538 Dei
1014 1488 1071 1539 et
1098 1485 1161 1540 in
1207 1487 1321 1542 hoc
1369 1505 1727 1560 responsum

105 1564 193 1619 tibi
218 1568 316 1636 est,
352 1567 486 1638 quia
528 1568 840 1640 subjectus
878 1571 1066 1628 Filius
1100 1575 1203 1630 Dei
1236 1579 1563 1634 secundum
1594 1596 1726 1635 car-

107 1667 217 1707 nem
244 1656 340 1724 est,
384 1671 505 1711 non
536 1659 865 1714 secundum
908 1661 1291 1720 divinitatem.
1343 1666 1543 1723 Habes
1582 1685 1723 1739 pro-

102 1739 379 1798 fessionem
424 1748 722 1817 nostram,
765 1765 922 1803 nunc
968 1751 1105 1806 audi
1154 1756 1386 1810 caetera.
1438 1755 1725 1822 Quoniam

99 1828 183 1883 tibi
206 1846 553 1902 responsum
584 1838 696 1907 est,
728 1840 1024 1909 responde
1058 1841 1133 1896 ad
1162 1857 1230 1897 ea
1270 1860 1403 1915 qum
1444 1845 1724 1918 leguntur

96 1916 200 1988 (63).
231 1940 253 1970 ι

146 2025 218 2079 43.
244 2025 537 2085 Palladius
568 2030 714 2086 dixit
746 2049 757 2087 :
800 2055 822 2081 «
867 2033 1001 2090 Non
1043 2036 1150 2092 tibi
1179 2040 1551 2111 respondeo;
1586 2043 1722 2113 quia

96 2129 420 2188 quacunque
450 2134 569 2191 ego
599 2120 741 2192 dixi,
774 2138 893 2178 non
924 2128 1063 2179 sunt
1084 2126 1326 2197 scripta.
1368 2129 1578 2184 Vestra
1601 2136 1725 2185 tan-

89 2203 342 2260 tummodo
380 2208 729 2264 scribuntur
774 2212 1004 2284 verba;
1065 2230 1183 2269 non
1236 2217 1409 2271 vobis
1467 2234 1721 2289 respon-

86 2288 190 2345 deo.
223 2313 243 2344 ι

132 2398 456 2458 Ambrosius
482 2404 807 2475 episcopus
841 2406 989 2462 dixit
1021 2423 1035 2463 :
1074 2427 1096 2459 ι
1132 2409 1339 2465 Omnia
1369 2412 1539 2467 vides
1563 2414 1711 2468 scri-

80 2484 143 2538 bi.
173 2486 417 2560 Denique
446 2507 586 2562 quae
618 2494 837 2564 scripta
860 2499 1017 2564 sunt,
1042 2497 1341 2553 abundant
1370 2502 1441 2553 ad
1466 2504 1580 2556 tuae
1606 2504 1716 2557 im-

80 2573 277 2641 pietatis
305 2577 589 2635 indicium
633 2580 765 2651 (64).
823 2604 845 2633 ιι
896 2584 965 2637 Et
1013 2585 1233 2641 addidit
1267 2605 1278 2641 :
1318 2608 1339 2637 «
1376 2588 1716 2645 Creaturam

78 2661 203 2716 dicis
231 2663 551 2738 Christum,
585 2684 659 2723 an
689 2687 876 2741 negas
898 2674 926 2726 ?
962 2693 983 2721 ιι

131 2750 410 2809 Palladius
442 2757 599 2811 dixit
632 2773 645 2813 :
693 2782 715 2805 ι
750 2760 882 2814 Non
906 2763 1263 2832 respondeo.

132 2858 265 2922 897
294 2870 658 2929 Ambrosius
688 2876 1007 2947 episcopus
1039 2879 1224 2937 dixit:
1268 2905 1288 2931 α
1334 2884 1477 2937 Ante
1511 2884 1714 2940 horam

72 2954 186 3009 citra
214 2961 415 3030 actam,
450 2978 590 3017 cum
620 2964 922 3035 legeretur
968 2968 1103 3038 quia
1154 2970 1333 3025 Arius
1368 2972 1511 3025 dixit
1546 2989 1713 3028 crea-

66 3045 221 3099 turam
248 3046 574 3122 Christum,
609 3053 840 3123 negasti
868 3070 880 3123 ;
913 3056 1169 3111 oblatum
1194 3064 1283 3113 est
1315 3061 1438 3130 tibi,
1469 3065 1525 3114 ut
1547 3063 1711 3117 dam-

65 3146 212 3188 nares
240 3137 574 3208 perﬁdiam,
608 3141 892 3213 noluisti;
930 3144 1028 3198 vel
1060 3161 1217 3201 nunc
1249 3149 1343 3201 dic
1377 3151 1567 3204 utrum
1603 3168 1710 3205 na-

71 3222 145 3274 tus
173 3238 242 3278 ex
272 3226 453 3282 Patre
488 3227 768 3284 Christus
799 3231 896 3302 sit,
938 3248 1011 3286 an
1047 3238 1279 3291 creatus
1312 3240 1338 3291 ἰ)
1382 3261 1403 3284 ιι

116 3310 396 3370 Palladius
428 3316 587 3372 dixit
617 3333 631 3373 :
665 3319 727 3372 Si
757 3319 957 3389 vultis,
996 3326 1349 3394 exceptores
1382 3329 1571 3382 nostri
1602 3346 1709 3384 ve-
1743 3321 1793 3383 C

61 3396 220 3470 niant,
260 3405 315 3457 et
351 3404 446 3461 sic
486 3407 676 3461 totum
715 3408 1062 3479 excipiatur.
1109 3433 1131 3462 ιι

113 3494 351 3557 Sabinus
382 3503 715 3575 episcopus
747 3505 895 3561 dixit
925 3521 939 3563 :
977 3529 999 3556 ιι
1031 3508 1300 3566 Adducet
1346 3528 1492 3569 suos
1525 3530 1706 3571 exce-

57 3584 247 3651 ptores.
282 3613 305 3639 ιι
1298 3600 1306 3607 ’

106 3674 387 3764 Palladius
417 3681 579 3738 dixit
609 3697 623 3738 :
660 3701 685 3735 ι
719 3681 904 3740 Pleno
937 3686 1190 3744 concilio
1231 3689 1408 3745 vobis
1456 3706 1705 3764 respon-

55 3760 310 3823 debimus.
339 3789 362 3819 ι

102 3853 177 3909 44.
206 3856 575 3916 Ambrosius
607 3863 929 3934 episcopus
960 3863 1143 3922 dixit:
1181 3888 1205 3915 α
1226 3867 1457 3924 Attalus
1490 3869 1549 3925 in
1580 3872 1702 3926 tra-

57 3943 185 3999 ctatu
229 3946 468 4004 Nicaeni
524 3952 763 4006 concilii
810 3953 1191 4024 subscripsit.
1236 3956 1433 4029 Neget
1461 3957 1701 4031 factum,

50 4030 160 4099 quia
184 4037 343 4092 venit
367 4039 453 4104 ad
487 4040 830 4096 concilium.
879 4041 1045 4096 Dicat
1090 4043 1267 4099 hodie
1298 4048 1494 4101 utrum
1524 4030 1702 4104 subs?

51 4119 289 4189 eripserit
315 4126 380 4182 in
399 4130 661 4183 tractatu
683 4129 914 4185 Nicmni
936 4131 1191 4203 concilii,
1216 4149 1289 4188 an
1304 4150 1442 4190 non.
1473 4157 1494 4186 ιι
1529 4136 1702 4192 Cum-

45 4221 137 4276 que
155 4212 381 4272 Attalus
401 4217 710 4285 reticeret,
744 4218 1105 4275 Ambrosius
1118 4222 1438 4294 episcopus
1461 4224 1607 4280 dixit
1630 4242 1642 4282 :
1673 4250 1696 4277 η

46 4297 241 4383 Attalus
269 4305 629 4377 presbyter,
666 4306 805 4361 licet
851 4307 1006 4363 inter
1051 4310 1308 4366 Arianos
1354 4312 1450 4383 sit,
1501 4317 1696 4370 tamen

42 4379 183 4442 habet
194 4394 610 4450 auctoritatem
624 4394 901 4467 loquendi
918 4413 929 4451 :
947 4396 1133 4452 libere
1144 4379 1489 4470 profiteatur
1502 4405 1696 4458 utrum

44 4474 449 4551 subscripserit
478 4484 544 4537 in
573 4486 823 4539 tractatu
852 4485 1083 4542 Nicaeni
1116 4488 1354 4543 concilii
1386 4490 1500 4544 sub
1533 4491 1690 4562 epis-

45 4575 163 4634 copo
189 4581 298 4625 suo
330 4572 695 4645 Agrippino,
727 4588 801 4627 an
835 4589 973 4628 non.
1015 4597 1038 4623 ιι

1914 682 2005 737 45.
2040 684 2337 739 Palladius
2371 687 2515 740 dixit
2545 702 2557 744 :
2598 710 2621 737 «
2656 689 2830 744 Modo
2848 691 3026 746 vultis
3048 694 3356 751 tractatum
3384 699 3514 769 ple-

1845 787 1985 826 num
2019 772 2245 842 haberi,
2278 790 2353 828 an
2382 777 2544 830 non?
2576 798 2598 824 ιι

1916 858 2290 916 Chromatius
2336 865 2651 934 presbyter
2694 867 2840 921 dixit
2886 885 2897 925 :
2955 891 2977 921 cz
3026 869 3365 930 Creaturam
3396 894 3514 934 non

1844 951 2096 1020 negasti,
2129 953 2426 1020 potentem
2447 955 2681 1024 negasti
2704 956 2836 1028 (65).
2866 957 3071 1015 Omnia
3093 966 3348 1036 negasti,
3381 983 3513 1039 qum

1844 1036 1994 1091 ﬁdes
2028 1038 2314 1093 catholica
2344 1043 2669 1112 proﬁtetur.
2707 1066 2728 1094 ιι

1916 1126 2172 1182 Sabinus
2217 1129 2538 1201 episcopus
2582 1132 2730 1189 dixit
2770 1150 2782 1190 :
2824 1158 2845 1186 α
2900 1139 3110 1195 Testes
3150 1157 3360 1200 sumus
3401 1161 3515 1203 nos

1847 1215 2103 1270 Attalum
2133 1217 2544 1289 subscripisse
2583 1221 2643 1276 in
2674 1225 2922 1281 concilio
2952 1227 3220 1302 Nicaeno,
3255 1235 3312 1287 et
3357 1250 3515 1291 nunc

1846 1303 2003 1359 nolle
2035 1307 2419 1376 respondere.
2454 1308 2605 1374 Quid
2624 1314 2852 1369 cunctis
2883 1315 3155 1374 videtur?
3186 1339 3210 1370 ι

1915 1392 2180 1466 Cumque
2212 1397 2443 1452 Attalus
2477 1401 2772 1474 reticeret,
2808 1404 3164 1462 Ambrosius
3194 1408 3515 1483 episcopus

1846 1479 1993 1534 dixit
2026 1497 2038 1535 :
2079 1503 2102 1533 «
2141 1483 2307 1538 Dicat
2337 1489 2531 1542 utrum
2562 1490 2990 1564 subscripserit
3016 1496 3077 1551 in
3096 1479 3345 1555 tractatu
3377 1479 3517 1557 e—on-

1845 1568 1963 1622 cilii
1996 1570 2245 1642 Nicaeni,
2277 1574 2350 1627 ad
2378 1592 2517 1632 non.
2564 1597 2602 1629 ιι.

1911 1656 2001 1711 46.
2036 1658 2334 1727 Palladius
2366 1663 2514 1718 dixit
2546 1682 2558 1720 :
2599 1690 2620 1715 α
2657 1667 2957 1741 Exceptor
2995 1677 3197 1732 vester
3225 1679 3283 1734 et
3312 1680 3518 1736 noster

1843 1748 2018 1815 stent,
2055 1750 2113 1802 et
2140 1751 2334 1805 omnia
2367 1754 2652 1810 scribant.
2688 1779 2711 1805 »

1914 1836 2266 1893 Valerianus
2299 1841 2620 1913 episcopus
2652 1846 2801 1902 dixit
2833 1864 2847 1905 :
2901 1870 2923 1899 α
2956 1850 3089 1907 Jam
3120 1869 3254 1927 quae
3286 1856 3512 1931 dixisti,

1754 1961 1801 2021 Β
1841 1926 1899 1978 et
1928 1939 2063 1996 quae
2097 1929 2353 1999 negasti,
2388 1932 2607 2002 scripta
2636 1938 2776 1990 sunt
2804 1939 3020 1995 omnia.
3066 1961 3090 1992 ι

1912 2013 2214 2070 Palladius
2246 2017 2393 2072 dixit
2426 2035 2437 2074 :
2477 2042 2500 2070 α
2534 2020 2720 2078 Dicite
2752 2027 2910 2097 quod
2940 2029 3145 2087 vultis.
3178 2056 3201 2081 ιι

1908 2103 2264 2159 Ambrosius
2295 2107 2616 2178 episcopus
2649 2112 2798 2167 dixit
2827 2130 2841 2168 :
2880 2136 2904 2167 ι
2939 2115 3085 2180 Quia
3115 2122 3340 2192 saepius
3389 2125 3515 2180 vult

1838 2188 2103 2245 damnari
2130 2193 2451 2266 Palladius,
2503 2198 2605 2269 qui
2650 2199 2776 2270 jam
2820 2202 3164 2274 frequenter
3203 2188 3512 2268 damnatus

1836 2282 1948 2349 est,
1982 2279 2117 2351 lego
2157 2281 2466 2352 epistolam
2497 2285 2642 2357 Arii,
2678 2304 2852 2359 quam
2882 2291 2981 2346 ille
3011 2295 3199 2352 noluit
3229 2300 3512 2357 condem-

1836 2383 2012 2437 nare;
2046 2370 2401 2439 proﬁtemini
2433 2374 2573 2444 quid
2604 2376 2777 2431 vobis
2802 2379 3054 2437 videtur.
3094 2407 3117 2433 ιι
3481 2398 3489 2410 “

1906 2456 2124 2511 Omnes
2156 2459 2421 2531 episcopi
2455 2462 2731 2519 dixerunt
2766 2482 2777 2520 :
2817 2490 2838 2514 α
2875 2468 3153 2541 Legatur.
3189 2497 3211 2522 ιι
3249 2476 3323 2531 Et
3349 2479 3506 2532 reci-

1833 2547 1947 2598 tata
1973 2549 2063 2599 est
2098 2563 2108 2600 :
2149 2567 2170 2598 «
2207 2547 2355 2603 Nato
2389 2554 2583 2605 autem
2630 2570 2748 2608 non
2796 2560 3075 2630 putativc,
3113 2583 3135 2609 »
3173 2567 3230 2617 ct
3259 2566 3506 2638 reliqua.

1903 2635 2259 2690 Ambrosius
2294 2639 2613 2710 episcopus
2646 2643 2791 2698 dixit
2824 2661 2837 2700 :
2876 2669 2897 2693 «ι
2954 2648 3261 2721 Respondi
3300 2635 3407 2708 tibi
3437 2656 3508 2711 de

1833 2722 2078 2793 majore,
2114 2727 2394 2794 respondi
2440 2729 2540 2783 tibi
2577 2733 2633 2785 et
2663 2732 2735 2787 de
2760 2734 3032 2806 subjecto
3067 2753 3079 2794 :
3113 2755 3269 2795 nunc
3302 2747 3357 2798 et
3379 2743 3507 2815 ipse

1790 2800 1795 2805 ’
1831 2813 2151 2882 responde.
2193 2837 2214 2861 ιι

1899 2918 1987 2971 ίΐί.
2024 2919 2327 2975 Palladius
2362 2923 2507 2978 dixit
2542 2942 2552 2980 :
2581 2926 2710 2982 Non
2736 2934 3111 3001 respondebo
3139 2936 3255 2992 nisi
3285 2941 3507 2996 audito-

1827 3023 1928 3060 res
1963 3009 2199 3062 veniant
2230 3014 2365 3080 post
2396 3013 2756 3071 Dominicam
2789 3020 2963 3075 diem.
3011 3046 3031 3070 n

1900 3097 2255 3151 Ambrosius
2291 3100 2609 3172 episcopus
2642 3106 2786 3160 dixit
2820 3124 2832 3161 :
2873 3131 2895 3156 «ι
2930 3110 3194 3168 Vcneras
3223 3118 3500 3172 tractatu-

1825 3200 1965 3255 rus;
1997 3186 2102 3240 sed
2144 3191 2527 3259 posteaquam
2559 3192 2754 3263 objeci
2800 3196 2924 3266 tibi,
2961 3200 3160 3254 vidisti
3190 3203 3501 3272 epistolam

1824 3274 1970 3341 Arii,
2018 3291 2192 3345 quam
2223 3277 2502 3333 damnare
2534 3281 2796 3353 noluisti,
2842 3300 3117 3342 asserere
3150 3293 3343 3346 autem
3379 3309 3499 3349 non

1823 3365 1993 3431 potes
2021 3378 2034 3432 ;
2068 3364 2289 3419 idcirco
2320 3383 2477 3422 nunc
2507 3369 2738 3442 refugis
2769 3376 2825 3426 et
2872 3375 3189 3433 cavillaris.
3226 3380 3495 3438 Plenarie

1821 3450 2013 3521 ipsam
2044 3453 2231 3509 recito
2264 3453 2377 3527 (66)
2408 3458 2481 3510 ad
2520 3458 2785 3531 singula.
2821 3462 2926 3517 llic
2972 3467 3169 3521 utrum
3218 3467 3495 3526 Christus

1822 3544 2059 3596 creatus
2092 3543 2396 3616 videatur;
2431 3563 2502 3600 an
2526 3547 2653 3618 fuit,
2680 3551 2913 3620 quando
2928 3569 3046 3608 non
3068 3554 3214 3611 fuit:
3249 3572 3325 3612 an
3347 3574 3492 3615 vero

1820 3643 2059 3700 semper
2114 3631 2222 3686 fuit
2273 3635 2619 3706 unigenitus
2677 3638 2784 3693 Dei
2833 3640 3019 3697 Filius
3054 3644 3083 3698 ‘?
3139 3645 3286 3710 899
3346 3647 3493 3704 Cum

1819 3735 1945 3789 Arii
1976 3736 2286 3807 epistolam
2318 3740 2580 3797 audieris
2603 3785 2617 3814 ,
2651 3748 2750 3799 aut
2779 3745 2987 3801 damna
3008 3790 3023 3819 ,
3058 3753 3157 3805 aut
3183 3752 3388 3822 proba.
3409 3777 3431 3803 ιι

1888 3823 1978 3879 48.
2006 3826 2307 3883 Palladius
2330 3829 2479 3884 dixit
2512 3846 2524 3886 :
2563 3854 2585 3879 (ι
2620 3831 2765 3887 Cum
2786 3834 3102 3905 impietatis
3130 3841 3186 3894 te
3219 3856 3487 3916 arguam,

1816 3916 1871 3967 te
1905 3913 2110 3986 judice
2141 3932 2259 3972 non
2290 3923 2442 3974 utor.
2478 3920 2923 3994 Transgressor
2953 3942 3041 3982 es.
3078 3947 3102 3978 ι

1886 4001 2143 4059 Sabinus
2163 4005 2484 4078 episcOpus
2517 4009 2662 4064 dixit
2695 4026 2709 4065 :
2749 4011 2951 4078 «Quas
2973 4015 3304 4087 impietates
3337 4020 3489 4093 obji-

1817 4091 1905 4146 cis
1938 4092 2100 4147 fratri
2133 4098 2336 4150 nostro
2368 4099 2425 4151 et
2460 4101 2870 4156 consacerdoti
2908 4108 3113 4161 nostro
3144 4091 3484 4182 Ambrosio,

1814 4199 2010 4256 dicito.
2056 4224 2078 4248 ιι

1884 4307 2180 4363 Palladius
2208 4308 2390 4367 dixit:
2433 4334 2453 4361 ιι
2490 4312 2619 4367 Jam
2649 4314 2822 4370 vobis
2854 4316 2994 4386 dixi,
3029 4316 3202 4387 pleno
3233 4319 3485 4375 concilio

1810 4397 2207 4469 respondebo,
2242 4403 2298 4454 et
2326 4403 2726 4471 prmsentibus
2757 4405 3129 4459 auditoribus
3159 4406 3294 4476 ('77).
3344 4426 3366 4455 ιι

1886 4507 1908 4532 α
1952 4487 2309 4542 Ambrosius
2341 4490 2661 4561 cpiscopus
2692 4491 2837 4545 dixit
2861 4509 2878 4563 ι
2905 4514 2926 4541 α
2964 4493 3029 4546 In
3052 4508 3348 4549 consessu
3372 4494 3485 4551 fra-

1810 4575 1963 4629 trum
2002 4592 2265 4631 meorum
2290 4579 2462 4648 cupio
2487 4578 2777 4634 confutari
2802 4581 3177 4654 etredargui.
3211 4581 3354 4647 Quae
3377 4583 3490 4656 igi-

89 4655 301 4713 Attalus
334 4660 496 4714 dixit
531 4676 544 4715 :
581 4683 604 4709 u
640 4661 770 4716 Jam
799 4662 1003 4718 dixisti
1032 4679 1127 4719 me
1162 4664 1478 4738 aliquoties
1527 4667 1694 4723 dam-
1721 4684 1774 4745 ο
1806 4665 1903 4729 tur
1933 4664 2107 4734 impie
2141 4664 2410 4735 dixerim,
2446 4666 2655 4738 dicito;
2696 4668 2803 4722 sed
2843 4669 3058 4738 impius
3106 4669 3210 4725 tibi
3250 4655 3483 4747 videor,

38 4743 238 4816 natum;
277 4763 404 4803 non
437 4748 548 4803 tibi
570 4750 930 4821 respondeo.
969 4774 991 4800 ιι

89 4832 439 4892 Ambrosius
488 4838 811 4909 episcopus
860 4840 1054 4896 dixit:
1109 4864 1131 4890 ιι
1174 4841 1603 4914 Subscripsisti
1634 4844 1696 4901 in

34 4916 248 4978 tractatu
293 4924 549 4981 concilii
576 4926 827 4999 Nicaeni,
859 4944 934 4984 an
964 4945 1083 4985 non
1103 4931 1132 4984 ‘2
1164 4954 1185 4979 ιι

85 5062 181 5143 (6;?)
210 5066 311 5143 _Sic
341 5068 528 5143 Tell.,
560 5069 747 5143 Labb.
783 5074 840 5125 et
883 5071 1104 5139 Chiffl.,
1149 5073 1265 5127 nisi
1300 5073 1458 5143 quod
1510 5073 1692 5131 habe-

35 5130 106 5183 tur
129 5135 185 5189 in
216 5137 331 5194 hoc
364 5130 609 5215 ultimo,
639 5161 663 5191 α
698 5142 758 5195 in
788 5143 977 5197 media
1001 5130 1271 5213 epistolae
1294 5130 1545 5200 lectione
1561 5162 1694 5215 pro-

32 5216 220 5280 ponere
253 5212 425 5280 quod
456 5211 706 5265 volebas
759 5228 771 5266 :
823 5234 845 5262 ιι
881 5211 1063 5267 totum
1108 5230 1253 5268 vero
1294 5215 1490 5269 locum
1522 5211 1695 5273 Hom.

34 5273 143 5357 edit.
162 5273 410 5357 prae-fert
427 5283 553 5357 _hoc
574 5281 775 5339 modo:
797 5304 820 5333 cz
848 5284 1191 5357 Placuittibi
1216 5289 1277 5339 ut
1298 5288 1418 5341 Arii
1444 5289 1693 5357 epistola

31 5339 299 5429 legeretur
320 5368 356 5429 :_
377 5353 609 5408 dictum
638 5359 732 5408 est
762 5358 823 5429 ut
845 5356 1270 5429 dubitationem
1300 5339 1689 5429 proponeres,

28 5428 171 5500 quam
198 5423 468 5500 volebas
486 5426 900 5500 {proposuisti
930 5428 1093 5500 quod
1122 5426 1269 5500 Filie
1288 5423 1474 5500 fater
1504 5423 1695 5500 major

32 5490 173 5568 959;...
202 5495 366 5568 quod
408 5490 664 5568 Patroni
710 5490 998 5568 majorem
1042 5498 1255 5552 dixerit
1286 5499 1473 5555 Filius
1506 5490 1631 5556 Dei.
1666 5520 1690 5551 ι

79 5559 363 5639 ﬁdit.
404 5566 607 5639 βοτη,
642 5589 664 5614 ιι
703 5568 774 5620 ad
804 5559 874 5621 ca
907 5584 1043 5639 quas
1076 5573 1427 5638 sequuntur.
1467 5593 1488 5620 α

212 5635 370 5711 ﬁdit.
412 5630 602 5711 Rom.
625 5641 683 5693 et
712 5639 882 5711 I.ab._,
919 5630 944 5688 «ἶ
978 5630 1297 5711 impietatis
1322 5640 1633 5711 judicium.
1666 5663 1687 5693 ιι

79 5701 177 5779 (ϐξ)
227 5706 408 5765 Rom.
460 5707 634 5779 edit.,
680 5729 703 5762 ι
758 5701 973 5768 Filium
1026 5701 1361 5770 creaturam
1412 5727 1531 5771 non
1584 5728 1695 5771 ne-

20 5774 171 5847 gasti.
208 5801 231 5829 .

277 5867 554 5930 Paxaea.
595 5868 748 5935 XVI.

1806 4752 1905 4824 qui
1928 4753 2202 4822 pietatem
2231 4757 2454 4809 astruo.
2494 4775 2517 4804 ιι

1876 4841 2132 4895 Sabinus
2165 4842 2484 4912 episcopus
2516 4843 2698 4900 dixit:
2737 4868 2758 4893 α
2803 4845 2963 4918 Ergo
3012 4848 3229 4920 impius
3260 4850 3363 4906 tibi
3393 4855 3485 4908 νίς

1806 4931 1993 5001 detur,
2016 4929 2114 5001 qui
2146 4928 2271 4983 Arii
2301 4930 2704 5001 blasphemias
2734 4937 2929 5008 arguit
2958 4935 3069 5009 (68)
3104 4939 3132 4993 ‘?
3167 4962 3188 4988 η

1875 5071 1989 5148 (61)
2020 5070 2263 5148 Ita_c_od.
2311 5072 2479 5148 T_el_l.,
2523 5091 2554 5129 a
2603 5092 2719 5148 quo
2768 5094 2885 5132 non
2936 5079 3155 5137 abeunt
3201 5082 3388 5139 Labb.
3423 5087 3482 5139 et

1804 5143 2022 5221 ΟῂιιἩ.2
2056 5142 2179 5221 nisi
2216 5144 2372 5212 quod
2395 5142 2809 5221 illepunctum
2830 5154 3141 5221 postponit
3166 5155 3349 5209 verbo
3381 5172 3479 5210 rc-

1806 5217 1962 5279 cito;
2010 5214 2105 5268 hic
2154 5220 2350 5291 autem
2393 5214 2851 5291 illud'prmligit'
2889 5214 3172 5279 adverbio
3215 5232 3407 5280 utrum
3463 5240 3476 5280 :

1804 5301 2059 5357 quocum
2100 5285 2239 5338 edit.
2279 5286 2447 5362 Rom.
2492 5285 2663 5343 etiam
2715 5285 3078 5362 conveniret,
3132 5296 3249 5351 nisi
3293 5296 3479 5350 audes

1805 5374 1908 5427 pro
1936 5367 2107 5428 poles
2139 5359 2531 5429 reposuisset,
2565 5365 2621 5415 et
2658 5366 2789 5417 ante
2823 5366 3016 5421 recito
3034 5359 3346 5421 dictionem
3373 5368 3478 5420 itc-

1805 5427 1944 5483 rum
1966 5427 2367 5496 apposuisset.

1874 5499 1985 5571 (67)
2016 5497 2159 5574 Tal].
2195 5501 2253 5553 et
2292 5500 2502 5574 Labb.,
2550 5527 2571 5552 ιι
2613 5507 3015 5574 praesentibus
3063 5507 3388 5564 actoribus.
3443 5528 3467 5558 ιι

1803 5571 2102 5653 ΝορΛεειξίβ
2124 5574 2305 5653 recte.
2530 5643 2572 5653 ﬁ
2613 5571 2633 5574 “
2944 5646 2953 5653 _
3001 5647 3010 5653 ι
3180 5643 3193 5653 _
3340 5643 3373 5653 Η

1873 5643 1985 5715 (68)
2037 5642 2230 5725 Verbo
2280 5645 2480 5725 arguit
2511 5643 2699 5725 ‘Rom.
2760 5644 2897 5725 edit.
2939 5646 3066 5725 ista
3105 5643 3402 5725 subnectit
3454 5656 3477 5719 ε

1807 5743 1829 5771 α
1874 5713 1931 5778 et
1968 5713 2251 5794 proﬁteor
2288 5713 2475 5775 Deum
2510 5713 2732 5772 bonum
2778 5714 2993 5773 Filium
3022 5713 3149 5770 Dei.
3189 5734 3211 5769 ι

3018 5836 3085 5903 3t
