3942 6168
391 332 510 400 971

1828 334 1894 395 S.
1938 332 2383 398 AMBROSII.

3651 345 3743 410 972

467 529 555 584 49.
589 529 891 585 Palladius
932 529 1080 586 dixit
1122 547 1135 587 :
1181 552 1205 583 α
1267 532 1396 605 Ego
1435 548 1555 589 non
1602 534 1817 606 negavi
1854 533 2077 589 bonum
2110 520 2149 580 εὶ
2257 531 2615 588 Ambrosius
2661 531 2982 603 episcopus
3028 532 3177 588 dixit
3226 548 3240 588 :
3299 556 3321 581 ιι
3359 532 3652 596 Sacerdotes
3697 543 3751 599 de

396 616 611 673 Filium
641 618 748 674 Dei
782 618 914 689 (69).
960 642 983 669 η

461 706 822 763 Ambrosius
852 708 1174 781 episcopus
1206 709 1358 765 dixit
1389 725 1400 766 :
1448 732 1469 759 ιι
1515 710 1679 767 Dicis
1700 726 1845 784 ergo
1876 709 2075 767 Chris.

387 796 513 867 tum
551 796 740 852 Deum
776 797 1046 854 bonum?
1079 820 1101 849 ι

457 884 760 941 Palladius
800 887 948 942 dixit
987 902 1000 942 :
1048 909 1070 935 «
1113 888 1247 943 Non
1284 889 1461 944 vobis
1498 888 1853 958 respondeo.
1899 911 1921 935 η

463 972 815 1029 Valerianus
869 976 1191 1047 episcopus
1226 976 1375 1031 dixit
1431 993 1444 1032 :
1497 1000 1519 1025 ιι
1581 977 1776 1032 Nolite
1823 976 2069 1031 multum

389 1060 633 1134 adigere
664 1062 1016 1135 Palladium,
1050 1081 1168 1120 non
1200 1069 1397 1136 potest
1432 1081 1573 1121 vera
1606 1069 1809 1121 nostra
1839 1064 2068 1135 simpli-

387 1151 534 1205 citer
556 1152 843 1206 confiteri.
879 1152 1076 1223 Ipsius
1103 1154 1262 1208 enim
1294 1154 1662 1210 conscientia
1676 1153 1896 1225 duplici
1914 1153 2071 1209 blas-

383 1238 623 1310 phemia
662 1240 914 1296 confusa
951 1244 1080 1313 est;
1113 1258 1249 1297 nam
1286 1260 1319 1297 a
1359 1243 1730 1298 Photinianis
1769 1245 1862 1298 est
1901 1241 2063 1297 ordi-

386 1331 583 1400 natus,
618 1331 676 1384 et
707 1345 840 1384 cum
869 1329 1021 1401 ipsis
1060 1333 1153 1386 est
1181 1331 1529 1403 damnatus;
1553 1334 1610 1387 et
1637 1346 1795 1387 nunc
1827 1331 2062 1402 plenius

385 1415 760 1473 damnabitur
791 1418 923 1489 (πο).

462 1504 764 1561 Palladius
796 1506 946 1561 dixit
978 1522 991 1563 :
1030 1530 1052 1555 «ι
1087 1507 1216 1564 Hoc
1253 1507 1461 1580 proba.
1504 1529 1528 1558 ι

456 1593 718 1650 Sabinus
756 1596 1079 1668 episcOpus
1133 1597 1280 1652 dixit
1320 1613 1333 1654 :
1381 1620 1403 1645 α
1447 1598 1583 1654 Non
1631 1598 1801 1653 aliter
1836 1600 2064 1669 poterat

382 1681 685 1739 Christum
723 1700 934 1740 verum
977 1700 1198 1758 negare
1232 1686 1367 1758 (Ἡ),
1417 1687 1541 1742 nisi
1592 1690 1867 1743 auctores
1915 1701 2061 1743 suos

382 1775 755 1844 sequeretur.

2183 621 2354 676 laicis
2377 621 2650 693 judicare
2682 621 2918 692 debent,
2969 637 3087 676 non
3132 621 3269 676 laici
3311 622 3375 677 de
3401 627 3752 687 sacerdotibus.

2182 709 2300 765 Sed
2329 713 2522 765 tamen
2551 726 2704 782 quos
2726 709 2967 781 judices
2998 712 3187 780 petas,
3221 710 3407 766 dicito.
3440 733 3460 762 ι

2253 798 2550 853 Palladius
2582 799 2729 853 dixit
2760 813 2773 854 :
2813 820 2834 844 α
2870 798 3188 854 Auditores
3216 799 3455 856 veniant.
3494 821 3515 852 ι

2249 887 2623 942 Chromatius
2662 888 2977 959 presbyter
3031 888 3177 941 dixit
3222 904 3234 943 :
3283 889 3494 944 «Salva
3539 894 3763 948 condem-

2179 978 2414 1031 natione
2434 976 2809 1046 sacerdotali,
2830 977 2972 1047 quin
2991 980 3046 1031 et
3077 976 3178 1048 qui
3200 976 3431 1032 Palladii
3460 984 3597 1051 sunt,
3632 982 3763 1036 etiam

2177 1081 2336 1120 nunc
2356 1066 2416 1119 in
2447 1066 2622 1135 pleno
2654 1065 2929 1137 legantur
2946 1065 3081 1136 (74).

2247 1154 2336 1208 52.
2379 1154 2678 1209 Palladius
2710 1154 2858 1209 dixit
2898 1170 2911 1209 :
2951 1176 2975 1203 α
3033 1155 3168 1211 Non
3214 1157 3599 1226 permittuntur
3630 1158 3768 1230 loqui.

2177 1242 2499 1297 Auditores
2544 1242 2801 1313 veniant,
2849 1245 2907 1298 et
2963 1258 3040 1298 ex
3077 1246 3323 1314 utraque
3352 1247 3503 1315 parte
3545 1250 3771 1318 excepto-

2172 1346 2293 1401 res,
2353 1336 2410 1386 et
2462 1331 2911 1403 respondebunt
2950 1331 3126 1387 vobis
3156 1331 3220 1387 hi
3267 1333 3328 1387 in
3366 1332 3599 1388 concilio
3631 1350 3773 1406 gene-

2171 1419 2303 1475 rali.
2339 1443 2363 1470 ιι

2241 1508 2603 1564 Ambrosius
2627 1509 2948 1581 cpiscopus
2970 1509 3118 1564 dixit
3151 1525 3165 1565 :
3209 1530 3233 1560 α
3270 1509 3397 1565 Etsi
3424 1510 3484 1565 in
3501 1510 3680 1565 multis
3702 1511 3778 1566 im-

2169 1597 2489 1667 pietatibus
2522 1598 2934 1669 deprehensus
2968 1598 3065 1669 sit,
3099 1598 3520 1654 erubescamus
3540 1601 3722 1669 tamen,
3735 1603 3777 1655 ut

2168 1685 2437 1742 videatur
2464 1687 2567 1759 qui
2594 1687 2994 1743 sacerdotium
3005 1687 3124 1743 sibi
3144 1687 3425 1757 vindicat,
3449 1702 3482 1742 a
3500 1687 3655 1743 laicis
3681 1703 3782 1743 esse

2169 1774 2479 1831 damnatus
2513 1792 2525 1830 :
2558 1791 2627 1830 ac
2658 1791 2767 1846 per
2796 1775 2911 1830 hoc
2950 1790 3186 1847 quoque
3219 1780 3277 1830 et
3298 1775 3359 1830 in
3388 1776 3501 1831 hoc
3526 1776 3646 1846 ipso
3664 1775 3781 1830 dam-

450 1862 541 1917 50.
573 1862 931 1919 Ambrosius
970 1863 1292 1936 episcopus
1331 1863 1479 1920 dixit
1519 1880 1533 1921 :
1579 1888 1600 1915 «ι
1628 1863 1920 1937 Objecisti
1963 1866 2056 1920 m'e
2089 1894 2137 1955 Β
2167 1863 2399 1919 nandus
2458 1865 2715 1955 est,qqu~i
2751 1864 3047 1955 laicorum
3078 1867 3405 1955 exspectat
3454 1864 3788 1955 sententiam;

382 1966 526 2008 esse
558 1950 822 2023 impium,
863 1952 978 2008 hoc
999 1953 1206 2024 proba.
1245 1975 1269 2003 υ

450 2040 755 2095 Palladius
795 2040 943 2096 dixit
986 2057 1000 2098 :
1046 2064 1069 2090 α
1113 2041 1561 2113 Expositionem
1608 2046 1874 2099 nostram
1912 2041 2059 2098 affe-

378 2145 622 2200 remus;
677 2146 811 2185 cum
848 2133 1043 2187 autem
1099 2131 1501 2205 attulerimus,
1551 2135 1691 2188 tunc
1738 2132 2054 2204 disputatio

378 2218 494 2290 (72)
524 2219 861 2275 habebitur.
891 2240 915 2271 ι

448 2308 808 2364 Ambrosius
857 2308 1179 2381 episcopus
1224 2310 1372 2367 dixit
1412 2326 1426 2368 :
1472 2332 1496 2360 α
1540 2311 1763 2367 Damna
1794 2309 2057 2382 impieta-

377 2399 499 2453 tem
526 2397 674 2452 Arii.
721 2417 746 2448 ι

448 2484 597 2541 Cum
652 2485 927 2541 reticeret
970 2486 1307 2560 Palladius,
1368 2488 1678 2544 Eusebius
1732 2489 2054 2560 episcopus

378 2574 528 2629 dixit
568 2591 581 2629 :
630 2596 652 2624 «ι
674 2574 1005 2645 Superﬂuis
1035 2575 1399 2633 immoratur.
1425 2578 1535 2633 Tot
1572 2577 1903 2649 impietates
1926 2576 2055 2631 Arii

374 2662 678 2718 Palladius
709 2663 897 2718 noluit
928 2664 1342 2737 condemnare,
1377 2667 1496 2722 imo
1527 2668 1727 2738 potius
1766 2681 2053 2722 asseren-

374 2751 451 2807 do
488 2750 809 2806 confessus
849 2754 960 2806 est.
993 2752 1166 2808 Hunc
1223 2754 1325 2825 qui
1368 2770 1487 2809 non
1526 2755 1778 2827 damnat,
1837 2754 2051 2810 similis

373 2839 534 2895 illius
565 2844 677 2911 est,
709 2843 766 2895 et
795 2839 1113 2896 haereticus
1128 2841 1269 2915 jure
1297 2842 1586 2899 dicendus
1625 2847 1736 2899 est.
1773 2864 1798 2895 ι

443 2929 663 2985 Omnes
702 2930 969 3001 episcopi
1014 2930 1289 2987 dixerunt
1329 2947 1343 2989 :
1388 2955 1411 2980 υ
1457 2933 1508 2988 Α
1555 2933 1732 2990 nobis
1772 2932 2050 2989 omnibus

373 3018 684 3074 anathema
716 3020 795 3074 sit
822 3018 1111 3075 Palladio.
1157 3043 1179 3069 η
1390 3026 1399 3037 ’

441 3106 532 3164 51.
565 3107 925 3164 Ambrosius
958 3108 1280 3181 episcopus
1323 3110 1471 3165 dixit
1516 3126 1528 3166 :
1584 3133 1606 3159 α
1652 3110 2007 3183 Acquiescis
2032 3152 2048 3183 ,

371 3193 617 3268 Palladi,
651 3199 713 3252 ut
745 3200 962 3252 calere
991 3197 1267 3269 legantur
1296 3199 1444 3253 Arii.
1478 3219 1505 3250 ››

442 3286 745 3341 Palladius
774 3286 923 3341 dixit
956 3303 968 3341 :
1005 3307 1028 3336 cz
1064 3287 1208 3342 Date
1237 3287 1577 3359 auditores;
1622 3288 1861 3343 veniant
1888 3291 1945 3343 et
1975 3303 2051 3343 ex

370 3377 619 3447 utraque
650 3377 813 3445 parte
844 3377 1218 3445 exceptores.
1267 3375 1401 3430 Non
1441 3376 1693 3447 potestis
1724 3392 1862 3432 esse
1890 3376 2049 3449 judi-

373 3481 498 3537 ces,
534 3463 586 3520 si
618 3463 922 3519 auditores
952 3479 1072 3519 non
1102 3464 1528 3537 habuerimus;
1561 3468 1618 3521 et
1646 3466 1764 3520 nisi
1791 3481 1866 3521 ex
1885 3468 2050 3521 utra-

370 3569 485 3627 que
533 3556 698 3625 parte
744 3553 1037 3625 venerint,
1083 3554 1186 3625 qui
1230 3554 1472 3610 audiant
1510 3554 1648 3626 ('75),
1699 3570 1817 3611 non
1873 3555 2049 3611 vobis

368 3643 830 3714 respondemus.
874 3662 899 3694 ι

442 3732 806 3787 Ambrosius
837 3732 1161 3804 episcopus
1194 3731 1342 3787 dixit
1373 3748 1387 3789 :
1427 3755 1450 3781 ιι
1482 3733 1646 3799 Quos
1679 3732 1901 3805 quaeris
1941 3748 2049 3789 au-

373 3818 599 3875 ditores
630 3820 658 3873 ‘2
691 3840 714 3868 ι

452 3908 601 3972 800
640 3906 946 3963 Palladius
978 3908 1126 3964 dixit
1160 3924 1173 3965 :
1232 3931 1253 3957 α
1297 3907 1448 3964 Sunt
1492 3909 1591 3965 hic
1632 3911 1745 3965 viri
1781 3911 2055 3982 honorati

372 3995 562 4052 multi.
608 4017 631 4047 ι

444 4085 701 4142 Sabinus
734 4084 1060 4158 episcopus
1119 4086 1314 4144 dixit:
1355 4110 1377 4135 κ
1423 4088 1576 4144 Post
1626 4090 1709 4144 tot
1766 4089 2052 4164 blasphe-

370 4173 523 4231 mias
543 4174 844 4230 auditores
874 4175 1026 4247 petis
1043 4176 1072 4232 ε)
1102 4196 1126 4226 ι

402 4276 733 4402 _(69)‘Cod.
768 4318 941 4390 Tell.,
997 4341 1018 4366 α
1064 4318 1194 4391 Ego
1251 4334 1369 4374 non
1408 4319 1644 4391 negavi,
1694 4320 1915 4377 bonum
1959 4322 2053 4378 Fi-

810 4460 974 4532 Θάίῑο,
1019 4482 1041 4512 ι
1075 4477 1233 4516 nunc
1262 4463 1325 4516 ut
1340 4461 1600 4518 Arianus
1621 4463 1856 4534 plenius
1887 4465 2052 4520 dam-

2171 1968 2306 2008 cum
2333 1953 2528 2025 magis
2565 1953 2637 2008 de
2686 1952 2858 2008 laicis
2889 1953 3232 2008 sacerdotes
3264 1953 3517 2009 debeant
3540 1952 3780 2024 judicare.

2168 2041 2346 2099 Juxta
2374 2057 2443 2097 ea
2471 2057 2605 2113 quae
2637 2041 2814 2098 hodie
2834 2042 3170 2097 audivimus
3210 2041 3539 2097 Palladium
3562 2041 3788 2112 proﬁten-

2168 2132 2305 2201 tem,
2341 2133 2399 2186 et
2420 2130 2594 2202 juxta
2621 2146 2689 2186 ea
2718 2146 2851 2202 qum
2884 2131 3281 2186 condemnare
3297 2130 3505 2202 uoluit,
3528 2129 3790 2200 pronuntio

2166 2218 2332 2273 illum
2360 2220 2695 2275 sacerdotio
2726 2220 3037 2293 indignum
3072 2221 3131 2276 et
3161 2219 3489 2275 carendum
3521 2218 3647 2292 (Ἷὸ),
3678 2216 3794 2273 utin
3910 2288 3911 2293 η

2163 2307 2297 2362 loco
2329 2306 2465 2379 ejus
2497 2309 2827 2364 catholicus
2860 2309 3185 2364 ordinetur.
3232 2333 3256 2357 η

2234 2395 2454 2452 Omnes
2512 2398 2782 2469 episcopi
2832 2398 3108 2453 dixerunt
3157 2412 3171 2455 :
3224 2420 3248 2445 α
3284 2397 3611 2452 Anathema
3650 2393 3794 2450 Palla-

2163 2484 2282 2540 dio.
2328 2506 2352 2536 ι

2235 2574 2325 2630 53.
2350 2574 2708 2631 Ambrosius
2740 2575 3061 2647 episcopus
3086 2576 3234 2631 dixit
3271 2591 3285 2632 :
3335 2598 3358 2624 α
3384 2576 3693 2646 Imperator
3716 2571 3797 2626 cle-
3908 2618 3909 2623 η

2161 2662 2576 2720 mentissimus
2634 2668 2691 2720 et
2739 2663 3116 2719 Christianus
3175 2665 3565 2720 sacerdotum
3615 2659 3801 2734 judicio

2160 2767 2422 2823 causam,
2462 2756 2519 2808 et
2547 2756 2612 2808 ut
2649 2753 2767 2823 ipsi
2807 2753 3014 2808 arbitri
3043 2757 3252 2808 essent
3275 2753 3395 2825 ('76)
3424 2748 3801 2816 altercationis,

2157 2840 2368 2912 inquit,
2402 2842 2948 2898 constituissemus.
2986 2841 3280 2907 Quoniam
3332 2842 3524 2914 igitur
3559 2839 3720 2896 nobis
3740 2836 3812 2908 ju.

2158 2929 2379 2985 dicium
2419 2931 2655 2986 videtur
2692 2930 2949 2986 delatum
2998 2930 3367 3003 interpretes
3410 2945 3553 2987 esse
3590 2928 3809 2996 Scriptu-

2158 3034 2379 3090 rarum,
2415 3021 2878 3076 condemnemus
2898 3019 3377 3092 Palladium,qui
3407 3018 3576 3091 impii
3591 3015 3710 3072 Arii
3725 3029 3809 3071 no-

2157 3106 2267 3163 luit
2295 3109 2572 3164 damnare
2616 3109 2971 3164 sententiam
3007 3124 3020 3165 :
3051 3112 3109 3165 et
3152 3109 3297 3180 quia
3337 3112 3476 3180 ipse
3504 3107 3704 3162 Filium
3728 3100 3809 3157 Dei
3908 3100 3909 3175 l

2157 3197 2606 3269 sempiternum,
2625 3201 2683 3253 et
2712 3200 2929 3253 cetera
2958 3214 3091 3271 qum
3121 3199 3278 3254 actis
3319 3198 3639 3267 inhaerent,
3668 3206 3811 3264 nega-

2158 3286 2263 3342 vit.
2296 3285 2457 3359 Ergo
2482 3287 2792 3341 anathema
2831 3286 3137 3342 habeatur.
3176 3306 3199 3337 ι
3910 3288 3913 3365 ἐ

2227 3373 2446 3430 Omnes
2471 3375 2737 3446 episcopi
2753 3374 3063 3432 dixerunt:
3094 3397 3117 3424 α
3136 3374 3370 3431 Omnes
3391 3374 3815 3431 condemnamus
3912 3372 3913 3389 ³

2158 3479 2315 3533 eum,
2340 3464 2651 3519 anathema
2668 3463 2974 3520 habeatur.
3020 3486 3042 3513 ιι

2226 3552 2478 3608 Patrum
2498 3551 2864 3625 singulorum
2880 3552 2944 3608 in
2973 3552 3322 3609 Palladium
3348 3550 3767 3609 condemnatio.

2229 3640 2319 3697 54.
2360 3642 2718 3697 Ambrosius
2758 3641 3079 3712 episcopus
3116 3642 3273 3698 dixit
3321 3659 3336 3699 :
3387 3664 3414 3694 α
3440 3641 3829 3708 Quoniamom.

2158 3746 2268 3785 nes
2309 3730 2646 3805 consistunt
2674 3730 2788 3784 viri
2825 3730 3166 3802 Christiani,
3201 3734 3269 3787 et
3309 3731 3443 3788 Deo
3474 3728 3701 3801 probati
3731 3724 3819 3779 fra-

2154 3821 2300 3890 tres,
2342 3821 2401 3875 et
2437 3819 2899 3875 consacerdotes
2949 3819 3166 3891 nostri,
3223 3820 3402 3876 dicat
3440 3818 3825 3891 unusquisque

2157 3909 2300 3983 quid
2329 3908 2448 3964 sibi
2477 3908 2765 3964 videatur.

2231 3997 2582 4065 Valerianus
2620 3997 2941 4067 episcopus
2972 3996 3121 4052 dixit
3146 3997 3273 4069 (7'7)
3313 4014 3328 4054 :
3373 4021 3397 4049 α
3439 3996 3589 4053 Mihi
3632 3992 3830 4068 quidem

2159 4089 2412 4158 videtur,
2454 4087 2593 4158 quia
2613 4086 2715 4157 qui
2734 4086 2941 4140 Arium
2968 4085 3255 4158 defendit,
3293 4088 3574 4142 Arianus
3587 4087 3676 4140 est
3711 4098 3724 4138 :
3753 4077 3830 4150 qui

2159 4175 2564 4248 blasphemias
2587 4174 2722 4246 ejus
2741 4172 2861 4230 non
2893 4174 3275 4246 condemnat,
3302 4176 3449 4247 ipse
3473 4173 3829 4245 blasphemus

2232 4319 2343 4390 (77)
2375 4317 2745 4386 Valerianus,
2778 4317 2882 4388 qui
2902 4333 3139 4390 semper
3174 4319 3244 4372 in
3288 4318 3417 4373 hoc
3442 4315 3697 4373 concilio
3721 4309 3827 4386 pri:

2161 4407 2294 4447 mus
2316 4389 2668 4459 nominatur,
2702 4389 2838 4443 etin
2870 4389 3103 4444 duobus
3137 4390 3478 4459 Romanis,
3512 4390 3696 4443 altero
3722 4395 3831 4459 ann!

2157 4463 2283 4535 8'70,
2317 4463 2500 4535 altero
2539 4456 2663 4535 382,
2696 4462 2831 4535 post
2862 4460 3180 4535 Damasum
3201 4477 3440 4535 papam
3462 4456 3827 4535 ’memoratul‘,

2157 4533 2219 4587 in
2244 4530 2616 4603 Aquileiensi
2639 4531 2982 4603 episcopatu
3007 4530 3460 4603 Fortunatiano
3485 4530 3832 4601 successisse

398 4650 403 4661 ς
444 4604 558 4675 (71)
592 4604 813 4681 Eadem
862 4603 1044 4681 edit._,
1084 4626 1106 4652 α
1159 4603 1462 4681 Christum
1499 4621 1707 4661 verum
1737 4606 1922 4662 Deum
1953 4617 2127 4681 ne-D
2160 4593 2438 4681 creditur,
2470 4593 2698 4681 Ariano:
2717 4593 3077 4656 Catholicus.
3113 4602 3276 4681 Ejus
3307 4603 3453 4681 haec
3485 4603 3621 4681 laus
3657 4593 3835 4681 praecl:

375 4691 551 4748 sata;
577 4697 615 4748 ι»,
637 4676 839 4748 Perist
866 4676 1159 4748 quaedam.
1187 4676 1493 4748 peierare-

446 4746 559 4819 (Ἡ)
590 4744 689 4801 Sic
718 4746 864 4819 Tell.
884 4744 966 4800 iac
995 4744 1229 4816 Chiftlf;
1259 4744 1450 4819 Labb.
1476 4751 1692 4819 autem,
1722 4771 1746 4797 υ
1778 4751 1919 4805 tunc
1940 4750 2057 4805 dis-

372 4816 629 4887 positio;
668 4838 690 4864 »
728 4817 923 4885 Rom.,
962 4840 984 4865 ιι
1018 4821 1158 4872 tunc
1198 4818 1489 4887 probatio.
1528 4840 1550 4868 ι

411 4886 559 5011 .(23)
622 4888 792 4942 Rom.
835 4888 973 4942 edit.
1010 4931 1024 4959 ,
1080 4910 1103 4940 ι
1147 4888 1210 4943 Si
1249 4892 1602 4960 exceptores
1656 4906 1775 4946 non
1834 4891 2055 4948 habue-

411 4973 465 5011 ln
501 4999 512 5011 .
552 4980 574 5005 ”

374 4973 512 5012 rint.
552 4980 574 5005 η

444 5028 763 5103 (Zd)__Rom_.
797 5027 958 5097 edit.,
997 5053 1019 5077 ιι
1053 5031 1228 5085 etiam
1261 5047 1418 5086 nunc
1456 5032 1807 5103 audiantur;
1845 5057 1867 5081 η

374 5115 444 5154 ac
473 5099 619 5154 Tell.
655 5102 715 5152 ut
745 5099 804 5153 in
832 5105 1019 5156 textu.

447 5168 803 5246 (75)Chifll'.,
841 5191 863 5220 α
918 5174 975 5225 et
1005 5172 1370 5246 curandum;
1426 5196 1447 5223 υ
1501 5174 1647 5230 Tell.
1699 5178 1756 5231 et
1814 5174 2045 5246 Labb.,

378 5266 400 5318 ᾳ
437 5246 493 5298 et
526 5241 879 5318 carendum;
917 5267 937 5290 n
982 5244 1184 5298 eadem
1218 5241 1404 5299 forma
1436 5246 1687 5318 scilicet,
1723 5262 1838 5318 qua
1887 5241 2047 5301 dice;

368 5315 510 5370 bant
541 5313 981 5389 abstinendum,
1030 5331 1137 5385 pro
1170 5331 1240 5369 eo
1272 5317 1455 5389 Aquod
1500 5322 1611 5386 est,
1646 5313 2045 5389 privandum,

369 5403 545 5460 quam
578 5385 841 5460 ultimam
871 5385 1519 5460 voce_m_p»osuit_Rom.
1563 5385 1761 5460 editio.

439 5458 554 5527 ('76)
586 5457 667 5510 Ita
697 5456 883 5510 Labb.
909 5460 965 5510 et
993 5456 1213 5525 Chifil.,
1246 5473 1279 5511 a
1309 5459 1527 5528 quibus
1568 5458 1712 5528 'l‘ell.
1758 5459 1871 5514 hoc
1915 5460 2045 5517 solo

368 5526 593 5600 differt;
626 5528 783 5598 quod
823 5529 1070 5600 primam
1100 5526 1450 5598 partem'his
1481 5526 1889 5600 verbisrlegis,
1915 5550 1941 5580 ι
1978 5531 2047 5585 1i-

369 5572 463 5652 cbt
477 5572 550 5653 vet
580 5572 802 5668 ipse
823 5572 1055 5652 larbiter
1085 5572 1249 5652 ersset
1278 5613 1289 5652 :
1343 5621 1365 5645 π
1400 5613 1533 5668 quae
1569 5572 2042 5657 similitgrvRorn.

366 5669 508 5721 edit.
526 5668 803 5750 exhibet,
836 5668 943 5722 sed
962 5672 1262 5750 praeterea
1279 5669 1567 5750 expunxit
1595 5670 1810 5745 inquit.
1846 5675 2051 5745 etpost

356 5737 890 5798 constituissemus
909 5739 1133 5797 addidit
1162 5737 1478 5799 commisit.

1922 5033 2053 5089 aliae

409 5878 423 5925 ἓ

2157 4692 2273 4747 pua
2303 4665 2604 4747 est,'quod
2648 4673 2873 4727 clerum
2910 4688 3084 4747 suum
3130 4665 3393 4747 o'ptime_
3425 4665 3759 4747 instituerit,
3787 4665 3834 4747 ut

2156 4740 2293 4803 inde
2333 4740 2503 4818 quasi
2535 4759 2567 4798 e
2598 4743 3110 4818 sacrosemjnario
3133 4740 3836 4818 quamplurimiepiscop}

2157 4814 2371 4872 adsciti
2400 4818 2605 4887 postea
2636 4814 2887 4887 fuerint.
2902 4814 3027 4887 Illic
3067 4829 3134 4869 se
3163 4815 3247 4868 ad
3284 4814 3583 4887 pietatem
3613 4814 3826 4887 formari

2157 4889 2344 4943 voluit
2376 4883 2772 4959 Hieronymus
2808 4900 2820 4939 :
2858 4886 3109 4939 Rufinus
3158 4883 3319 4940 vero
3372 4886 3607 4959 ibidem
3635 4883 3692 4936 in
3728 4890 3834 4959 nlo-

2158 4960 2418 5015 naslerio
2461 4954 2775 5030 educatum
2820 4971 2886 5030 se
2934 4971 3073 5010 esse
3116 4960 3339 5030 narrat
3428 4956 3642 5011 Eidem
3679 4954 3836 5030 etiam

2160 5031 2472 5086 Valeriano
2493 5028 2848 5096 rescriptum
2866 5027 3248 5096 imperatoris
3273 5028 3653 5083 destinatum
3671 5023 3836 5096 fuisse

2160 5102 2457 5156 existimat
2487 5093 2898 5166 I‘Ierma-nnus;
2933 5093 2989 5152 et
3038 5113 3297 5151 causam
3341 5115 3459 5153 cur
3490 5098 3591 5152 hic
3617 5093 3836 5166 ponatur

2158 5176 2291 5227 ante
2324 5171 2704 5225 Ambrosium
2735 5169 2886 5222 hanc
2927 5184 3065 5223 esse
3094 5171 3289 5238 putat,
3330 5171 3434 5224 vel
3469 5168 3629 5240 quod
3659 5173 3837 5240 rever}!

2157 5243 2459 5297 Dalmatiae
2504 5240 2872 5311 metrOpolita
2919 5229 3131 5311 esset;
3157 5229 3287 5293 vel'
3322 5229 3508 5295 certe‘
3535 5235 3689 5311 quod
3730 5229 3836 5311 Itali

2157 5296 2527 5385 episeopiad
2559 5296 2716 5380 eum;
2747 5311 2888 5387 dum
2916 5296 3099 5364 sedes
3117 5296 3712 5387 bled_iolanensis_ab
3739 5304 3840 5387 Auf

2155 5380 2815 5453 x'entio—occuparetur,
2874 5384 3150 5453 tanquam
3204 5383 3289 5436 ad
3340 5380 3838 5452 metropolitanum

2155 5458 2532 5511 recurrerent
2563 5452 2586 5508 ξ
2638 5469 2765 5526 quo,
2793 5453 3028 5526 quidem
3077 5452 3321 5526 honore
3373 5453 3836 5526 ipsum_maxim6

2154 5528 2215 5582 in
2267 5527 2537 5582 Ecclesia
2569 5521 2830 5594 propria“
2855 5523 3111 5592 spoliare
3159 5521 3448 5580 noluerit
3474 5521 3815 5579 Ambrosius

2156 5600 2340 5655 Porro
2382 5599 2454 5653 de
2493 5596 2776 5669 dignitate
2823 5594 3097 5669 ejusdem
3142 5594 3463 5653 Ecclesia
3504 5594 3674 5668 plura
3700 5600 3800 5661 apu

2150 5669 2472 5748 Ughellum
2500 5667 2787 5744 reperies.
