3942 6168
190 367 288 430 973

1286 351 1901 422 EPISTOLARUM
1945 352 2284 419 CLASSIS
2327 355 2376 416 Ι.

3451 355 3590 428 9η

182 545 293 613 est;
321 539 553 610 ideoque
582 535 927 608 hujusmodi
956 535 1254 592 hominem
1293 553 1327 592 a
1365 537 1666 592 consortio
1699 551 1800 592 sa-
1823 569 1875 631 Α
1913 535 2226 592 Dominum
2254 535 2496 607 bonum,
2531 536 2842 593 Dominum
2883 539 3229 612 sapientem,
3262 539 3576 598 Dominum

181 630 449 688 cerdotum
477 641 690 681 censeo
721 641 862 682 esse
890 626 1168 681 alienum.
1208 649 1230 673 »

234 717 509 773 Palladius
539 715 683 769 dixit
723 731 736 769 :
775 737 797 762 ιι
833 715 1112 785 C(epistis
1143 714 1368 784 ludere,
1411 713 1613 768 ludite.
1665 713 1802 769 Sine

177 806 398 864 concilio
429 803 690 859 orientali
719 803 892 858 vobis
921 819 1040 858 non
1071 803 1524 874 respondemus.
1563 823 1586 851 ι

231 897 309 949 55.
355 893 633 947 Anemius
683 891 797 963 ('18)
846 892 1166 962 episcOpus
1215 891 1560 946 Sirmiensis
1607 891 1798 946 dixit:

175 982 543 1052 «Quicunque
603 980 871 1035 haereses
932 980 1184 1034 Arianas
1243 996 1362 1034 non
1421 979 1799 1049 condemnat,

170 1072 397 1126 Arianus
427 1070 502 1124 sit
529 1085 782 1125 necesse
817 1073 928 1124 est.
963 1069 1135 1124 Hunc
1157 1069 1338 1141 igitur
1353 1069 1608 1123 alienum
1629 1069 1801 1123 etiam

169 1176 196 1213 a
219 1151 341 1214 801
378 1160 579 1213 nostra
610 1159 1045 1227 communione,
1079 1161 1136 1212 et
1156 1158 1508 1213 sacerdotali
1534 1161 1689 1213 coetu
1711 1158 1805 1214 de-

166 1264 268 1303 nuo
293 1247 576 1318 privatum
608 1262 747 1302 esse
779 1263 1116 1302 censemus.
1155 1270 1178 1295 υ

222 1335 587 1392 Constantius
646 1333 793 1408 (79)
850 1336 1171 1407 episcopus
1221 1336 1550 1391 Amusicus
1607 1336 1798 1392 dixit:

169 1448 187 1473 ιι
214 1424 519 1479 Palladium
551 1424 680 1478 Arii
708 1423 1086 1495 discipulum,
1121 1424 1296 1497 cujus
1322 1425 1652 1496 impietates
1679 1424 1804 1496 jam

163 1513 282 1569 olim
308 1513 596 1568 damnatae
627 1515 766 1567 sunt
793 1529 825 1566 a
853 1513 1135 1568 Patribus
1173 1514 1398 1569 nostris
1441 1514 1501 1568 in
1553 1513 1804 1569 concilio

163 1602 398 1672 Nicaeae,
432 1604 490 1656 et
518 1617 680 1657 nunc
710 1601 887 1657 hodie
916 1601 1201 1672 probatae,
1237 1619 1372 1658 cum
1411 1617 1805 1658 recenseren-

153 1693 253 1761 tur,
292 1706 325 1744 a
366 1689 634 1745 Palladio
677 1689 974 1762 singulae;
1015 1690 1154 1762 quia
1203 1706 1322 1747 non
1369 1690 1660 1746 confusus
1690 1691 1804 1762 (80)

153 1782 233 1834 est
265 1779 398 1834 dum
445 1779 560 1834 Dei
608 1776 821 1834 Filium
867 1795 901 1833 a
952 1779 1073 1836 Deo
1120 1779 1292 1836 Patre
1337 1795 1475 1835 esse
1523 1780 1800 1850 alienum,

1914 625 2340 695 sempiternum
2371 625 2501 695 (84),
2537 625 2695 680 hnnc
2716 623 2750 680 a
2771 630 2926 683 coetu
2957 628 3331 699 sacerdotali,
3362 632 3419 685 et
3445 646 3576 686 mea

1913 715 2204 768 sententia
2235 717 2290 769 et
2322 715 2584 769 omnium
2615 716 3039 772 catholicorum
3062 718 3290 790 judicio
3321 719 3577 775 arbitror

1905 801 2042 873 jure
2075 819 2214 859 esse
2247 804 2601 859 damnatum.
2643 828 2664 852 n

1982 891 2071 946 58.
2122 891 2378 946 Sabinus
2423 893 2544 963 (85)
2595 894 2916 966 episcopus
2960 896 3336 953 Placentinus
3381 899 3575 956 dixit:

1919 1001 1942 1025 ‹‹
1974 977 2262 1043 Quoniam
2302 981 2531 1036 cunctis
2571 984 2926 1053 patefactum
2957 989 3067 1057 est,
3099 985 3444 1058 Palladium,
3477 988 3580 1060 qui

1914 1067 2150 1123 Arianae
2180 1069 2442 1138 perfidiae
2473 1075 2678 1126 auctor
2706 1075 2798 1126 est
2828 1073 2958 1146 (86),
2990 1075 3164 1129 etiam
3204 1075 3337 1146 ejus
3367 1075 3578 1147 impie-

1915 1157 2089 1210 tatem
2137 1159 2358 1228 tenere,
2398 1175 2530 1230 quae
2560 1163 2764 1216 contra
2797 1163 3140 1234 evangelica
3171 1167 3228 1219 et
3254 1165 3580 1236 apostolica

1914 1243 2178 1299 instituta
2229 1248 2406 1317 venit,
2449 1246 2614 1318 justa
2658 1249 2717 1303 in
2766 1266 2900 1305 eum
2945 1253 3125 1307 totius
3155 1253 3393 1308 concilii
3421 1253 3580 1308 illata

1914 1334 2204 1389 sententia
2235 1337 2345 1407 est,
2380 1336 2481 1408 qui
2509 1353 2657 1393 meae
2686 1337 2823 1394 licet
2850 1340 3157 1411 parvitatis
3170 1342 3460 1396 sententia
3480 1357 3584 1396 sa-

1915 1422 2175 1479 cerdotio
2206 1424 2400 1480 denuo
2429 1425 2716 1498 privatus,
2752 1444 2828 1483 ex
2861 1429 2975 1484 hoc
3005 1433 3394 1487 sacrosancto
3425 1431 3582 1488 cuitu

1908 1509 2046 1582 jure
2075 1513 2348 1582 pellatur.
2387 1537 2408 1562 η

1987 1599 2154 1655 Felix
2203 1604 2261 1656 et
2306 1602 2622 1659 Numidius
2676 1604 2856 1677 legati
2910 1605 3192 1663 Afrorum
3238 1608 3516 1666 dixerunt
3563 1625 3578 1667 :

1921 1710 1942 1734 «
1980 1688 2216 1744 Arianae
2246 1689 2500 1747 haeresis
2530 1695 2711 1748 sectae
2739 1695 2800 1748 in
2830 1710 2945 1765 qua
2976 1696 3036 1749 in
3073 1697 3442 1768 Aquileiensi
3475 1715 3580 1770 sy-

1915 1777 2070 1833 nodo
2117 1778 2416 1834 Palladius
2447 1779 2779 1837 declaratus
2809 1785 2901 1837 est
2935 1782 3069 1854 (87),
3101 1784 3429 1842 anathema.
3463 1786 3582 1844 Sed

149 1883 267 1923 cum
295 1869 631 1923 creaturam
679 1868 992 1923 contitetur
1025 1883 1038 1924 :
1092 1885 1224 1924 cum
1267 1869 1650 1940 temporalem
1681 1884 1805 1924 coe-
1835 1943 1873 1948 _
1915 1868 1972 1921 et
2003 1881 2110 1922 eos
2139 1867 2241 1938 qui
2273 1871 2476 1923 contra
2507 1871 2814 1926 veritatem
2843 1871 3107 1929 Nicaenze
3141 1875 3354 1945 synodi
3400 1891 3580 1948 repu-

148 1957 296 2027 pisse
323 1956 486 2027 dicit,
523 1955 842 2012 Dominum
879 1972 1088 2012 verum
1134 1960 1330 2030 negat,
1382 1959 1443 2013 in
1491 1957 1805 2030 sempiter-
1833 1943 1882 2006 Β
1914 1958 2167 2027 gnantes
2196 1959 2355 2026 sunt,
2389 1957 2874 2017 condemnemus.
2912 1980 2935 2010 ι

143 2061 270 2101 num
301 2060 528 2102 censeo
564 2061 703 2100 esse
734 2045 1150 2102 damnandum.
1189 2068 1212 2096 υ

203 2134 287 2189 56.
319 2135 541 2190 Justus
574 2133 688 2206 (81)
718 2133 1040 2206 episcopus
1071 2134 1250 2192 dixit:
1287 2157 1309 2184 ιι
1334 2135 1680 2207 Palladium,
1706 2135 1807 2208 qui

140 2223 544 2295 blasphemias
575 2223 702 2278 Arii
731 2223 1010 2279 damnare
1041 2223 1247 2295 noluit,
1269 2225 1378 2280 sed
1407 2225 1582 2280 etiam
1612 2226 1805 2296 magis

140 2312 238 2367 has
268 2313 552 2368 confiteri
580 2311 834 2382 videtur,
868 2327 1088 2369 censeo
1135 2313 1387 2368 ulterius
1437 2315 1807 2370 sacerdotem

141 2400 245 2456 dici
273 2417 390 2457 non
424 2416 640 2473 posse,
673 2415 783 2456 nec
813 2401 968 2456 inter
997 2401 1316 2473 episcOpos
1349 2401 1634 2474 deputari.
1673 2426 1694 2450 ι»

205 2491 489 2546 Eventius
524 2488 643 2560 (8‘2)
677 2489 996 2561 episcopus
1027 2490 1384 2546 Ticiniensis
1407 2491 1594 2547 dixit:
1629 2512 1651 2551 ς
1679 2491 1808 2546 Pal-

135 2578 365 2650 ladium,
401 2580 509 2650 qui
545 2578 901 2648 impietatem
935 2579 1063 2632 Arii
1092 2579 1371 2634 damnare
1416 2580 1604 2634 noluit
1646 2580 1808 2635 arbi-

129 2670 244 2722 tror
272 2684 304 2722 a
336 2666 658 2724 consortio
690 2665 1045 2735 sacerdotali
1073 2668 1134 2723 in
1162 2670 1510 2740 perpetuum
1539 2684 1678 2724 esse
1709 2684 1810 2724 re-

129 2759 362 2812 motum.
403 2777 428 2808 ι

188 2843 276 2900 57.
329 2844 767 2901 Abundantius
815 2843 1134 2916 episcopus
1179 2845 1558 2900 Tridentinus
1605 2845 1753 2901 dixit
1793 2861 1807 2902 :

127 2956 146 2980 α
182 2934 329 2990 Cum
376 2935 702 2991 evidentes
746 2933 1148 3005 blasphemias
1179 2934 1478 2990 Palladius
1513 2934 1808 3004 defendat,

122 3022 468 3079 damnatum
504 3040 580 3079 se
609 3039 685 3078 ex
715 3023 968 3078 concilio
997 3023 1367 3094 Aquileiensi
1399 3027 1742 3095 cognoscat.
1784 3045 1804 3072 ι

187 3112 507 3169 Eusebius
527 3111 644 3183 (83)
667 3112 988 3182 episcopus
1005 3111 1403 3168 Bononiensis
1422 3112 1595 3167 dixit:
1627 3135 1647 3160 ι
1665 3110 1812 3176 Quia

117 3200 461 3272 impietates
513 3200 649 3255 Arii
695 3200 989 3257 diabolica
1039 3200 1193 3272 stylo
1237 3200 1628 3272 conscriptas,
1663 3216 1812 3272 quas

1987 2041 2076 2099 59.
2111 2043 2416 2100 Limenius
2449 2045 2563 2116 (88)
2594 2045 2913 2118 episcopus
2943 2047 3346 2108 Vercellensis
3388 2053 3575 2111 dixit:

1922 2157 1943 2182 α
1979 2133 2258 2188 Arianam
2287 2133 2616 2189 doctrinam
2644 2149 2807 2206 saepe
2849 2151 2987 2191 esse
3037 2138 3367 2196 damnatam
3396 2144 3580 2198 mani-

1917 2222 2135 2278 festum
2167 2225 2296 2293 est;
2327 2225 2384 2278 et
2405 2221 2536 2277 ideo
2569 2222 2864 2279 Palladius
2896 2229 3222 2284 conventus
3254 2228 3314 2283 in
3343 2229 3454 2286 hac
3484 2247 3580 2286 sa-

1919 2327 2019 2367 cra
2068 2312 2298 2382 synodo
2347 2311 2738 2383 Aquileiensi,
2785 2312 2922 2384 quia
2961 2314 3148 2370 noluit
3177 2331 3244 2372 se
3276 2319 3580 2391 corrigere

1921 2401 2012 2456 vel
2061 2401 2375 2456 emendare
2409 2417 2422 2455 :
2474 2400 2582 2455 sed
2619 2401 2813 2473 magis
2842 2401 3113 2472 probavit
3141 2406 3582 2476 reprehensibi-

1919 2490 2058 2561 lem,
2079 2492 2136 2546 et
2153 2505 2219 2545 se
2238 2489 2474 2545 oletavit
2491 2489 2735 2560 perfidia
2757 2488 2891 2560 (89),
2913 2507 3086 2562 quam
3105 2509 3171 2548 se
3193 2494 3426 2565 publice
3450 2513 3582 2552 con-

1921 2579 2126 2634 fessus
2159 2581 2250 2633 est
2276 2581 2496 2648 tenere,
2530 2577 2687 2632 hunc
2718 2571 2867 2634 802
2901 2582 3191 2635 sententia
3219 2599 3350 2638 mea
3379 2589 3437 2639 et
3467 2602 3581 2658 ego

1919 2668 2200 2739 profiteor
2228 2683 2261 2721 a
2293 2667 2592 2722 consortio
2622 2668 2974 2722 sacerdotali
3005 2685 3143 2724 esse
3174 2671 3577 2742 privandum.»

1993 2756 2286 2811 Maximus
2316 2756 2636 2826 episcopus
2668 2755 3024 2811 Emonensis
3053 2757 3367 2830 (90)dixit:
3405 2783 3427 2814 α
3453 2764 3584 2818 Pal-

1921 2845 2162 2915 ladium,
2195 2843 2297 2916 qui
2325 2843 2730 2914 blasphemias
2759 2845 2884 2898 Arii
2914 2861 3024 2900 nec
3056 2847 3334 2905 damnare
3377 2852 3582 2923 voluit,

1924 2933 2033 2989 sed
2062 2934 2254 3004 magis
2288 2932 2415 3003 ipse
2447 2932 2768 2988 confessus
2800 2936 2911 3004 est,
2940 2934 3102 3006 juste
3123 2952 3192 2991 ac
3215 2940 3423 2996 merito
3446 2956 3584 2997 esse

1924 3023 2278 3090 damnatum,
2326 3024 2382 3076 et
2430 3021 2590 3076 Deus
2629 3022 2811 3092 novit,
2845 3025 2902 3078 et
2932 3023 3191 3087 fidelium
3223 3029 3584 3085 conscientia

1925 3111 2355 3168 condemnavit.
2392 3134 2414 3158 ι»

1993 3200 2084 3255 60.
2116 3198 2587 3270 Exsuperantius
2619 3198 2938 3270 episcopus
2971 3201 3357 3259 Dertonensis
3389 3205 3536 3262 dixit
3569 3222 3582 3263 :

117 3305 231 3346 non
262 3291 500 3346 licebat
536 3303 650 3345 nec
680 3289 754 3344 ad
783 3304 961 3345 aures
991 3288 1319 3360 admittere,
1350 3288 1648 3345 Palladius
1695 3305 1814 3345 non
1839 3303 1888 3367 ο
1930 3312 1951 3337 α
1984 3287 2332 3357 Palladium,
2382 3287 2483 3359 qui
2527 3291 2750 3342 sectam
2795 3289 2920 3343 Arii
2967 3289 3062 3344 vel
3093 3289 3228 3362 ejus
3257 3291 3586 3349 doctrinam

115 3379 312 3435 solum
362 3379 575 3436 noluit
623 3378 1056 3450 condemnare;
1105 3379 1214 3434 sed
1253 3381 1310 3434 et
1341 3395 1546 3434 earum
1589 3379 1815 3434 exstitit

113 3472 410 3540 assertor,
463 3468 750 3541 negando
800 3465 1012 3523 Filium
1060 3467 1166 3523 Dei
1215 3467 1528 3524 Dominum
1583 3483 1810 3524 verum.

175 3610 302 3684 (78)
352 3611 670 3668 Anemius
716 3613 853 3684 post
897 3612 1146 3684 mortem
1186 3609 1489 3684 Gierminii,
1537 3612 1637 3684 qui
1685 3610 1813 3668 Sir-

109 3681 418 3739 mienSem
452 3681 768 3739 invaserat
799 3681 1149 3753 Ecclesiam,
1185 3683 1306 3738 illic
1348 3683 1422 3738 ab
1469 3681 1810 3752 Ambrosio,

110 3753 387 3837 Justina,
413 3771 570 3837 quae
599 3753 794 3837 modis
823 3755 1103 3837 omnibus
1132 3754 1416 3837 Arianum
1464 3754 1607 3837 eligi
1653 3757 1814 3837 sata-

105 3825 309 3897 gebat,
367 3824 600 3897 inirita,
647 3824 956 3897 ordinatus
1000 3825 1156 3897 fuit:
1202 3825 1262 3878 in
1302 3841 1415 3897 qua
1448 3824 1814 3897 ordinatione

103 3895 488 3952 miraculum
538 3895 780 3966 insigne
825 3895 1043 3966 factum
1095 3895 1373 3950 Paulinus
1405 3897 1466 3950 in
1513 3895 1817 3950 Ambrosii

107 3966 237 4022 Vita
294 3965 772 4023 commemorat.
825 3965 993 4031 Quod
1040 3970 1234 4021 autem
1279 3967 1557 4022 Sirmium
1598 3967 1814 4037 Illyrici

101 4044 282 4110 caput
315 4055 530 4110 supra
555 4037 1063 4110 nominavitidem
1093 4038 1400 4104 Anemius,
1426 4037 1698 4110 idvelde
1718 4053 1816 4110 oc-

103 4108 686 4179 cidentali—Illyrico
717 4108 1165 4179 intelligendum
1187 4111 1316 4177 est;
1347 4108 1440 4163 vel
1463 4109 1513 4161 si
1547 4109 1719 4162 etiam
1743 4109 1814 4163 de

98 4182 416 4250 orientali,
458 4179 788 4234 dicendum
833 4181 944 4234 erit
981 4179 1185 4233 sedem
1214 4179 1816 4234 Thessalonicensem

96 4255 373 4308 necdum
406 4269 448 4306 a
489 4252 752 4322 Damaso
784 4250 1219 4322 inimetropolis
1248 4250 1594 4322 dignitatem
1618 4321 1621 4322 ν
1643 4267 1816 4322 evec—

97 4326 220 4378 tarn
252 4324 508 4392 fuisse,
547 4324 610 4375 ut
639 4321 794 4375 idem
823 4321 1201 4376 Hermannus
1243 4321 1302 4375 in
1328 4321 1652 4376 Ambrosii
1685 4321 1816 4377 Vita

93 4395 462 4466 prudenter
499 4392 806 4466 observat.

163 4465 290 4538 ('79)
347 4466 512 4538 Jam
564 4462 902 4538 monuimus
922 4463 1004 4538 ad
1036 4462 1346 4538 epistolam
1374 4463 1595 4538 2,_voci
1627 4463 1818 4519 Cons-

96 4534 298 4592 tantio
334 4537 423 4590 ad
462 4549 653 4606 quem
685 4534 1017 4606 eadem‘illa
1046 4535 1335 4606 destinata
1364 4536 1474 4605 est,
1509 4551 1820 4606 perperam

96 4551 298 4592 renuo
334 4551 423 4590 au
513 4551 653 4588 uem
685 4551 890 4588 eauem
918 4551 1017 4588 uia
1046 4551 1335 4589 uesunata
1364 4551 1474 4605 eet,
1509 4551 1816 4606 perperam

88 4609 438 4663 addidisse
462 4551 803 4678 qRomanos
834 4604 1092 4659 editores
1122 4605 1496 4678 Arausieano
1525 4609 1816 4678 episcopo.

90 4679 268 4743 Quod
303 4681 544 4733 autem
573 4675 1006 4747 Arausicanum
1037 4680 1282 4746 spectat,
1318 4675 1453 4747 ejus
1499 4665 1818 4732 adctori‘ta-
1842 4665 1891 4725 ί)

89 4753 211 4806 tem
247 4750 417 4805 hinc
457 4746 760 4818 conjicias
792 4746 948 4818 quod
978 4762 1112 4801 eum
1148 4746 1420 4818 pluribus
1450 4749 1697 4818 synodis
1728 4750 1821 4804 in-

84 4823 413 4878 terfuisse
456 4819 861 4889 reperiamus.

159 4887 714 4964 (80)er!13_.:_edit.
739 4887 888 4964 sola,
931 4911 952 4936 α
977 4889 1113 4960 quia
1143 4905 1261 4944 non
1291 4888 1579 4945 confusus
1609 4892 1700 4964 est
1729 4888 1822 4944 di-

82 4958 231 5021 cere
266 4958 427 5019 'Dei
493 4958 778 5015 Filium...
831 4963 889 5015 et
935 4958 1069 5015 cum
1116 4963 1443 5016 creaturam
1488 4961 1818 5032 confitetur,

82 5053 232 5091 cum
269 5039 611 5104 tempore,
647 5035 765 5104 etc1
801 5054 822 5078 η

156 5106 287 5177 (81)
326 5101 518 5177 Ουἰῐ)
549 5102 705 5177 hunc
736 5101 972 5177 Justum
1004 5117 1121 5177 non
1152 5103 1330 5177 alium
1359 5103 1432 5157 ab
1465 5117 1726 5177 ecresse,
1748 5102 1821 5156 ad

119 5173 278 5234 nem
332 5173 790 5232 Ambrosianee
840 5175 973 5228 duae
1015 5174 1282 5244 epistolae
1327 5176 1581 5242 exstant,
1614 5173 1821 5228 admo-

122 5267 233 5304 um
272 5250 372 5303 sit
412 5245 781 5316 verisimile,
814 5244 1033 5299 ibidem
1061 5261 1095 5299 a
1124 5244 1299 5300 nobis
1330 5245 1401 5299 de
1437 5244 1644 5299 eodem
1675 5245 1821 5299 satis

75 5321 334 5376 dictum
374 5319 702 5376 putamus.

150 5393 288 5463 (82)
329 5384 528 5463 Edit.
562 5386 892 5463 conc.__Bi_n.
925 5403 994 5463 ac
1023 5384 1208 5463 Labb.
1234 5386 1292 5463 in
1312 5388 1496 5463 textu,
1533 5385 1824 5463 Citinien-

71 5456 194 5532 sis,
235 5456 306 5518 et
347 5461 427 5514 in
470 5457 1052 5532 marg.‘7_'inie_nsi§;
1080 5457 1476 5532 _Regiusgcod
1523 5461 1580 5511 et
1625 5456 1819 5532 thffl.

66 5551 148 5591 ex
179 5527 525 5594 'Divionq
564 5527 944 5584 Ticiniensis.
980 5529 1051 5583 Et
1080 5527 1225 5584 hinc
1249 5530 1465 5599 Optime
1515 5528 1823 5582 confirma-

65 5612 175 5662 tur
209 5599 531 5671 Baronii
554 5599 916 5671 conjectura,
961 5596 1635 5671 quahunc—Eventium
1672 5599 1825 5671 Tici-

69 5690 377 5733 nensem
417 5669 787 5741 episcopum
817 5670 975 5741 facit,
1008 5669 1185 5741 cujus
1215 5670 1434 5741 festum
1455 5670 1568 5724 sub
1589 5669 1824 5725 nomine

61 5744 394 5807 Iuventii
456 5740 597 5798 sive
646 5740 878 5798 Eventii
922 5740 983 5797 vi
1039 5740 1177 5798 Idus
1235 5740 1412 5797 Febr.
1471 5741 1823 5797 celebratur.

64 5821 252 5888 Nam
285 5811 506 5904 quod
536 5813 869 5892 opinionem
899 5813 1060 5874 illam
1087 5813 1321 5873 videtur
1347 5814 1589 5890 prapter
1625 5815 1824 5871 aucto-

1925 3379 2203 3435 damnare
2235 3375 2442 3446 noluit,
2475 3376 2582 3432 sed
2613 3376 2892 3448 defendit,
2931 3379 2996 3433 ut
3043 3380 3239 3435 caeteri
3272 3386 3584 3439 consortes

1921 3468 2038 3524 mei
2067 3467 2510 3536 damnaverunt,
2546 3465 2719 3521 etiam
2749 3468 2807 3522 et
2836 3481 2950 3539 ego
2982 3469 3332 3527 condemno.
3369 3497 3391 3521 ι»

1923 3608 2357 3684 ritatem__Rom.
2390 3606 2553 3675 edit.,
2584 3607 2686 3684 ubi
2719 3607 3076 3684 Qenetgnsis
3104 3613 3412 3684 episcOpus
3441 3615 3586 3670 dici-

1922 3685 2038 3749 tur,
2065 3678 2848 3760 abjicere,‘non_admod_um
2893 3680 3062 3760 firmo
3097 3678 3367 3760 movetur
3403 3701 3588 3759 argu-

1923 3755 2118 3808 mento
2141 3749 2161 3821 ζ
2187 3749 2664 3822 quandoquidem
2709 3751 2765 3806 ei
2807 3752 3046 3806 tectioni
3085 3756 3405 3812 auctoritas
3435 3749 3585 3814 m'ss.

1924 3827 1980 3880 et
2009 3820 2254 3893 aliarum
2284 3821 2423 3893 edit.
2458 3820 2810 3893 refragatur.

1994 3894 2108 3967 (83)
2131 3892 2299 3967 _Nihi_l
2332 3891 2568 3967 obstare
2599 3891 2746 3967 sane
2762 3893 3073 3967 credimus
3103 3896 3247 3967 quin
3276 3897 3373 3952 hic
3402 3898 3594 3955 Euse-

1925 3965 2062 4020 bius
2092 3964 2248 4041 idem
2280 3964 2414 4041 ipse
2459 3963 2538 4041 sit
2584 3964 2685 4041 qui
2734 3963 2976 4041 lib.‘_De
3029 3963 3462 4041 vir—ginittcap.
3495 3971 3588 4041 ΞΟ,

1925 4051 2086 4092 num.
2119 4033 2241 4104 1929,
2275 4033 2348 4108 ab
2387 4033 2706 4108 Ambrosio
2745 4035 2958 4089 dicitur
2988 4033 3254 4108 piscator
3297 4033 3592 4097 Ecélesiaé

1926 4107 2344 4181 Bononiensis,
2379 4110 2549 4181 aptus
2574 4105 2650 4160 ad
2679 4106 2788 4181 [ioc
2811 4105 3328 4181 piscandigenus,
3367 4111 3426 4165 id
3473 4118 3587 4181 est,

1926 4179 2000 4233 ad
2045 4177 2522 4248 persuadendum
2565 4177 2779 4246 puellis
2814 4177 3016 4232 'sacraa
3060 4177 3416 4248 virginitatis
3461 4177 3594 4248 pro;

1926 4196 2000 4233 δια
2045 4196 2522 4248 persuadendum
2565 4196 2779 4246 puellis
2827 4196 3016 4232 sacrae
3060 4196 3152 4233 νιν
3199 4196 3416 4236 innatis
3504 4199 3591 4238 Γο-

1926 4251 2185 4320 positum
2221 4264 2233 4303 :
2287 4250 2343 4302 et
2386 4247 2665 4320 subuquo
2702 4248 3120 4320 florentissima
3151 4196 3432 4306 gononiae
3461 4199 3591 4308 Ἐυδ-

1926 4317 2064 4376 runt
2107 4317 2642 4391 sanctimonialium
2671 4319 3085 4391 contubernia,
3117 4337 3249 4391 quae
3278 4322 3352 4376 ab
3383 4323 3590 4378 eodem

1929 4391 2247 4463 Ambrosio
2305 4390 2615 4444 laudantur
2669 4389 2773 4445 lib.
2819 4407 2838 4443 ι
2884 4390 2974 4444 De
3035 4389 3306 4462 Virginia
3353 4407 3480 4462 cap.
3533 4394 3588 4463 2,

1930 4479 2090 4518 num.
2123 4462 2212 4516 60.

2001 4534 2115 4604 (84)
2145 4531 2296 4587 Edit.
2331 4531 2502 4587 Rom.
2537 4532 2594 4604 et
2623 4530 2833 4604 LabbL,
2873 4554 2894 4577 α
2932 4531 3115 4584 Deum
3144 4545 3372 4604 verum,
3406 4534 3592 4590 Deum

1929 4602 2171 4674 bonum,
2209 4605 2392 4658 Deum
2421 4602 2766 4674 sapientem,
2799 4602 2984 4674 Deum
3013 4602 3460 4674 sempiternum.
3493 4629 3516 4653 »ι

2003 4677 2116 4746 (85)
2146 4671 2429 4729 Sabinum
2459 4671 2638 4746 hunc,
2669 4688 2783 4746 seu
2811 4671 3122 4746 savinum,
3146 4671 3284 4746 jam
3333 4675 3592 4732 diximus

1933 4751 1991 4804 in
2015 4741 2318 4801 Admonit.
2350 4760 2467 4819 non
2496 4743 2678 4819 alium
2691 4743 2878 4819 videri
2899 4742 2972 4819 ab
2992 4758 3061 4797 eo
3086 4741 3305 4819 Sabino
3323 4747 3402 4819 ad
3419 4763 3594 4819 quem

1933 4819 2088 4891 haud
2124 4831 2337 4891 paucae
2382 4813 2681 4867 Ambrosii
2711 4817 2976 4891 exstant
3008 4815 3277 4891 epistolae
3313 4833 3324 4872 :
3373 4813 3456 4874 de-
3475 4835 3593 4891 quo

1931 4884 2421 4963 proinderursus
2455 4887 2726 4963 occurret
2746 4884 2980 4963 dicendi
3008 4885 3199 4963 locus.

2003 4960 2117 5031 (86)
2149 4957 2246 5013 Sic
2273 4956 2418 5010 Tell.
2443 4959 2500 5032 et
2522 4954 2704 5032 ζέω).
2729 4971 2741 5011 :
2771 4957 2940 5032 Rom.
2965 4960 3160 5012 autem
3181 4957 3343 5031 edit.,
3374 4982 3396 5010 «
3422 4961 3591 5032 qui...

1931 5026 2200 5088 θεὲθιέίοῐ*
2229 5032 2340 5083 est.
2380 5049 2402 5074 ιο
2435 5026 2652 5095 Chim.,
2688 5047 2710 5076 ι
2745 5030 3127 5084 assertorem,
3166 5050 3188 5080 ι

2002 5103 2114 5172 (8'1)
2148 5102 2317 5156 Rom.
2353 5097 2513 5168 edit.,
2549 5117 2576 5148 «
2601 5096 2845 5170 cujus...
2869 5098 3170 5156 Palladius
3199 5103 3466 5158 assertor
3494 5103 3596 5159 de-

1935 5174 2193 5230 claratus
2226 5174 2336 5226 est.
2377 5193 2398 5217 ιι

2004 5243 2116 5314 (88)
2165 5243 2248 5316 De
2293 5240 2558 5316 Limenio
2597 5239 2724 5316 jam
2770 5242 3232 5316 perstrinximus
3275 5243 3594 5316 aliquid_i_n

1933 5311 2229 5384 AdmOnit.
2277 5317 2334 5368 et
2381 5311 2530 5367 forte
2575 5313 2649 5367 ad
2696 5311 2867 5384 epist.
2919 5314 2993 5368 ad
3043 5315 3295 5371 Vercell.
3327 5311 3593 5370 nonnihil

1933 5389 2108 5443 etiam
2137 5383 2511 5455 adjiciamus.

2002 5458 2116 5528 (89)
2146 5454 2365 5526 Chifﬂ.,
2404 5476 2425 5504 ι
2461 5454 2922 5526 deprehensibili
2953 5471 3091 5512 sese
3125 5455 3428 5511 collutavit
3454 5469 3593 5525 per-

1932 5529 2092 5584 ﬁdia.
2130 5549 2152 5576 ι

2001 5598 2112 5671 (90)
2147 5598 2368 5671 Urbem
2389 5597 2683 5671 Emonam
2714 5597 3289 5671 Geographiausacra
3306 5668 3315 5671 _
3331 5597 3485 5671 loc_a_t
3503 5666 3519 5671 _
3532 5598 3596 5655 in

1929 5666 2234 5744 provincia
2267 5670 2438 5725 lstria
2467 5669 2580 5724 sub
2614 5666 3320 5744 met_ropoli_Aquileien_s_i
3355 5683 3367 5725 :
3416 5666 3596 5744 Yale-

1931 5738 2062 5820 eius
2091 5745 2286 5820 autem
2317 5754 2447 5797 eam
2475 5755 2613 5820 esse
2643 5741 3118 5820 e_x_is_t_imat,_quee
3149 5739 3224 5793 ab
3256 5738 3596 5820 ilerodiang

1931 5814 2077 5876 Eme
2105 5813 2340 5890 dicitur,
2371 5826 2442 5871 ae
2469 5810 2659 5891 prima
2686 5805 2867 5871 Italiae
2897 5805 3133 5872 urbium
3159 5811 3419 5892 ponitur.
