4072 6174
311 310 434 377 977

1529 305 2143 371 EPISTOLARUM
2172 305 2513 369 CLASSIS
2541 306 2591 370 Ι.

3657 308 3778 376 9⁸28

379 516 471 571 6Ἷ.
507 515 867 571 Ambrosius
912 514 1232 585 episcopus
1291 513 1470 579 dixit;
1522 534 1544 558 ‹‹
1598 511 1758 565 Deus
1805 487 2068 563 verusl
2098 510 2469 583 unigenitum
2497 510 2801 566 Christum
2832 510 2939 566 Dei
2995 508 3212 565 Filium
3243 510 3432 565 Deum
3477 525 3707 567 verum.
3746 534 3768 560 η

310 608 426 675 est,
464 621 649 659 verus
686 604 787 658 Dei
841 603 1030 657 Filius
1081 603 1241 656 Deus
1288 603 1351 671 )2
1374 600 1530 670 ~78)?
1565 624 1586 649 ιι
1624 600 1694 653 Et
1723 598 1984 653 addidit:

315 716 339 746 ι
373 696 438 749 In
472 694 690 749 divinis
722 693 895 746 libris
945 692 1233 761 scriptum
1282 694 1407 744 est:
1448 690 1592 755 Quia
1647 705 1741 761 qm
1773 687 1988 760 jurant

313 799 496 855 super
519 788 763 845 terram,
774 780 1069 852 jurabunt
1090 780 1274 834 Deum
1313 795 1511 833 verum
1534 777 1674 844 (Isa.
1696 776 1983 845 va1,16).

309 872 479 937 Quod
512 872 712 942 utique
735 870 806 924 de
846 869 1083 923 Christo
1120 882 1258 922 esse
1293 882 1412 921 non
1446 866 1689 920 dubium
1711 868 1822 920 est.
1859 864 1986 919 Nos

311 976 458 1033 ergo
481 975 689 1015 verum
724 959 909 1013 Deum
939 957 1319 1028 proﬁtemur:
1357 958 1413 1010 et
1444 954 1591 1009 fides
1623 956 1826 1008 nostra
1858 953 1987 1007 haec

309 1053 423 1120 est,
449 1052 506 1104 et
526 1048 851 1120 professio,
888 1048 1025 1118 quia
1056 1044 1401 1118 unigenitus
1454 1044 1643 1097 Patris
1674 1042 1861 1097 Filius
1894 1044 1987 1095 est

308 1155 493 1195 verus
543 1140 723 1193 Deus.
763 1138 870 1192 Die
898 1140 956 1192 et
982 1139 1044 1191 tu
1075 1137 1147 1191 de
1179 1136 1300 1191 Deo
1330 1149 1495 1203 vero,
1530 1131 1743 1188 deinde
1773 1131 1985 1186 Filium

311 1229 497 1285 Deum
526 1243 756 1282 verum.
796 1250 818 1274 ιι

378 1315 792 1373 Secundianus
826 1314 1007 1369 dixit:
1047 1336 1069 1361 ιι
1105 1312 1188 1367 De
1223 1312 1348 1367 Deo
1379 1327 1541 1367 vero.
1580 1334 1603 1360 .ι

389 1397 541 1463 804
568 1406 651 1461 6?.
703 1404 1060 1459 Ambrosius
1111 1403 1431 1474 episcopus
1480 1400 1660 1456 dixit:
1718 1422 1739 1447 ιι
1795 1397 1984 1453 Filius

312 1498 424 1552 Dei
451 1497 609 1551 Deus
639 1510 821 1549 verus
853 1494 998 1548 est?
1032 1512 1056 1542 ι

387 1584 793 1641 Secundianus
829 1581 1016 1637 dixit:
1057 1604 1079 1628 α
1112 1580 1275 1653 Ergo
1304 1578 1560 1634 mendax
1588 1577 1720 1646 (’79).
1761 1600 1782 1624 ιι

387 1673 737 1728 Ambrosius
790 1672 1112 1742 episcopus
1162 1670 1346 1724 dixit:
1385 1690 1408 1716 ιι
1456 1668 1521 1721 In
1553 1667 1667 1721 hoc
1716 1664 1984 1719 fraudem

308 1763 482 1833 facis,
506 1765 567 1817 ut
587 1778 706 1817 non
724 1761 911 1815 Deum
932 1775 1141 1813 verum
1162 1758 1347 1827 dicas,
1368 1757 1476 1811 sed
1499 1756 1685 1811 Deum
1705 1754 1983 1826 unigeni-

2174 600 2585 655 Secundianus
2634 600 2819 655 dixit:
2875 622 2896 649 α
2933 599 3065 654 Jam
3112 598 3255 654 dixi.
3288 596 3439 663 Quid
3486 598 3633 654 mihi
3663 615 3773 655 ex-

2098 692 2376 761 torquere
2404 690 2499 743 vis
2528 689 2783 759 amplius
2801 689 2829 743 ?
2867 712 2889 737 »ι

2172 778 2528 833 Ambrosius
2585 778 2907 848 episcopus
2965 777 3150 832 dixit:
3216 798 3240 825 ιι
3306 776 3460 843 Quid
3514 776 3771 833 dixisti?

2099 867 2269 922 Certe
2290 867 2344 921 si
2378 867 2643 922 dixisses
2676 869 2854 938 tanta,
2888 866 3048 938 quod
3075 866 3341 938 gloriose
3389 866 3605 922 dicitur
3632 866 3768 939 (83),

2100 971 2262 1026 saepe
2292 956 2678 1026 repetendum
2710 958 2822 1011 est.
2859 978 2881 1004 ιι
3340 978 3343 981 ·

2171 1045 2582 1100 Secundianus
2614 1044 2797 1100 dixit:
2838 1066 2861 1092 «ι
2896 1044 3129 1098 Dictum
3157 1046 3283 1099 est:
3318 1042 3416 1099 Sit
3436 1059 3637 1101 sermo
3664 1060 3768 1101 vo-

2099 1138 2248 1199 ster,
2275 1139 2368 1189 est
2399 1138 2512 1203 est,
2550 1149 2664 1188 non
2686 1148 2800 1188 non
2829 1132 3071 1203 (Matth.
3104 1149 3163 1202 v,
3198 1132 3311 1200 37).
3346 1153 3372 1183 ιι

2167 1240 2256 1295 '72.
2278 1239 2633 1295 Ambrosius
2657 1240 2977 1311 episcOpus
3001 1238 3149 1295 dixit
3173 1253 3185 1294 :
3224 1260 3246 1288 α
3271 1237 3381 1304 Qui
3411 1238 3552 1293 dicit
3572 1238 3770 1309 ipsum

2098 1328 2329 1384 Patrem
2376 1328 2611 1400 Filium,
2661 1329 3000 1401 sacrilegus
3045 1330 3156 1383 est.
3211 1328 3341 1384 Hoc
3383 1331 3507 1383 ate
3536 1343 3763 1399 quwro,

2096 1420 2159 1472 ut
2186 1418 2351 1472 dicas
2381 1418 2453 1473 de
2485 1417 2607 1473 Deo
2637 1433 2780 1473 vero
2813 1418 3002 1472 Deum
3034 1431 3246 1472 verum
3279 1416 3385 1471 Dei
3416 1415 3631 1472 Filium
3659 1433 3769 1472 na-

2094 1508 2239 1561 tum.
2278 1527 2300 1555 ι

2165 1595 2577 1651 Secundianus
2595 1595 2779 1651 dixit:
2808 1616 2832 1648 ι
2870 1595 3000 1668 Ego
3030 1594 3249 1650 Filium
3278 1611 3312 1649 ιι
3334 1595 3458 1651 Deo
3478 1595 3765 1667 genitum,

2096 1684 2326 1739 dicente
2358 1684 2528 1754 ipso:
2566 1683 2758 1739 Genui
2798 1690 2856 1739 te
2897 1683 3087 1755 (Psal.
3122 1700 3241 1754 cxx,
3291 1683 3348 1755 3)
3392 1686 3449 1740 et
3478 1683 3768 1739 confiten-

2092 1775 2210 1828 tem
2240 1788 2308 1827 se
2339 1773 2603 1844 genitum
2631 1787 2794 1843 esse,
2826 1772 2960 1827 dico
2982 1772 3121 1843 (84).
3160 1795 3183 1820 ιι

303 1856 689 1950 PRV???»
724 1864 932 1950 θθκΡθν
959 1848 1073 1903 hoc
1123 1847 1216 1901 die
1260 1845 1610 1950 slimplicuer
1632 1859 1645 1899 ³
1696 1842 1984 1915 υηίεθηί⁶
2012 1864 2069 1929 Β
2162 1878 2252 1934 75.
2304 1842 2659 1933 Ambrosius
2708 1878 3030 1950 episcopus
3077 1878 3265 1933 dixit:
3330 1900 3353 1927 ιι
3388 1880 3439 1934 Α
3471 1878 3595 1935 Deo
3624 1894 3768 1935 vero

301 1945 404 1996 tus
435 1940 539 1995 Dei
571 1939 758 1993 Filius
791 1939 953 1993 Deus
981 1952 1165 1991 verus
1197 1938 1309 1990 est.
1346 1958 1369 1983 ιι

379 2029 793 2085 Secundianus
844 2026 1029 2081 dixit:
1090 2047 1112 2072 ιι
1167 2023 1550 2096 Unigenitum
1590 2021 1714 2077 dixi
1746 2020 1851 2075 Dei
1879 2019 1981 2074 Fi-

303 2120 473 2174 lium.
516 2142 538 2167 η

380 2208 468 2262 69.
504 2205 804 2261 Eusebius
850 2203 1171 2275 episcopus
1221 2196 1399 2256 dixit:
1438 2221 1459 2248 α
1514 2199 1641 2253 Hoc
1688 2196 1978 2253 Photinus

302 2313 430 2353 non
459 2298 657 2369 negat,
692 2295 807 2349 hoc
837 2293 1133 2349 Sabellius
1167 2291 1497 2346 conﬁtetur.
1534 2307 1559 2338 ι

380 2386 737 2441 Ambrosius
784 2383 1109 2453 episcopus
1166 2380 1350 2435 dixit:
1415 2400 1437 2430 ι
1475 2377 1546 2432 Et
1576 2376 1680 2448 qui
1712 2376 1825 2431 hoc
1856 2390 1978 2430 non

305 2475 641 2544 conﬁtetur,
669 2474 806 2545 jure
837 2473 1147 2526 damnatur
1176 2485 1244 2523 ac
1273 2484 1380 2539 per
1409 2468 1523 2521 hoc
1553 2480 1715 2535 saepe
1742 2467 1799 2519 te
1833 2480 1979 2519 con-

300 2565 505 2633 venio,
548 2564 685 2617 licet
727 2561 1057 2616 cavillando
1105 2557 1423 2630 negaveris
1470 2555 1797 2610 veritatem.
1844 2553 1980 2608 Non

302 2669 514 2725 quaero
548 2655 611 2706 ut
656 2649 1058 2705 tantummodo
1110 2646 1481 2718 unigenitum
1525 2658 1734 2698 verum
1764 2641 1979 2698 Filium

299 2743 477 2798 dicas
506 2740 632 2810 Dei,
668 2739 779 2794 sed
810 2738 982 2793 etiam
1016 2738 1200 2815 Deum
1228 2750 1459 2789 verum.
1487 2756 1509 2782 ιι

380 2829 792 2887 Secundianus
823 2827 1006 2881 dixit:
1044 2848 1067 2873 α
1104 2823 1383 2879 Veritatis
1414 2838 1505 2876 me
1536 2836 1779 2877 servum
1800 2820 1979 2892 profi-

299 2925 457 2977 teor.
507 2918 651 2984 Quae
695 2916 850 2984 dico,
901 2931 1020 2969 non
1066 2913 1442 2968 scribuntur:
1507 2913 1563 2965 et
1610 2926 1744 2981 quae
1801 2909 1975 2978 dicis,

300 3009 668 3065 scribuntur.
702 3005 1002 3060 Christum
1030 3017 1238 3057 verum
1268 3001 1374 3056 Dei
1402 2999 1615 3055 Filium
1649 3000 1803 3055 dico.
1828 2997 1974 3063 Quis

297 3100 488 3169 negat
517 3096 729 3151 Filium
761 3093 867 3149 Dei
897 3107 1105 3146 verum
1138 3106 1277 3146 esse
1299 3092 1327 3144 ξ)
1362 3113 1384 3138 ιι

380 3186 469 3241 70.
491 3182 847 3240 Ambrosius
869 3182 1189 3252 episcopus
1211 3179 1384 3233 dixit:
1422 3201 1443 3225 α
1467 3177 1765 3249 Quinegat
1788 3176 1973 3231 Deum

296 3292 518 3332 verum
581 3272 953 3345 unigenitum
1017 3270 1131 3341 (80)
1199 3269 1304 3323 Dei
1352 3267 1605 3336 Filium,
1666 3265 1976 3320 anathema

299 3366 407 3423 sit.
442 3388 466 3414 ι»

379 3452 789 3509 Secundianus
839 3449 1023 3504 dixit:
1076 3468 1103 3498 «
1136 3448 1331 3502 Deum
1370 3460 1575 3501 verum
1606 3443 1975 3516 unigenitum

300 3543 523 3599 Filium
552 3542 693 3597 Dei:
726 3538 879 3605 Quid
922 3537 1067 3593 mihi
1119 3535 1437 3607 proﬁteris.
1483 3530 1620 3606 (81),
1652 3532 1811 3605 quod
1857 3545 1975 3587 non

298 3635 403 3688 est
430 3630 713 3701 scriptum
736 3631 766 3684 ?
798 3650 821 3677 ιι

377 3720 733 3775 Ambrosius
763 3716 1086 3787 episcopus
1116 3714 1262 3768 dixit
1297 3729 1311 3769 :
1350 3735 1372 3761 α
1408 3713 1693 3782 Apertum
1723 3711 1973 3766 sacrile-

299 3811 473 3884 gium
502 3812 613 3879 est,
646 3807 880 3879 quando
910 3805 1209 3861 Christum
1233 3802 1338 3858 Dei
1359 3802 1571 3858 Filium
1592 3801 1772 3855 Arius
1790 3800 1974 3855 Deum

300 3915 517 3954 verum
548 3896 806 3969 negavit.
843 3918 866 3945 ι»
1495 3893 1497 3896 ‘

380 3986 791 4043 Secundianus
841 3983 1020 4038 dixit:
1071 4004 1093 4030 ιι
1146 3981 1353 4037 Jesum
1406 3980 1707 4036 Christum
1763 3978 1975 4034 Filium

302 4077 414 4132 Dei
449 4077 651 4144 Deum,
684 4074 787 4145 qui
815 4072 1092 4127 Christus
1142 4070 1370 4125 dicatur
1416 4068 1604 4124 Filius
1652 4083 1854 4137 verus,
1880 4066 1972 4120 Fi-

302 4167 454 4221 lium
495 4165 602 4219 Dei
646 4164 817 4219 dico:
870 4161 978 4217 sed
1026 4176 1235 4215 verum
1282 4160 1468 4215 Deum
1509 4174 1628 4213 non
1658 4159 1751 4213 est
1779 4157 1973 4227 serip-

300 4259 432 4311 tum
447 4254 583 4325 (82).
619 4276 642 4302 ιι

378 4344 468 4398 Ἡ.
493 4342 849 4397 Ambrosius
881 4339 1202 4411 episcopus
1231 4338 1414 4393 dixit:
1454 4360 1477 4385 α
1510 4336 1788 4393 Nondum
1816 4334 1972 4390 resi-

300 4432 534 4504 puisti?
563 4454 586 4481 ιι
632 4430 704 4485 Et
733 4430 985 4501 adjecit:
1022 4450 1044 4476 ιι
1081 4429 1169 4483 Ne
1216 4427 1357 4499 quid
1388 4426 1473 4481 illi
1516 4426 1786 4481 videatur
1833 4439 1973 4479 esse

304 4522 678 4592 subreptum,
702 4519 1010 4576 confirmet
1041 4518 1390 4572 sententiam
1414 4532 1603 4571 suam.
1627 4516 1794 4571 Dicat
1827 4529 1972 4586 ergo

1982 4577 2058 4643 TD

2007 3219 2065 3291 Ο

2092 1968 2254 2023 Deus
2284 1982 2465 2023 verus
2498 1969 2643 2023 est?
2676 1991 2697 2016 ιι

2162 2055 2572 2112 Secundianus
2596 2055 2779 2111 dixit:
2816 2078 2838 2103 α
2870 2055 3096 2112 Etcum
3119 2055 3345 2111 nomini
3366 2055 3543 2111 etiam
3564 2056 3763 2128 addis,

2090 2148 2148 2201 et
2175 2160 2403 2215 verum,
2433 2143 2604 2199 audis
2633 2144 2827 2216 qualis
2870 2144 2931 2199 in
2958 2147 3014 2199 te
3044 2143 3195 2199 fides
3248 2144 3346 2214 sit,
3379 2146 3437 2199 et
3466 2144 3762 2200 Christia-

2090 2250 2206 2289 nus
2237 2248 2304 2288 es
2325 2236 2353 2288 ?
2389 2256 2412 2281 ιι

2160 2338 2460 2395 Eusebius
2509 2338 2830 2409 episcopus
2880 2337 3062 2393 dixit:
3102 2359 3125 2388 α
3176 2336 3287 2404 Qui
3326 2338 3569 2410 negavit
3595 2320 3761 2395 illum

2089 2431 2277 2484 Deum
2320 2430 2578 2484 verum?
2607 2427 2787 2481 Arius
2833 2429 2890 2481 et
2934 2426 3233 2482 Palladius
3279 2428 3540 2500 negavit.
3588 2429 3676 2484 Tu
3704 2429 3761 2484 si

2089 2508 2274 2573 Deum
2301 2510 2446 2574 805
2476 2531 2684 2572 verum
2717 2514 2935 2585 credis,
2982 2515 3167 2572 debes
3220 2516 3571 2588 simpliciter
3601 2515 3759 2573 desi-

2087 2623 2295 2680 gnare.

2160 2714 2248 2769 ’74.
2282 2712 2639 2769 Ambrosius
2669 2710 2989 2783 episcopus
3023 2711 3206 2767 dixit:
3246 2733 3268 2763 α
3290 2710 3349 2767 Si
3373 2727 3493 2767 non
3526 2711 3752 2768 dixeris

2086 2804 2274 2859 Deum
2316 2818 2523 2859 verum
2552 2801 2625 2856 de
2672 2801 2797 2856 Deo
2836 2816 2980 2856 vero
3012 2803 3212 2856 natum
3261 2815 3424 2872 esse,
3456 2800 3758 2857 Christum
3805 2856 3809 2861 .

2085 2892 2340 2965 negasti.
2378 2916 2400 2940 ιι

2155 2998 2564 3055 Secundianus
2586 2998 2765 3052 dixit:
2805 3018 2828 3049 α
2860 2997 3266 3070 Interrogatus
3297 2996 3369 3052 de
3413 2996 3583 3067 Filio,
3619 2996 3755 3052 dedi

2082 3103 2479 3159 responsum:
2545 3086 3040 3158 quemadmodum
3107 3085 3387 3141 deberem
3450 3085 3751 3155 proﬁteri,

2082 3176 2385 3247 respondi.
2446 3176 2749 3231 Habemus
2800 3177 3063 3230 vestram
3118 3174 3560 3245 expositionem
3613 3175 3749 3247 (85),

2081 3265 2419 3336 efferamus,
2453 3264 2705 3337 legatur.
2742 3285 2765 3313 ιι

2150 3372 2507 3429 Ambrosius
2525 3372 2698 3427 dixit:
2736 3394 2758 3419 α
2780 3369 2970 3426 Hodie
2996 3362 3108 3426 aii‘e
3138 3384 3204 3425 re
3226 3368 3545 3440 debueras,
3567 3371 3747 3426 caate-

2077 3480 2209 3518 rum
2239 3466 2300 3517 tu
2330 3460 2748 3533 subterfugere
2791 3459 3048 3514 conaris.
3092 3457 3542 3514 Professionem
3586 3474 3622 3513 a
3652 3473 3747 3514 me

2079 3551 2275 3624 exigis
2297 3548 2408 3620 (86)
2436 3566 2451 3620 ;
2483 3553 2540 3605 et
2559 3548 3000 3620 professionem
3020 3549 3130 3603 ate
3151 3549 3351 3620 exigo.
3369 3548 3531 3605 Deus
3559 3562 3742 3605 verus

2078 3642 2172 3696 est
2202 3639 2308 3695 Dei
2338 3639 2523 3694 Filius
2545 3640 2575 3693 ?
2606 3661 2629 3686 ιι

2149 3745 2560 3802 Secundianus
2599 3742 2775 3799 dixit:
2829 3766 2851 3792 α
2885 3743 3245 3817 Unigenitus
3294 3746 3388 3798 est
3435 3743 3597 3799 Deus
3639 3743 3745 3799 Dei

2079 3834 2286 3891 Filius.
2308 3835 2502 3907 Etego
2523 3848 2659 3889 eum
2680 3833 2984 3906 interrogo
3003 3832 3122 3905 (87)
3146 3848 3158 3887 :
3186 3832 3546 3905 Unigenitus
3560 3832 3691 3887 est?
3717 3855 3739 3880 ιι

2149 3941 2239 3998 Ἷ5.
2260 3941 2615 3997 Ambrosius
2637 3940 2957 4012 episcopus
2971 3939 3143 3995 dixit:
3170 3962 3190 3987 α
3221 3940 3392 3995 Ratio
3404 3941 3747 4010 permoveat

2081 4048 2213 4102 nos,
2243 4034 2300 4087 et
2339 4030 2608 4102 impietas
2644 4030 2757 4101 (88)
2789 4032 2845 4084 et
2874 4029 3214 4100 insipientia
3262 4030 3380 4084 tua.
3413 4028 3562 4087 Cum
3593 4028 3744 4083 dicis

2082 4122 2268 4177 Deum
2302 4136 2509 4175 verum
2541 4119 2931 4191 unigenitum,
2968 4134 3089 4174 non
3131 4118 3318 4174 Deum
3354 4133 3560 4173 verum
3592 4117 3743 4172 dicis

2082 4211 2190 4266 sed
2219 4225 2426 4264 verum
2457 4208 2846 4281 unigenitum.
2881 4208 2969 4262 Ac
3000 4223 3107 4279 per
3149 4207 3281 4275 hoc,
3317 4210 3380 4262 ut
3408 4208 3583 4262 istam
3612 4198 3743 4259 adi-

2079 4316 2207 4354 mas
2228 4299 2339 4369 (89)
2357 4298 2769 4369 quaestionem,
2794 4298 2872 4352 ita
2903 4296 3230 4368 responde:
3271 4318 3292 4344 α
3330 4295 3419 4350 Ex
3441 4295 3562 4350 Deo
3601 4308 3744 4348 vero

2080 4388 2241 4444 Deus
2271 4403 2452 4442 verus
2484 4390 2576 4442 est
2596 4388 2625 4441 ‘?
2659 4410 2679 4434 ιι

2151 4495 2562 4552 Secundianus
2592 4493 2771 4548 dixit:
2812 4514 2834 4540 α
2870 4492 3029 4564 Ergo
3061 4492 3221 4546 Deus
3270 4491 3455 4546 Deum
3486 4504 3604 4544 non
3634 4503 3743 4562 ge-

379 4661 1212 4735 (2-78)Eadem_Rom:edit.,_«
1238 4675 1418 4714 verus
1457 4657 1819 4735 DeiFilius‘?
1852 4632 2051 4712 ReJ—
2080 4640 2366 4735 dixisses,
2426 4636 2617 4735 adhuc
2650 4634 3013 4705 respondere
3061 4633 3333 4689 deberes.
3386 4632 3537 4687 Nam
3589 4632 3747 4703 quod

305 4728 627 4819 spondet”:
655 4735 724 4789 Et
741 4733 931 4819 addit:
969 4731 1281 4819 lpmdivin‘is
1304 4729 1657 4819 lectionibus
1690 4728 1976 4819 scriptum

305 4799 403 4862 est
432 4808 567 4878 quia
595 4805 887 4877 jurantes.
927 4827 948 4851 ιι
998 4803 1068 4856 Et
1097 4805 1233 4873 post
1290 4802 1440 4856 duos
1473 4814 1722 4855 versus:
1780 4819 1801 4849 ι
1850 4799 1975 4857 Nos

306 4894 455 4950 ergo
487 4877 699 4932 Filium
733 4876 838 4930 Dei
868 4890 1095 4929 verum.
1131 4876 1241 4927 etc.
1274 4894 1293 4919 ιι

380 4967 492 5035 (79)
514 4966 659 5020 Tell.
686 4968 741 5018 et
764 4963 970 5026 Labb.,
1012 4985 1033 5009 α
1072 4962 1230 5033 Ergo
1263 4960 1517 5035 mendax
1546 4958 1910 5035 unigenitus.
1950 4980 1971 5006 ιι

307 5029 591 5093 Εῑῖηῗιιίιε
630 5058 651 5087 ι
678 5036 794 5090 Sed
818 5036 1005 5088 Deum
1034 5029 1423 5104 unigenitum.
1453 5055 1474 5078 ιι
1506 5032 1565 5084 in
1583 5029 1974 5104 sequentibus

305 5110 544 5234 :lemuﬁi
559 5124 768 5162 vocem
797 5130 818 5153 α
858 5121 1064 5160 verum
1092 5128 1113 5152 ιι
1148 5102 1337 5159 semel
1362 5106 1536 5174 atque
1578 5102 1789 5155 iterum
1817 5117 1975 5170 prae-

335 5181 478 5235 ermi
534 5183 655 5233 unt.

305 5344 328 5396 ι
377 5269 491 5340 (80)
520 5268 707 5323 Iidem
752 5266 898 5321 Tell.
936 5270 993 5320 ct
1023 5265 1233 5334 Labb.,
1296 5283 1319 5313 ι
1352 5263 1464 5329 Qui
1494 5265 1673 5335 negat
1699 5260 1976 5333 unigeni-

336 5357 450 5396 um.
492 5362 514 5388 ι

439 5382 450 5394 ,
492 5362 514 5388 ι

336 5357 491 5497 ιι(81)
526 5429 697 5482 Rom.
732 5426 893 5494 edit.,
933 5450 953 5473 ιι
992 5424 1317 5497 ριιίἀᾉῐηῇὴὶ
1349 5422 1632 5497 profers?
1668 5445 1689 5469 ιι

380 5492 494 5569 (8:2)
522 5501 690 5554 Rom.
712 5498 849 5552 edit.
883 5492 1040 5565 sola,
1078 5518 1100 5543 «
1141 5495 1348 5569 Filium
1386 5495 1508 5569 Dei,
1535 5494 1670 5569 quia
1704 5492 1980 5569 Christus

308 5563 525 5625 dicitur
543 5569 729 5623 Filius
761 5569 886 5637 Dei,
920 5563 1125 5622 verum
1152 5565 1361 5619 Filium
1386 5566 1490 5619 Dei
1530 5565 1698 5619 dico:
1738 5563 1846 5617 sed
1876 5578 1981 5616 ve-

310 5659 442 5697 rum
472 5643 659 5695 Deum
688 5655 806 5695 non
835 5643 926 5694 est
957 5640 1263 5708 scriptum.
1294 5660 1314 5684 ιι

383 5712 503 5781 (83)
559 5711 779 5766 Eadem
840 5712 1009 5766 Rom.
1046 5704 1210 5777 edit.,
1251 5730 1270 5755 α
1311 5707 1372 5762 Si
1418 5721 1624 5760 verum
1684 5704 1983 5759 multoties

2080 4711 2363 4784 gloriose,
2404 4729 2427 4757 ιι
2465 4711 2576 4784 etc_.

2151 4782 2267 4859 (84)
2301 4782 2470 4859 Rom.
2505 4778 2665 4859 edit.,
2696 4800 2722 4859 ιε
2755 4776 2985 4831 dicente
3018 4776 3222 4857 Patre:
3260 4775 3388 4859 Ego
3426 4774 3602 4859 hodie
3635 4791 3746 4859 ge:-

2081 4847 2182 4908 nu‘i
2211 4847 2303 4921 te;
2363 4853 2420 4904 et
2450 4849 2763 4905 conﬁtente
2796 4862 2863 4902 se
2895 4847 3201 4918 genuisse,
3236 4847 3607 4920 unigenitum
3637 4847 3745 4903 Dei

2080 4920 2297 4980 verum
2320 4936 2458 4975 esse
2488 4920 2642 4974 dico.

2153 4994 2270 5065 (85)
2299 4992 2448 5065 Edit.
2485 4993 2680 5061 Rom.,
2718 5010 2741 5041 ι
2782 4989 3087 5045 Habemus
3124 4994 3389 5047 nostram
3417 4990 3748 5060 expositio-

2083 5081 2285 5121 nem...
2316 5064 2567 5131 legetur.
2607 5085 2629 5109 ιι

2154 5136 2266 5205 (86)
2298 5135 2443 5188 Tell.
2476 5137 2534 5189 et
2560 5132 2772 5206 Labb.,
2803 5154 2826 5182 α
2860 5131 3298 5206 professionem
3319 5150 3352 5187 a
3381 5150 3473 5189 me
3504 5136 3700 5206 exige.
3722 5157 3743 5179 ιι

2155 5208 2265 5276 (87)
2300 5207 2469 5261 Rom.
2504 5205 2668 5275 edit.,
2725 5228 2747 5252 α
2798 5220 2978 5259 verus
3038 5205 3143 5259 Dei
3172 5206 3378 5261 Filius.
3444 5207 3515 5260 Et
3552 5205 3665 5278 ego
3695 5208 3749 5259 te

2088 5281 2409 5332 interrogo.
2447 5299 2470 5325 ιι

2085 5292 2409 5333 interrogo.
2447 5299 2470 5325 υ

2158 5294 2559 5419 ἶῖἓῖοέῗίῦθιι.
2583 5346 2884 5416 otLabb.;
2927 5348 3097 5402 Rom.
3137 5349 3331 5403 autem
3356 5348 3536 5419 edit.,
3567 5367 3589 5395 α
3631 5348 3751 5419 Ba-

2087 5418 2531 5490 tiopermoveat
2550 5434 2683 5486 nos,
2708 5423 2765 5473 et
2786 5433 2904 5473 non
2925 5419 3236 5489 impietas;
3275 5440 3297 5468 ιι
3331 5418 3551 5487 Chifl‘l.,
3576 5439 3598 5464 α
3637 5418 3753 5471 Ra-

2090 5489 2247 5547 tione
2278 5494 2618 5561 permoveat
2649 5489 3083 5561 nosgimpietas.
3123 5511 3145 5561 ιι

2162 5558 2446 5631 (89)Ἐ(1ἰῑ.
2474 5562 2668 5629 Βοω,,
2714 5584 2734 5607 ιι
2760 5558 2906 5614 Cum
2945 5560 3105 5631 dicis
3138 5559 3348 5614 Filium
3378 5573 3585 5631 verum
3617 5558 3751 5611 uni—

2093 5627 2423 5706 genitum...
2465 5636 2529 5687 ut
2566 5627 2741 5687 istam
2778 5631 2991 5686 diluas.
3029 5654 3051 5679 ιι
3085 5630 3201 5686 Sed
3232 5631 3365 5685 sine
3396 5627 3753 5702 cujusquam

2094 5703 2401 5776 suifragio.
