3942 6168
339 275 461 341 979

1781 272 1847 335 ε.
1894 270 2338 338 AMBROSII.

3596 287 3698 352 980

344 477 514 535 nuit?
559 477 720 532 Deus
749 489 932 531 verus
976 473 1074 532 ille
1127 474 1228 547 qui
1270 473 1382 545 est,
1435 472 1595 546 quod
1624 475 1718 529 est
1767 453 2083 546 genuini
2115 472 2275 544 quod
2299 472 2359 528 in
2400 471 2656 528 dominis
2679 473 2737 528 et
2769 471 3056 529 fratribus
3095 473 3312 530 nostris
3338 475 3634 540 Constantio
3658 487 3705 541 et

343 582 526 623 unum
554 580 783 636 verum,
816 564 1186 637 unigenitum
1217 563 1429 619 Filium
1458 563 1664 634 genuit
1692 561 1856 633 (90)?
1889 583 1912 610 η

414 654 770 711 Ambrosius
802 653 976 708 dixit:
1013 672 1037 705 α
1075 653 1209 708 Non
1242 652 1543 708 conﬁteris
1579 651 1766 706 Deum
1799 665 2008 705 verum

344 746 453 801 sed
468 745 560 799 vis
579 743 777 799 dicere
810 757 1020 798 verum
1053 741 1443 814 unigenitum.
1468 740 1540 796 Et
1575 754 1688 812 ego
1727 738 2006 812 unigeni-

344 838 468 890 tum
496 833 650 905 dico,
683 831 793 888 sed
822 835 878 887 et
908 832 1095 887 Deum
1121 846 1331 886 verum
1358 829 1494 902 (91).
1518 851 1541 878 η

415 921 828 979 Secundianus
856 920 1034 976 dixit:
1076 941 1099 970 α
1139 919 1268 992 Ego
1291 918 1423 974 dico
1460 917 1779 991 genituma
1811 916 2006 988 Patre,

343 1028 551 1068 verum
567 1010 833 1082 genitum
857 1009 988 1065 dico
1012 1008 1311 1064 omnibus.
1342 1028 1367 1060 ι

343 1120 768 1193 EpiscOporum
800 1121 860 1173 et
874 1116 1374 1193 presbyterorum
1397 1113 1496 1187 qui
1528 1112 1778 1170 concilio
1814 1113 2011 1170 inter-

897 1186 1161 1249 fuerunt.
1204 1186 1461 1242 nomina.

416 1298 507 1355 76.
541 1297 890 1354 Valerianus
920 1294 1240 1368 episcopus
1271 1290 1694 1364 Aquileiensis.

421 1385 780 1444 Ambrosius
811 1385 1131 1456 episcopus
1161 1380 1648 1438 Mediolanensis.

421 1477 720 1532 Eusebius
757 1475 1077 1546 episcopus
1109 1469 1530 1528 Bononiensis.

419 1565 725 1622 Limenius
757 1564 1077 1635 episcopus
1107 1559 1532 1616 Vercellensis.

420 1656 707 1711 Anemius
738 1654 1060 1725 episcopus
1090 1648 1437 1706 Sirmiensis
1467 1647 1707 1719 Illyrici.

421 1744 680 1800 Sabinus
712 1741 1032 1814 episcopus
1061 1738 1461 1795 Placentinus.

419 1831 835 1892 Abundantius
867 1829 1188 1902 episcopus
1219 1826 1621 1882 Tridentinus.

420 1920 718 1976 Philaster
747 1918 1069 1991 episcopus
1101 1915 1446 1971 Brixianus.
1555 1978 1562 1985 ο

419 2008 843 2066 Constantinus
873 2006 1194 2079 episcopus
1222 2005 1574 2076 Arausicus,
1621 2004 1855 2078 legatus
1883 2001 2017 2059 Gal-

346 2099 561 2156 lorum.

418 2187 773 2244 Theodorus
804 2184 1126 2257 episcopus
1159 2182 1609 2240 Octodorensis.

420 2276 708 2333 Dominus
739 2274 1062 2346 episcopus
1089 2271 1688 2344 Gratianopolitanus.
1733 2284 1736 2288 ·

419 2365 730 2421 Amantius
762 2363 1084 2436 episcopus
1115 2363 1441 2418 Niciensis.

418 2455 715 2511 Maximus
743 2453 1064 2525 episcopus
1095 2451 1474 2507 Emonensis.

420 2544 716 2600 Basianus
746 2542 1068 2614 episcopus
1101 2540 1457 2597 Laudensis.

419 2632 713 2691 Proculus
735 2632 1058 2704 episcopus
1089 2629 1514 2702 Massiliensis,
1545 2629 1780 2704 legatus
1809 2628 2014 2687 Gallo-

353 2739 506 2780 rum.

421 2811 782 2870 Heliodorus
813 2809 1134 2882 episcopus
1165 2807 1537 2864 Altiniensis.

420 2901 590 2958 Felix
617 2901 939 2973 episcopus
968 2898 1332 2955 Jadertinus.

421 2991 709 3048 Eventius
730 2989 1053 3060 episcopus
1082 2986 1465 3044 Ticiniensis.

420 3079 895 3152 Exsuperantius
924 3079 1246 3150 episcopus
1279 3075 1695 3132 Dertonensis.

421 3169 724 3243 Diogenes
753 3169 1075 3241 episcopus
1105 3166 1466 3222 Genuensis.

421 3257 805 3316 Constantius
834 3257 1157 3328 episcOpus
1187 3254 1573 3312 Scisciensis.

421 3349 634 3405 Justus
690 3345 1014 3418 episcopus
1063 3345 1512 3419 Lugdunensis,
1569 3343 1725 3401 alius
1781 3344 2019 3418 legatus

351 3437 675 3495 Gallorum.

424 3525 595 3583 Felix
619 3525 854 3599 legatus
892 3523 1192 3582 Afrorum.

422 3616 737 3672 Numidiae
767 3615 1000 3689 legatus
1031 3613 1338 3669 Afrorum.

425 3705 722 3779 Evagrius
754 3704 874 3776 (92)
903 3703 1218 3776 presbyter
1247 3705 1306 3758 et
1335 3702 1593 3776 legatus.

424 3795 747 3864 Artemius,
767 3793 1136 3864 Almachius,
1159 3791 1500 3862 Januarius,
1524 3790 1798 3862 Jovinus,
1830 3792 2023 3848 Mace-

355 3882 593 3953 donius,
612 3881 959 3952 Cassianus,
981 3880 1319 3952 Marcellus,
1344 3880 1712 3953 Eustathius,
1730 3881 2023 3938 Maximus

358 3970 735 4028 Chromatius
758 3969 870 4043 (93)
885 3969 1220 4042 presbyter.

852 4094 1000 4160 806
1031 4101 1400 4159 EPISTOLA
1425 4102 1527 4158 IX.

362 4229 688 4310 Concilium
712 4227 904 4310 Gallis
924 4227 1220 4310 episcopis
1234 4233 1469 4310 gratias
1489 4227 1634 4300 agit,
1667 4227 1867 4310 eisque
1883 4229 2024 4286 Pal-

516 4301 666 4358 ladii
686 4306 745 4357 et
764 4299 1132 4356 Secun’diani
1165 4299 1599 4355 damnationem
1621 4299 1860 4356 scribit.

358 4409 689 4468 Concilium
733 4407 893 4481 quod
932 4406 1208 4464 convenit
1253 4406 1564 4480 Aquileia,
1615 4407 2024 4464 dilectissimis

429 4498 714 4555 fratribus
736 4497 1038 4568 episcopis
1051 4495 1369 4552 Galliarum
1390 4496 1714 4567 provincia
1737 4497 2026 4553 Viennen-

430 4589 520 4645 sis
551 4591 608 4645 et
636 4587 1051 4645 Narbonensis
1080 4585 1286 4656 prima
1314 4589 1373 4643 et
1399 4585 1680 4641 secundae
1709 4585 1843 4658 (94).

433 4677 486 4733 1.
526 4677 779 4750 Agimus
825 4675 1048 4749 gratias
1098 4677 1322 4731 sancta
1370 4673 1735 4730 unanimitati
1781 4676 2022 4747 vestra,

433 4818 548 4889 (90)
595 4819 816 4875 Eadem
864 4818 1100 4889 edit.,}
1151 4817 1368 4872 Filium
1416 4831 1536 4872 non
1584 4817 1833 4889 genuit?
1863 4818 2024 4874 Deus

363 4887 544 4972 verus
576 4889 695 4960 ille,
727 4889 829 4961 qui
845 4887 1100 4972 2st.?.Et
1126 4889 1267 4960 quid
1296 4889 1406 4970 est,
1443 4887 1711 4972 genuit?
1741 4889 1860 4944 nisi
1885 4890 2026 4972 quia

363 4962 526 5017 Deus
547 4959 765 5017 unum:
786 4983 810 5009 ιι
845 4960 917 5015 Et
946 4959 1120 5032 infra,
1149 4959 1180 5010 ἰ
1214 4959 1583 5032 unigenitum
1612 4976 1820 5015 verum
1868 4959 2022 5032 dico,

365 5035 422 5087 et
451 5033 912 5097 Deum_verum;
949 5053 971 5080 ιι
1006 5030 1136 5086 alia
1167 5046 1236 5084 ac
1266 5030 1411 5084 'J‘ell.
1445 5033 1506 5085 ut
1532 5031 1594 5084 in
1624 5033 1808 5086 textu.

436 5102 552 5173 (91)
583 5093 801 5158 Eadem
842 5093 1004 5172 edit.,
1056 5121 1080 5152 ι
1131 5101 1502 5174 unigenitum
1529 5118 1736 5157 verum
1781 5101 1935 5174 dico,
1969 5105 2027 5158 et

366 5174 554 5230 Deum
580 5189 807 5229 verum.
837 5195 860 5221 η

437 5244 869 5327 (92).Evagrius
892 5241 1362 5327 cujusunatiopis‘
1375 5243 1608 5327 legatus
1631 5245 1702 5327 ad
1733 5244 2025 5327 synodum

366 5315 613 5385 venerit,
661 5315 780 5371 non
819 5315 1200 5388 exprimitur:
1254 5315 1403 5371 forte
1436 5315 1785 5388 cujuspiam’
1814 5317 2025 5386 privati

366 5389 673 5460 episcOpi;
704 5403 841 5460 nam
872 5403 1006 5443 cum
1028 5387 1329 5442 nationum
1350 5386 1635 5460 suffragia
1674 5388 2030 5460 colligeren-

365 5459 482 5517 tur.
517 5459 817 5517 conticuit.

438 5501 849 5603 '(be‘iwii‘iiilip
875 5529 1270 5603 _Ch_r_omatio,‘
1303 5529 1428 5603 qui_
1450 5531 1656 5603 postea
1706 5529 1870 5598 episc

438 5545 553 5603 (93)
605 5545 690 5587 uo
735 5545 849 5587 noc
893 5545 1251 5592 unromauo,
1303 5545 1406 5600 qui
1450 5545 1656 5598 pos:ea
1706 5545 1909 5598 episco
1959 5547 2030 5584 us

367 5602 772 5673 Aquileiensis
804 5601 933 5673 fuit,
965 5600 1224 5673 diximus
1245 5599 1315 5673 in
1343 5599 1776 5670 Admonitione,
1815 5604 1872 5656 et
1904 5546 2027 5659 (For-

369 5669 533 5728 tasse
560 5673 771 5731 iterum
801 5669 1025 5743 aliquid
1046 5669 1260 5726 dicturi
1291 5685 1521 5724 sumus.

2116 561 2370 617 Proculo
2393 561 2655 617 omnium
2674 563 2862 618 vestri
2901 563 3277 633 praesentiam
3308 565 3465 622 nobis
3503 572 3705 628 contuli-

2118 651 2264 707 stis:
2325 651 2620 722 simulque
2676 652 3026 724 prascripta
3085 651 3365 724 majorum
3417 664 3708 732 sequentes,

2117 754 2238 796 non
2259 739 2555 795 mediocre
2577 739 2888 795 addidistis
2929 741 3163 810 pondus
3203 743 3489 798 sententiis
3506 748 3708 819 nostris,

2120 844 2254 884 cum
2271 828 2489 900 quibus
2514 828 2690 883 etiam
2718 831 2938 883 vestrae
2979 830 3304 884 sanctitatis
3333 834 3581 888 convenit
3603 852 3710 905 pro-

2119 917 2328 987 fessio,
2349 916 2569 972 domini
2592 915 2807 972 fratres
2837 916 3227 972 dilectissimi.
3265 916 3451 989 Itaque
3478 924 3534 974 ut
3557 921 3714 980 liben-

2119 1007 2210 1060 ter
2264 1006 2644 1076 suscepimus
2689 1007 3046 1060 memoratos
3106 1005 3177 1059 de
3209 1008 3403 1061 vestro
3443 1011 3714 1082 nostroque

2121 1095 2423 1150 consortio
2445 1095 2688 1149 sanctos
2723 1094 2909 1165 viros,
2942 1094 3021 1148 ita
3056 1092 3232 1148 etiam
3261 1093 3423 1150 uberi
3449 1097 3718 1168 gratiarum

2119 1183 2354 1238 actione
2383 1182 2751 1237 dimittimus.

2194 1270 2247 1325 2.
2272 1269 2457 1336 Quam
2481 1270 2861 1326 necessarius
2883 1272 3077 1326 autem
3095 1272 3419 1326 conventus
3437 1270 3530 1327 hic
3561 1271 3721 1344 fuerit,

2125 1358 2307 1415 rebus
2327 1359 2479 1430 ipsis
2515 1361 2800 1431 patescat,
2843 1359 3078 1431 quando
3117 1359 3440 1415 adversarii
3459 1362 3512 1416 et
3547 1360 3725 1416 inimici

2123 1448 2250 1518 Dei,
2276 1448 2511 1504 Arianae
2533 1451 2713 1504 secta
2734 1464 2804 1504 ac
2825 1447 3077 1503 haeresis
3096 1448 3462 1521 defensores,
3476 1449 3726 1506 Palladius

2121 1551 2192 1591 ac
2212 1536 2644 1608 Secundianus,
2670 1537 2786 1593 duo
2803 1538 3050 1608 tantum,
3084 1537 3186 1610 qui
3216 1537 3349 1593 ausi
3366 1541 3500 1594 sunt
3531 1540 3598 1594 ad
3617 1556 3728 1597 con-

2123 1624 2322 1680 cilium
2382 1626 2720 1694 convenire,
2781 1626 3037 1680 debitam
3102 1628 3432 1697 prasentes
3488 1643 3729 1700 excepere

2124 1715 2500 1785 sententiam,
2533 1731 2716 1787 super
2767 1715 3063 1786 impietate
3108 1715 3384 1770 convicti.
3416 1715 3622 1773 Valete.
3659 1718 3732 1773 In-

2041 1823 2098 1897 B
2125 1803 2389 1897 columes
2410 1819 2521 1861 vos
2539 1807 2596 1859 et
2629 1803 3088 1860 ﬂorentissimos
3124 1804 3289 1859 Deus
3329 1806 3526 1860 noster
3549 1808 3732 1862 tueatur

2125 1893 2521 1966 omnipotens,
2541 1893 2786 1962 domini,
2807 1892 3022 1948 fratres
3053 1892 3450 1949 dilectissimi.
3501 1894 3683 1951 Amen.

2718 2017 3084 2074 EPISTOLA
3115 2018 3189 2073 X.

2123 2141 2684 2216 Imperatoribus'de
2703 2142 2924 2216 synodi
2933 2158 3038 2198 con
3048 2143 3355 2216 vocatione
3369 2143 3592 2216 gratias
3609 2144 3738 2216 agit;

2195 2214 2294 2287 Qui
2333 2214 2409 2269 ad
2443 2229 2567 2269 eam
2585 2214 3030 2287 _convenerint,_
3052 2214 3330 2287 exponit;
3371 2214 3740 2287 haereticorum

2197 2284 2358 2357 tergi
2368 2285 2789 2357 versationem,
2831 2284 3236 2357 bIaSphemias
3273 2301 3343 2340 ac
3387 2286 3742 2357 pervicaciam

2195 2355 2452 2412 memora
2461 2356 2507 2411 ti
2520 2356 2753 2411 tandem
2767 2355 3040 2426 implorat
3053 2355 3230 2428 {idem
3255 2355 3678 2428 imperatorum,
3700 2361 3743 2409 at

2195 2434 2256 2482 et
2269 2443 2468 2483 eorum
2481 2428 2836 2482 auctoritate
2849 2427 3221 2481 exsecutioni
3232 2427 3746 2482 mandentarcoaci-

2193 2498 2266 2553 lii
2278 2499 2542 2567 decreta,
2559 2503 2618 2554 et
2639 2498 2746 2552 alii
2766 2498 3032 2554 nonnulli
3055 2499 3344 2555 baretici
3381 2505 3746 2554 coerceantur.

2125 2623 2584 2696 Imperatoribus
2603 2621 3086 2678 clementissimis
3107 2623 3164 2678 et
3179 2620 3561 2694 Christianis,
3577 2620 3753 2678 beatis-

2195 2713 2485 2785 simisque
2506 2711 2875 2784 principibus
2902 2710 3232 2782 Gnmmo,
3266 2711 3687 2768 VALENTINIANO
3710 2711 3753 2764 et

2195 2803 2552 2872 THEODOSIO,
2611 2803 2883 2856 sanctum
2933 2799 3252 2856 concilium
3301 2801 3466 2873 quod
3521 2797 3754 2857 convenit

2196 2890 2508 2964 Aquileia.

2197 2979 2250 3050 1,
2309 2980 2669 3035 Benedictus
2700 2978 2861 3034 Deus
2902 2977 3078 3034 Pater
3122 2977 3366 3034 Domini
3415 2977 3600 3034 nostri
3640 2976 3758 3033 Jesu

2125 3068 2369 3140 Christi,
2391 3069 2491 3140 qui
2511 3068 2685 3124 vobis
2712 3068 3042 3124 Romanum
3067 3067 3390 3138 imperium
3412 3067 3588 3138 dedit,
3617 3067 3667 3122 et
3689 3065 3762 3120 be-

2125 3157 2397 3213 nedictus
2419 3157 2710 3211 Dominus
2731 3159 2936 3211 noster
2951 3156 3133 3211 Jesus
3151 3155 3438 3212 Christus
3458 3155 3760 3228 unigenitus

2126 3247 2233 3302 Dei
2254 3245 2463 3316 Filius,
2495 3246 2596 3317 qui
2627 3261 2879 3317 regnum
2910 3247 3176 3300 vestrum
3200 3261 3318 3301 sua
3338 3245 3556 3317 pietate
3595 3245 3764 3298 custo-

2127 3336 2230 3405 dit,
2250 3335 2404 3406 apud
2421 3350 2598 3407 quem
2617 3334 2840 3406 gratias
2879 3333 3113 3405 agimus
3143 3334 3327 3389 vobis
3357 3330 3762 3389 clementissimi

2126 3424 2449 3496 principes,
2475 3423 2631 3495 quod
2654 3426 2710 3478 et
2726 3422 2864 3478 fidei
2883 3426 3100 3477 vestra
3124 3421 3238 3493 (95)
3281 3422 3551 3478 studium
3586 3420 3743 3493 proba

2127 3512 2322 3584 vistis,
2345 3513 2448 3584 qui
2469 3513 2544 3567 ad
2565 3511 2959 3567 removendas
2978 3511 3408 3568 altercationes
3431 3522 3764 3584 congregare

2130 3602 2446 3658 studuistis
2467 3601 2834 3656 sacerdotale
2855 3600 3192 3671 concilium,
3213 3605 3274 3656 et
3286 3600 3594 3672 episcopis
3607 3598 3772 3670 digna-

2127 3691 2288 3746 tione
2318 3693 2518 3746 vestra
2559 3689 3068 3746 honoriﬁcentiam
3103 3690 3514 3760 reservastis;
3545 3692 3606 3744 ut
3630 3699 3768 3743 nemo

2128 3781 2370 3837 deesset
2397 3779 2632 3849 volens,
2667 3794 2840 3835 nemo
2872 3781 3186 3850 cogeretur
3214 3779 3450 3835 invitus
3480 3778 3626 3850 (96).

2199 3868 2656 3941 2.1taquejuxta
2693 3868 3167 3923 mansuetudinis
3200 3872 3434 3924 vestra
3452 3865 3770 3940 praeceptum

2129 3959 2517 4014 convenimus
2539 3957 2669 4013 sine
2691 3957 2911 4012 invidia
2946 3956 3370 4028 multitudinis,
3411 3961 3470 4013 et
3503 3971 3633 4012 cum
3657 3950 3770 4007 atie-

2130 4051 2227 4104 ctu
2259 4046 2712 4119 disceptationis
2742 4061 2754 4102 :
2789 4061 2900 4100 nec
2945 4045 3048 4099 ulli
3081 4046 3153 4101 de
3200 4046 3519 4102 haereticis
3549 4038 3773 4115 episcopi

2132 4140 2272 4192 sunt
2291 4137 2528 4208 reperti,
2552 4136 2672 4190 nisi
2696 4134 2995 4190 Palladius
3016 4138 3074 4189 et
3093 4135 3542 4206 Secundianus,
3577 4129 3774 4189 nomina

2131 4229 2382 4282 vetusta
2412 4225 2696 4297 perfidia,
2741 4227 2982 4296 propter
3011 4239 3164 4295 quos
3213 4223 3587 4298 congregari
3615 4217 3776 4277 conci-

2130 4317 2275 4372 lium
2314 4314 2691 4387 postulabant
2723 4314 2795 4368 de
2825 4315 3088 4368 extrema
3130 4313 3302 4368 orbis
3334 4316 3506 4383 parte
3541 4306 3772 4366 Romani.

2133 4405 2288 4462 Ecce
2309 4405 2508 4460 nullus
2531 4403 2853 4459 senectutis
2881 4395 3028 4458 807
3062 4406 3351 4476 gravatus
3395 4402 3592 4473 annis,
3634 4397 3776 4468 cujus

2134 4495 2229 4551 vel
2259 4495 2389 4551 sola
2433 4496 2596 4550 esset
2643 4492 2968 4548 reverenda
3017 4492 3289 4564 canities,
3326 4493 3403 4548 de
3445 4492 3643 4547 ultimo
3669 4486 3775 4540 sinu

2055 4557 2116 4627 θ
2137 4584 2318 4639 maris
2338 4582 2555 4638 Oceani
2574 4582 2779 4636 venire
2816 4581 3161 4651 compulsus
3186 4584 3304 4653 est,
3353 4584 3413 4637 et
3437 4578 3679 4636 concilio
3706 4573 3778 4628 ni-

2134 4673 2216 4728 hil
2239 4673 2424 4729 defuit
2455 4672 2605 4743 (9'1):
2641 4671 2839 4726 nullus
2879 4670 3074 4725 debile
3109 4685 3335 4740 corpus
3371 4671 3633 4736 trahens,
3651 4662 3776 4735 jeju-

2203 4816 2318 4890 (9:1)
2339 4814 2481 4890 Cod.
2506 4814 2675 4890 T_e_ll._,
2706 4813 3023 4890 «__E_pist01_u_
3059 4827 3226 4890 conc.
3263 4812 3451 4890 Aqui]
3483 4810 3556 4890 ad
3575 4809 3778 4890 episco:

2133 4877 2244 4971 pos
2267 4877 2467 4971 Italiae:
2500 4907 2522 4937 ι
2548 4877 2672 4940 Sed
2675 4877 2947 4971 {sibi—ipse
2966 4883 3245 4971 librarius
3273 4877 3774 4971 contradicit.

2133 4955 2212 5014 ita
2270 4958 2504 5013 subdit:
2579 4978 2602 5008 ι
2672 4955 3043 5011 Concilium.
3104 4955 3419 5025 episcOpis
3488 4955 3775 5024 provincia

2136 5029 2562 5106 Viennensium
2592 5027 3177 5106 e_t__Narb_onensium_,
3210 5028 3329 5080 etc.
3370 5049 3394 5106 ιτ
3644 5105 3650 5106 γ

2208 5101 2320 5171 (95)
2356 5102 2526 5154 Pom.
2574 5099 2712 5171 edit.
2760 5099 2906 5164 sola,
2949 5120 2969 5142 α
3015 5098 3236 5168 gratias
3291 5098 3534 5168 agimus
3565 5105 3661 5163 pro
3688 5101 3774 5141 v0-

2135 5170 2307 5226 bis...’
2331 5171 2477 5243 quia
2498 5173 2555 5243 et
2584 5170 2720 5243 fidei
2750 5173 2991 5243 nostra,
3027 5173 3136 5222 etc.
3177 5193 3198 5215 »

2207 5243 2319 5314 (96)
2348 5233 2670 5312 -Quidquid
2725 5256 2759 5293 a
2787 5233 2991 5314 verbis
3049 5259 3075 5288 α
3120 5240 3447 5314 cogeretur
3484 5233 3772 5314 invitushf

2135 5307 2326 5385 usque
2375 5314 2446 5366 ad
2481 5333 2504 5362 ι
2546 5307 2880 5385 senectutis
2933 5307 3221 5385 gravatus
3233 5333 3294 5385 Α»
3330 5307 3698 5385 _cont_i_n_etur,
3728 5311 3774 5350 1n

2138 5378 2308 5440 Rom.
2334 5385 2472 5439 edit.
2495 5382 2783 5454 rejectum
2807 5378 3142 5451 fueratpost
3163 5379 3454 5435 inferiora
3498 5378 3611 5444 illa,
3640 5395 3659 5422 ι
3691 5386 3776 5424 su-

2134 5472 2251 5528 per,
2272 5470 2526 5528 egenum
2557 5457 2615 5508 et
2642 5468 2988 5528 pauperem:
3017 5475 3039 5500 »ν
3059 5524 3072 5528 _
3126 5523 3145 5528 _
3187 5523 3217 5528 __
3370 5521 3381 5528 _
3462 5520 3504 5528 ﬁ
3703 5510 3734 5528 ν

2209 5511 2342 5596 (97)”
2376 5549 2396 5574 α
2435 5526 2504 5579 Et
2552 5511 2803 5579 concilio
2849 5525 2993 5578 nihil
3042 5523 3245 5592 defuit,
3289 5546 3311 5569 ιι
3367 5521 3427 5576 in
3462 5520 3628 5574 Rom.
3659 5511 3773 5576 edit,

2140 5599 2430 5656 omissum
2462 5600 2604 5652 erat.
