3942 6168
204 283 296 347 98ι
1331 269 1796 332 EPISTOLAB

1993 269 2334 334 CLASSIS
2377 272 2426 334 Ῑ.

3465 263 3594 333 982

192 489 388 542 nierum
429 478 728 549 stipendiis
769 480 1092 547 oneratum,
1145 475 1374 530 itineris
1421 479 1514 531 est
1560 477 1801 530 coactus
1826 455 1875 518 Α
1912 473 2006 528 vel
2039 476 2195 529 certe
2227 490 2360 546 quae
2389 476 2723 532 audivimus
2755 493 3075 549 possemus
3117 473 3390 533 aboleret
3433 474 3584 530 Nam

190 573 370 645 injuria
403 568 747 624 fortitudinis
776 569 1016 621 amissae
1057 567 1266 620 damna
1299 566 1557 634 deflere;
1606 565 1803 618 nullus

186 665 444 733 postremo
461 658 791 726 pauperiem
814 656 872 708 in
891 655 1304 710 sacerdotibus
1324 655 1648 726 gloriosam
1668 655 1805 708 sub-

184 751 309 804 sidio
338 745 594 800 veniendi
627 745 941 798 destitutus
989 745 1296 816 ingemuit.
1335 745 1503 798 Unde
1538 743 1801 812 comple-

185 843 282 892 tum
308 838 387 890 est
415 835 467 886 in
499 835 570 900 te,
608 834 1068 887 clementissime
1116 833 1448 902 principum
1495 832 1795 899 Gratiane,

178 925 310 996 quod
337 922 623 992 Scriptura
654 922 850 975 divina
885 921 1174 976 laudavit:
1215 944 1236 968 «
1272 923 1488 975 Beatus
1510 921 1610 991 qui
1645 920 1805 974 intel-

180 1015 289 1084 ligit
315 1026 482 1081 super
508 1025 760 1082 egenum
802 1013 859 1065 et
886 1026 1203 1080 pauperem
1243 1009 1428 1072 (Psal.
1464 1028 1559 1079 XL,
1591 1010 1666 1078 2).
1703 1030 1729 1060 »

231 1103 278 1157 3.
305 1101 473 1166 Quam
501 1106 646 1155 vero
676 1115 893 1171 graves
919 1099 1130 1153 fuisset
1150 1103 1390 1170 prepter
1411 1100 1561 1152 duos
1581 1101 1803 1152 tantum

178 1195 226 1248 in
249 1190 472 1261 perfidia
511 1189 781 1243 cariosos
821 1186 934 1258 (98)
976 1189 1320 1242 sacerdotes
1359 1191 1478 1242 toto
1519 1188 1662 1242 orbe
1702 1202 1803 1241 es-

175 1283 284 1336 sent
337 1277 618 1332 Ecclesiae
675 1278 925 1331 summis
985 1277 1398 1332 sacerdotibus
1465 1273 1800 1331 destitutae!

173 1369 264 1434 Qui
306 1366 528 1421 etiamsi
573 1366 776 1421 venire
825 1369 1066 1436 prepter
1124 1366 1518 1436 prolixitatem
1575 1365 1802 1419 itineris

169 1455 529 1528 nequiverint,
563 1458 757 1510 tamen
783 1471 989 1510 omnes
1021 1471 1206 1525 prope
1245 1471 1316 1509 ex
1353 1455 1630 1509 omnibus
1661 1469 1803 1524 pro-

170 1546 349 1600 vinciis
428 1545 923 1613 occidentalibus,
991 1545 1198 1598 missis
1259 1543 1500 1598 adfuere
1566 1542 1800 1615 legatis,

165 1638 214 1689 et
236 1633 692 1688 attestationibus
725 1633 1099 1688 evidentibus
1150 1633 1207 1686 id
1257 1649 1324 1686 se
1373 1636 1600 1701 tenere,
1645 1631 1804 1702 quod

161 1738 254 1777 nos
295 1723 655 1792 asserimus,
722 1725 778 1776 et
833 1723 893 1776 in
951 1724 1138 1776 tractu
1197 1722 1426 1775 Niczeni
1471 1736 1802 1792 congruere

1913 563 2227 635 sacrilegis
2257 565 2510 620 vocibus
2553 581 2683 620 cum
2717 567 2897 622 Arius
2929 567 3124 622 solum
3155 567 3387 622 Patrem
3417 580 3582 620 sem-

1911 653 2230 722 piternum,
2279 653 2473 707 solum
2551 654 2794 726 bonum,
2856 656 3049 711 solum
3109 671 3318 710 verum
3372 655 3580 724 Deum,

1912 740 2104 795 solum
2125 743 2616 797 immortalitatem
2637 743 2975 814 habentem,
3007 745 3200 799 solum
3223 745 3573 814 sapientem,

1911 830 2106 883 solum
2166 822 2314 888 808
2370 834 2672 901 potentem
2712 833 2984 903 dicendo,
3027 836 3329 904 expertem
3368 833 3582 888 horum

1911 918 2124 973 Filium
2181 919 2356 990 impia
2406 921 2794 976 commotione
2825 923 2902 992 (ἓ)
2960 923 3252 976 voluisset
3289 921 3578 993 intelligi;

1911 1007 2008 1060 isti
2041 1007 2245 1061 Arium
2275 1008 2472 1077 potius
2505 1011 2696 1080 sequi,
2731 1026 2906 1081 quam
2936 1011 3360 1081 sempiternum
3391 1011 3578 1065 Deum

1912 1095 2017 1149 Dei
2047 1095 2276 1166 Filium,
2312 1100 2368 1150 et
2396 1112 2602 1152 verum
2633 1099 2840 1168 Deum,
2893 1103 2949 1154 et
2997 1100 3216 1154 bonum
3267 1099 3472 1163 Deum,
3523 1102 3580 1153 et

1910 1185 2259 1254 sapientem,
2293 1187 2348 1240 et
2378 1189 2694 1257 potentem,
2730 1191 2786 1242 et
2827 1188 3316 1243 immortalitatem
3346 1187 3576 1242 haben-

1908 1274 2025 1327 tem
2056 1273 2369 1329 voluerunt
2413 1275 2602 1330 fateri.
2657 1277 2870 1331 Multas
2915 1276 3095 1332 horas
3153 1277 3376 1331 frustra
3431 1291 3577 1331 con-

1911 1363 2298 1431 sumpsimus.
2332 1363 2655 1419 Crescebat
2686 1366 2919 1420 illorum
2950 1367 3241 1437 impietas,
3295 1381 3405 1420 nec
3437 1380 3575 1420 cor-

1908 1451 2024 1522 rigi
2054 1451 2170 1507 ullo
2201 1455 2429 1522 poterat
2450 1454 2646 1510 modo.

1979 1559 2030 1612 6.
2066 1558 2330 1630 Denique
2364 1577 2496 1615 cum
2525 1561 2794 1616 viderent
2823 1576 2890 1616 se
2930 1562 3056 1616 Arii
3087 1560 3354 1633 epistolae
3385 1560 3576 1615 sacri-

1905 1645 2084 1718 legiis
2115 1651 2425 1720 perurgeri
2471 1650 2670 1720 (quam
2718 1651 2850 1705 ideo
2900 1649 3297 1719 subdidimus,
3347 1653 3410 1704 ut
3447 1664 3578 1703 eam

1908 1736 2083 1790 etiam
2115 1739 2311 1790 vestra
2344 1737 2651 1791 clementia
2679 1738 3206 1808 perhorresceret),
3238 1737 3577 1793 resilientes

160 1811 368 1865 concilii
429 1811 854 1882 designarunt,
921 1811 1077 1864 sicut
1143 1810 1415 1880 subjecta
1479 1810 1796 1864 declarant.

2012 1825 2201 1878 media
2233 1825 2499 1895 epistolae
2532 1826 2803 1896 lectione,
2839 1827 3138 1896 petierunt
3175 1827 3252 1896 (2)
3283 1829 3345 1880 ut
3373 1842 3577 1881 eorum

158 1899 363 1970 Ubique
407 1915 559 1971 ergo
599 1915 756 1953 nunc
798 1915 904 1970 pro
951 1901 1152 1953 vestro
1196 1899 1444 1969 imperio
1487 1899 1803 1953 concinunt

155 1991 270 2042 vota
314 1989 690 2058 populorum,
735 2004 845 2043 nec
893 1991 1088 2042 tamen
1126 1988 1370 2042 arbitrio
1420 1991 1620 2042 vestro
1667 1987 1801 2041 fidei

150 2080 461 2132 assertores
515 2077 850 2131 defuerunt.
899 2077 1048 2131 Nam
1085 2077 1224 2131 licet
1262 2077 1555 2131 evidentia
1596 2080 1803 2132 essent

151 2167 472 2236 praescripta
508 2165 824 2235 majorum,
859 2181 891 2219 a
923 2166 1142 2236 quibus
1173 2166 1415 2236 impium
1437 2169 1528 2220 est
1549 2168 1603 2220 et
1625 2165 1804 2219 sacri-

147 2253 326 2324 legum
373 2254 653 2324 deviare;
704 2258 896 2309 tamen
937 2255 1306 2325 disceptandi
1344 2255 1664 2310 obtulimus
1713 2255 1801 2308 fa-

150 2343 419 2398 cultatem.

204 2449 251 2503 4.
290 2451 373 2504 Ac
416 2451 614 2520 primo
660 2451 1016 2521 principium
1056 2450 1252 2522 ipsum
1294 2451 1520 2506 obortae
1559 2451 1801 2505 discus-

145 2538 316 2593 simus
345 2540 728 2610 quaestionis,
760 2543 934 2610 atque
965 2540 1088 2594 Arii
1123 2541 1433 2610 epistolam
1463 2541 1801 2610 putavimus

144 2641 266 2681 esse
296 2629 685 2696 recitandam,
720 2629 820 2699 qui
850 2631 1056 2683 auctor
1085 2629 1319 2683 Arianae
1353 2629 1608 2684 haeresis
1639 2629 1802 2682 inve-

142 2717 302 2786 nitur,
335 2719 496 2772 unde
532 2721 588 2772 et
618 2717 872 2772 haeresis
895 2734 1109 2772 nomen
1137 2719 1364 2788 accepit
1389 2734 1402 2786 ;
1438 2734 1506 2772 ea
1528 2717 1804 2771 videlicet

141 2808 189 2857 et
214 2807 418 2876 gratia,
455 2809 523 2860 ut
553 2807 831 2878 quoniam
861 2807 1117 2861 Arianos
1141 2822 1208 2860 se
1233 2822 1452 2879 negare
1473 2807 1802 2861 consueve4

135 2897 271 2962 rant,
305 2895 430 2948 Arii
468 2895 879 2964 blasphemias
930 2898 1028 2950 aut
1060 2896 1388 2950 incusando
1433 2895 1797 2965 damnarent,

138 2984 224 3034 aut
251 2985 580 3038 astruendo
611 2984 1015 3053 defenderent,
1051 2988 1149 3038 aut
1197 2988 1355 3039 certe
1386 3000 1504 3040 non
1560 3000 1801 3039 recusa-

135 3074 253 3124 rent
281 3087 502 3127 nomen
540 3071 696 3142 ejus,
747 3073 923 3144 cujus
971 3073 1330 3143 impietatem
1375 3074 1800 3145 perfidiamque

1905 1915 2230 1983 propositis
2289 1915 2814 1984 responderemus.
2848 1914 3194 1987 Quanquam
3251 1931 3368 1970 non
3415 1917 3581 1970 esset

1907 2003 2132 2056 ordinis
2164 2018 2355 2074 neque
2388 1989 2654 2073 rationis,
2689 2007 2750 2058 ut
2781 2005 3084 2075 proposita
3123 2004 3580 2074 interrumpere-

1907 2107 2075 2160 mus;
2137 2107 2613 2163 responsumque
2648 2095 2811 2147 esset
2843 2109 2874 2146 a
2917 2093 3092 2147 nobis
3121 2097 3185 2146 ut
3234 2093 3579 2146 damnarent

1907 2181 2033 2234 Arii
2068 2181 2418 2250 impietates,
2453 2184 2510 2235 et
2541 2181 2613 2236 de
2643 2182 2862 2252 quibus
2895 2181 3130 2250 vellent,
3158 2181 3384 2250 ordine,
3416 2181 3576 2235 loco-

1909 2285 2024 2340 que
2052 2271 2308 2337 servato,
2343 2285 2546 2324 eorum
2579 2269 3005 2324 intentionibus
3036 2270 3570 2340 responderemus:

1909 2360 2103 2412 tamen
2135 2357 2210 2427 (4)
2261 2357 2668 2429 acquievimus
2717 2361 3100 2428 praeposterae
3149 2357 3452 2412 voluntati.
3489 2357 3572 2412 lbi

1908 2451 2031 2501 tum
2062 2447 2369 2518 Evangelii
2401 2447 2620 2516 scripta
2653 2446 2957 2516 falsantes,
2992 2450 3433 2517 proposuerunt
3461 2461 3574 2501 no-

1907 2536 2024 2605 bis,
2059 2536 2287 2590 dixisse
2320 2536 2669 2590 Dominum:
2730 2535 2838 2600 Qui
2871 2551 2964 2590 me
3014 2536 3193 2606 misit,
3243 2535 3434 2607 major
3480 2551 3573 2596 me

1909 2629 2036 2694 est;
2071 2640 2203 2680 cum
2233 2625 2403 2680 aliter
2433 2626 2720 2696 scriptum
2755 2625 2964 2680 doceat
3011 2625 3204 2682 series
3237 2625 3574 2696 Scriptura-

1909 2731 2060 2769 rum.

1979 2823 2032 2876 ’7.
2071 2821 2394 2894 Redarguti
2423 2822 2495 2876 de
2527 2821 2780 2876 falsitate
2803 2825 2962 2891 sunt,
2996 2825 3057 2877 ut
3078 2822 3433 2892 faterentur;
3466 2835 3576 2875 nec

1909 2915 2102 2966 tamen
2134 2912 2357 2966 ratione
2390 2912 2661 2966 correcti.
2708 2911 2857 2966 Nam
2916 2929 3047 2966 cum
3105 2912 3440 2966 diceremus
3475 2925 3576 2965 se-

1910 3001 2166 3055 cundum
2197 3001 2392 3054 carnis
2424 3000 2866 3070 susceptionem
2916 3003 3204 3056 minorem
3251 3001 3423 3055 Patre
3464 3015 3574 3054 suo

1908 3090 2120 3145 Filium
2153 3090 2288 3159 dici,
2310 3090 2637 3144 secundum
2661 3089 3024 3144 divinitatem
3053 3092 3247 3144 autem
3279 3106 3385 3159 pro
3415 3089 3578 3144 testi-

135 3165 545 3262 seque‘remur-
579 3162 694 3216 sed
717 3163 853 3262 quia
887 3165 1187 3262 δυθίοιξθξη
1219 3179 1532 3262 ευιιίῐξιωηθο
1563 3163 1800 3262 damna:
1828 3191 1881 3256 ο
1906 3179 2122 3234 moniis
2163 3178 2598 3248 Scripturarum
2627 3194 2828 3248 parem
2858 3179 3016 3232 Patri
3047 3183 3102 3233 et
3130 3178 3416 3250 aequalem
3448 3193 3578 3248 pro-

131 3264 188 3301 re
215 3253 512 3318 poterant,
547 3265 655 3304 nec
701 3251 952 3320 probare
1002 3251 1278 3305 volebant
1320 3251 1473 3321 (99);
1521 3268 1654 3306 cum
1686 3252 1802 3322 ipsi

131 3337 196 3390 ad
239 3338 702 3408 disceptandum
761 3344 893 3394 ante
958 3340 1213 3394 triduum
1257 3339 1334 3410 (1)
1373 3344 1802 3409 provocassent

128 3424 249 3481 loco
281 3431 338 3481 et
368 3431 643 3497 tempore
678 3429 1016 3498 constituto,
1043 3446 1159 3484 non
1181 3433 1520 3499 exspectata
1553 3445 1802 3484 conven-

128 3515 296 3584 tione,
362 3517 762 3586 prodiissent,
816 3517 1012 3572 subito
1073 3518 1173 3588 qui
1222 3519 1492 3572 dixerant
1540 3534 1604 3572 se
1664 3519 1800 3589 quia

127 3601 446 3660 Christiani
515 3611 722 3660 essent
792 3605 962 3661 facile
1037 3607 1390 3677 probaturos
1451 3607 1633 3677 (quod
1689 3623 1800 3661 nos

125 3691 372 3748 libenter
420 3696 790 3764 accepimus,
839 3699 894 3749 et
946 3695 1275 3765 optavimus
1326 3698 1388 3748 ut
1437 3696 1796 3765 probarent),

126 3778 328 3853 fugere
366 3799 775 3854 congressum
810 3784 966 3838 illico
1013 3787 1068 3838 et
1099 3784 1583 3853 disceptationem
1616 3784 1799 3839 decli-

122 3884 256 3925 nare
289 3877 629 3943 coeperunt.

183 3993 236 4049 5.
274 3995 512 4052 Multus
542 4000 736 4050 tamen
775 3997 949 4052 nobis
982 4014 1117 4052 cum
1150 3998 1243 4052 his
1278 4014 1474 4053 sermo
1507 3999 1632 4069 fuit,
1666 4015 1800 4069 pro-

120 4084 330 4151 positae
373 4086 601 4139 divinae
642 4086 702 4140 in
735 4087 926 4140 medio
956 4086 1297 4157 Scripturze,
1331 4087 1697 4157 disceptandi
1729 4089 1800 4143 de

117 4171 306 4240 primo
359 4177 504 4228 ortu
553 4174 669 4227 dici
722 4175 780 4227 in
830 4175 1036 4229 horam
1086 4176 1394 4246 septimam
1444 4176 1611 4246 copia
1645 4177 1795 4246 data,

115 4261 302 4316 delata
365 4263 675 4334 patientia.
730 4266 918 4334 Atque
977 4265 1195 4318 utinam
1252 4281 1437 4335 pauca
1482 4265 1795 4334 dixissent,

181 4405 299 4479 (98)
336 4407 428 4460 Ita
478 4408 610 4461 cod.
667 4409 816 4479 Reg.
864 4425 931 4461 ac
979 4408 1124 4463 Tell.
1159 4425 1388 4464 necnon
1439 4410 1574 4463 edit.
1610 4409 1796 4463 Labb.

113 4481 166 4528 et
213 4478 454 4547 Chiffl.,
509 4479 625 4532 nisi
675 4478 829 4548 quod
875 4480 1021 4534 Tell.
1077 4481 1260 4549 prima
1309 4497 1483 4534 manu
1551 4481 1803 4534 habebat

1906 3268 2054 3336 bari,
2093 3283 2201 3322 nec
2251 3283 2432 3337 posse
2481 3267 2563 3321 ibi
2614 3283 2752 3322 esse
2811 3267 3192 3322 discretionis
3241 3267 3466 3338 gradus
3495 3267 3574 3337 (5)

1908 3356 2187 3428 alicujus,
2221 3359 2319 3410 aut
2349 3357 2793 3428 magnitudinis,
2825 3357 2926 3410 ubi
2959 3359 3122 3411 esset
3171 3357 3364 3411 unitas
3405 3359 3574 3426 pote-

1911 3447 2110 3514 statis;
2145 3462 2260 3500 non
2283 3446 2578 3500 solumilli
2603 3445 2918 3500 noluerunt
2939 3445 3252 3500 emendare
3285 3461 3570 3512 errorem,

1909 3534 2017 3588 sed
2047 3535 2219 3588 etiam
2241 3535 2541 3589 vesaniam
2563 3549 2782 3606 augere
2825 3537 3147 3604 coeperunt,
3184 3538 3244 3587 ut
3276 3537 3331 3587 et
3364 3533 3573 3603 subje-

1912 3627 2068 3678 ctum
2099 3624 2428 3678 secundum
2457 3623 2818 3678 divinitatem
2849 3624 3114 3678 dicerent
3136 3622 3368 3691 Filium,
3402 3623 3574 3693 quasi

1909 3713 2027 3767 ulla
2058 3713 2160 3767 Dei
2194 3713 2520 3766 secundum
2544 3713 2906 3767 divinitatem
2927 3717 2982 3766 et
3007 3712 3376 3783 majestatem
3405 3728 3573 3766 suam

1907 3801 2100 3873 possit
2137 3817 2274 3855 esse
2317 3801 2631 3872 subjectio.
2683 3801 2930 3856 Mortem
2971 3801 3224 3872 denique
3273 3799 3406 3872 ejus
3457 3816 3574 3856 non

1908 3891 1982 3944 ad
2015 3893 2447 3945 sacramentum
2479 3894 2699 3945 nostrae
2731 3891 2961 3960 salutis,
2996 3891 3103 3945 sed
3147 3891 3220 3944 ad
3265 3890 3573 3970 infirmita:

1909 3983 2026 4035 tem
2055 3980 2366 4051 quamdam
2399 3979 2720 4034 divinitatis
2751 3980 3037 4034 referunt.

1981 4087 2032 4140 8.
2069 4087 2416 4168 Horremus,
2451 4086 2898 4141 clementissimi
2931 4087 3254 4156 principes,
3288 4089 3403 4140 tam
3450 4086 3575 4139 dira

1911 4176 2248 4247 sacrilegia,
2282 4191 2617 4247 pravosque
2653 4177 2968 4244 doctores;
3002 4179 3058 4230 et
3090 4191 3162 4230 ne
3195 4176 3441 4229 ulterius
3473 4191 3574 4244 po-

1908 4265 2082 4335 pulos
2113 4266 2453 4335 deciperent
2483 4282 2634 4337 quos
2667 4265 2962 4334 tenebant,
2991 4264 3324 4319 sacerdotio
3355 4263 3575 4334 putavi-

1981 4408 2094 4477 (99)
2147 4409 2316 4462 Rom.
2370 4409 2506 4462 edit.
2556 4408 2703 4477 sola,
2756 4431 2777 4453 α
2830 4423 2938 4460 nec
2985 4407 3236 4475 probare
3285 4407 3571 4474 poterant,

1910 4497 2018 4535 nec
2053 4481 2328 4534 damnare
2371 4480 2665 4534 volebant.
2704 4501 2726 4529 η
2774 4478 2888 4532 Sed
2929 4477 2987 4530 in
3030 4478 3275 4530 aliarum
3323 4491 3391 4528 ac
3423 4491 3571 4529 mss.

116 4570 135 4591 -
165 4550 535 4623 curiosos,_»
560 4553 627 4623 et;
643 4552 788 4621 Reg.
812 4551 978 4604 solus
1003 4568 1108 4619 pro
1135 4553 1314 4623 «suis
1338 4552 1575 4606 destitui
1603 4576 1622 4598 »
1659 4553 1801 4623 legit
1827 4553 1883 4616 D
1911 4552 2161 4607 lectione
2194 4551 2336 4604 nihil
2371 4555 2682 4623 mutamus.

110 4621 444 4692 «summis
479 4621 718 4674 destitui
747 4639 758 4689 ;
795 4645 815 4669 »
854 4626 908 4674 et
940 4624 1051 4676 sub
1078 4622 1257 4676 totius
1281 4623 1576 4692 periochae
1601 4621 1796 4692 finem,

109 4689 209 4742 ubi
243 4706 364 4745 nos
395 4707 548 4764 ﬁcum
593 4692 736 4744 Tell.
786 4696 842 4746 et
878 4693 1093 4756 Uhifll.,
1143 4714 1164 4742 α
1217 4689 1562 4763 ρι·ἒρεοι·ἱρῐίι
1615 4689 1799 4764 ιηεῄΟὲ

107 4776 258 4828 rum,
306 4786 328 4810 ιι
377 4763 529 4816 Cod.
569 4763 796 4835 Regius
840 4764 1079 4830 praefert
1122 4787 1143 4811 «
1181 4766 1492 4835 rescripta,
1532 4790 1553 4812 »
1591 4763 1798 4834 Labb.,

108 4851 127 4878 ‹
167 4838 490 4903 praecepta
520 4834 847 4903 majorum:
890 4856 910 4882 »
967 4836 1134 4889 Hom.
1179 4834 1391 4889 autem
1418 4837 1556 4889 edit.
1610 4837 1804 4889 locum

107 4903 195 4955 sic
227 4904 464 4958 habet:
503 4928 524 4951 «
572 4905 628 4957 in
663 4905 775 4958 fide
831 4906 1120 4974 cariosos,
1173 4908 1516 4960 sacerdotes
1561 4909 1680 4960 toto
1729 4923 1804 4959 ex

1981 4623 2057 4690 ('l)
2093 4624 2261 4676 Rom.
2297 4623 2456 4686 edit.,
2498 4643 2518 4668 α
2554 4621 2622 4673 ad
2658 4619 3103 4688 disceptandum
3145 4618 3399 4672 triduum
3441 4620 3574 4671 ante

1910 4711 2042 4761 nos,
2079 4694 2208 4747 loco
2239 4697 2294 4746 et
2325 4698 2586 4760 tempore
2621 4691 2938 4744 constituto
2969 4692 3422 4759 provocassent,
3459 4705 3576 4743 non

1909 4768 2249 4833 exspectata
2281 4763 2671 4829 condictione,
2704 4762 3047 4830 prodierunt
3079 4761 3378 4833 sul)ito,iet
3410 4762 3576 4814 dixe-

1911 4832 2044 4889 runt
2074 4851 2139 4888 se
2171 4835 2304 4904 quia
2351 4834 2684 4887 Christiana
2731 4835 2934 4886 essent
2978 4833 3147 4887 facile
3198 4832 3572 4902 probaturos.

1909 4906 2076 4970 Quod
2108 4920 2218 4958 nos
2254 4905 2353 4958 ubi
2385 4905 2638 4957 libenter
2659 4904 2998 4972 accepimus
3021 4904 3393 4974 (Optabamus
3417 4906 3575 4958 enim

102 4974 252 5028 orbe
321 4976 449 5028 huc
510 4977 849 5042 convenire,
902 4993 970 5029 ac
1022 4977 1324 5031 Ecclesias
1383 4979 1512 5031 suis
1561 4977 1802 5031 destitui
1912 4981 1973 5031 ut
2002 4977 2362 5044 probarent),
2399 4975 2675 5046 refugere
2708 4991 3101 5045 congressum
3126 4975 3304 5044 illico,
3331 4979 3443 5030 etc.
3481 4998 3502 5023 ι»

103 5048 493 5120 pastoribus,
529 5047 837 5120 clementia
869 5052 1066 5120 vestra
1100 5049 1463 5118 perpendere
1503 5049 1799 5120 dignetur.
1983 5049 2060 5114 (:2)
2094 5048 2170 5099 Ita
2203 5047 2347 5099 Tell.
2383 5049 2439 5099 et
2469 5046 2688 5120 Chifll.;
2723 5046 2908 5100 Labb.
2943 5062 3107 5116 vero,
3145 5068 3169 5095 «
3197 5047 3380 5120 impia
3409 5064 3579 5120 com-

105 5115 552 5187 Nihilominus,
587 5119 696 5172 etsi
729 5119 991 5172 nonnulli
1028 5115 1264 5188 propter
1295 5120 1522 5173 itineris
1555 5115 1803 5188 prolixi-
1913 5120 2206 5173 motione:
2249 5141 2268 5164 ιι
2323 5121 2378 5170 at
2430 5117 2559 5171 cod.
2608 5119 2756 5187 Reg.
2804 5133 2873 5170 ac
2925 5115 3100 5172 Rom.
3143 5115 3305 5186 edit.,
3345 5140 3366 5166 ιι
3404 5119 3577 5188 impia

98 5190 285 5261 tatem
323 5189 539 5261 venire
564 5190 956 5259 nequiverint,
983 5187 1174 5244 tamen
1199 5207 1407 5244 omnes
1431 5208 1505 5245 ex
1527 5187 1804 5245 omnibus
1915 5189 2455 5261 commendatione;
2495 5211 2514 5235 η
2555 5187 2704 5243 forte
2729 5189 2938 5242 melius
2960 5190 3210 5261 legatur,
3235 5211 3257 5240 ε
3286 5187 3580 5243 commen-

99 5256 470 5329 Qccidentis
510 5256 692 5329 prope
755 5261 1099 5329 provinciis,
1161 5263 1252 5316 vel
1300 5263 1504 5316 missis
1561 5263 1804 5315 adfuere
1915 5262 2150 5316 talione.
2192 5284 2213 5306 ιι
2245 5260 2410 5323 Quod
2444 5263 2637 5314 autem
2677 5261 2842 5314 Rom.
2879 5256 3246 5326 editihabet,
3297 5284 3318 5307 ‹‹
3352 5261 3580 5314 voluis-

99 5327 357 5403 legatis,
401 5327 1169 5399 quiiattiéstationibus...et
1199 5335 1355 5403 quod
1401 5334 1630 5388 Νὴ)ωηί
1661 5350 1806 5386 con-
1917 5336 2007 5386 set
2040 5331 2388 5400 intelligere,
2426 5351 2447 5379 ι»
2485 5331 2540 5383 in
2576 5331 2685 5384 hoc
2715 5348 2828 5384 ms.
2863 5333 2916 5386 ci
2968 5333 3164 5386 nullus
3209 5331 3577 5403 astipulatur.

98 5401 230 5473 cilii
262 5403 558 5469 congruit
609 5404 878 5455 tractatui
925 5401 1345 5470 protestantur,
1376 5409 1549 5473 prout
1585 5406 1807 5472 scripta
1989 5404 2064 5470 (3)
2094 5404 2237 5455 'l‘cll.
2273 5406 2352 5455 ett
2383 5403 2588 5471 Labb.,
2627 5426 2648 5448 α
2685 5403 2756 5456 de
2815 5404 3002 5458 inedia
3035 5403 3283 5473 epistola
3331 5401 3572 5454 electio-

99 5471 738 5548 dcclarant._Ubique_
765 5489 909 5544 ergo
951 5491 1106 5528 nunc
1152 5491 1257 5544 per
1305 5471 1807 5548 vestrumrimpc-A

97 5544 265 5594 rium
305 5544 652 5604 concinnat.
691 5545 845 5598 sicut
883 5561 989 5599 nec
1019 5563 1124 5614 pro
1162 5550 1362 5600 vestro
1398 5547 1640 5600 arbitrio
1676 5546 1811 5599 fidei

105 5619 477 5688 assertores
501 5615 596 5668 hic
621 5615 954 5671 defuerunt.
985 5618 1247 5687 Denique
1274 5617 1475 5672 licet...
1506 5633 1810 5688 opponen-

113 5683 292 5735 tibus
329 5685 553 5753 tamen,
589 5690 702 5739 etc.
745 5710 762 5732 ι»

1920 5491 2051 5529 nem
2084 5475 2393 5544 petierunt.
2433 5499 2452 5520 »

1991 5545 2068 5615 (4)
2104 5547 2271 5599 Hom.
2305 5546 2466 5612 edit.,
2504 5568 2526 5592 ι
2563 5545 2769 5600 eodem
2799 5545 3306 5617 propositionibus
3325 5557 3580 5611 respon-

1919 5617 2216 5682 deremus,
2251 5617 2505 5684 tandem,
2540 5619 2651 5671 etc.
2691 5637 2712 5665 ι

1992 5691 2067 5756 (5)
2105 5689 2250 5756 Heg.
2290 5689 2444 5758 eod.,
2482 5711 2501 5734 «
2547 5687 2966 5742 discretionem
2999 5685 3244 5755 gradus.
3287 5710 3307 5732 ι»
