4072 6174
404 245 546 332 983,

1834 247 1900 314 S.
1931 248 2372 314 AMBROSII.

3716 255 3819 331 984

404 465 540 506 mus
571 447 956 524 abdicandos,
979 451 1258 524 quoniam
1281 452 1504 508 subditi
1538 451 1724 508 libelli
1751 451 2066 522 impietati-
2088 437 2153 502 Α
2180 449 2410 508 Illicitis
2443 453 2917 513 ordinationibus
2947 459 3291 518 consimiles
3341 462 3440 518 sui
3485 463 3665 520 sociat
3699 414 3819 538 sibi,

404 540 520 596 bus
553 539 963 596 concinebant.
997 542 1206 613 Neque
1249 543 1406 597 enim
1457 540 1532 612 (6)
1584 541 1828 613 dignum
1873 544 1966 596 est
2006 543 2068 596 ut

405 628 541 702 ejus
572 629 970 686 sacerdotium
1015 631 1132 686 sibi
1177 631 1497 701 vindicent,
1531 647 1709 702 quem
1750 633 2062 703 negarunt.

405 719 678 774 Vestram
726 719 922 790 ﬁdem,
963 723 1224 775 vestram
1269 721 1521 792 gloriam
1564 721 1970 790 deprecamur,
2004 723 2069 774 ut

401 809 798 864 reverentiam
845 809 1076 880 imperii
1105 810 1292 864 vestri
1332 809 1613 865 deferatis
1643 808 1889 875 auctori,
1923 824 2064 864 cen-

402 897 708 968 seatisque
737 897 1056 968 impietatis
1085 901 1444 968 assertores,
1476 901 1534 952 et
1575 898 1876 952 adulteros
1905 897 2066 952 veri-

404 986 564 1056 tatis,
600 985 753 1041 datis
782 987 1053 1058 apicibus
1103 987 1430 1042 clementiae
1477 989 1696 1042 vestrae
1742 986 1817 1040 ad
1841 985 2068 1058 judicia

404 1074 814 1146 competentia,
847 1075 920 1130 ab
949 1075 1238 1131 Ecclesiae
1269 1077 1562 1132 arcendos
1583 1091 1722 1131 esse
1738 1075 2066 1146 liminibus,

404 1165 462 1218 et
491 1167 553 1218 ut
581 1163 641 1218 in
673 1164 1081 1220 damnatorum
1118 1165 1314 1220 locum
1343 1181 1450 1236 per
1495 1167 1718 1220 nostrae
1761 1163 2068 1235 parvitatis

401 1251 634 1325 legatos
667 1253 857 1308 sancti
885 1254 1290 1326 subrogentur
1311 1254 1674 1309 sacerdotes.

473 1340 528 1396 9.
558 1341 816 1396 Attalum
845 1357 1081 1414 quoque
1126 1343 1545 1414 presbyterum
1589 1343 1662 1398 de
1706 1342 2067 1414 praevarica-

401 1429 562 1486 tione
591 1429 957 1502 confessum,
982 1433 1040 1485 et
1058 1432 1304 1486 Palladii
1321 1431 1659 1505 sacrilegiis
1679 1432 2068 1488 inhaerentem

403 1520 504 1592 ('1),
549 1511 696 1576 809
764 1520 972 1592 parilis
1034 1521 1328 1576 sententia
1391 1521 1856 1592 comprehendit.
1917 1521 2069 1577 Nam

401 1608 545 1682 quid
572 1609 646 1664 de
677 1609 964 1682 magistro
995 1608 1130 1682 ejus
1176 1609 1413 1666 Juliano
1462 1610 1706 1666 Valente
1750 1609 2018 1666 dicamus
2039 1612 2068 1666 ?

401 1698 504 1770 qui
552 1714 688 1752 cum
735 1700 900 1754 esset
945 1698 1286 1770 proximus,
1335 1699 1652 1754 declinavit
1695 1699 2066 1755 sacerdotale

401 1786 760 1856 concilium;
818 1802 893 1842 ne
941 1803 1173 1842 eversae
1221 1787 1448 1858 patriae,
1479 1788 1963 1860 proditorumque
1993 1789 2148 1878 (δί-Β

403 1875 569 1931 vium
597 1877 886 1946 praestare
916 1891 1132 1932 causas
1160 1875 1239 1948 (8)
1269 1876 1683 1932 sacerdotibus
1730 1880 2063 1950 cogeretur.

401 1963 516 2030 Qui
544 1965 718 2020 etiam
744 1967 1037 2036 torquem,
1067 1968 1134 2020 ut
1164 1965 1474 2036 asseritur,
1507 1968 1564 2020 et
1599 1965 1924 2038 hrachiale,
1954 1966 2067 2023 Go-

399 2053 558 2109 thica
587 2053 934 2125 profanatus
961 2053 1040 2125 (9)
1077 2053 1392 2124 impietate,
1427 2070 1592 2110 more
1639 2055 1880 2110 indutus
1912 2071 2063 2128 gen-

398 2141 610 2213 tilium,
643 2158 831 2198 ausus
859 2143 938 2198 sit
990 2144 1054 2198 in
1101 2144 1426 2215 conspectu
1481 2144 1781 2200 exercitus
1824 2145 2066 2216 prodire

400 2231 690 2288 Romani:
724 2232 885 2305 quod
913 2232 1044 2288 sine
1073 2231 1254 2288 dubio
1283 2247 1404 2288 non
1433 2231 1630 2288 solum
1655 2233 1718 2288 in
1756 2235 2066 2291 sacerdote

400 2321 805 2393 sacrilegium,
855 2321 964 2376 sed
1003 2323 1178 2377 etiam
1216 2321 1274 2377 in
1325 2337 1681 2394 quocunque
1727 2321 2066 2379 Christiano

399 2412 532 2481 est;
579 2409 798 2466 etenim
834 2410 1116 2466 abhorret
1161 2426 1196 2466 a
1233 2426 1398 2466 more
1445 2411 1713 2468 Romano
1763 2411 1899 2482 (10).
1933 2412 2066 2468 Nisi

395 2498 553 2556 forte
583 2499 674 2556 sic
703 2499 900 2556 solent
927 2499 1255 2556 idololatrae
1295 2500 1642 2556 sacerdotes
1671 2501 1912 2572 prodire
1942 2501 2064 2558 Go-

397 2587 657 2644 thorum.

471 2677 560 2734 10.
583 2669 818 2734 Moveat
835 2677 1112 2750 pietatem
1126 2679 1388 2736 vestram
1425 2679 1794 2736 sacerdotale
1825 2695 2062 2752 nomen,

399 2767 560 2840 quod
606 2767 705 2824 ille
750 2769 1084 2843 sacrilegus
1123 2769 1405 2840 infamat;
1449 2771 1552 2842 qui
1596 2769 1772 2826 etiam
1820 2785 2066 2826 suorum

397 2856 673 2928 vocibus,
707 2858 763 2914 si
789 2859 891 2930 qui
919 2859 1116 2914 tamen
1145 2874 1470 2931 superesse
1516 2862 1792 2931 possunt,
1826 2859 2068 2914 nefandi

402 2945 654 3002 sceleris
683 2947 974 3021 arguitur.
1007 2947 1180 3004 Certe
1209 2949 1447 3004 domum
1474 2950 1702 3020 repetat
1731 2964 1920 3020 suam,
1946 2963 2066 3004 non

403 3035 760 3092 contaminet
785 3036 1228 3094 ﬂorentissimae
1257 3037 1438 3094 Italiae
1469 3037 1758 3110 civitates,
1791 3037 1892 3109 qui
1908 3053 2066 3093 nunc

2179 543 2237 596 et
2258 543 2645 598 seminarium
2674 548 2888 617 quaerit
2911 563 3038 604 suae
3056 549 3370 620 impietatis
3393 554 3566 624 atque
3586 555 3820 624 perfidiae

2177 645 2286 701 per
2306 647 2579 704 quosque
2596 635 2861 704 perditos
2885 637 3295 710 derelinquere
3319 641 3434 708 (11)
3456 657 3470 712 ;
3503 643 3604 712 qui
3623 643 3824 714 episco-

2178 735 2292 789 pus
2326 735 2464 775 esse
2495 737 2605 776 nec
2636 724 2831 794 coepit.
2867 725 3016 780 Nam
3055 727 3244 797 primo
3288 729 3606 785 Patavione
3635 747 3822 802 super-

2179 808 2413 878 positus
2481 809 2674 865 fuerat
2729 816 2938 869 sancto
3006 815 3134 870 viro
3193 816 3418 887 Marco,
3487 819 3822 878 admirabilis

2181 898 2482 953 memoriae
2531 901 2870 972 sacerdoti;
2921 903 3029 958 sed
3073 907 3465 977 posteaquam
3514 907 3824 965 deformiter

2181 984 2454 1056 dejectus
2485 1003 2520 1041 a
2546 988 2719 1059 plebe
2753 993 2866 1061 est,
2890 991 2990 1062 qui
3011 993 3331 1049 Patavione
3355 1010 3496 1050 esse
3518 999 3822 1070 nonpotuit,

2181 1073 2236 1128 is
2267 1089 2424 1129 nunc
2455 1075 2772 1132 Mediolani
2817 1082 2956 1149 post
3002 1082 3380 1138 eversionem
3435 1086 3657 1157 patria,
3686 1087 3824 1142 dica-

2181 1178 2316 1218 mus
2348 1164 2461 1234 (12)
2491 1165 2907 1238 proditionem,
2950 1167 3322 1240 inequitavit.

2254 1251 2341 1307 11.
2392 1252 2584 1324 Super
2638 1255 2915 1312 omnibus
2973 1273 3119 1330 ergo
3175 1261 3370 1331 pietas
3425 1263 3626 1318 vestra
3676 1265 3822 1321 nobis

2181 1340 2495 1396 consulere
2513 1342 2827 1416 dignetur;
2860 1361 2934 1401 ne
2964 1363 3078 1402 nos
3109 1347 3592 1422 obtemperantes
3627 1356 3816 1410 vestrae

2177 1429 2616 1502 tranquillitatis
2657 1433 2914 1504 statutis,
2957 1434 3181 1490 frustra
3238 1441 3604 1496 convenisse
3647 1441 3819 1497 videa-

2177 1533 2329 1574 mur.
2371 1519 2506 1575 Non
2545 1520 2740 1576 solum
2777 1523 2936 1578 enim
2996 1525 3330 1582 cavendum
3388 1531 3484 1582 est
3520 1544 3594 1584 ne
3631 1532 3820 1602 nostra,

2179 1607 2288 1662 sed
2317 1609 2494 1665 etiam
2522 1612 2724 1664 vestra
2753 1611 2989 1668 decreta
3019 1613 3384 1670 infamentur
3425 1617 3561 1688 (13).
3591 1619 3820 1674 Petimus

2177 1694 2360 1767 igitur
2387 1699 2451 1752 ut
2478 1697 2708 1770 legatos
2741 1701 3000 1772 concilii,
3035 1706 3280 1758 sanctos
3333 1704 3506 1761 viros
3538 1722 3702 1778 aeque
3731 1706 3823 1762 cle-

2178 1785 2393 1840 mentia
2422 1789 2623 1842 vestra
2652 1789 2856 1844 audire
2907 1791 3203 1862 dignetur,
3241 1795 3300 1848 et
3345 1810 3484 1849 cum
3515 1794 3718 1851 eti'ectu
3740 1811 3822 1852 eo-

2178 1889 2310 1930 rum
2361 1890 2494 1948 qum
2544 1877 2872 1950 poscimus,
2923 1880 3212 1934 maturius
3258 1881 3461 1938 redire
3518 1884 3824 1955 praecipiat;

2178 1965 2244 2018 ut
2298 1963 2630 2018 mercedem
2686 1965 2990 2037 recipiatis
3041 1985 3075 2023 a
3132 1969 3383 2026 Domino
3427 1972 3550 2028 Deo
3597 1971 3818 2038 Christo,

2180 2050 2356 2123 cujus
2385 2053 2674 2109 ecclesias
2721 2055 2794 2110 ab
2842 2055 3002 2111 omni
3050 2057 3492 2132 sacrilegorum
3539 2061 3669 2117 labe
3708 2077 3819 2132 pur-

2179 2141 2396 2212 gastis.

2249 2229 2338 2284 13.
2370 2230 2756 2288 Photinianos
2787 2248 3044 2306 quoque,
3079 2250 3232 2308 quos
3263 2239 3324 2292 et
3367 2239 3662 2310 superiori
3710 2239 3821 2310 lege

2178 2319 2502 2375 censuistis
2535 2320 2732 2376 nullos
2749 2321 2946 2378 facere
2969 2323 3191 2379 debere
3231 2330 3588 2399 conventus,
3629 2329 3681 2383 et
3713 2342 3816 2382 eam

2177 2423 2311 2478 quae
2333 2408 2404 2462 de
2427 2409 2803 2465 sacerdotum
2824 2412 3078 2468 concilio
3110 2413 3242 2468 data
3275 2419 3370 2470 est
3408 2416 3816 2490 congregando,

2177 2496 2548 2568 removistis;
2579 2499 2854 2569 petimus,
2886 2503 2950 2556 ut
2977 2500 3111 2572 (14),
3135 2503 3420 2573 quoniam
3461 2505 3521 2559 in
3545 2504 3816 2560 Sirmiensi

2177 2585 2390 2655 Oppido
2466 2587 2660 2642 adhuc
2736 2591 3068 2644 conventus
3135 2593 3364 2647 tentare
3432 2593 3809 2666 cognovimus,

2179 2673 2487 2729 clementia
2529 2678 2754 2747 vestra,
2795 2677 3104 2733 interdicta
3143 2680 3320 2734 etiam
3365 2697 3524 2738 nunc
3578 2682 3816 2752 coitione,

2175 2765 2570 2820 reverentiam
2632 2783 2893 2837 primum
2951 2768 3244 2825 Ecclesiae
3311 2763 3464 2827 810
3527 2770 3814 2838 catholicae,

2178 2852 2391 2908 deinde
2423 2853 2597 2908 etiam
2625 2853 2868 2928 legibus
2917 2858 3142 2913 vestris
3193 2858 3417 2914 deferri
3443 2859 3730 2931 jubeatis;
3769 2858 3816 2912 ut

2177 2944 2235 2998 et
2285 2958 2422 3012 vos,
2469 2942 2592 2999 Deo
2635 2945 2914 3016 praesule,
2963 2945 3342 3017 triumphetis
3393 2949 3528 3020 (15),
3573 2949 3668 3021 qui
3702 2945 3809 3019 paci

2178 3029 2583 3087 Ecclesiarum
2611 3033 2912 3106 quietique
2946 3035 3285 3091 consulitis.

471 3179 549 3265 (β)
577 3181 674 3265 ιτα.
692 3180 1050 3265 ξςε;ηοοάος
1081 3180 1230 3265 T6,".-
1263 3181 1662 3265 αυέθηιριίιιιθ
1701 3181 1838 3265 adit:
1864 3181 2062 3265 εἶθαρ-ι
2093 3171 2151 3243 ο
2181 3173 2375 3265 ἓφξηυ
2413 3175 3140 3265 "_21299:F9aa£9d_im33
3169 3177 3299 3259 αιὲεθ
3334 3179 3489 3265 ἀξιοῦν
3524 3181 3578 3265 es
3605 3176 3812 3265 ίοιίάςθρι

400 3251 591 3309 Labb.
623 3255 682 3308 et
707 3251 928 3324 Chifﬂ.,
965 3273 988 3304 ι
1023 3254 1184 3324 quod
1209 3253 1506 3321 tenebant,
1541 3251 1877 3308 sacerdotio
1907 3251 2068 3324 puta-

401 3340 538 3381 mus
567 3323 952 3396 abdicandos.
983 3323 1203 3396 Neque
1221 3325 1399 3393 enim,
1438 3326 1610 3396 ariete.

471 3396 550 3468 ('7)
581 3395 745 3468 Edit._
771 3396 942 3468 Rom.
977 3397 1034 3450 et
1065 3393 1251 3451 Labb.
1287 3411 1422 3468 cum
1451 3395 1596 3468 Tell.
1630 3393 1846 3468 cod.,:
1881 3397 1938 3450 et
1965 3401 2070 3464 pa'-

400 3464 539 3524 lam'
567 3465 1024 3538 sacrilegiis.....
1073 3465 1625 3538 comprehendat.)
1677 3464 1895 3538 Chifﬂ.‘
1933 3481 2068 3538 cum

403 3541 562 3612 Reg.
583 3537 715 3594 cod.
738 3535 880 3612 ut'in
911 3539 1097 3594 textu.
1139 3535 1298 3612 Infra
1327 3552 1490 3612 ve_ro_,
1524 3535 1626 3612 ubi
1668 3536 1844 3612 Attali
1867 3535 2066 3612 huius

401 3607 694 3684 magister
723 3610 1078 3680 nominatur,
1105 3609 1274 3666 solus
1299 3609 1428 3664 cod.
1453 3608 1681 3692 Regius
1703 3607 1882 3663 habet
1915 3607 2068 3691 {Ju-

401 3683 562 3738 liano
589 3681 854 3750 Valente,
891 3703 914 3730 n
950 3697 1084 3736 cum
1111 3696 1455 3752 praenomen
1482 3695 1544 3734 1n
1590 3679 1738 3752 Tell.
1781 3682 1839 3734 et
1876 3680 2068 3752 tribus

404 3723 544 3810 Ean.
590 3723 1088 3824 praetermittatur.
1111 3723 1252 3806 1r'Hic
1307 3767 1486 3822 porro
1535 3751 1774 3824 minime
1816 3750 2069 3824 confun-

405 3821 639 3880 dendus
669 3823 905 3879 videtur
933 3839 1068 3878 cum
1099 3821 1343 3878 Valente
1365 3823 1670 3878 Mursiano
1701 3821 1938 3877 Ursacii
1959 3821 2073 3876 col-

404 3895 562 3966 lega,
594 3908 770 3966 quem
798 3893 1123 3966 verisimile
1156 3896 1248 3950 est
1274 3897 1408 3966 ante
1439 3894 1598 3966 hunc
1629 3909 1849 3966 annum
1869 3893 2072 3966 vivere

406 3963 704 4021 desiisse:
737 3967 796 4036 at
815 3963 1022 4036 junior
1047 3965 1201 4020 alius
1229 3965 1426 4036 potius
1457 3965 1584 4036 fuit,
1619 3963 1722 4036 qui
1753 3963 2070 4036 Patavione

405 4037 470 4092 in
485 4035 788 4092 Pannonia
807 4033 1076 4090 intrusus
1117 4037 1192 4090 ab
1225 4033 1462 4090 Arianis
1483 4035 1539 4088 in
1558 4033 1763 4090 sedem
1784 4033 1970 4089 Marci
1993 4035 2074 4104 pii

407 4110 466 4164 et
497 4105 772 4162 catholici
801 4105 1069 4176 episcopi
1098 4107 1292 4162 adhuc
1321 4106 1664 4177 superstitis
1690 4121 1704 4174 ;
1753 4105 1870 4177 hoc
1915 4105 2074 4159 enim

407 4179 616 4252 signat
640 4197 664 4228 ι
701 4173 1154 4252 superpositus;
1201 4200 1223 4226 η
1259 4173 1416 4252 inde'
1435 4177 1603 4252 brevi
1651 4173 1788 4252 post
1816 4173 2070 4252 ejectus,

406 4247 720 4307 invltaliam
749 4247 921 4320 fugit,
955 4248 1175 4320 etillic
1201 4263 1305 4320 eas
1349 4247 1906 4320 turbasﬂexcitavit,
1941 4263 2073 4318 quae

406 4322 469 4376 in
497 4321 608 4376 hac
637 4317 912 4392 atquein
931 4319 1136 4375 ultima
1165 4319 1348 4392 hujus
1380 4319 1618 4376 concilii
1655 4317 1908 4389 epistola
1951 4317 2072 4373 ine-

406 4395 732 4450 morantur.

500 4465 556 4536 8)
587 4466 762 4521 Rom.
795 4463 958 4534 edit.,
994 4482 1024 4514 «
1055 4463 1274 4518 civium
1301 4463 1498 4518 dicere
1531 4477 1764 4518 causas.
1802 4483 1824 4510 ι»

477 4465 556 4606 $9)
589 4537 741 4606 Reg.
780 4534 936 4606 cod.,
979 4555 1002 4581 α
1038 4537 1095 4590 et
1121 4533 1460 4590 brachiales
1499 4533 1748 4590 Gothica
1796 4549 1824 4604 p

2181 3245 2336 3320 cod.,
2375 3267 2397 3293 ιι
2433 3247 2718 3320 maturius
2757 3247 2970 3302 redire.
3018 3245 3060 3297 »⁷
3086 3249 3280 3320 Magis
3312 3251 3390 3305 ad
3425 3253 3669 3306 mentem
3703 3262 3811 3304 con-

2180 3317 2470 3386 ciliorum,
2501 3317 2915 3390 pquaelongam
2945 3322 3043 3374 aut
3082 3317 3210 3375 non
3243 3321 3647 3376 necessariam
3684 3319 3813 3390 epis-

2181 3401 2465 3457 coporum
2495 3388 2556 3442 in
2584 3388 2918 3459 principum
2957 3391 3090 3444 aula
3130 3395 3647 3449 commorationem
3693 3388 3815 3446 nun-

2180 3474 2356 3529 quam
2387 3475 2504 3514 non
2535 3459 2902 3515 damnarunt.

2251 3529 2567 3604 (14)_Rom.
2600 3531 2736 3604 edit.
2771 3532 2918 3604 sola,
2956 3552 2980 3583 α
3014 3535 3187 3604 prout
3211 3532 3340 3604 jam
3375 3537 3430 3590 et
3477 3533 3810 3590 sacerdotum

2183 3601 2434 3656 concilio
2465 3602 2758 3672 sententia
2787 3602 2847 3656 in
2878 3618 2984 3658 eos
3013 3601 3128 3658 lata
3159 3601 3270 3660 est.
3309 3607 3570 3660 Petimus
3597 3606 3808 3672 insuper

2180 3674 2263 3748 ut,
2297 3674 2408 3726 etc.
2447 3692 2470 3722 ι
2501 3671 2690 3748 Quam
2718 3673 3029 3748 lectionem
3061 3675 3118 3748 si
3148 3677 3282 3746 quis
3323 3676 3592 3748 amplecti
3638 3671 3808 3748 voluef

2181 3742 2286 3820 rit,
2311 3743 2688 3820 sacerdotum
2713 3744 2859 3798 illud
2902 3741 3242 3820 concilium,
3281 3741 3472 3820 cujus
3522 3745 3720 3820 mentio
3757 3741 3806 3796 ﬁt

2180 3813 2242 3867 in
2272 3814 2382 3868 hac
2411 3815 2680 3885 epistola,
2713 3830 2832 3870 non
2862 3817 2992 3871 sine
3035 3813 3236 3872 causa
3264 3818 3336 3874 de
3371 3813 3616 3874 villorum
3643 3815 3808 3885 aliqua

2181 3885 2564 3958 intellexerit,
2623 3887 2686 3940 in
2750 3887 2968 3958 quibus
3026 3888 3341 3944 Photinum
3401 3889 3806 3958 condemnatum

2181 3955 2374 4032 fuisse
2403 3952 2628 4032 auctor
2646 3959 2739 4012 est
2767 3952 3057 4032 Hilarius
3093 3961 3154 4032 in
3183 3959 3538 4032 fragmentis
3565 3975 3690 4032 pag.
3719 3952 3804 4032 343

2183 4029 2240 4098 et
2267 4026 2390 4094 344,
2426 4027 2532 4081 ubi
2578 4029 2635 4082 et
2664 4029 2876 4098 synodi
2908 4025 3373 4086 Mediolanensis
3404 4049 3500 4086 an.
3549 4025 3804 4086 347'cele-

2182 4097 2386 4171 brata),
2437 4099 2510 4152 ad
2540 4097 2738 4171 quam
2787 4099 3048 4154 alludere
3107 4107 3358 4171 possent
3417 4104 3475 4158 hi
3529 4098 3801 4171 antistites,

2181 4168 2338 4244 idem
2375 4168 2658 4244 meminit.
2701 4170 2818 4244 Sed
2855 4171 3078 4244 in_aliis
3107 4168 3360 4244 quoque
3393 4172 3648 4244 conciliis
3675 4169 3803 4244 dam-

2183 4243 2358 4314 natus
2388 4239 2508 4314 fuit
2545 4241 2864 4314 haereticus
2902 4242 3020 4310 ille,
3065 4239 3154 4296 in'
3184 4239 3406 4314 quibus
3461 4239 3800 4314 Epiphanius:

2183 4310 2403 4386 haeresi
2433 4311 2520 4379 71,
2556 4313 2910 4386 Sardicense
2943 4317 3124 4383 ponit,
3160 4310 3276 4386 qua
3309 4316 3368 4369 in
3399 4333 3462 4370 re
3491 4310 3602 4386 non
3628 4321 3800 4386 omnei‘;

2183 4382 2282 4456 illi
2306 4378 2702 4456 consentiunt.
2745 4378 2962 4456 Verum
3010 4378 3143 4456 cum
3177 4378 3310 4441 ’(1υο
3360 4381 3722 4456 scripticod.
3755 4378 3800 4456 et

2183 4453 2424 4508 totidem
2455 4455 2592 4509 editi
2621 4455 2934 4510 lectionem
2963 4455 3135 4524 plane
3164 4457 3460 4512 diversam
3483 4451 3794 4512 'exhiheant,

500 4524 556 4608 9)
589 4537 741 4608 Reg.
780 4524 1002 4606 cod.,'«
1038 4537 1095 4590 et
1121 4533 1460 4590 brachiales
1499 4533 1748 4590 Gothica
1796 4530 2150 4608 profana-D
2186 4541 2458 4608 quaenam
2504 4526 2603 4608 lex
2651 4527 2713 4608 in
2768 4527 3012 4608 eosdem
3061 4527 3383 4608 haereticos
3414 4530 3543 4608 Allata
3587 4524 3793 4608 dicatur,

403 4609 768 4750 ιοῗίὧιςὲθῖι.
803 4677 935 4733 cod.
969 4679 1028 4734 et
1047 4676 1314 4750 Labb.,gq
1349 4676 1686 4732 Christiano
1716 4674 2072 4750 abho_rretur

407 4747 579 4804 mere
605 4751 908 4820 Romano;
955 4771 978 4797 ι»
1014 4750 1193 4820 Rom,
1221 4747 1382 4818 edit.,
1627 4751 1804 4819 atque
1853 4747 2074 4800 Roma-

409 4835 528 4892 no;
555 4839 588 4892 ρ
624 4821 775 4892 Reg.
809 4820 941 4892 cod.
975 4823 1034 4876 et
1060 4819 1257 4875 Chifﬂ.
1290 4824 1355 4892 ut
1383 4819 1443 4874 in
1471 4822 1658 4874 textu.

482 4890 598 4962 (11)
630 4887 817 4962 Rom.
838 4891 975 4945 edit.
985 4934 1000 4962 ,
1037 4913 1059 4939 ‹‹
1095 4894 1158 4946 ut
1186 4891 1451 4962 perditos
1483 4905 1754 4962 quosque
1771 4887 1900 4962 _sibi
1930 4903 2069 4962 co_n-_

411 4959 605 5033 ciliet';
671 4985 694 5012 ι»
745 4959 877 5033 aliae
905 4959 1138 5033 etmss.
1186 4959 1352 5018 inter
1407 4959 1910 5033 se_conveniuut,
1957 4959 2076 5033 nisi

408 5033 568 5105 quod
593 5029 706 5104 pro
736 5054 782 5105 Aa
817 5032 1252 5105 derelinquere,
1290 5055 1310 5082 η
1367 5033 1512 5088 Tell.
1547 5033 1724 5088 habet
1757 5056 1780 5079 α
1813 5029 2072 5086 derelin-

410 5103 636 5177 queret,
651 5176 660 5177 ί
673 5127 696 5154 n
713 5103 944 5177 Labb.,
987 5125 1023 5177 «_
1040 5103 1431 5177 delinqueret.
1469 5126 1494 5154 ιι

481 5175 594 5248 (12)
615 5175 792 5246 Edit.,
832 5196 855 5221 α
887 5189 962 5248 ne
993 5173 1262 5248 dicamus
1291 5192 1304 5246 ;
1338 5198 1380 5248 7i»
1429 5190 1612 5248 mss,
1643 5196 1665 5222 τι
1698 5173 2004 5248 dicamus:
2045 5195 2066 5220 ιι

409 5251 469 5304 at
495 5243 598 5304 ubi
629 5243 786 5319 Reg.
819 5246 950 5319 cod.
985 5249 1042 5319 et
1075 5247 1243 5302 Rom.
1285 5243 1424 5319 edit.
1457 5246 1740 5319 exhibent
1771 5264 1799 5319 «_
1847 5243 2006 5319 latet,
2045 5261 2066 5294 r

409 5319 598 5375 Labb.
617 5315 766 5392 legit
785 5339 810 5368 ιι
832 5317 1184 5392 inquietavit
1203 5334 1218 5388 ;
1240 5338 1270 5392 p
1290 5317 1438 5392 Tell,
1465 5320 1522 5372 et
1542 5315 2072 5392 Chifﬂ.,_inequ_ita-

407 5393 530 5462 vit;
567 5411 592 5444 ι
625 5387 814 5446 εᾱηειι
841 5387 1080 5460 quidem
1110 5389 1348 5446 minime
1381 5389 1642 5457 diverso,
1661 5387 1852 5462 verbo
1879 5389 2073 5440 autem

407 5457 603 5535 magis
635 5457 1050 5518 Ambrosiano.
1087 5462 1324 5516 Rursus
1352 5477 1495 5515 vero
1520 5477 1624 5530 pro
1661 5481 1682 5508 α
1719 5457 1892 5512 nobis
1934 5472 2074 5511 con-

411 5534 632 5597 sulere,
669 5553 692 5583 ι
755 5536 818 5588 ut
862 5534 922 5587 in
985 5535 1134 5597 Reg.
1171 5533 1302 5587 cod.
1337 5535 1393 5586 ct
1453 5533 1622 5586 Rom.
1657 5530 1794 5584 edit.
1832 5528 2067 5597 legitur,

411 5544 632 5592 sulere.
669 5553 692 5583 ι
755 5544 818 5588 ut
862 5550 922 5587 1n
985 5544 1134 5592 H02.
1171 5544 1302 5587 cod.
1337 5544 1393 5586 ct
1454 5544 1622 5586 Hom.
1657 5544 1794 5584 cum.
1835 5544 2067 5592 legitur,

411 5551 632 5606 suiere,
669 5553 692 5583 ι
755 5551 818 5588 ιιι
862 5551 922 5587 1n
985 5551 1134 5604 κως.
1171 5551 1302 5587 cou.
1337 5551 1393 5586 et
1454 5551 1622 5586 nom.
1657 5551 1794 5584 cun.
1835 5551 2066 5597 lugu-ur,

410 5605 597 5660 Labb.
631 5607 688 5660 et
704 5605 899 5660 Chifi‘l.
925 5620 1060 5659 cum
1083 5604 1230 5658 Tell.
1255 5619 1368 5656 lIlS.
1391 5603 1607 5656 habent
1630 5622 1650 5648 α
1679 5599 1996 5653 consolari.
2044 5621 2066 5646 ω

483 5675 594 5743 (13)
636 5678 787 5746 Reg.
835 5691 972 5743 ms.,
1027 5696 1048 5722 α
1094 5675 1414 5746 laedantur;
1463 5670 1747 5746 nACbifflq
1799 5668 2070 5746 lludanf

411 5738 540 5799 tur:
577 5738 610 5794 ⁷»
677 5738 816 5800 edit.
889 5738 1082 5813 Rom.,
1157 5765 1180 5790 α
1221 5738 1634 5808 inﬁi‘mentur;
1706 5763 1727 5786 ι)
1799 5738 1944 5813 Tell.
1982 5741 2072 5813 __et

414 5813 635 5885 Labb.,
701 5807 1079 5872 infamantur;
1150 5835 1172 5863 υ
1242 5814 1458 5869 lterum
1520 5807 1694 5881 vero,
1761 5807 1866 5864 ubi
1931 5808 2068 5864 edit.

2185 4597 2359 4651 modo
2389 4597 2824 4668 inquirendum.
2861 4598 3150 4652 Baronius
3183 4601 3254 4653 ad
3287 4618 3379 4654 an.
3411 4598 3506 4654 381
3541 4611 3657 4668 eam
3685 4603 3795 4646 esse

2184 4669 2444 4740 autumat
2472 4666 2522 4722 *6
2565 4691 2599 4740 «ί
2641 4669 2785 4740 Leg.
2837 4669 2908 4722 de
2960 4669 3294 4736 Haereticis,
3351 4691 3372 4720 ι
3423 4685 3550 4740 qua
3595 4666 3710 4720 data
3749 4672 3796 4712 ιν

2183 4739 2324 4794 Idus
2363 4739 2628 4813 Januarii
2653 4739 2924 4813 hujusce
2963 4741 3143 4813 anni,
3169 4739 3650 4813 Plioliniaui_s,_ne
3682 4743 3790 4813 co_n’

2183 4813 2396 4865 ventus
2435 4809 2495 4864 in
2533 4809 2784 4864 urbibus
2824 4811 3096 4880 habeant,
3132 4811 3446 4866 interdicit.
3477 4809 3584 4865 Sed
3610 4809 3791 4880 opinio-

2185 4881 2245 4934 ni
2301 4882 2439 4954 huic
2497 4881 2813 4954 opponitur
2851 4882 2906 4954 1ο
2941 4877 3243 4954 ῇοηίθεεθ
3283 4881 3575 4954 probabiie
3609 4877 3786 4954 legem,

2183 4967 2316 5022 quae
2348 4953 2408 5008 in
2439 4945 2664 5006 oriente
2694 4953 2806 5006 lata
2839 4952 3034 5018 fuerit,
3071 4953 3248 5008 isthic
3283 4945 3485 5021 citari;
3523 4949 3576 5004 “2°
3594 4945 3786 5022 sextam

2183 5018 2342 5078 illam
2380 5025 2574 5094 legem
2612 5039 2732 5078 non
2767 5023 2841 5078 ad
2878 5024 3266 5080 Photinianos
3305 5018 3484 5091 solos,
3516 5018 3785 5094 sedqetiam

2183 5095 2267 5167 ad;
2303 5091 2468 5150 alios'
2494 5095 2812 5167 nonnullos
2863 5094 3179 5150 haereticos
3219 5097 3524 5167 pertinere.
3561 5091 3784 5167 Attamen

2183 5165 2390 5236 primae
2428 5166 2638 5222 rationi
2678 5167 2995 5235 responsio
3035 5163 3233 5220 facilis
3260 5170 3438 5234 esset,
3471 5165 3604 5217 hanc
3631 5163 3780 5236 ipsam

2183 5221 2695 5310 legemﬁadoptari
2750 5221 3018 5310 p‘otuisse
3084 5253 3118 5290 a
3184 5221 3490 5310 Gratiano:
3549 5221 3780 5310 secundi?

2182 5305 2347 5378 ve'ro,
2389 5305 2771 5363 Photi’nianos
2809 5309 3032 5378 primos
3062 5324 3131 5362 ac
3155 5309 3494 5378 praecipuos
3511 5314 3649 5366 esse,
3679 5305 3784 5378 003'

2182 5382 2273 5435 tra
2310 5373 2462 5450 quos
2500 5379 2598 5433 lex
2639 5373 2844 5434 eadem
2894 5373 3262 5450 promulgata
3304 5373 3410 5434 est.
3453 5376 3642 5450 verum
3673 5373 3777 5450 Icili“

2184 5435 2603 5520 haec‘epistola
2641 5449 2796 5522 lege,
2837 5435 3011 5520 quam
3051 5435 3163 5504 hic”
3187 5451 3420 5522 allegat,
3458 5446 3609 5522 aliam
3642 5435 3778 5522 αῖξξῗξ

2186 5524 2312 5591 gari
2369 5504 2736 5585 testiﬁcetur:
2784 5504 2945 5592 ἱμῇλά
2987 5539 3102 5574 non
3165 5504 3446 5590 reperitur
3507 5517 3560 5569 in
3607 5504 3772 5592 08432

2184 5583 2316 5664 lege
2345 5594 2397 5662 6,
2433 5593 2570 5646 hinc
2605 5583 2952 5663 intelligitur
2979 5594 3152 5646 aliam
3182 5583 3518 5663 quampiam,
3538 5594 3652 5656 quae
3679 5583 3770 5628 11°”

2183 5665 2464 5734 supersit,
2498 5679 2531 5716 a
2565 5665 2816 5736 concilio
2849 5665 3316 5736 commemorari.
3390 5732 3401 5736 _

2253 5727 2364 5804 (15)
2401 5727 2568 5789 lium.
2613 5735 2772 5801 edit.,
2815 5757 2836 5780 α
2872 5735 3176 5788 ὶιιῖωάιυᾋξ
3213 5736 3317 5788 huc
3353 5732 3472 5803 ejus
3497 5727 3760 5782 coitionem

2182 5809 2246 5862 ut
2274 5810 2330 5862 et
2361 5822 2489 5878 vos,
2526 5805 2648 5860 Deo
2680 5808 3021 5877 praestante,
3056 5805 3440 5878 triumplietis.
3475 5822 3492 5848 υ
