4072 6174
175 292 305 360 985

764 499 1131 556 EPISTOLA
1150 502 1227 557 XI
1239 544 1250 556 .

169 587 667 665 Imperatoribus,
694 589 833 661 quid
862 590 926 644 in
954 591 1391 665 synodqactum
1415 591 1622 665 fuerit,
1656 593 1855 665 signi-

292 665 469 734 cant_;
504 676 722 732 eosque
747 662 1011 734 monent,
1046 678 1122 734 ne
1157 662 1439 716 Ursinum
1469 662 1592 717 sibi
1614 662 1855 734 patian-

253 738 352 802 tur
380 730 697 800 ebrepei'a,
732 732 920 802 ipsum
944 730 1253 787 tarbarum
1277 739 1594 802 auctorem,
1614 730 1725 788 nec
1743 752 1854 789 non

250 800 462 887 infami
493 800 1109 887 crimine‘aecusatum
1144 800 1589 887 asseverantes.
1624 806 1855 887 Rogant

250 873 506 945 denique
541 879 600 927 ut
629 874 878 927 Romani
908 874 1078 945 cIeri,
1115 891 1182 929 ac
1214 874 1395 929 simul
1423 877 1675 930 omnium
1705 873 1857 931 inco-

246 943 507 998 lumitati
529 945 921 1015 prospicient.

172 1030 639 1103 Imperatoribus
670 1032 1174 1104 clementissimis,
1195 1036 1252 1089 et
1263 1034 1635 1107 principibus
1652 1034 1855 1091 Chris-

245 1120 452 1190 tianis,
506 1121 972 1192 gloriosissimis
1012 1137 1081 1176 ac
1110 1122 1479 1178 beatissimis
1516 1124 1853 1195 Gaurano,

248 1208 713 1279 VALENTINIANO,
739 1212 795 1263 et
812 1209 1170 1281 Taeonosro,
1193 1212 1515 1267 concilium
1536 1214 1693 1285 quod
1713 1230 1857 1269 con-

248 1299 410 1351 venit
437 1298 751 1368 Aquileiae.

250 1386 301 1441 1.
328 1386 648 1440 Provisum
682 1389 773 1441 est
795 1387 1051 1458 quidem,
1090 1389 1541 1443 clementissimi
1556 1390 1857 1461 principes

179 1477 404 1530 vestrae
432 1475 872 1545 tranquillitatis
913 1477 1170 1547 statutis,
1205 1494 1279 1532 ne
1330 1478 1687 1534 Arianorum
1727 1496 1860 1550 per-

180 1563 329 1617 ﬁdia
358 1564 548 1633 possit
574 1563 826 1619 ulterius
856 1565 950 1619 vel
1001 1565 1182 1620 latere
1214 1566 1308 1621 vel
1340 1582 1612 1637 serpere;
1644 1568 1858 1624 etenim

174 1650 456 1711 effectum
486 1652 718 1707 concilii
751 1654 1008 1708 decretis
1040 1658 1315 1725 putamus
1348 1657 1588 1711 minime
1618 1656 1856 1711 defutu-

169 1756 308 1795 rum
333 1740 484 1809 (16):
533 1757 668 1795 nam
721 1746 1004 1813 quantum
1054 1744 1128 1798 ad
1170 1748 1370 1815 partes
1418 1748 1645 1816 spectat
1685 1745 1857 1800 Occi-

174 1828 400 1899 dentis,
432 1829 547 1884 duo
576 1832 800 1885 tantum
832 1832 1051 1901 reperti
1082 1836 1242 1903 sunt,
1275 1834 1372 1904 qui
1399 1833 1683 1888 auderent
1712 1849 1855 1904 pro-

169 1916 332 1972 fanis
373 1921 430 1972 et
455 1918 654 1990 impiis
683 1919 937 1974 vocibus
971 1921 1212 1976 obviare
1245 1921 1520 1993 concilio,
1551 1922 1654 1976 vix
1673 1938 1859 1995 angu-

169 2005 295 2060 lum
329 2007 616 2077 Ripensis
647 2008 844 2063 Dacize
876 2009 1116 2064 turbare
1150 2011 1440 2065 consueti.

244 2095 298 2149 2.
364 2094 540 2149 Aliud
576 2099 669 2151 est
718 2113 834 2167 quo
872 2098 1065 2170 magis
1106 2100 1399 2171 angimur,
1434 2100 1507 2155 de
1536 2116 1674 2172 quo,
1707 2116 1859 2171 quo-

170 2183 337 2238 niam
360 2186 771 2257 convenimus,
806 2185 919 2241 fuit
948 2188 1058 2241 rite
1098 2190 1505 2260 tractandum;
1552 2205 1625 2244 ne
1654 2192 1861 2259 posset

164 2274 362 2326 totum
395 2288 615 2344 corpus
638 2273 930 2330 Ecclesiae
960 2278 1081 2331 toto
1122 2277 1266 2331 orbe
1312 2276 1613 2347 diffusum,
1648 2281 1703 2332 et
1732 2278 1861 2332 uni-

181 2375 369 2415 versa
399 2362 636 2417 turbare
678 2364 815 2434 (17).
852 2364 1001 2417 Nam
1032 2364 1169 2419 licet
1200 2365 1543 2437 frequenter
1572 2382 1861 2421 convene-

178 2450 380 2504 rimus
412 2449 697 2505 Ursinum
729 2452 841 2522 (18)
872 2469 990 2507 non
1017 2454 1288 2524 potuisse
1336 2454 1626 2525 obrepere
1656 2455 1859 2525 pietati

170 2541 403 2593 vestrae
433 2542 728 2611 (quamvis
761 2542 1022 2612 quietum
1046 2542 1193 2597 nihil
1225 2559 1364 2599 esse
1380 2545 1652 2615 patiatur,
1688 2547 1745 2599 et
1773 2545 1860 2599 in-

163 2630 267 2682 ter
316 2629 401 2681 tot
449 2628 699 2683 bellicas
757 2632 1155 2686 necessitates
1207 2632 1474 2702 obreptio
1529 2633 1860 2702 importuna

160 2718 480 2788 tentetur),
514 2720 709 2773 tamen
738 2734 813 2774 ne
846 2723 1048 2775 sancta
1103 2736 1272 2775 mens
1304 2724 1527 2791 vestra,
1562 2721 1861 2792 animique

154 2806 601 2877 tranquillitas,
618 2824 751 2878 quae
775 2809 1052 2864 omnibus
1077 2808 1391 2864 consulere
1413 2810 1613 2881 gestit,
1638 2810 1859 2880 impor-

152 2895 293 2949 tuni
325 2895 586 2951 hominis
618 2897 891 2951 simulata
936 2897 1272 2953 adulatione
1318 2898 1606 2969 ﬂectatur,
1640 2899 1859 2969 depre-

157 2983 398 3039 candos
429 3000 542 3039 vos
586 2988 643 3040 et
686 2986 1119 3056 obsecrandos,
1172 2986 1226 3040 si
1271 2987 1587 3054 dignanter
1615 2988 1855 3058 ducitis,

160 3074 570 3144 aestimamus,
624 3090 742 3129 non
785 3075 982 3131 solum
1029 3079 1440 3146 praecaventes
1490 3076 1706 3147 futura,
1749 3076 1859 3130 sed

156 3163 348 3217 etiam
377 3164 707 3233 praeterita,
752 3180 886 3235 quae
924 3164 1048 3235 jam
1087 3165 1280 3234 ipsius
1328 3166 1653 3220 temeritate
1687 3167 1858 3237 gesta

156 3254 331 3320 sunt,
369 3252 925 3321 perhorrescentes.
961 3254 1112 3307 Nam
1144 3254 1198 3307 si
1229 3254 1487 3325 aliquam
1525 3254 1679 3308 viam
1715 3269 1857 3308 nac-

156 3343 268 3394 tus
299 3339 482 3394 fuerit
511 3341 794 3412 audaciae,
829 3342 970 3413 quid
999 3358 1117 3397 non
1148 3342 1245 3396 ille
1280 3343 1599 3397 confundat
1625 3344 1653 3397 ?

236 3428 295 3484 3.
331 3428 450 3483 Sed
496 3430 549 3483 si
580 3432 759 3485 unius
804 3432 1104 3485 miseratio
1152 3447 1263 3486 vos
1312 3432 1612 3485 inflectere
1640 3434 1854 3502 potest,

157 3518 357 3573 multo
379 3519 571 3590 magis
604 3535 715 3574 vos
746 3521 1010 3591 precatio
1044 3521 1306 3575 omnium
1322 3524 1557 3574 moveat
1578 3521 1858 3575 sacerdo-

161 3610 315 3662 tum.
353 3604 497 3672 Quis
531 3608 687 3663 enim
716 3611 984 3663 nostrum
1007 3609 1063 3663 ei
1095 3609 1529 3663 communionis
1575 3608 1855 3664 societate

240 3748 364 3819 (16)
394 3749 481 3804 Ita
511 3751 661 3821 Reg.
698 3752 827 3806 cod.
863 3754 920 3805 et
963 3750 1315 3805 Sirmondus
1350 3766 1362 3806 :
1395 3752 1453 3805 at
1500 3750 1636 3806 edit.
1680 3752 1849 3807 Rom.

158 3821 356 3885 addit,
396 3843 417 3870 α
447 3837 555 3877 nec
586 3823 643 3876 id
677 3826 916 3877 temere.
956 3845 978 3870 »ι

234 3892 357 3962 (17)
393 3893 562 3947 Rom.
584 3894 745 3962 edit.,
781 3893 947 3964 «jam
967 3893 1205 3948 turbare
1230 3894 1519 3948 consueti.
1554 3892 1669 3948 Sed
1691 3893 1849 3947 aliud

158 3967 261 4018 est
291 3967 535 4037 propter
572 3965 729 4035 quod
761 3965 954 4037 magis
999 3966 1193 4020 animo
1233 3967 1575 4036 angimur...
1625 3967 1681 4019 et
1712 3965 1849 4019 uni-

158 4050 351 4089 versa
382 4034 627 4089 findere.
661 4059 683 4083 ι»

231 4104 354 4175 (18)
388 4105 645 4160 Ursinus
681 4107 794 4160 hic.
840 4107 968 4160 sive
999 4106 1335 4172 Ursicinus,
1359 4106 1459 4177 qui
1492 4106 1850 4176 presbytera

160 4177 411 4230 Liberio
435 4177 647 4245 factus,
682 4178 947 4232 basilicae
978 4178 1151 4232 Julia;
1200 4178 1528 4231 ministerio
1577 4179 1848 4231 addictus

160 4250 315 4315 erat,
351 4248 422 4300 ab
455 4247 530 4301 iis
561 4250 659 4317 qui
692 4249 1068 4303 adhaeserant
1098 4249 1289 4304 eidem
1323 4250 1581 4317 Liberio,
1618 4249 1845 4302 electus

162 4319 275 4372 fuit
298 4319 361 4371 in
392 4320 749 4387 pontiﬁcem,
784 4324 846 4373 ut
886 4321 1138 4373 Damaso
1170 4321 1271 4389 qui
1320 4320 1540 4373 Felicis
1580 4321 1847 4389 partibus

160 4390 495 4458 studuerat,
521 4392 576 4442 et
598 4391 968 4444 ministrabat
996 4392 1055 4443 in
1079 4392 1491 4459 Laurentiana,
1522 4405 1849 4459 opponere-

167 4464 284 4514 tur.
326 4460 453 4514 Hoc
482 4460 799 4515 dissidium
826 4462 1292 4531 quamplurimas
1322 4462 1476 4515 inter
1505 4462 1713 4515 fideles
1736 4477 1849 4530 pu-

166 4547 323 4601 gnas
355 4547 423 4585 ac
453 4532 653 4586 caedes
676 4533 1171 4602 intulit,‘quarum
1193 4549 1434 4586 causam
1453 4534 1511 4585 in
1531 4534 1847 4586 Damasum

165 4602 409 4672 quidem
430 4602 742 4674 refundere
767 4609 1052 4658 conantur
1070 4604 1447 4658 Marcellinus
1469 4608 1643 4674 atque
1662 4602 1845 4657 Faus-

167 4674 330 4727 tinus
364 4673 752 4745 schisﬁmatici,
786 4675 1003 4745 quibus
1024 4676 1199 4728 ctiam
1231 4675 1505 4728 subsidio
1528 4673 1689 4727 venit
1710 4677 1845 4727 Am-

166 4745 407 4798 mianus
458 4744 769 4816 religionis
800 4744 1153 4799 Christiana-3
1193 4749 1432 4815 apertus
1472 4745 1708 4812 hostis;
1739 4760 1847 4799 ve-

166 4832 296 4869 rum
354 4815 553 4884 quanti
605 4815 800 4870 facere
841 4821 1114 4886 oporteat
1155 4815 1499 4886 hujusmodi
1534 4816 1837 4870 hominum

166 4886 529 4955 testimonia,
561 4902 732 4941 nemo
750 4904 868 4941 non
889 4888 1065 4941 videt.
1090 4885 1259 4941 Certe
1286 4888 1599 4940 Damasum
1613 4886 1846 4939 abunde

166 4972 199 5009 a
230 4957 406 5025 culpa
428 4956 679 5011 liberant
697 4974 831 5011 cum
852 4958 1108 5012 Joventii
1130 4974 1198 5011 ac
1232 4959 1568 5012 Prmtextati
1598 4957 1845 5026 praefec-

166 5030 364 5081 torum
411 5027 592 5083 Urbis
640 5033 759 5082 tum
808 5029 1242 5083 Valentinianni
1290 5029 1483 5098 ipsius
1532 5027 1843 5082 sententiae

168 5098 457 5170 Ursinum
495 5100 678 5153 Roma
724 5101 1142 5170 expellentium
1170 5116 1183 5167 ;
1216 5101 1470 5153 maxime
1518 5115 1663 5153 vero
1695 5114 1843 5170 con-

169 5169 442 5241 ciliorum
488 5171 887 5225 Romanorum
918 5175 975 5225 et
1024 5171 1206 5240 hujus
1246 5170 1652 5241 Aquileiensis
1679 5169 1843 5240 judi-

170 5240 277 5308 cia,
314 5240 509 5312 elogia
542 5247 884 5296 sanctorum
916 5241 1216 5296 Ambrosii
1250 5240 1424 5312 atque
1457 5242 1799 5311 Hieronymi
1828 5256 1844 5311 ;

173 5325 241 5365 ac
269 5311 509 5365 demum
540 5313 757 5382 Rufini,
810 5312 1075 5368 Socratis
1118 5311 1485 5384 aliorumque
1526 5313 1846 5367 historico-

172 5397 300 5436 rum
330 5384 688 5438 testimonia.

241 5454 356 5523 (19)
387 5454 531 5509 Cod.
568 5456 743 5526 Reg.,
781 5477 803 5503 α
834 5455 1007 5510 toties
1041 5455 1351 5509 damnatos
1381 5455 1700 5509 incessit...
1738 5454 1847 5520 Qui

174 5526 327 5597 quod
362 5526 649 5597 plerique,
684 5531 794 5580 etc.
834 5549 855 5573 η

240 5595 355 5670 (29)
402 5595 547 5670 Quo'
575 5597 807 5652 facilius
854 5598 1215 5670 intelligatur
1259 5597 1838 5670 quodnam_tempus

170 5663 261 5718 hic
291 5666 660 5737 designetur,
694 5670 935 5723 adverte
972 5663 1485 5738 Urvsinum,‘quem
1515 5668 1589 5721 ad
1620 5663 1842 5721 exstin-

169 5738 467 5805 guendum
496 5739 807 5793 seditionis
830 5740 1166 5795 incendium
1190 5737 1449 5795 ann.366
1474 5737 1750 5811 ejcccrat,
1774 5741 1834 5792 ut

1384 298 1997 369 EPISTOLARUM
2028 303 2364 368 CLASSIS
2390 305 2439 369 Ι.

1892 3218 1947 3288 C

1955 5615 2128 5668 Sirm.
2163 5618 2217 5668 et
2239 5608 2392 5685 'Beg.
2430 5614 2560 5667 cod.
2596 5616 2657 5667 ut
2685 5614 2743 5665 in
2766 5608 2947 5678 textu,
2984 5612 3098 5685 nisi
3132 5608 3287 5678 quod
3317 5622 3424 5675 pro
3462 5630 3480 5650 υ

1955 5687 2236 5758 spirabat,
2276 5708 2296 5734 η
2334 5681 2509 5740 Sirm.
2545 5685 2724 5740 edidit
2757 5704 2778 5729 «
2808 5681 3104 5751 sperabat.
3149 5700 3169 5727 η

3523 306 3644 375 986

1883 488 1941 559 3
1962 504 2268 578 jungatur,
2304 523 2437 562 cum
2468 509 2791 565 indebitum
2812 510 2928 566 sibi
2959 510 3206 583 gradum
3227 526 3517 582 usurpare
3545 528 3637 569 co-

1968 598 2143 650 natus
2176 596 2274 667 sit,
2294 612 2402 652 nec
2427 596 2563 668 jure
2595 599 2667 653 ad
2713 615 2844 654 eum
2892 601 3145 671 potuerit
3181 602 3535 671 pervenire;
3587 604 3644 657 et

1970 699 2145 754 quem
2185 685 2518 756 importune
2565 686 2876 759 affectavit,
2918 690 3424 760 importunissime
3486 690 3625 753 811

1970 777 2237 843 repetere
2267 776 2584 832 moliatur?
2614 778 2943 833 Turbarum
2972 780 3147 833 toties
3182 779 3513 848 damnatus,
3544 779 3641 833 in-

1973 864 2126 917 cedit
2165 864 2277 934 (19)
2326 865 2517 920 adhuc
2549 868 2721 937 quasi
2764 868 3079 938 praeteritis
3132 884 3251 922 non
3282 867 3639 938 perhorres-

1974 953 2199 1007 cendus
2230 955 2538 1025 exemplis.
2561 955 2672 1020 Qui
2701 956 3047 1028 plerumque
3079 957 3259 1025 (sicut
3289 957 3350 1011 in
3365 956 3479 1011 hoc
3501 972 3641 1012 con-

1974 1042 2108 1097 cilio
2140 1044 2553 1114 cognovimus,
2592 1050 2648 1099 et
2695 1046 2974 1115 vidimus)
3009 1062 3144 1100 cum
3189 1045 3427 1101 Arianis
3463 1061 3641 1116 copu-

1970 1130 2124 1185 latus
2156 1135 2329 1203 atque
2361 1132 2717 1204 conjunctus
2747 1138 2872 1190 erat
2923 1150 2992 1189 eo
3021 1137 3302 1205 'tempore
3356 1133 3489 1206 (‘20),
3523 1150 3639 1205 quo

1970 1220 2207 1274 turbare
2230 1221 2730 1278 Mediolanensem
2749 1224 3077 1279 Ecclesiam
3109 1228 3265 1280 cmtu
3297 1223 3641 1278 detestabili

1973 1309 2322 1364 moliebatur
2354 1327 2487 1366 cum
2507 1312 2746 1368 Valente
2776 1312 2889 1385 (2t)
2925 1329 2937 1368 :
2963 1329 3119 1369 nunc
3150 1316 3281 1368 ante
3304 1312 3641 1384 Synagogae

1972 1398 2154 1469 fores,
2190 1415 2345 1454 nunc
2376 1400 2436 1454 in
2453 1401 2805 1457 Arianorum
2819 1402 3091 1457 domibus
3116 1403 3377 1457 miscens
3410 1400 3642 1456 occulta

1972 1488 2259 1557 concilia,
2310 1491 2365 1543 et
2404 1505 2551 1545 suos
2597 1491 2684 1546 eis
2719 1490 3025 1564 jungens;
3080 1494 3137 1546 et
3186 1490 3464 1562 quoniam
3509 1490 3640 1560 ipse

1967 1580 2166 1646 aperte
2196 1577 2256 1631 in
2286 1593 2489 1632 eorum
2521 1581 3017 1652 congregationes
3049 1579 3286 1650 prodire
3319 1595 3437 1634 non
3466 1581 3640 1649 pote-

1968 1669 2076 1735 rat,
2110 1666 2413 1721 instruens
2444 1670 2502 1721 et
2530 1668 2858 1722 informans
2873 1668 3368 1740 quemadmodum
3400 1682 3517 1737 pax
3535 1667 3643 1721 Ec-

1970 1755 2171 1809 clesiae
2201 1755 2538 1810 turbaretur
2568 1756 2682 1825 (22)
2718 1772 2731 1811 :
2756 1772 3007 1826 quorum
3035 1756 3237 1811 furore
3275 1756 3632 1826 respirabat,

1888 1864 1945 1931 Β
1968 1844 2127 1916 quod
2158 1859 2362 1899 eorum
2392 1847 2599 1915 posset
2629 1846 2892 1900 fautores
2923 1848 2979 1899 et
3022 1845 3223 1900 socios
3254 1844 3527 1900 emereri.

2040 1935 2092 1988 4.
2128 1932 2275 1988 Cum
2320 1933 2502 2005 igitur
2548 1933 2834 2004 scriptum
2866 1934 2944 1988 sit
2982 1951 2993 1989 :
3041 1957 3062 1982 ‹‹
3119 1934 3478 1990 Ηεενθιίοιιῐη
3507 1936 3644 2004 post

1968 2038 2143 2076 unam
2191 2023 2625 2092 correptionem
2672 2024 2865 2077 devita
2901 2022 3044 2091 (Tit.
3079 2040 3161 2093 III,
3195 2022 3307 2091 10),
3362 2044 3384 2072 υ
3422 2038 3554 2077 cum
3587 2025 3645 2077 et

1968 2111 2120 2165 alius
2149 2111 2243 2164 vir
2272 2115 2476 2165 sancto
2495 2111 2728 2165 locutus
2751 2111 2991 2181 Spiritu,
3017 2111 3231 2166 dixerit
3254 2111 3640 2165 declinandas

1969 2199 2315 2271 hujusmodi
2341 2199 2587 2268 bestias,
2622 2215 2732 2253 nec
2762 2200 3111 2254 salutatione
3148 2199 3523 2269 recipiendas
3556 2198 3645 2267 (II

1970 2289 2137 2344 Joan.
2171 2288 2281 2358 10),
2314 2303 2505 2358 neque
2546 2303 2917 2360 congressu:
2953 2288 3248 2358 quomodo
3288 2287 3417 2342 ﬁeri
3446 2289 3643 2357 potest

1969 2381 2033 2432 ut
2071 2393 2207 2432 eum
2245 2392 2420 2448 quem
2459 2376 2727 2431 societati
2765 2391 2971 2431 eorum
3008 2377 3301 2431 insertum
3338 2376 3599 2430 vidimus
3628 2418 3642 2446 ,

1969 2483 2088 2522 non
2130 2466 2303 2521 etiam
2333 2468 2695 2521 assertorem
2749 2465 3012 2536 perfidiae
3052 2464 3442 2537 judicemus?
3490 2464 3643 2530 Quid

1970 2557 2142 2611 etiam
2173 2556 2227 2609 si
2276 2555 2547 2609 deferet?
2586 2557 2781 2610 tamen
2822 2555 3001 2609 totius
3051 2554 3216 2609 orbis
3259 2554 3510 2609 Romani
3541 2569 3642 2609 ca-

1966 2647 2070 2716 put
2102 2645 2426 2699 Romanam
2446 2643 2796 2713 Ecclesiam,
2820 2646 2993 2715 atque
3015 2643 3176 2697 illam
3197 2644 3642 2697 sacrosanctam

1968 2733 2339 2803 apotolorum
2377 2733 2550 2786 ﬁdem
2591 2748 2663 2787 ne
2718 2733 2943 2787 turbari
2981 2732 3225 2802 sineret,
3274 2731 3645 2786 obsecranda

1968 2821 2076 2877 fuit
2107 2823 2413 2876 clementia
2446 2824 2685 2892 vestra;
2727 2822 2863 2877 inde
2916 2822 3072 2875 enim
3117 2822 3174 2875 in
3220 2836 3426 2875 omnes
3459 2836 3643 2875 vene-

1967 2912 2168 2966 randa
2200 2911 2632 2966 communionis
2658 2911 2793 2982 jura
2808 2911 3123 2965 dimanant.
3149 2910 3221 2964 Et
3238 2910 3369 2965 ideo
3383 2909 3642 2982 petimus

1968 3004 2025 3056 et
2051 3017 2335 3073 rogamus
2360 3003 2420 3054 ut
2449 3000 2771 3071 obrependi
2814 3000 2864 3055 ei
2896 3000 3159 3055 adimere
3193 2999 3520 3072 dignemini
3551 2997 3641 3054 fa-

1970 3091 2265 3146 cultatem.

2039 3180 2091 3234 5.
2126 3179 2361 3234 Scimus
2396 3179 2720 3233 clementia:
2752 3181 2971 3233 vestra)
3002 3180 3274 3232 sanctum
3304 3177 3589 3248 pudorem
3626 3191 3640 3231 :

1968 3284 2041 3324 ne
2071 3269 2273 3323 auditu
2318 3271 2521 3323 vestro
2568 3268 2815 3339 indigna
2860 3268 3126 3339 ingerat,
3181 3282 3299 3321 non
3347 3266 3537 3319 aliena
3568 3265 3641 3318 ab

1969 3358 2166 3413 ofﬁcio
2199 3362 2255 3412 et
2286 3357 2520 3412 nomine
2543 3358 2873 3412 sacerdotis
2898 3358 3301 3427 interstrepat,
3335 3371 3454 3409 non
3487 3354 3647 3410 inve-

1966 3447 2223 3502 recunda
2255 3447 2427 3501 vobis
2477 3447 2777 3518 loquatur:
2834 3462 3008 3516 quem
3058 3461 3189 3499 cum
3223 3445 3442 3498 habere
3474 3460 3644 3514 eporo

1964 3537 2140 3591 tuerit
2187 3536 2587 3591 testimonium
2649 3536 2823 3591 etiam
2888 3535 2960 3588 ab
3021 3534 3116 3588 his
3161 3534 3263 3605 qui
3311 3533 3459 3588 foris
3506 3536 3645 3588 sunt

1965 3626 2023 3694 (Ι
2064 3626 2205 3679 Tim.
2249 3642 2343 3694 in,
2384 3625 2475 3694 '7),
2531 3624 2687 3695 quali
2731 3623 3071 3678 testimonio
3112 3625 3168 3677 et
3209 3622 3376 3677 cives
3417 3621 3643 3693 proprii

1958 3767 2083 3838 jam
2114 3769 2334 3823 dictum
2366 3770 2476 3837 est,
2510 3767 2854 3837 Joventius,
2904 3782 3058 3821 anno
3093 3765 3366 3837 sequenti
3395 3780 3637 3838 revoca-

1963 3837 2086 3894 tum
2117 3856 2255 3895 esse
2286 3855 2318 3892 a
2348 3839 2703 3893 Praetextato
2739 3854 2751 3892 :
2786 3838 2894 3893 sed
2916 3855 3050 3893 cum
3070 3839 3183 3892 hoc
3213 3839 3345 3907 ipso
3378 3851 3532 3890 anno
3561 3837 3635 3890 ab

1964 3912 2172 3965 eodem
2202 3910 2482 3980 prmfecto
2514 3911 2695 3965 Urbis
2729 3911 2787 3963 in
2837 3910 3056 3964 Gallias
3088 3910 3304 3963 fuisset
3344 3908 3627 3961 amanda—

1962 3985 2080 4049 tus,
2112 3983 2233 4035 illic
2262 3997 2454 4051 usque
2473 3982 2546 4034 ad
2577 3997 2670 4035 an.
2704 3981 2800 4034 3'11
2831 3982 3165 4049 exsulasse,
3191 3996 3307 4050 quo
3328 3980 3446 4032 sibi
3475 3980 3640 4033 exsi-

1962 4053 2026 4107 lii
2067 4053 2352 4123 pommria
2395 4053 2579 4106 laxari
2615 4053 2866 4106 obtinuit
2912 4067 2924 4105 :
2973 4053 3045 4105 ad
3092 4058 3458 4122 postremum
3503 4066 3636 4123 cum

1961 4122 2195 4178 anﬁ3'78
2225 4124 2394 4176 falsis
2428 4124 2777 4177 criminibus
2810 4124 3148 4187 Damasum,
3181 4138 3288 4192 per
3325 4122 3638 4192 quemdam

1962 4196 2129 4249 Isaac
2161 4195 2430 4249 Judaeum
2462 4199 2515 4247 et
2546 4195 3017 4248 Christianorum
3060 4210 3369 4247 sacrorum
3418 4192 3633 4245 deser—

1958 4269 2146 4321 torem
2178 4265 2583 4335 appetivisset,
2617 4266 2824 4320 Judaeo
2856 4265 3112 4320 inGallia
3134 4264 3409 4335 exsulare
3435 4262 3635 4332 jusso,

1959 4338 2157 4407 ipsum
2194 4334 2608 4406 in’Hispanias
2643 4337 2831 4390 fuisse
2854 4336 3220 4406 relegatum;
3254 4334 3410 4407 unde
3432 4337 3639 4407 postea

1960 4403 2286 4463 revertisse
2318 4403 2436 4461 non
2467 4407 2785 4461 invenitur.
2822 4403 3146 4460 Dicendum
3185 4406 3368 4463 igitur
3396 4403 3644 4457 nebulo-

1960 4495 2097 4533 nem
2112 4480 2269 4534 hunc
2288 4494 2357 4533 eo
2382 4480 2665 4548 temporis
2684 4477 3014 4545 intervallo,
3032 4446 3413 4546 quoliberius
3432 4473 3641 4548 vagari

1962 4551 2286 4613 sinebatur,
2322 4545 2597 4618 abusum,
2631 4549 2813 4602 variis
2861 4548 3010 4601 locis
3055 4545 3265 4618 turbas
3314 4545 3636 4618 excitasse,

1960 4638 2028 4675 ac
2060 4622 2391 4689 Mediolani,
2418 4615 2671 4673 maxime
2686 4618 2819 4688 post
2842 4617 3233 4671 Valentiniani
3258 4615 3517 4689 senioris
3540 4630 3647 4668 ex-z

1962 4709 2220 4753 cessum,
2258 4686 2395 4746 sese
2429 4686 2703 4754 Arianis;
2724 4694 2783 4742 ut
2814 4689 2911 4741 hic
2942 4689 3175 4755 dicitur,
3220 4686 3635 4751 conjunxisse.

1960 4764 2085 4818 Nec
2118 4763 2379 4833 profecto
2403 4762 2682 4815 abhorret
2712 4776 2741 4813 a
2774 4758 3102 4833 verisimili,
3125 4758 3190 4833 _si
3222 4757 3542 4833 credamus
3563 4757 3636 4833 ab

1961 4828 2287 4888 Ambrosio
2346 4834 2458 4887 hos
2511 4833 2679 4901 ipsos
2731 4834 2928 4885 motus
2977 4829 3241 4889 Gratiani
3298 4828 3643 4901 auctoritate

1961 4905 2189 4973 sopitos
2222 4903 2470 4957 indicari
2496 4918 2510 4972 ;
2534 4899 2676 4956 eum
2715 4903 2904 4970 prima
2952 4901 3026 4955 ad
3075 4916 3210 4955 eum
3243 4899 3493 4973 epistola
3525 4900 3638 4968 ipsi

1962 4970 2205 5045 propter
2234 4970 2521 5028 redditam
2552 4973 2839 5045 Ecclesiae
2860 4988 3074 5045 pacem
3107 4971 3330 5042 gratias
3362 4970 3504 5045 agit.

2032 5042 2147 5113 (⁸21)
2178 5068 2199 5092 κ
2232 5045 2376 5098 Cum
2396 5045 2638 5097 Valente
2667 5064 2688 5093 »
2726 5044 2783 5097 in
2803 5044 2939 5097 edit.
2978 5045 3146 5099 Rom.
3167 5042 3640 5111 praetermissum

1962 5120 2074 5171 est.
2108 5116 2376 5187 lntellige
2405 5118 2598 5169 autem
2641 5131 2757 5169 non
2806 5114 3110 5187 Valentem
3140 5114 3536 5187 Mursensem,
3573 5116 3637 5165 ut

1962 5188 2147 5242 Labb.
2169 5184 2444 5241 admonet
2475 5187 2533 5258 in
2553 5189 2687 5240 nota
2710 5186 3023 5258 marginali
3056 5201 3068 5239 :
3106 5185 3211 5239 scd
3230 5184 3629 5253 Pctavianum,

1960 5261 2031 5313 de
2062 5276 2178 5329 quo
2212 5257 2507 5327 superiori
2538 5257 2807 5326 epistola.

2032 5327 2144 5399 (‘22)
2178 5330 2347 5383 Hunc
2380 5329 2572 5383 locum
2609 5329 2775 5383 Rom.
2809 5328 2947 5382 edit.
2982 5329 3059 5381 ita
3090 5327 3429 5393 refinxerat,
3468 5346 3491 5375 «
3519 5339 3635 5399 non

1957 5396 2204 5472 poterat,
2240 5415 2366 5467 eos,
2401 5416 2650 5470 quorum
2683 5400 2883 5453 favore
2914 5399 3263 5472 respirabat,
3288 5414 3409 5472 quo
3436 5396 3626 5472 magis

1958 5468 2165 5541 posset
2197 5468 2458 5525 fautores
2489 5474 2545 5525 et
2576 5472 2779 5525 socios
2812 5471 3083 5537 emereri,
3136 5468 3417 5541 instruxit
3449 5470 3505 5541 et
3540 5469 3627 5517 in-

1958 5538 2250 5611 formavit,
2277 5542 2767 5614 quemadmodum
2790 5557 2905 5611 pax
2926 5541 3213 5614 Ecclesim
3232 5538 3584 5614 turbaretur.
3608 5558 3629 5580 η

3522 5620 3617 5657 req
