4072 6174
144 345 276 411 989

1341 289 1944 414 EPISTQLARUM
1975 343 2308 409 CLASSIS
2346 345 2394 407 Ι.

3475 339 3597 408 990

149 562 394 620 semper
422 546 858 603 communionis
901 547 1216 602 nobiscum
1264 547 1665 602 intemeratam
1711 528 2135 602 ha-’Klicanae
2177 545 2467 602 Ecclesiae
2496 561 2605 616 per
2656 545 2887 618 legatos
2921 545 3256 616 obsecrant,
3306 544 3420 600 hoc
3465 546 3580 616 est,

145 639 340 694 buere
364 637 766 707 concordiam,
783 637 1266 692 dissensionibus
1279 637 1548 707 aliorum,
1570 652 1822 708 quorum

156 727 310 782 fides
332 727 750 797 superioribus
781 727 1150 796 temporibus
1179 726 1510 794 haesitabat,
1554 726 1824 780 feruntur

148 815 380 888 urgeri.
412 814 576 880 Quos
605 815 862 886 quidem,
896 815 945 868 si
981 815 1109 869 fieri
1139 817 1351 885 potest,
1386 818 1442 869 et
1473 815 1620 869 fides
1652 815 1824 885 plena

153 903 550 974 commendat,
575 904 648 958 ad
673 903 970 958 consortia
991 908 1194 959 nostra
1234 907 1503 975 optemus
1533 903 1778 976 adjungi
1808 918 1820 959 :

151 994 266 1048 sed
286 993 364 1048 ita
389 996 454 1048 ut
473 996 724 1048 vetustas
759 993 1192 1048 communionis
1227 993 1412 1048 sociis
1449 1009 1557 1048 sua
1595 1008 1824 1064 praero-

149 1083 354 1154 gativa
393 1084 686 1150 servetur,
723 1096 975 1153 quorum
1009 1079 1183 1137 nobis
1205 1098 1323 1138 non
1363 1082 1659 1153 superﬂua
1685 1097 1824 1136 cura

151 1174 289 1226 est:
348 1171 539 1242 primo
570 1171 850 1240 omnium,
911 1171 1049 1242 quia
1090 1171 1520 1227 communionis
1561 1171 1820 1226 societas

152 1260 380 1315 nullam
402 1259 578 1315 debet
599 1259 820 1314 habere
843 1257 1128 1314 offensam
1151 1275 1165 1316 :
1199 1261 1431 1331 deinde,
1448 1259 1582 1332 quia
1597 1261 1820 1315 utrius-

151 1364 271 1420 que
299 1350 484 1419 partis
515 1348 734 1403 dudum
755 1348 1094 1418 accepimus
1129 1349 1376 1418 litteras,
1405 1350 1822 1420 praecipueque

151 1437 414 1507 illorum,
464 1439 564 1508 qui
613 1437 674 1491 in
704 1437 1070 1492 Antiochena
1119 1437 1389 1492 Ecclesia
1420 1437 1811 1492 dissidebant.

227 1527 285 1582 5.
318 1526 392 1581 Et
420 1527 653 1598 quidem
703 1526 820 1581 nisi
853 1527 1090 1582 hostilis
1135 1527 1552 1596 impedimento
1605 1526 1820 1581 fuisset

151 1615 433 1686 irruptio,
452 1616 680 1686 aliquos
698 1615 872 1670 etiam
894 1615 966 1670 de
985 1618 1189 1671 nostro
1211 1632 1460 1671 numero
1496 1616 1782 1690 disposue
1798 1644 1816 1656 ο

149 1719 362 1758 ramus
383 1702 481 1758 illo
503 1703 780 1775 dirigere,
805 1704 906 1775 qui
922 1707 1268 1776 sequestres
1290 1707 1346 1760 et
1367 1705 1572 1760 arbitri
1613 1704 1820 1758 refun-

145 1791 384 1862 dendae,
410 1792 464 1846 si
493 1792 622 1846 fieri
653 1795 880 1862 posset,
914 1793 1084 1864 pacis
1141 1793 1487 1848 existerent.
1539 1793 1656 1848 Sed
1683 1793 1821 1865 quia

149 1879 351 1974 studia
395 1883 607 1974 nostra
618 1883 786 1974 _tunc
825 1882 1109 1974 temporis
1139 1881 1358 1936 habere
1407 1881 1680 1938 effectum
1711 1897 1818 1953 per
1851 1909 1906 1974 Β

145 1968 440 2024 tumultus
467 1968 742 2040 publicos
773 1969 1184 2041 nequiverunt,
1236 1971 1451 2026 oblatis
1481 1971 1681 2042 pietati
1723 1987 1820 2026 ve-

148 2060 296 2114 stris
317 2057 628 2130 opinamur
644 2073 856 2129 preces
878 2061 1135 2124 nostras,
1153 2059 1372 2131 quibus
1385 2059 1554 2131 juxta
1568 2059 1820 2130 partium

145 2145 371 2202 factum
388 2147 775 2218 poposcimus
797 2147 908 2218 (30)
931 2150 994 2202 ut
1023 2148 1208 2203 altero
1251 2149 1592 2218 decedente,
1633 2164 1821 2219 penes

147 2236 536 2306 superstitem
558 2235 847 2291 Ecclesiae
864 2235 1000 2308 jura
1021 2241 1456 2308 permanerent,
1496 2253 1606 2292 nec
1626 2237 1822 2309 aliqua

143 2324 627 2395 superordinatio
642 2325 1110 2380 viattentaretur.
1128 2326 1384 2398 Ideoque
1407 2326 1662 2397 petimus
1685 2341 1818 2396 vos,

146 2413 602 2468 clementissimi
619 2416 676 2468 et
691 2412 1014 2468 Christiani
1043 2414 1366 2485 principes,
1397 2417 1461 2470 ut
1485 2418 1541 2470 et
1561 2415 1823 2470 Alexan-

143 2503 300 2557 driae
323 2503 700 2557 sacerdotum
741 2501 1170 2558 catholicorum
1217 2504 1478 2558 omnium
1507 2505 1823 2559 concilium

141 2591 284 2647 fieri
316 2591 635 2662 censeatis,
671 2593 772 2663 qui
802 2591 956 2647 inter
995 2607 1063 2648 se
1093 2592 1328 2663 plenius
1367 2595 1618 2648 tractent
1645 2596 1819 2665 atque

141 2679 437 2736 definiant
465 2680 684 2752 quibus
713 2680 1099 2752 impertienda
1121 2681 1455 2737 communio
1483 2681 1820 2754 quibusque

139 2769 451 2825 servanda
479 2769 559 2824 sit
581 2768 715 2840 (3i).

230 2847 388 2913 814
418 2856 472 2912 6.
493 2857 644 2912 Nam
661 2858 774 2913 etsi
814 2857 1231 2914 Alexandrinae
1269 2857 1558 2915 Ecclesiae
1581 2874 1818 2931 semper

139 2946 611 3018 dispositionem
669 2947 1054 3020 ordinemque
1106 2948 1492 3019 tenuerimus,
1544 2951 1603 3004 et
1650 2948 1824 3021 juxta

141 3051 385 3092 morem
416 3036 1022 3108 consuetudinemque
1052 3037 1370 3109 majorum,
1394 3037 1530 3110 ejus
1570 3053 1825 3093 commu-

140 3127 394 3182 nionem
415 3125 842 3182 indissolubilii
870 3126 1152 3181 societate
1180 3126 1254 3181 ad
1285 3126 1414 3182 haec
1445 3143 1637 3198 usque
1671 3131 1824 3182 tem-

141 3231 296 3286 pora
357 3229 705 3284 servemus;
755 3217 949 3270 tamen
1006 3230 1080 3270 ne
1139 3216 1237 3270 aut
1277 3215 1458 3286 aliqui
1512 3216 1824 3270 videantur

143 3318 290 3359 esse
325 3303 668 3373 posthabiti,
703 3304 804 3375 qui
837 3304 1011 3359 etiam
1055 3307 1251 3374 pacto,
1283 3305 1441 3376 quod
1471 3307 1628 3359 stare
1653 3305 1822 3360 volu-

144 3408 307 3462 mus,
347 3392 820 3447 communionem
851 3395 1115 3448 nostram
1159 3396 1481 3464 rogarunt:
1533 3397 1633 3448 aut
1662 3394 1822 3448 illius

143 3481 321 3552 pacis
371 3483 430 3536 et
458 3480 760 3536 societatis
807 3481 1070 3536 fidelium
1114 3482 1386 3554 neglecta
1437 3482 1820 3552 compendia;

145 3571 202 3624 id
226 3569 644 3640 obsecramus,
685 3573 748 3624 ut
787 3585 921 3625 cum
955 3570 1108 3625 inter
1131 3587 1196 3626 se
1233 3573 1384 3626 caetu
1405 3571 1669 3642 pleniore
1700 3574 1822 3625 tra-

146 3659 465 3726 ctaverint,
527 3659 701 3714 etiam
757 3659 976 3714 auxilia
1032 3660 1294 3714 decretis
1347 3659 1824 3716 sacerdotalibus

145 3751 375 3804 vestrae
414 3747 648 3818 pietatis
695 3749 980 3820 aspirent.
1032 3749 1103 3803 Et
1148 3748 1322 3803 nobis
1373 3747 1590 3803 deferri
1622 3748 1735 3820 (32)
1766 3749 1826 3804 in

147 3837 422 3893 notitiam
454 3837 790 3908 censeatis;
840 3853 913 3893 ne
944 3837 1215 3892 titubanti
1265 3840 1539 3892 nutemus
1590 3837 1823 3908 affectu,

148 3927 256 3982 sed
307 3926 431 3981 laeti
477 3928 652 3998 atque
703 3927 902 3982 securi
931 3926 1130 3998 pietati
1179 3929 1398 3982 vestrae
1445 3927 1600 3997 apud
1642 3928 1826 3982 Deum

148 4016 616 4086 omnipotentem
635 4031 884 4088 agamus
916 4016 1160 4087 gratias,
1194 4031 1313 4070 non
1344 4015 1540 4070 solum
1571 4016 1706 4088 quia
1729 4032 1826 4071 ex-

143 4105 318 4160 clusa
339 4104 587 4175 perfidia
607 4107 717 4172 est,
753 4105 859 4160 sed
893 4105 1028 4176 quia
1057 4103 1378 4159 Catholicis
1402 4104 1552 4160 fides
1595 4108 1653 4160 et
1675 4120 1814 4160 con-

152 4193 360 4248 cordia
391 4196 484 4247 est
513 4193 801 4248 restituta.
835 4191 1002 4259 Quod
1031 4209 1064 4247 a
1094 4193 1268 4248 vobis
1300 4192 1598 4248 Africanae
1629 4193 1826 4249 etGal-

220 4335 346 4404 (30)
371 4336 540 4389 Rom.
561 4336 722 4390 edit..
751 4356 773 4384 ι
798 4335 994 4405 pietati
1015 4337 1231 4391 vestrae
1246 4338 1483 4390 nostras
1502 4337 1823 4406 repetimus

160 4421 404 4476 preces,
429 4406 646 4476 quibus
694 4408 1101 4477 poposcimus,
1149 4411 1259 4461 etc.
1287 4423 1302 4476 ;
1330 4431 1351 4455 η
1387 4407 1572 4461 Labb.
1606 4412 1662 4461 et
1691 4408 1822 4462 cod.

155 4478 310 4550 Reg,
340 4477 690 4550 ut‘intextu:
725 4478 831 4532 sed
865 4494 972 4547 pro
1017 4501 1037 4524 «
1075 4479 1326 4548 partium
1357 4479 1594 4547 factum,
1639 4501 1660 4526 ι»
1705 4479 1823 4532 Va-

153 4548 348 4602 lesius
401 4548 720 4620 legendum
750 4554 956 4604 censet
989 4571 1011 4596 «
1072 4550 1323 4619 partium
1374 4552 1628 4620 pactum.
1688 4570 1708 4596 υ
1747 4550 1818 4603 Et

1923 638 1986 690 ut
2015 637 2134 690 toto
2166 636 2340 690 vobis
2373 635 2603 690 faciatis
2636 635 2694 688 in
2727 635 2870 690 orbe
2901 635 3220 706 episcopos
3251 633 3591 704 debitores;

1921 724 2059 778 licet
2089 739 2208 780 non
2239 723 2534 778 mediocre
2567 724 2644 778 sit
2683 723 2964 795 debitum,
3017 723 3174 794 quod
3221 723 3427 777 virtuti
3457 739 3594 778 ves-

1923 815 2028 867 trae
2061 813 2310 867 debetur
2337 813 2474 883 (33).

1995 901 2047 955 Ἴ.
2072 902 2162 956 Ad
2193 902 2622 972 deprecandam
2671 905 2866 957 autem
2898 901 3267 957 clementiam
3306 903 3588 971 vestram,

1925 993 1982 1044 et
2032 991 2398 1061 impetranda
2428 1009 2561 1063 quae
2618 991 2946 1062 poscimus,
3002 991 3234 1063 legatos
3284 989 3499 1045 fratres
3531 993 3588 1045 et

1928 1080 2446 1152 compresbyteros
2465 1083 2705 1136 nostros
2728 1081 3075 1151 direximus,
3095 1095 3247 1151 quos
3259 1079 3512 1150 petimus
3528 1081 3592 1135 ut

1927 1170 1984 1223 et
2011 1168 2331 1224 clementer
2360 1169 2564 1225 audire
2595 1169 2940 1242 dignemini,
2973 1173 3030 1225 et
3057 1169 3251 1225 redire
3298 1167 3586 1224 maturius

1927 1258 2244 1313 censeatis.

2475 1365 2844 1422 EPISTOLA
2877 1366 3028 1423 XIII.

1921 1489 2098 1544 Actis
2136 1489 2460 1546 Theodosio
2491 1491 2710 1547 oratiis
2752 1491 2826 1546 de
2854 1491 3162 1547 restitutis
3202 1491 3264 1544 in
3295 1487 3586 1544 basilicas

1994 1561 2361 1634 orthodoxis,
2384 1567 2442 1615 et
2461 1559 2661 1634 dolore
2675 1579 2779 1618 suo
2793 1569 3044 1634 praptcr
3063 1561 3369 1634 Ecclesiae
3382 1559 3592 1634 turbas

1993 1630 2354 1704 signiﬁcato,
2372 1633 2702 1704 cpiSCOpum
2719 1630 3055 1688 Antiochiae
3088 1639 3318 1687 mortuo
3343 1630 3593 1704 Meletio

1990 1702 2385 1785 subrogatum.
2403 1702 2578 1785 gnari
2581 1710 2694 1759 tur:
2732 1711 2877 1785 θιλιι
2898 1704 3225 1785 Nectar-ius
3250 1702 3589 1785 Qonstanti-

1993 1771 2195 1846 nepoli
2203 1780 2335 1846 post
2356 1771 2678 1846 Maximum
2701 1775 3012 1830 ordinatus
3029 1774 3156 1846 locg
3177 1775 3368 1838 cedat,
3402 1771 3498 1828 vel
3514 1771 3588 1827 de

1995 1845 2300 1921 utriusque
2337 1845 2716 1921 ordinatione
2757 1847 2817 1900 in
2847 1845 3072 1919 synodo
3106 1845 3302 1904 Romae
3327 1858 3590 1921 pronun-

1993 1919 2198 1984 tietur,
2217 1917 2393 1988 petit.
2881 1917 2890 1919 ἡ
3331 1917 3339 1921 ⁷
3391 1925 3398 1932 ‘

1922 2041 2278 2097 Beatissimo
2311 2041 2667 2112 imperatori,
2719 2041 2778 2095 et
2820 2040 3282 2095 clementissimo
3332 2039 3584 2110 principi

1991 2131 2327 2186 THEODOSIO
2385 2130 2519 2202 (34),
2580 2131 2924 2185 Ausaomus
2954 2133 3012 2185 et
3069 2129 3268 2186 caeteri
3314 2127 3581 2200 episcopi

1993 2220 2194 2275 Italiae.

1995 2328 2045 2381 1.
2066 2326 2345 2382 Sanctum
2379 2325 2637 2380 animum
2680 2328 2844 2380 tuum
2881 2325 3002 2380 Deo
3034 2322 3415 2394 omnipotenti
3448 2337 3594 2394 pura

1921 2419 1981 2473 et
2009 2417 2245 2471 sincera
2273 2415 2387 2470 fide
2419 2415 2678 2469 deditum
2696 2414 3037 2469 sciebamus
3065 2429 3078 2468 :
3113 2413 3221 2467 sed
3244 2412 3584 2468 recentibus

1923 2505 2238 2560 cumulasti
2293 2504 2624 2573 beneficiis,
2682 2503 2840 2574 quod
2903 2501 3228 2557 catholicos
3295 2500 3587 2557 Ecclesiis

1927 2593 2256 2663 reddidisti,
2318 2593 2635 2664 imperator
2661 2594 2912 2664 auguste
2941 2591 3075 2662 (35).
3111 2592 3301 2662 Atque
3359 2589 3582 2645 utinam

1931 2683 2256 2738 catholicos
2287 2681 2454 2753 ipsos
2484 2681 2834 2737 reverentiae
2878 2680 3063 2735 veteri
3093 2678 3485 2746 reddidisses,
3519 2680 3583 2734 ut

1933 2772 2078 2828 nihil
2135 2773 2422 2827 novarent
2453 2773 2654 2826 contra
2709 2769 3058 2840 praescripta
3113 2767 3428 2839 majorum,
3476 2782 3586 2822 nec

1928 2865 2148 2917 temere
2178 2861 2271 2915 vel
2304 2859 2597 2915 servanda
2626 2858 3059 2928 rescinderent,
3083 2858 3177 2912 vel
3200 2855 3595 2912 rescindenda

1929 2952 2257 3006 servarent.
2283 2949 2482 3020 Itaque
2504 2948 2800 3003 dolentius
2818 2946 2970 3002 forte
2993 2962 3169 3019 quam
3200 2945 3596 3001 inconsultius

1928 3038 2402 3112 ingemiscimus,
2439 3038 2777 3108 imperator,
2814 3036 3048 3110 facilius
3081 3035 3299 3106 expelli
3329 3034 3599 3106 potuisse

1928 3127 2267 3196 haereticos,
2293 3142 2466 3198 quam
2485 3127 2638 3181 inter
2655 3125 2980 3180 catholicos
3005 3125 3345 3178 convenire.
3371 3123 3597 3188 Quanta

1931 3217 2088 3272 enim
2102 3215 2576 3286 nuperconfusio
2596 3214 2747 3269 facta
2770 3215 2866 3283 sit,
2892 3213 3190 3283 explicare
3228 3228 3346 3268 non
3377 3213 3594 3282 potest.

1932 3261 2278 3286 -....-.....,.--
2306 3261 2573 3270 νηηυη
2597 3261 2747 3269 ,μνη
2770 3261 2866 3283 ---,
2895 3261 3186 3283 --τ-,πη
3228 3261 3346 3268 _-_
3379 3261 3593 3282 μη---

1863 3261 1916 3333 c
1999 3307 2052 3360 2.
2089 3304 2536 3375 Scripseramus
2571 3305 2811 3372 dudum,
2837 3305 2897 3358 ut
2917 3301 3196 3374 quoniam
3231 3301 3600 3356 Antiochena

1930 3395 2139 3450 civitas
2198 3394 2311 3463 (36)
2369 3394 2521 3448 duos
2581 3393 2824 3448 haberet
2881 3391 3219 3462 episcopos.
3283 3389 3592 3445 Paulinum

1931 3488 2104 3556 atque
2153 3483 2470 3552 Meletium,
2522 3498 2674 3553 quos
2724 3481 2861 3535 fidei
2905 3481 3219 3543 concinere
3255 3469 3400 3532 816
3436 3482 3600 3548 puta-

1929 3574 2164 3644 bamus,
2198 3576 2296 3627 aut
2324 3573 2477 3626 inter
2505 3572 2674 3642 ipsos
2703 3587 2819 3640 pax
2849 3573 2904 3624 et
2934 3568 3251 3624 concordia
3299 3566 3466 3622 salvo
3497 3583 3592 3622 or-

1931 3664 2066 3718 dine
2098 3661 2508 3716 ecclesiastico
2568 3659 2942 3734 conveniret:
2990 3660 3088 3712 aut
3139 3659 3316 3726 certe,
3379 3655 3432 3710 si
3462 3655 3597 3727 quis

1933 3767 2158 3820 eorum,
2176 3750 2358 3804 altero
2373 3749 2713 3820 superstite,
2731 3747 3118 3816 decessisset,
3137 3746 3296 3801 nulla
3314 3745 3600 3818 subroga-

1933 3842 2012 3896 tio
2035 3841 2096 3894 in
2113 3838 2372 3894 defuncti
2385 3837 2601 3907 locum,
2618 3838 2975 3908 susperstite
2989 3836 3194 3904 altero,
3222 3837 3592 3908 gigneretur,

1934 3931 2008 3984 At
2024 3943 2180 3983 nunc
2201 3927 2434 3982 Meletio
2458 3926 2755 3995 defuncto,
2782 3925 3026 3980 Paulino
3058 3925 3398 3994 superstite,
3423 3939 3600 3994 quem

1933 4019 1993 4074 in
2013 4017 2423 4074 communione
2456 4020 2658 4070 nostra
2703 4016 3000 4071 mansisse
3048 4013 3368 4082 consortia,
3401 4028 3535 4083 quae
3567 4027 3600 4066 a

1936 4107 2264 4179 majoribus
2323 4104 2612 4161 inoffense
2672 4105 2864 4173 ducta,
2898 4107 3209 4170 testantur,
3245 4105 3447 4156 contra
3501 4099 3594 4154 fas

1933 4200 2108 4269 atque
2131 4195 2606 4251 ecclesiasticum
2631 4193 2896 4249 ordinem
2916 4194 2975 4247 in
2995 4193 3188 4247 locum
3222 4189 3438 4244 Meletii
3461 4188 3596 4259 (3’7),

1931 4355 2108 4410 porro
2131 4339 2359 4410 synodo
2382 4338 2621 4409 soriptae
2641 4337 2773 4410 Villae
2796 4336 3031 4410 fuerint,
3068 4336 3410 4407 ignoratur;
3460 4331 3596 4386 licet

1935 4409 2192 4466 Italicam
2222 4411 2380 4465 illam
2410 4410 2600 4465 fuisse
2626 4409 2762 4479 jure
2794 4409 3041 4479 dicatur.
3162 4475 3172 4479 _
3361 4477 3367 4479 Α
3394 4472 3457 4479 __
3627 4471 3633 4477 _

2003 4484 2115 4562 (35)
2140 4483 2249 4562 llic
2269 4483 2471 4562 verbis
2492 4472 3002 4562 sextamindicari
3039 4472 3592 4562 conjectanti'l‘heo:

1931 4547 2105 4609 desii'
2145 4554 2338 4624 legem
2371 4553 2442 4607 de
2492 4551 2819 4624 haereticis,
2862 4565 2980 4624 qua
3021 4547 3218 4624 et__liis
3265 4547 3594 4624 conventus

153 4635 366 4674 revera
397 4615 592 4674 statim
624 4619 894 4690 ejusdem
926 4615 1472 4690 pacti—conditiones
1495 4619 1824 4690 subjiciun-
1860 4620 2151 4689 Dhabere
2183 4615 2547 4694 purohibetur,
2608 4627 2664 4677 et
2695 4615 3020 4694 catholicis
3064 4617 3380 4694 Ecclesias
3402 4615 3595 4694 _red_di

154 4694 266 4745 tur.
1701 4715 1714 4726 ι

224 4761 343 4834 (31)
383 4763 464 4816 lta
508 4762 656 4834 Reg.
687 4762 817 4816 cod.
871 4764 926 4816 et
955 4762 1171 4827 Sirm.;
1219 4764 1389 4818 Rom.
1437 4764 1630 4816 autem
1659 4762 1820 4831 edit.,

161 4855 180 4878 ι
215 4833 441 4904 quibus
489 4833 862 4888 observanda
911 4835 1006 4887 sit.
1044 4858 1066 4882 ι)
1115 4834 1188 4888 Et
1229 4834 1383 4888 infra
1429 4836 1566 4903 post
1612 4848 1824 4887 vocem

163 4926 182 4950 ι
205 4905 514 4973 societate,
551 4925 573 4953 ι
609 4904 815 4960 eadem
845 4904 1003 4959 addit
1036 4927 1058 4954 α
1093 4905 1166 4959 ad
1197 4905 1326 4960 haec
1371 4918 1564 4974 usque
1597 4906 1823 4974 tempo-

157 4991 304 5028 ra.»

226 5046 346 5114 (32)
380 5047 550 5101 Rom.
587 5047 748 5117 edit.,
785 5070 806 5093 α
844 5049 902 5101 et
929 5047 1104 5101 vobis
1135 5046 1374 5116 deferri,
1412 5070 1433 5095 η
1469 5049 1580 5102 etc.

221 5118 336 5186 (33)
355 5117 573 5190 Eadem
597 5119 757 5186 edit.,
788 5119 1032 5172 «virtuti
1064 5122 1280 5174 vestrae
1302 5133 1409 5190 pro
1440 5119 1619 5174 totius
1651 5118 1817 5176 orbis

166 5187 414 5259 Romani
445 5205 588 5259 pace
619 5190 892 5257 debetur,
927 5194 1038 5244 etc.
1077 5213 1099 5236 ιι

229 5258 342 5328 (3-1)
365 5258 528 5332 Hanc
551 5264 608 5332 ct
637 5263 983 5331 sequentem
1023 5260 1331 5331 epistolam
1371 5261 1598 5332 primus
1623 5279 1654 5318 θ
1674 5278 1822 5318 mss.

167 5329 642 5406 Regalbiblioth.
662 5329 927 5406 vulgavit
945 5329 1077 5386 Jac:
1095 5329 1447 5406 Sirmondus
1467 5334 1525 5387 in
1549 5334 1816 5406 Append.

165 5402 290 5454 cod.
324 5403 644 5471 Theodos.,
703 5403 856 5457 unde
887 5403 944 5456 in
1003 5419 1172 5458 suam
1233 5404 1454 5458 Concil.
1517 5402 1660 5459 edi—t'
1690 5406 1822 5458 illas

164 5473 623 5527 transtulitf’hil.
663 5474 957 5528 Labbeus.
991 5475 1136 5529 Cum
1159 5477 1352 5528 autem
1393 5477 1642 5530 necdum
1676 5477 1826 5530 inter

169 5543 657 5620 Ambrosiiopera
676 5546 1037 5620 prodiissent
1055 5547 1295 5620 easdem
1314 5546 1371 5599 in
1395 5547 1530 5620 edit.
1559 5551 1821 5620 nostram

169 5613 382 5692 idcirco
405 5613 798 5692 admittendas
816 5618 1271 5692 esseduximus,
1303 5618 1696 5692 quodnegari
1718 5618 1823 5692 mi-

169 5687 318 5739 nime
340 5687 713 5756 possitipsas
731 5689 803 5742 ad
836 5688 1217 5743 Ambrosium
1249 5703 1364 5741 non
1414 5687 1610 5743 minus
1640 5689 1823 5758 perti-

170 5769 325 5827 nere,
359 5774 530 5832 quam
563 5758 796 5813 concilii
832 5759 1232 5832 Aquileiensis
1263 5759 1565 5832 epistolas.
1619 5761 1680 5814 In
1709 5776 1824 5832 qua

1930 4685 2290 4767 praecipitur.
2314 4685 2814 4767 Quemadmodum
2831 4695 3023 4767 autem
3045 4687 3250 4767 Ariani
3281 4685 3594 4767 Ecclesiis,

1930 4757 2080 4838 quas
2118 4757 2645 4838 '(lonstantinopoli
2695 4761 3092 4838 o_ccupaban_t_,_
3143 4757 3596 4838 cesserint,_de-_-
3641 4778 3650 4786 ·

1929 4828 2217 4907 scriptum
2274 4837 2460 4890 habes
2493 4828 2646 4904 apud
2704 4828 3004 4907 Socratem
3033 4831 3136 4885 lib.
3171 4846 3228 4899 v,
3289 4844 3417 4899 cap.
3445 4828 3500 4899 ‘7,
3537 4830 3595 4883 et

1928 4905 2317 4982 Sozome_nu_m
2347 4908 2461 4982 lib._
2481 4922 2583 4973 vn,
2620 4920 2744 4974 cap.
2967 4975 3007 4982 _
3056 4975 3066 4982 _
3264 4971 3275 4982 Δ
3387 4969 3421 4982 η
3468 4970 3479 4982 ,

2000 4980 2112 5048 (36)
2148 4979 2366 5032 Eadem
2408 4969 2578 5048 plane
2611 4969 2917 5048 superiore
2967 4975 3207 5048 Patrum
3247 4969 3594 5048 Aquileien-

1931 5044 2184 5104 sium'ad
2217 5044 2612 5102 Theodosium
2646 5044 2895 5116 epistola
2925 5061 3086 5099 num.
3129 5044 3163 5096 5
3195 5046 3595 5116 memorantur

1933 5122 2004 5176 de
2026 5122 2137 5176 hoc
2159 5119 2386 5174 Paulini
2409 5135 2476 5172 ac
2518 5114 2716 5172 Melitii
2740 5120 2944 5187 pacto:
2999 5116 3069 5170 de
3107 5114 3424 5187 quo_etiam
3453 5129 3593 5168 con-

1931 5193 2043 5247 suli
2067 5194 2320 5262 possunt
2340 5185 2828 5262 Socrateslibfv,
2869 5188 3074 5262 (κριὲ-5,
3118 5189 3174 5262 et
3213 5185 3580 5262 sozomenus

1929 5264 2031 5318 lib.
2057 5256 2230 5317 etiam
2251 5278 2308 5328 v,
2335 5277 2460 5331 cap.
2485 5261 2538 5314 3.
2573 5260 2729 5331 Nam
2769 5260 2926 5330 quod
2949 5257 3357 5331 Theodoretus
3389 5256 3578 5331 libn5,

1930 5351 2056 5405 cap.
2102 5335 2155 5401 3,
2183 5326 2434 5405 oblatam
2479 5330 2733 5405 hujusce
2764 5326 2982 5405 pactis
3028 5329 3269 5405 meletio
3298 5326 3591 5405 conditio-

1928 5395 2062 5460 nem
2094 5395 2400 5458 a'Paulino
2444 5395 2807 5472 repudiatam
2858 5401 3046 5455 fuisse
3080 5402 3295 5472 narrat,
3347 5413 3480 5472 cum
3509 5395 3582 5447 ab

1929 5476 2454 5531 omniumuliorum
2477 5467 2534 5527 in
2558 5475 2668 5528 hoc
2705 5474 2941 5528 recedat
2964 5469 3338 5545 testimoniis,
3375 5467 3429 5518 id
3464 5481 3589 5545 nou.

1929 5547 2146 5672 injlpria
2166 5547 2354 5617 ipsius
2369 5547 2427 5600 in
2451 5545 2746 5600 Melctium
2761 5561 2828 5598 ac
2850 5544 3191 5599 Flavianum
3211 5544 3594 5609 propensiom

1929 5619 1998 5672 tri
2049 5619 2222 5672 uitur.

1955 5635 2222 5672 l‘lDUllUI‘.

1997 5689 2110 5758 (3'1)
2165 5689 2309 5754 Quis
2339 5689 2398 5742 in
2429 5688 2621 5742 Mcleii
2651 5688 2846 5742 locum
2903 5683 3189 5758 suffectus
3248 5676 3443 5758 fuerit,
3495 5675 3592 5757 hic

1929 5746 2272 5817 sublinetur.
2325 5760 2568 5813 Constat
2623 5760 2812 5813 autem
2864 5772 2979 5810 non
3030 5751 3207 5806 alium
3265 5746 3590 5818 designari,
