4072 6174
584 249 702 318 991

2042 255 2108 320 s.
2141 254 2587 319 AMBROSII.
3837 261 3916 327 992

584 470 702 510 non
731 457 849 511 tam
880 456 1264 530 subrogatus,
1289 473 1463 531 quam
1487 457 1906 530 superpositus
1937 457 2248 514 asseritur.
2273 437 2350 522 Α,
2373 472 2510 512 esse
2543 444 2906 512 censuimus.
2932 456 3094 512 Adeo
3117 457 3229 529 (40)
3249 457 3379 530 ipso
3407 460 3646 529 tempore
3681 460 3767 531 qui
3789 477 3907 533 gene-

658 544 712 600 3.
748 547 940 618 Atque
971 547 1084 602 hoc
1139 547 1358 602 factum
1402 549 1692 620 allegatur
1746 549 2146 603 consensione
2189 549 2246 602 et

587 634 836 688 consilio
870 635 1127 690 Nectarii
1157 637 1290 707 (38),
1328 637 1504 708 cujus
1553 637 1844 692 ordinatio
1876 652 2053 708 quem
2086 637 2249 704 ordi-

583 737 718 778 nem
750 723 1038 794 habuerit,
1091 742 1208 780 non
1236 727 1529 780 videmus.
1583 727 1847 797 Namque
1881 727 1939 780 in
1993 725 2250 779 concilio

585 827 792 880 nuper,
828 829 958 866 cum
993 813 1284 869 Maximus
1315 816 1638 885 episcopus
1687 815 2102 868 Alexandrinae
2136 814 2250 868 Ec—

589 899 789 954 clesiae
821 903 1295 958 communionem
1337 919 1576 958 manere
1627 919 1853 971 secum,
1889 903 2059 958 lectis
2089 902 2251 956 Petri

583 991 806 1045 sanctae
838 993 1138 1048 memoriae
1169 993 1278 1046 viri
1310 993 1542 1048 litteris.
1566 993 1964 1064 prodidisset;
1997 991 2250 1062 ejusque

581 1077 734 1132 intra
765 1080 1025 1149 privatas
1055 1081 1236 1151 aedes,
1269 1082 1405 1153 quia
1436 1081 1635 1136 Ariani
1661 1081 1946 1136 Ecclesiae
1968 1081 2249 1135 basilicas

582 1166 774 1222 adhuc
805 1169 1098 1239 tenebant,
1125 1173 1421 1226 secretum
1441 1186 1600 1240 esse,
1622 1171 2068 1224 mandatoribus
2091 1170 2250 1238 epis-

579 1257 746 1325 copis
777 1257 1183 1312 ordinantibus
1215 1258 1352 1328 (39),
1386 1259 1642 1314 dilucida
1689 1259 2102 1314 testiﬁcatione
2135 1259 2246 1312 do-

587 1343 832 1414 cuisset,
881 1346 1030 1400 nihil
1089 1347 1428 1418 habuimus,
1486 1348 1833 1402 beatissime
1889 1347 2246 1417 principum,

581 1432 641 1488 in
663 1449 779 1504 quo
803 1434 874 1490 de
897 1436 1243 1506 episcopatu
1259 1435 1393 1508 ejus
1412 1437 1680 1492 dubitare
1713 1451 2074 1507 possumus;
2110 1451 2244 1490 cum

581 1522 703 1576 vim
735 1523 851 1577 sibi
894 1527 1248 1597 repugnanti
1301 1542 1334 1580 a
1363 1527 1666 1597 plerisque
1721 1525 1893 1581 etiam
1926 1525 1998 1578 de
2027 1524 2244 1596 pepulo

582 1613 639 1665 et
669 1611 829 1666 clero
859 1615 1109 1668 testatus
1140 1616 1303 1668 esset
1334 1614 1570 1669 illatam.

649 1699 704 1754 4.
755 1700 974 1756 Tamen
1024 1717 1116 1772 ne,
1157 1702 1505 1757 absentibus
1553 1701 1841 1772 partibus,
1885 1704 2244 1773 praesumpte

580 1787 803 1859 aliquid
831 1789 1114 1844 definisse
1145 1791 1502 1861 videremur,
1539 1791 1906 1846 clementiam
1937 1795 2113 1861 tuam,
2147 1791 2246 1845 da-
2275 1812 2330 1877 Β

579 1876 658 1930 tis
710 1877 942 1948 litteris,
976 1881 1313 1949 putavimus
1369 1880 1816 1949 instruendam;
1851 1883 1913 1934 ut
1943 1880 1994 1933 ei
2029 1895 2244 1934 consu-

577 1963 799 2020 leretur
825 1981 900 2020 ex
917 1982 1030 2020 usu
1048 1967 1300 2036 publica)
1319 1967 1482 2038 pacis
1506 1971 1678 2038 atque
1701 1968 2034 2023 concordice
2061 1985 2074 2038 ;
2107 1969 2245 2040 quia

576 2067 785 2108 revera
830 2054 1282 2110 advertebamus
1325 2056 1680 2128 Gregorium
1727 2073 2101 2129 nequaquam
2133 2073 2241 2112 se-

578 2142 836 2197 cundum
861 2144 1235 2199 traditionem
1270 2147 1520 2214 patrum,
1573 2145 2236 2218 Constantinopolitanae

578 2229 868 2287 Ecclesiae
886 2232 1004 2287 sibi
1037 2233 1435 2288 sacerdotium
1457 2234 1778 2289 vindicare.
1805 2235 1932 2289 Nos
1968 2236 2150 2308 igitur
2180 2237 2240 2290 in

575 2321 804 2392 synodo
834 2337 921 2390 ea,
956 2337 1088 2394 quae
1120 2324 1300 2377 totius
1348 2323 1513 2378 orbis
1538 2315 1684 2378 816
1720 2324 2021 2394 episcopis
2068 2325 2236 2380 vide-

571 2408 746 2464 batur
794 2425 931 2465 esse
962 2411 1334 2482 praescripta,
1385 2411 1533 2466 nihil
1582 2415 1804 2467 temere
1862 2413 2238 2468 statuendum

573 2549 750 2659 quam
771 2534 1114 2591 Flavianum
1135 2552 1148 2592 :
1183 2553 1357 2608 quem
1380 2539 1580 2592 contra
1600 2537 1900 2608 proprium
1919 2537 2234 2608 jusjuran-

616 2622 710 2659 um
737 2623 769 2659 a
797 2605 1090 2659 iuniorum
1110 2607 1384 2659 factione.
1425 2609 1824 2659 nequidquam
1845 2609 2234 2659 dissentiente

616 2622 710 2660 um
737 2623 769 2659 a
788 2605 1090 2680 juniorum
1110 2605 1385 2680 factione,
1425 2605 1824 2680 nequidquam
1845 2605 2236 2680 dissentiente

571 2675 862 2748 Gregorio
895 2679 1134 2732 Nazian.
1169 2675 1419 2734 electum
1465 2675 1688 2734 scimus
1716 2695 1730 2747 ;
1776 2679 1930 2734 unde
1961 2696 2080 2734 non
2109 2684 2234 2734 tan-

571 2749 696 2820 tum
726 2748 836 2802 hac
885 2750 1171 2820 synodica
1227 2751 1498 2820 epistola,
1559 2751 1665 2805 sed
1694 2752 1752 2804 et
1799 2750 2101 2806 Ambrosii
2159 2753 2234 2807 ad

572 2818 882 2890 Theophil.
915 2818 1281 2890 improbatur
1309 2818 1728 2876 illius'elcctio.

639 2889 753 2963 (38)
783 2889 1147 2946 Sozomenus
1206 2893 1308 2948 lib.
1342 2911 1442 2960 vn,
1489 2909 1614 2963 cap.
1679 2892 1764 2960 ll,
1826 2891 2233 2949 Occidentales

567 2962 886 3033 episcopos
909 2963 1152 3018 Paulino
1176 2979 1413 3033 semper
1429 2962 1652 3018 favisse
1674 2963 2059 3018 testiﬁcatus:
2100 2965 2234 3019 «Ad

568 3031 913 3106 Flavianum
942 3050 1104 3100 vero,
1138 3031 1346 3106 inquit,
1379 3036 1579 3090 nullus
1609 3035 1833 3089 litteras
1863 3035 2058 3090 dabat.
2079 3035 2229 3100 Quin

567 3107 626 3158 et
654 3104 978 3160 Diodorum
1009 3106 1198 3170 Tarsi,
1219 3104 1290 3160 et
1335 3108 1618 3161 Acacium
1650 3106 1950 3161 Berrhoeae
1995 3107 2232 3176 episco-

2366 547 2488 601 rale
2519 547 2832 601 concilium
2883 545 3343 618 declinaverunt,
3387 545 3903 621 Constantinopolique

2369 637 2644 708 gessisse
2673 636 2986 706 dicuntur;
3017 652 3151 691 nam
3183 652 3314 691 cum
3344 636 3739 708 cognovissent
3765 638 3822 692 ad
3842 640 3907 693 hoc

2365 724 2618 795 partium
2661 725 2904 780 venisse
2951 725 3270 780 Maximum
3301 728 3363 781 ut
3398 741 3623 780 causam
3667 726 3716 779 in
3755 729 3907 796 synodo

2367 816 2570 884 ageret
2591 829 2760 868 suam
2778 813 2957 886 (quod
2979 814 3210 869 etiamsi
3245 814 3519 869 indictum
3553 813 3818 869 concilium
3839 833 3907 870 non

2366 901 2600 970 fuisset,
2645 902 2780 974 jure
2838 905 2894 957 et
2942 918 3106 958 more
3153 903 3464 975 majorum,
3515 903 3658 957 sicut
3693 906 3740 957 et
3763 909 3906 958 sancta

2365 992 2665 1046 memoriae
2696 992 3079 1061 Athanasius,
3114 994 3170 1046 et
3218 992 3435 1057 dudum
3479 991 3692 1062 Petrus,
3733 992 3906 1046 Alexan-

2365 1079 2550 1134 drinae
2583 1079 2869 1135 Ecclesiae
2918 1079 3204 1150 episcOpi,
3239 1083 3296 1134 et
3344 1080 3702 1134 Orientalium
3727 1080 3904 1151 plerique

2363 1166 2631 1223 fecerunt
2661 1171 2722 1224 ut
2749 1169 2819 1223 ad
2853 1169 3139 1224 Ecclesiae
3171 1170 3472 1238 Romanae,
3520 1169 3701 1238 Italiae,
3728 1172 3774 1224 ct
3795 1170 3904 1224 totius

2363 1255 2699 1312 Occidentis
2731 1257 3079 1330 confugisse
3127 1257 3423 1329 judicium
3451 1257 3902 1328 viderentur);cum

2363 1360 2518 1416 eum,
2549 1347 2704 1401 sicut
2733 1346 3014 1416 diximus,
3067 1346 3328 1416 experiri
3371 1345 3522 1402 velle
3563 1347 3826 1401 adversum
3843 1361 3902 1400 eos

2361 1435 2463 1506 qui
2521 1435 2924 1505 episcopatum
2980 1434 3116 1506 ejus
3147 1435 3492 1504 abnuerant,
3546 1434 3903 1505 comperissent;

2358 1523 2690 1592 praestolari
2721 1523 2922 1595 utique
2955 1524 3129 1578 etiam
3176 1526 3442 1578 nostram
3469 1538 3642 1594 super
3666 1537 3726 1578 eo
3750 1525 3902 1577 senten-

2358 1611 2496 1666 tiam
2510 1612 2856 1666 debuerunt.
2882 1613 3015 1666 Non
3031 1613 3484 1685 praerogativam
3503 1612 3818 1666 vindicamus
3827 1625 3902 1663 exa-

2357 1701 2556 1770 minis,
2582 1701 2690 1756 sed
2730 1701 3095 1756 consortium
3131 1705 3327 1756 tamen
3356 1701 3555 1756 debuit
3581 1715 3705 1756 esse
3730 1714 3902 1755 commu-

2357 1791 2452 1844 nis
2482 1791 2730 1846 arbitrii.

2426 1879 2478 1933 5.
2500 1879 2807 1934 Postremo
2827 1879 2992 1950 prius
3031 1881 3309 1935 constare
3349 1880 3617 1950 oportuit,
3651 1879 3805 1934 utrum
3825 1875 3902 1930 huic

2354 1967 2781 2040 abrogandum,
2813 1985 2988 2040 quam
3028 1968 3124 2022 alii
3164 1969 3589 2024 conferendum
3617 1966 3902 2022 sacerdotium

2353 2055 2654 2112 videretur
2677 2073 2692 2127 ;
2727 2057 2801 2111 ab
2831 2057 2928 2111 his
2948 2058 3302 2128 praesertim,
3328 2073 3363 2112 a
3391 2057 3603 2128 quibus
3622 2071 3683 2111 se
3707 2055 3903 2108 Maximus

2357 2147 2453 2200 vel
2483 2147 2843 2213 destitutum,
2875 2146 2970 2201 vel
3001 2147 3325 2216 appetitum
3363 2145 3578 2218 injuria
3626 2143 3900 2216 querebatur.

2353 2235 2551 2306 Itaque
2603 2250 2734 2288 cum
2793 2233 3111 2290 Maximum
3169 2235 3520 2306 episcopum
3573 2229 3903 2304 receperuntin

2351 2323 2826 2378 communionem
2883 2325 3088 2378 nostra
3135 2325 3462 2394 consortia,
3497 2323 3748 2395 quoniam
3781 2331 3901 2373 eum

2351 2411 2660 2468 catholicis
2691 2411 2954 2466 constitit
3002 2411 3328 2482 episcopus
3379 2412 3710 2480 ordinatum,
3758 2422 3836 2462 nec
3865 2403 3903 2457 ab

2347 2539 2571 2592 tantum
2601 2536 2795 2592 solitis
2826 2537 2955 2591 suis
3003 2536 3231 2590 artibus
3261 2536 3576 2606 promovit,
3617 2537 3674 2590 ut
3704 2531 3904 2606 antitistes

2347 2625 2378 2662 a
2412 2609 2631 2679 quibus
2665 2623 2940 2662 manuum
2972 2601 3414 2676 impositio'nem
3432 2601 3772 2679 acciperet,a
3801 2601 3906 2679 Petro

2348 2675 2723 2734 Alexandriae
2748 2680 3030 2748 episeopo
3054 2675 3446 2734 mitterentur.
3478 2675 3763 2733 Ordinatus
3796 2675 3908 2748 estin
3960 2681 3961 2748 ἦ

2345 2751 2520 2805 domo
2569 2740 2869 2821 choraulae
2928 2740 3265 2821 cujusdam,
3330 2765 3450 2804 non
3497 2740 3908 2821 propterea_‘l‘.‘.0d

2343 2821 2611 2876 basilicae
2642 2820 2714 2873 ab
2749 2819 2986 2874 Arianis
3004 2814 3517 2890 -occuparentur,'
3543 2814 3622 2874 αι’
3645 2814 3908 2891 mendaciter

2341 2892 2642 2962 persuasit
2693 2891 2919 2945 Latinis
2976 2882 3387 2960 praesulibus;
3447 2882 3553 2946 sed
3605 2905 3672 2944 ne
3719 2882 3907 2962 catholici

2344 2958 2771 3038 ordinationem
2819 2958 3012 3032 ipsius
3042 2958 3465 3038 prohiberent.
3515 2963 3656 3038 Hinc
3693 2958 3909 3038 detegitur

2341 3034 2501 3088 aliud
2559 3025 2862 3104 ejusdem'
2886 3025 3278 3105 mendacium,
3317 3049 3436 3105 quo
3495 3032 3708 3105 scilicet
3727 3027 3835 3105 _s_i_bi,
3873 3025 3907 3105 ut

2342 3097 2814 3170 consecraretur,
2843 3104 2958 3156 vim
2981 3097 3302 3158 adhibitam
3335 3097 3706 3159 asseveravit.
3727 3099 3785 3152 Et
3810 3097 3906 3170 cede

565 3191 698 3246 pos,
731 3177 830 3248 qui
861 3177 1024 3231 illum
1075 3165 1508 3246 ordinaverant,
1560 3178 1617 3231 in
1651 3177 1873 3232 crimen
1917 3165 2226 3246 vocabant,
2265 3165 2317 3236 (ξ
2343 3193 2474 3248 cum
2503 3179 2678 3248 noctu
2695 3165 3022 3229 Ecclesiam
3039 3178 3260 3248 sanetae
3296 3167 3905 3248 Anastasimoccupgssel

565 3251 624 3302 et
643 3249 716 3302 ab
740 3263 945 3303 eorum
981 3249 1394 3304 communione
1431 3249 1826 3303 abstinebant.
1857 3271 1880 3296 »ι
1914 3248 2028 3302 Ubi
2061 3249 2229 3304 vides

567 3315 789 3373 nullam
811 3319 1072 3374 Nectarii
1093 3321 1222 3374 ﬁeri
1262 3320 1616 3376 mentionem
1644 3335 1656 3374 :
1690 3319 1797 3373 sed
1827 3334 1960 3373 cum
1991 3319 2228 3374 ordina-

564 3389 744 3444 tionis
767 3389 1028 3444 Flaviani
1050 3395 1350 3446 auctorem
1385 3391 1577 3445 fuisse
1599 3389 1849 3444 forsitan
1866 3405 1898 3444 e
1934 3391 2230 3445 communi

563 3476 802 3533 rumore
823 3465 1131 3531 acceperat
1152 3462 1440 3533 synodus.
1473 3461 1638 3526 Quod
1661 3464 1854 3533 autem
1885 3461 1958 3515 ad
1988 3463 2228 3516 ordina-

561 3532 783 3588 tionem
805 3533 996 3603 ipsius
1019 3531 1299 3602 Nectarii,
1325 3549 1457 3604 quae
1487 3533 1583 3586 hic
1599 3531 2022 3604 perstringitur
2043 3533 2230 3588 scien-

563 3603 702 3658 dum
733 3607 825 3658 est
855 3620 988 3659 eum
1016 3605 1078 3658 in
1123 3603 1828 3674 Constantinopolitanam
1876 3603 2080 3658 eadem
2115 3605 2227 3657 im-

561 3675 822 3746 positum
872 3675 1082 3746 fuisse,
1135 3679 1450 3746 postquam
1482 3692 1548 3730 ea
1589 3691 1656 3730 se
1706 3675 1858 3729 ultro
1888 3675 2228 3730 abdicasset

561 3745 988 3800 Nazianzenus.
1023 3745 1166 3810 Quae
1213 3745 1450 3816 quidem
1495 3747 1807 3814 abdicatio,
1863 3761 2094 3802 necnon
2125 3762 2226 3800 se-

561 3817 986 3888 cutarNectarii
1025 3817 1334 3887 institutio,
1389 3834 1504 3888 qua
1541 3818 1764 3872 ratione
1797 3820 2050 3886 peractae
2083 3819 2220 3886 sint,

559 3887 813 3957 explicat
844 3888 1120 3959 Socrates
1149 3889 1256 3943 lib.
1291 3905 1347 3954 v,
1383 3887 1511 3959 cap.
1542 3888 1594 3956 8,
1639 3892 1696 3942 et
1724 3890 2088 3942 Sozomenus
2119 3888 2220 3942 lib.

559 3973 660 4025 vn,
696 3974 824 4028 cap.
857 3959 928 4026 8;
961 3958 1097 4012 licet
1127 3959 1222 4012 hic
1251 3958 1493 4014 ultimus
1527 3975 1650 4012 rem
1681 3959 1756 4012 ita
1791 3963 2008 4022 narret,
2041 3962 2101 4012 ut
2133 3961 2224 4012 vi-

558 4028 766 4082 deatur
793 4044 999 4098 parum
1046 4029 1361 4084 admodum
1407 4029 1776 4084 verisimilis.
1811 4029 2221 4084 Theodoretus

555 4099 660 4154 lib.
696 4116 751 4169 v,
787 4116 913 4169 cap.
941 4100 995 4168 9,
1030 4101 1375 4168 synodicam
1404 4101 1636 4156 concilii
1680 4100 2222 4170 Constantinopoli-

555 4170 678 4226 tani
709 4171 1247 4242 epistolamrefert,
1289 4187 1404 4242 qua
1435 4171 2039 4242 Nectariumsummo
2080 4172 2222 4226 cieri

557 4257 862 4296 consensu
883 4257 952 4296 ac
984 4241 1198 4313 plausu
1233 4241 1540 4297 civitatisa
1571 4259 1647 4296 se.
1669 4241 1998 4313 ordinatum
2029 4243 2223 4313 signi-

553 4313 726 4368 ficat:
766 4314 873 4368 sed
923 4311 1056 4384 quae
1089 4312 1598 4384 ConstantinOpoli
1639 4316 1768 4366 acta
1813 4311 2064 4381 fuerant,
2098 4311 2222 4368 for-

551 4387 717 4439 tasse
736 4385 994 4439 nondum
1029 4389 1418 4454 pervenerant
1447 4386 1507 4439 in
1550 4384 1947 4456 cognitionem
1980 4384 2222 4456 Latino—

551 4471 726 4528 rum;
756 4471 958 4528 neque
979 4457 1075 4528 his
1107 4457 1252 4510 satis
1302 4454 1679 4526 perspectum
1727 4457 1853 4528 erat
1891 4454 2221 4528 vat‘rumac

554 4526 872 4582 subdolum
905 4527 1145 4582 Maximi
1173 4529 1497 4598 ingenium,
1531 4531 1594 4581 ut
1621 4543 1654 4580 a
1685 4526 2009 4598 mendaciis
2041 4529 2097 4580 et
2125 4527 2219 4580 in-
2245 4531 2300 4592 ι)

550 4599 836 4670 volucris,
867 4599 1086 4669 quibus
1125 4597 1512 4654 ordinationis
1557 4614 1684 4653 suae
1713 4597 1854 4651 vitia
1880 4600 2085 4669 tegere
2117 4613 2218 4652 sa-

550 4669 808 4740 tagebat,
843 4685 1054 4724 cavere
1083 4674 1352 4740 possent.

647 4739 741 4810 39)
788 4740 1064 4795 Valesius
1088 4739 1404 4796 Observat.
1453 4740 1514 4795 in
1556 4741 1657 4795 lib.
1693 4757 1772 4794 vn
1820 4739 2052 4794 Sozom.
2087 4755 2215 4809 cap.

553 4808 609 4880 9,
630 4808 812 4882 docet
839 4810 1178 4882 legendum,
1243 4833 1266 4862 σι
1302 4828 1369 4866 se
1427 4815 1686 4866 creatum
1734 4826 1872 4866 esse
1920 4808 2215 4879 mandato,

551 4881 759 4954 tribus,
793 4881 1094 4954 episcopis
1140 4883 1571 4938 ordinantibus.
1611 4906 1631 4930 ιι
1686 4882 1946 4954 Egregia
1976 4881 2218 4954 quidem

554 4953 904 5030 emendatio,
966 4953 1192 5030 li_cet_in
1247 4957 1473 5008 textum
1505 4954 1651 5030 eine
1708 4953 2216 5030 mssipalrocinio

555 5037 676 5078 non
705 5023 1079 5078 admittenda.
1107 5026 1294 5080 Porro
1325 5041 1458 5079 cum
1489 5025 1562 5080 de
1591 5024 1844 5079 Maximo
1877 5023 2027 5078 falsa
2057 5024 2217 5078 veris

558 5095 782 5148 intexta
809 5093 906 5148 hic
961 5095 1312 5162 referantur,
1345 5100 1408 5150 ut
1437 5096 1510 5150 ab
1568 5095 1824 5150 invicem
1854 5095 2086 5149 facilius
2118 5110 2219 5148 se-

494 5202 500 5207 -
554 5166 716 5238 cerni
747 5169 982 5238 queant,
1015 5167 1190 5236 paulo
1234 5167 1410 5222 altius
1461 5167 1777 5238 repetenda
1809 5167 2212 5238 narratioest.

553 5237 614 5292 Is
644 5235 830 5310 patria
859 5235 968 5310 fuit
996 5235 1456 5308 Alexandrinus,
1507 5235 1609 5310 qui
1658 5239 2001 5310 cynicorum
2029 5237 2218 5310 philo-

555 5308 881 5378 sophorum
911 5309 1330 5378 impudentiam
1371 5326 1504 5365 cum
1524 5308 1888 5364 Christianis
1932 5309 2218 5362 institutis

554 5395 890 5452 aggressus
921 5381 1173 5450 sociare,
1208 5382 1404 5434 varias
1463 5382 1664 5452 urbes,
1712 5381 1866 5435 unde
1925 5379 2220 5451 quampri-

558 5451 718 5504 mum
741 5451 815 5505 ob
837 5467 1068 5505 morum
1089 5452 1519 5520 improbitatem
1541 5451 1908 5520 cjieiebatur,
1942 5467 2220 5520 peragra-

555 5522 658 5576 vit.
708 5523 969 5576 Tandem
1011 5539 1145 5576 cum
1187 5522 1452 5576 venisset
1482 5523 2068 5591 (lonstautinOpolim,
2106 5525 2219 5576 tam

553 5591 959 5662 fraudulenter
1023 5593 1082 5645 in
1149 5592 1403 5645 animam
1477 5592 1752 5662 Gregorii
1817 5593 2085 5661 episcopi
2151 5609 2216 5646 se

557 5661 897 5730 insinuavit,
944 5665 1006 5716 ut
1037 5662 1109 5716 ab
1156 5677 1224 5715 eo
1274 5661 1510 5730 publica
1553 5661 1814 5718 oratione
1860 5663 2214 5718 laudaretur.

555 5729 772 5784 Verum
803 5729 970 5787 brevi
998 5734 1135 5802 post
1166 5733 1225 5786 in
1256 5729 1449 5801 ipsum
1481 5733 1836 5805 Gregorium
1868 5733 2214 5806 insurgens,

2339 3247 2476 3300 inde
2507 3263 2542 3299 a
2590 3247 2748 3301 clero
2782 3249 2838 3300 et
2885 3245 3101 3316 populo
3135 3247 3430 3316 expulsus
3461 3249 3568 3301 est:
3615 3245 3784 3316 Itaque
3807 3238 3904 3290 Con-

2341 3317 2780 3389 stantinopolim
2800 3313 3079 3370 deserere
3103 3313 3372 3384 coactus,
3409 3313 3838 3389 Thessalonicen
3853 3319 3907 3389 νέξε

2339 3389 2423 3443 nit
2451 3389 2525 3441 ad
2553 3378 2992 3460 Theodosium:
3040 3403 3073 3440 a
3102 3403 3219 3460 quo
3268 3378 3902 3460 cumrejectustuisselz

2338 3459 2758 3514 Alexandriam
2807 3474 2875 3512 se
2925 3455 3330 3531 eontulit,pubi
3381 3455 3842 3531 ejus'impudentia
3863 3460 3901 3531 eo

2337 3531 2625 3600 pervenit,
2650 3531 2906 3584 utetiam
2926 3530 3100 3583 Petro
3123 3519 3190 3584 se
3209 3519 3554 3585 invasurum
3582 3519 3752 3600 ipsius
3769 3519 3899 3600 sedet?

2336 3589 2638 3655 minitatus
2661 3601 2767 3669 sit;
2807 3600 2923 3654 nisi
2939 3599 3012 3654 ab
3031 3615 3102 3654 eo
3143 3601 3556 3670 restitueretur
3589 3589 3644 3653 in
3670 3589 3904 3670 Constanti-

2337 3661 2766 3742 nopolitanamf
2781 3671 2998 3726 Verum
3017 3664 3404 3742 inde'ejectus
3435 3688 3468 3726 a
3498 3670 3752 3742 praefecto
3781 3661 3904 3742 Est;

2335 3725 2438 3814 pti,
2472 3725 2790 3815 tantisper
2817 3742 3074 3815 quietem
3123 3725 3605 3815 colereiadac'tus
3657 3741 3753 3804 est,
3777 3725 3902 3815 gilde

2337 3803 2656 3869 concilium
2685 3803 2772 3868 -in
2825 3803 2986 3866 Italia
3043 3812 3327 3868 indictum
3387 3829 3526 3869 esse
3581 3803 3902 3882 cogitavisset,

2333 3885 2500 3958 Tunc
2523 3885 2712 3958 igitur
2759 3884 2918 3958 venit
2947 3883 3020 3938 ad
3051 3885 3372 3958 concilium
3421 3883 3596 3958 (quod
3643 3871 3773 3958 enin}
3796 3871 3904 3958 valg-

2335 3956 2464 4010 sius
2523 3942 2748 4009 litteras
2805 3957 3030 4008 tantum
3089 3955 3163 4008 ab
3223 3971 3294 4009 eo
3355 3942 3572 4010 missas
3619 3942 3902 4008 existimavit,

2332 4027 2533 4101 minus
2551 4043 2685 4080 cum
2708 4025 3424 4101 hujusepistolee‘verbis
3453 4027 3672 4101 videtur
3690 4025 3904 4101 causing:

2334 4098 2442 4167 1³0),
2469 4112 2722 4168 cumque
2751 4082 2910 4151 l’btri
2942 4082 3349 4163 Alexandrini,
3388 4096 3562 4168 cujus
3595 4082 3806 4168 maxima
3827 4082 3902 4168 erat

2333 4153 2488 4239 apud
2521 4153 2764 4226 Latinos
2795 4168 3138 4239 auctoritas,
3190 4153 3400 4223 secum
3429 4153 3653 4239 litteras
3673 4153 3902 4239 attulisset.

2331 4220 2396 4293 ἐξ
2419 4220 2718 4294 etiam;
2745 4220 3062 4293 admissus
3120 4220 3213 4294 est
3235 4220 3814 4294 ‘ai“ssaaunionem.
3849 4220 3902 4274 Illi

2330 4314 2526 4364 tamen
2556 4326 2649 4377 ne,
2709 4313 2873 4380 parte
2920 4309 3200 4381 inaudita,
3233 4293 3438 4380 altera,
3471 4308 3606 4381 quid
3645 4293 3899 4381 statuerent:

2330 4381 2588 4451 hujusce
2617 4371 2960 4450 impostoris
2995 4380 3306 4436 historiam
3358 4371 3508 4436 cum.
3523 4381 3748 4451 Damaso
3783 4371 3900 4451 atque
3960 4371 3961 4440 ξ

2328 4441 2462 4506 aliis
2481 4453 2666 4522 probe
2701 4441 3006 4523 cognitam
3035 4467 3173 4508 esse
3204 4452 3563 4523 ignorarent,
3588 4450 3720 4523 hanc
3745 4441 3898 4523 θΡξείῗζ

2329 4503 2660 4594 magna;
2710 4503 3005 4594 assa
3042 4503 3898 4594 insessas“animum.fit
3960 4503 3961 4594 ξ

2332 4595 2520 4666 quaeri
2549 4588 2744 4664 potest
2774 4593 2848 4648 ad
2876 4594 3028 4648 hanc
3062 4611 3135 4650 ne
3166 4595 3481 4664 synodum,
3513 4589 3677 4666 an_ad
3706 4588 3899 4666 ευρέξξῗξ

2327 4648 2773 4739 reinmal'iquam
2809 4648 3137 4739 accesserit
3179 4648 3527 4739 dileximus?
3557 4662 3699 4739 Vere
3729 4648 3896 4739 (li—134$?

2329 4717 2854 4791 similiusjvidetur
2889 4752 3022 4792 cum
3052 4737 3125 4790 ad
3155 4737 3329 4791 aliam
3359 4735 3596 4791 venisse
3624 4717 3763 4802 prius
3786 4717 3896 4802 hab}:

2331 4788 2644 4874 namss
2661 4788 2913 4862 esset
2931 4788 3352 4862 agitatas“.
3377 4788 3588 4878 super,
3622 4788 3644 4852 ἱ
3689 4792 3813 4878 (19ρά
3834 4788 3893 4878 [tif

2327 4868 2583 4949 ponitur,
2617 4883 2674 4933 et
2705 4878 2950 4951 epistola
2969 4949 2980 4951 _
2999 4894 3030 4951 a
3057 4880 3232 4951 Petro
3279 4868 3490 4932 adhue'
3517 4868 3807 4951 superstite.

2326 4941 2522 5004 tamen
2550 4941 2669 5004 vita
2698 4941 2937 5004 functus
2969 4949 3066 5005 hic
3096 4949 3404 5015 indicatur,
3439 4941 3652 5003 extorta
3677 4941 3796 4995 satis
3826 4942 3892 4982 OS-

2325 5022 2590 5077 tendunt.

2396 5093 2506 5162 (40)
2531 5091 2806 5188 Ιλαιξὺθιὲς
2825 5091 3071 5188 ascribit
3095 5093 3153 5146 in
3175 5091 3460 5188 margine,
3492 5112 3513 5136 α
3541 5063 3888 5188 Λιθοςξέπξλδξξέ

2325 5159 2715 5218 incommode.
2750 5163 2867 5217 Sed
2912 5164 3068 5234 quod
3101 5159 3393 5233 synodum
3437 5159 3885 5234 oecuIneilictmlgh‘:c

2324 5251 2440 5306 qua
2486 5235 2582 5289 hic
2613 5235 2830 5306 mentio
2876 5221 2958 5304 ﬁt,
3007 5221 3226 5288 indicat
3257 5234 3468 5306 ibidem
3523 5225 3752 5306 eamdem

2324 5288 2600 5376 quamiab
2635 5288 2958 5360 Ambrosid
3007 5306 3362 5376 prohibitam
3391 5305 3458 5376 in
3497 5295 3720 5376 concilio

2325 5361 2534 5432 leiensi
2565 5377 2740 5430 toties
2771 5361 3032 5450 objectal'.
3063 5376 3397 5450 Palladius;
3431 5373 3551 5450 hoc;
3579 5361 3882 5450 qgidemjgf}

2322 5451 2539 5502 tantum
2595 5465 2718 5518 pra)
2751 5465 2816 5502 se
2849 5431 2981 5502 ufert
3019 5449 3281 5518 speciem
3320 5431 3728 5518 veritatis-Quo

2323 5524 2493 5589 pacto
2512 5502 2702 5591 quine
2753 5502 3254 5591 εθιιθιτθιίέθεεθι
3273 5533 3338 5574 ea
3386 5502 3883 5591 synodusnilllpf’fﬁi‘i

2324 5567 2573 5656 fuerant,
2599 5567 2996 5662 Orieiijtalibus
3019 5591 3178 5662 quod
3199 5591 3270 5645 ad
3285 5604 3408 5662 eam
3423 5567 3617 5662 'venire

2323 5664 2474 5749 scut,
2501 5637 2729 5749 crimini
2751 5661 2998 5749 darent?
3035 5637 3312 5744 1Att-amen
3335 5659 3406 5749 de
3445 5649 3668 5749 sxnodg‘
3681 5637 3880 5749 $333,:

2981 5714 3094 5804 agi
3109 5714 3422 5804 “sequentia
3457 5714 3669 5796 planum
3696 5714 3880 5768 facium-
