4072 6174
144 298 264 366 993

1325 278 1942 349 EPISTOLARUM
1987 278 2327 343 CLASSIS
2369 276 2418 340 Ι.

3479 270 3605 335 994

146 498 528 575 episcopatus
556 488 1189 561 Constantinopolitani
1218 485 1685 558 (4t)putavimus
1714 499 1815 575 pe-
1844 465 1918 527 Α.
1995 476 3092 575 scripserint’cpinsntolam,rne‘xp‘opnuna
3105 473 3421 575 “agiagi”
3434 489 3594 575 cauca:

146 574 349 648 titione
379 581 824 641 removendum.
859 579 1047 651 Cujus
1070 576 1484 648 allegationem
1504 574 1815 645 praesenti-

147 682 262 736 bus
283 676 552 749 partibus
574 669 1001 727 aestimavimus
1020 682 1159 722 esse
1180 665 1570 736 pendendam.
1604 664 1815 718 Necta-
1833 705 1859 715 -

149 770 299 824 rium
345 762 460 835 (42)
503 763 700 816 autem
754 774 886 813 cum
945 772 1136 827 nuper
1180 758 1385 809 nostra
1434 752 1813 807 mediocritas

153 849 661 921 Constantinopoli
720 847 1068 919 cognoverit
1117 844 1467 911 ordinatum,
1511 841 1814 896 cohaerere

152 942 629 1002 communionem
661 940 926 993 nostram
959 951 1092 990 cum
1118 932 1517 987 Orientalibus
1547 930 1815 1001 partibus

152 1027 295 1091 817
360 1047 479 1086 non
527 1028 838 1094 videmus;
907 1023 1240 1094 praesertim
1289 1038 1421 1075 cum
1476 1020 1548 1074 ab
1603 1019 1816 1072 iisdem

156 1122 469 1179 Nectarius
502 1117 719 1173 dicitur
745 1115 903 1168 illico
936 1114 1066 1167 sine
1099 1110 1533 1166 communionis
1564 1123 1816 1163 consor-

150 1214 233 1267 tio
263 1210 599 1276 destitutus,
632 1221 667 1259 a
699 1203 917 1275 quibus
945 1201 1137 1255 fuerat
1167 1198 1493 1254 ordinatus.

222 1301 278 1356 6.
306 1299 442 1354 Non
469 1292 791 1351 mediocris
813 1290 995 1363 igitur
1020 1288 1119 1343 hic
1142 1287 1481 1358 serupulus.
1507 1286 1632 1341 Nec
1654 1302 1815 1358 quae-

152 1390 285 1444 dam
314 1403 427 1443 nos
456 1384 620 1457 angit
659 1383 732 1437 de
777 1379 1103 1435 domestico
1155 1377 1351 1431 studio
1401 1378 1459 1431 et
1499 1375 1815 1430 ambitione

149 1476 471 1545 contentio,
506 1473 613 1529 sed
645 1470 980 1527 communio
1012 1466 1205 1522 soluta
1237 1468 1295 1521 et
1324 1464 1647 1519 dissociata
1683 1479 1815 1533 per-

146 1567 369 1623 turbat.
402 1564 529 1618 Nec
555 1561 825 1615 videmus
859 1574 986 1612 eam
1018 1570 1201 1626 posse
1243 1553 1417 1608 aliter
1454 1553 1813 1622 convenire;

146 1656 269 1711 nisi
307 1657 408 1709 aut
444 1653 497 1707 is
536 1650 815 1706 reddatur
851 1643 1383 1713 Constantinopoli,
1408 1642 1509 1714 qui
1532 1641 1697 1712 prior
1724 1643 1820 1696 est

148 1744 493 1800 ordinatus:
540 1741 639 1794 aut
697 1739 856 1793 certe
913 1751 1096 1806 super
1147 1734 1399 1788 duorum
1448 1730 1816 1786 ordinatione

1997 545 2175 607 etiam
2208 551 2330 605 sibi
2356 545 2549 603 fuisse
2588 553 2669 611 Aut
2726 545 2995 602 fautores
3048 545 3421 617 Apollinaris
3450 562 3589 600 con-

1996 625 2427 678 demnarentur
2441 640 2455 673 :
2473 626 2775 691 postremo
2793 634 2901 672 nec
2924 634 2991 672 se
3014 618 3321 691 concilium
3335 617 3592 691 petendo

1994 695 2275 764 injuriam
2308 688 2556 764 cuipiam
2590 690 2889 764 intulisse,
2912 705 3018 743 nec
3046 705 3078 742 a
3114 688 3395 760 majorum
3419 688 3591 742 insti-

1997 762 2122 820 ιιὶιο
2154 779 2389 835 usquam
2422 762 2722 817 defecisse
2754 768 3051 814 asserunt.

1924 853 2285 908 Beatissimo
2313 852 2672 921 imperatori,
2716 852 2772 904 et
2822 847 3285 904 clementissimo
3336 849 3586 919 principi

1998 943 2358 1010 Tuaonosro,
2392 942 2734 994 AMBROSIUS
2766 941 2823 993 et
2866 937 3066 992 czeteri
3096 938 3359 1008 episcopi
3390 939 3590 993 Italim.

1998 1031 2055 1085 1.
2095 1030 2258 1085 Fidei
2291 1033 2406 1083 tuae
2437 1027 2651 1083 diffusa
2682 1031 2802 1083 toto
2834 1026 2977 1082 orbe
3026 1028 3284 1098 cognitio
3323 1027 3591 1083 intimum

1926 1123 2152 1175 nostrae
2182 1118 2398 1172 mentis
2442 1116 2721 1171 demulsit
2769 1114 3079 1185 affectum;
3125 1130 3333 1186 eoque,
3367 1120 3429 1171 ut
3458 1117 3589 1172 haec

1926 1222 2162 1280 quoque
2193 1206 2381 1279 gloria
2402 1208 2502 1260 tuo
2523 1205 2767 1275 imperio
2793 1208 3111 1273 crearetur,
3132 1205 3289 1275 quod
3312 1206 3592 1263 unitatem

1924 1295 2262 1351 reddidisse
2300 1294 2763 1349 Occidentalium
2787 1293 2959 1364 juxta
2988 1294 3162 1364 atque
3208 1284 3591 1351 Orientalium

1926 1385 2217 1439 Ecclesiis
2246 1383 2538 1437 videreris
2568 1382 2681 1453 (46)
2706 1381 3074 1436 clementiam
3094 1384 3252 1435 tuam
3269 1382 3591 1439 obsecran-

1926 1474 2060 1528 dam
2071 1473 2384 1543 pariter,ac
2398 1487 2579 1542 super
2591 1470 3017 1526 ecclesiasticis
3032 1471 3287 1542 negotiis
3300 1471 3591 1529 instruen-

1928 1562 2061 1617 dam
2092 1562 2318 1616 nostris
2352 1560 2564 1614 litteris
2595 1560 3041 1628 mstimavimus,
3069 1559 3388 1630 imperator
3423 1564 3589 1618 tran-

1929 1650 2290 1723 quillissime
2320 1665 2389 1703 ac
2437 1648 2805 1703 fidelissime.
2842 1648 3044 1702 Dolori
3091 1649 3247 1702 enim
3285 1653 3411 1704 erat
3438 1651 3594 1707 inter

1927 1738 2256 1794 Orientales
2316 1739 2489 1809 atque
2548 1735 2957 1790 Occidentales
3021 1736 3344 1807 interrupta
3398 1755 3589 1797 sacra:

148 1834 225 1888 sit
252 1833 314 1886 in
340 1830 489 1887 urbe
524 1830 713 1885 Roma
749 1828 1020 1882 nostrum
1068 1822 1570 1894 Orientaliumque
1612 1820 1815 1875 conci-
1850 1837 1904 1901 Β
1930 1827 2364 1884 communionis
2396 1841 2534 1881 esse
2558 1824 2876 1881 consortia,

147 1923 288 2066 1m:
297 1963 538 2080 .Neque
587 2005 742 2062 enim
797 2003 1107 2075 indignum
1154 1999 1408 2070 videtur,
1448 2001 1720 2072 auguste,
1754 2019 1821 2076 ut

145 2106 432 2161 Romanae
463 2094 753 2153 Ecclesiae
775 2092 1074 2156 antistitis,
1100 2089 1600 2165 ﬁnitimorumque
1622 2101 1679 2151 et
1699 2096 1815 2150 Ita-

143 2195 339 2249 lorum
370 2189 788 2261 episcoporum
817 2182 1068 2238 debeant
1098 2181 1303 2236 subire
1333 2185 1641 2239 tractatum
1680 2185 1813 2256 (43),

148 2284 247 2355 qui
260 2281 441 2336 unius
455 2275 682 2332 Acholii
700 2273 965 2345 episcOpi
976 2273 1054 2327 ita
1071 2273 1535 2343 exspectandum
1549 2288 1686 2328 esse
1704 2290 1816 2344 pu-

143 2372 420 2427 taverunt
439 2365 735 2439 judicium
764 2362 898 2435 (44),
930 2366 992 2417 ut
1022 2362 1093 2417 de
1122 2361 1602 2417 Occidentalibus
1632 2363 1815 2433 parti-

142 2461 258 2515 bus
280 2451 856 2524 Constantinopolim
877 2451 1245 2506 evocandum
1267 2454 1557 2522 putarent.
1582 2451 1645 2507 Si
1675 2451 1817 2523 quid

143 2550 243 2605 uni
264 2547 413 2603 huic
433 2546 803 2600 reservatum
824 2544 936 2612 est,
961 2544 1179 2612 quanto
1200 2541 1394 2613 magis
1424 2540 1697 2612 pluribus
1718 2557 1815 2596 re-

144 2635 511 2693 servandum
540 2635 633 2688 est
650 2630 663 2686 l

208 2727 263 2781 8.
296 2726 433 2780 Nos
464 2725 677 2792 autem,
712 2737 746 2774 a
790 2720 1139 2775 beatissimo
1180 2719 1446 2791 principe
1477 2719 1656 2775 fratre
1696 2722 1813 2775 tuae

143 2814 386 2888 pietatis
406 2812 706 2880 admoniti,
730 2813 793 2866 ut
814 2813 929 2865 tuae
952 2809 1277 2864 clementiae
1299 2808 1700 2865 scriberemus
1717 2810 1819 2863 im-

142 2905 309 2976 perio
338 2920 356 2974 ;
387 2900 761 2973 postulamus
789 2902 853 2953 ut
880 2898 963 2953 ibi
995 2914 1112 2953 una
1140 2898 1474 2953 communio
1505 2901 1617 2969 est,
1651 2915 1815 2955 com-

140 3008 319 3049 mune
353 2991 499 3046 velit
528 3005 667 3045 esse
690 2988 1004 3062 judicium,
1057 2987 1630 3060 concordantemque
1676 3005 1816 3045 con-

141 3097 420 3139 sensum.
1085 3140 1095 3151 ‘

616 3168 986 3224 EPISTULA
1031 3164 1168 3222 XIV
1214 3168 1350 3238 (45).

144 3281 492 3336 Tasonosro
514 3277 664 3350 quod
679 3276 1072 3350 restituendae
1087 3278 1253 3350 inter
1268 3275 1820 3350 Orientalematque

209 3347 645 3407 occidentalem
674 3348 1012 3403 Ecclesiam
1029 3348 1243 3402 unitati
1267 3363 1503 3418 operam
1525 3347 1817 3402 dedisset.

213 3420 647 3490 commendato,
683 3420 945 3491 episcopi
992 3434 1099 3473 cur
1126 3419 1201 3474 de
1251 3434 1318 3473 ca
1348 3434 1421 3474 re
1451 3419 1819 3490 superiorem

212 3566 336 3635 (44)
371 3561 725 3636 Gregorium
765 3576 1150 3636 nequaquam
1165 3561 1503 3636 secundum
1533 3560 1822 3636 ecclesia-

145 3632 338 3693 sticos
376 3632 638 3690 canénes
669 3632 1333 3703 ConstantinOpoIitanae
1356 3633 1599 3687 dioecesi
1632 3632 1823 3689 fuisse

145 3707 541 3778 praepositum
574 3719 947 3778 cognoscere
980 3710 1072 3758 est
1100 3720 1133 3758 e
1149 3720 1293 3778 _can.
1327 3704 1395 3778 16
1445 3704 1659 3778 synodi
1696 3705 1822 3778 An-

146 3774 507 3842 tiochensis,
544 3774 719 3847 quem
751 3775 1039 3829 habemus
1069 3791 1103 3829 a
1148 3775 1433 3844 Dionysio
1481 3774 1715 3846 Exiguo
1744 3776 1822 3829 ita

146 3850 482 3928 redditum:
522 3868 544 3894 α
564 3846 644 3901 "Si
673 3847 809 3928 quis
830 3847 1153 3928 episcopus
1173 3861 1396 3900 vacans
1426 3846 1487 3928 in
1516 3848 1824 3928 vacantem

149 3920 492 3975 Ecclesiam
541 3917 830 3988 prosiliat,
889 3918 1211 3989 sedemque
1265 3917 1547 3987 pervadat
1594 3918 1823 3989 absque

148 3992 392 4064 integro
404 3989 786 4064 perfectoque
819 3988 1091 4064 concilio,
1109 3988 1205 4041 hic
1227 3988 1542 4064 abjiciatur
1570 4005 1823 4064 necesse

148 4066 259 4130 est,
278 4060 417 4117 'etsi
450 4064 700 4114 cunctus
740 4061 1015 4130 populus,
1050 4074 1225 4129 quem
1245 4060 1517 4130 diripuit,
1550 4075 1683 4114 eum
1716 4060 1823 4114 ha-

146 4129 288 4188 bere
319 4132 635 4203 delegerit.
674 4151 696 4179 »
736 4129 867 4185 Huc
887 4131 1037 4203 adde
1067 4145 1197 4184 ean.
1232 4129 1499 4203 tsynodi
1519 4130 1826 4185 Sardicen-

147 4205 255 4271 sis,
298 4207 369 4259 et
404 4201 490 4256 15⁷
532 4203 774 4257 Nicenae
835 4219 873 4272 ι,
934 4202 1091 4256 sicut
1147 4204 1222 4272 et,
1262 4201 1506 4255 Hieron.
1539 4203 1713 4271 epist.
1750 4203 1825 4257 ad

152 4274 476 4330 Oceanum.
510 4274 939 4327 Verumtamen
969 4273 1173 4327 eadem
1194 4271 1472 4343 Gregorii
1492 4272 1819 4341 translatio,

150 4349 477 4416 postquam
524 4359 654 4399 eam
700 4344 1039 4416 universale
1072 4343 1403 4416 concilium
1452 4344 1817 4416 approbavit,

152 4413 226 4470 ex
254 4413 474 4471 eodem
506 4430 635 4471 can.
662 4415 1032 4470 Antiocheno
1062 4413 1214 4468 facta
1244 4419 1337 4486 est
1365 4415 1627 4486 legitima
1652 4431 1664 4468 :
1716 4413 1826 4470 sed

155 4487 269 4541 hoc
301 4487 567 4542 nondum
596 4487 934 4542 resciscere
966 4488 1277 4555 potuerant
1303 4485 1735 4540 Occidentales.

1848 3200 1902 3267 Ο

2000 1918 2053 1972 2.
2079 1917 2336 1972 Silemus
2352 1914 2473 1985 jam
2489 1930 2739 1986 quorum
2761 1928 2984 1983 errore,
3004 1928 3331 1984 quorumve
3352 1916 3587 1991 delicto,

1930 2021 2003 2061 ne
2034 2020 2237 2060 serere
2266 2002 2499 2058 fabulas
2531 2005 2588 2057 et
2617 2002 2872 2073 alloquia
2902 2018 3076 2056 cassa
3105 2003 3429 2061 videamur.
3463 2008 3590 2064 Nec

1930 2111 2043 2150 nos
2069 2096 2333 2149 tentasse
2360 2092 2623 2162 poenitet,
2656 2091 2813 2162 quod
2862 2090 3206 2145 intentatum
3249 2094 3485 2150 caderet
3529 2098 3591 2154 in

1930 2183 2182 2254 culpam.
2217 2182 2335 2235 Isto
2368 2181 2523 2235 enim
2553 2194 2715 2249 saepe
2743 2178 3158 2249 arguebamur,
3182 2182 3339 2250 quod
3356 2184 3593 2252 postha-

1926 2272 2070 2327 bere
2114 2269 2495 2325 Orientalium
2535 2268 2906 2336 societatem,
2940 2269 2998 2320 et
3039 2267 3295 2323 refutare
3343 2272 3593 2342 gratiam

1926 2361 2285 2415 videremur.

2006 2439 2157 2503 818
2186 2447 2239 2502 3.
2292 2445 2583 2501 Laborem
2611 2444 2754 2516 quin
2802 2445 2977 2499 etiam
3008 2443 3184 2500 nobis
3214 2445 3591 2507 indicendum

1925 2536 2285 2608 putavimus,
2310 2550 2428 2589 non
2449 2549 2556 2604 pro
2577 2533 2759 2603 Italia,
2779 2548 2912 2603 quaa
2947 2531 3295 2603 jamdudum
3315 2536 3389 2590 ab
3411 2539 3587 2594 Aria-

1926 2627 2022 2681 nis
2053 2625 2249 2696 quieta
2277 2626 2450 2695 atque
2481 2637 2694 2677 secura
2732 2623 2844 2691 est,
2882 2636 2993 2675 nec
3024 2620 3143 2675 ulla
3173 2621 3590 2684 haereticorum

1926 2714 2367 2786 perturbatione
2388 2713 2662 2767 vexatur:
2680 2726 2795 2765 non
2803 2752 2817 2781 ,
2833 2710 3091 2782 inquam,
3106 2727 3212 2781 pro
3225 2712 3400 2769 nobis
3417 2730 3431 2785 ;
3454 2718 3594 2788 quia

1927 2819 2048 2860 non
2078 2802 2404 2875 quaerimus
2434 2817 2568 2872 quae
2606 2802 2809 2855 nostra
2840 2802 2998 2869 sunt,
3032 2800 3142 2855 sed
3163 2817 3296 2871 quis
3318 2808 3457 2859 sunt
3474 2821 3596 2861 om-

1927 2894 2128 2951 nium:
2179 2907 2296 2947 non
2326 2906 2434 2962 pro
2462 2889 2649 2945 Gallia
2680 2890 2854 2960 atque
2903 2888 3123 2958 Africa,
3157 2906 3289 2961 quae
3329 2895 3593 2951 omnium

1928 2981 2305 3037 sacerdotum
2329 2978 2606 3034 concordi
2630 2977 2913 3033 societate
2938 2978 3240 3048 potiuntur
3263 2995 3278 3050 ;
3311 2982 3419 3037 sed
3440 2986 3594 3041 utea

1929 3087 2063 3144 quae
2095 3068 2568 3125 communionem
2601 3069 2863 3123 nostram
2894 3066 2966 3121 de
2993 3065 3250 3123 Orientis
3279 3076 3443 3140 parte
3472 3075 3595 3128 tur-

1926 3160 2237 3228 baverunt,
2264 3158 2776 3229 cognoscerentur
2793 3154 2854 3210 in
2876 3155 3125 3226 synodo,
3146 3160 3203 3211 et
3221 3158 3414 3214 omnis
3431 3174 3463 3215 e
3481 3175 3598 3217 me-

1929 3249 2025 3304 dio
2059 3247 2380 3317 scrupulus
2418 3245 2740 3300 tolleretur.

1999 3338 2053 3392 4.
2085 3337 2219 3391 Non
2252 3336 2447 3391 solum
2476 3333 2632 3388 enim
2664 3334 2736 3387 de
2778 3333 2875 3387 his
2915 3332 2988 3388 de
3031 3333 3252 3405 quibus
3285 3335 3596 3394 clementia

1930 3429 2029 3481 tua
2061 3426 2301 3498 dignata
2330 3426 2423 3479 est
2452 3422 2721 3478 scribere
2749 3422 2884 3493 (4'7),
2917 3423 3026 3477 sed
3056 3422 3231 3477 etiam
3253 3424 3326 3480 de
3342 3425 3461 3482 illis
3490 3428 3596 3500 qui

1932 3570 2063 3625 haec
2107 3568 2281 3641 etiam
2328 3567 2517 3641 potuit
2563 3580 2702 3641 esse
2745 3565 2988 3641 Maximi
3032 3566 3377 3639 impostura,
3418 3584 3596 3641 quam

1933 3641 2030 3695 ille
2060 3644 2123 3695 ut
2150 3639 2457 3694 efficacius
2490 3638 2738 3709 Latinos
2770 3638 2831 3691 in
2859 3640 3058 3708 partes
3094 3654 3237 3693 suas
3284 3638 3593 3709 pertrahe-

1932 3715 2041 3781 ret,
2077 3712 2443 3781 commentus
2475 3708 2670 3762 fuerit.

2028 3779 2118 3847 43)
2152 3783 2302 3853 Reg.
2337 3780 2491 3848 cod.,
2530 3802 2552 3826 α
2575 3795 2692 3853 non
2713 3779 2965 3853 debeant
2987 3779 3189 3853 subire
3211 3783 3539 3839 tractatum.
3569 3805 3597 3832 ιι

2028 3786 2118 3847 43)
2152 3786 2302 3853 Reg.
2337 3786 2491 3848 cod.,
2530 3802 2552 3826 α
2575 3795 2692 3833 non
2713 3786 2965 3835 debeant
2987 3786 3189 3834 subire
3211 3786 3539 3839 tractatum.
3569 3805 3594 3832 υ

2004 3786 2118 3923 ἓάιί)
2151 3853 2549 3920 Hei-manuus,
2582 3850 2682 3905 lib.
2715 3868 2755 3904 x
2815 3851 2963 3923 Vitae
2993 3851 3297 3923 Gregorii
3337 3853 3594 3909 Nazian.

1935 3921 2063 3994 cap.
2080 3921 2134 3994 5,
2156 3924 2284 3977 haec
2299 3922 2610 3994 referenda
2634 3937 2772 3994 esse
2789 3921 3029 3994 conjicit
3046 3923 3118 3976 ad
3140 3921 3446 3978 historiam
3462 3940 3601 3980 con-

1936 3965 2055 4050 cilii
2105 3965 2753 4063 Constantinopolitani,
2786 3965 3497 4065 ubijdiciturepiscopos
3537 3995 3598 4050 in

1937 4082 2137 4135 causa,
2169 4068 2234 4120 ut
2260 4066 2510 4131 videtur,
2543 4064 2761 4118 Meletii
2790 4079 2859 4117 ac
2894 4063 3120 4117 Paulini
3150 4064 3303 4119 inter
3332 4063 3407 4120 se
3422 4066 3631 4121 dissi--

1936 4139 2163 4203 dentes,
2186 4136 2399 4190 litteris
2415 4150 2667 4205 propere
2687 4136 2758 4188 ad
2773 4135 3095 4206 Aﬂgyptios
3113 4138 3170 4189 et
3184 4136 3599 4193 Macedonicos

1935 4209 2228 4262 antistites
2251 4207 2423 4275 datis,
2444 4207 2612 4276 ipsos
2636 4206 2924 4261 invitasse
2948 4222 2963 4275 ;
2994 4206 3151 4276 quod
3174 4222 3379 4261 eorum
3400 4211 3601 4262 aucto-

1937 4280 2127 4346 ritate,
2160 4278 2414 4332 maxime
2436 4292 2580 4331 vero
2603 4276 2837 4330 Acholii
2859 4276 3442 4347 Thessalonicensis,
3467 4294 3600 4333 con-

1937 4351 2198 4404 eordiam
2227 4348 2460 4402 restitui
2488 4363 2672 4418 posse
2702 4347 3084 4401 confiderent.
3110 4347 3270 4418 Idem
3298 4363 3476 4417 porro
3504 4351 3600 4402 est

1936 4422 2034 4476 ille
2065 4420 2350 4474 Acholius
2384 4417 2507 4490 qui
2533 4418 2933 4473 Theodosium
2955 4433 3074 4490 pan.
3110 4417 3215 4490 380
3236 4418 3596 4490 baptizavit,

1937 4496 1994 4547 et
2023 4492 2198 4563 cujus
2228 4488 2477 4563 virtut—es
2508 4490 2679 4559 epist.
2716 4490 2795 4563 15Δ
2810 4488 3092 4563 praedicat
3121 4488 3497 4542 Ambrosius.

219 4559 345 4633 (Β)
384 4581 405 4603 ·
437 4557 818 4633 Gregorium.
851 4577 874 4607 ι
909 4573 1028 4611 non
1066 4571 1210 4633 vero
1246 4578 1269 4604 α
1303 4556 1645 4633 N_ectarium
1680 4577 1703 4607 ι
1737 4558 1824 4612 le-
1847 4562 1905 4627 ι)
2008 4556 2119 4633 (45)
2152 4563 2382 4632 Scripta
2413 4556 2571 4615 circa
2601 4576 2736 4633 ann.
2768 4556 2893 4633 382.

153 4631 421 4699 gendum
453 4628 591 4683 esse
625 4629 899 4683 Valesius
929 4633 986 4683 et
1013 4632 1149 4698 post
1178 4628 1721 4699 eumHermannus
1743 4645 1828 4682 ar-

152 4698 431 4754 bitratur.
465 4700 536 4753 Et
565 4715 709 4754 sane
741 4700 1024 4754 historica
1054 4699 1203 4752 ratio
1248 4698 1495 4768 pulchre
1528 4701 1823 4754 convenit.

153 4770 305 4825 Nam
346 4786 481 4825 cum
509 4772 861 4842 Gregorium
898 4770 1169 4825 Meletius
1190 4770 1408 4842 aliique
1430 4771 1645 4842 Patres
1666 4771 1824 4842 Con-

151 4840 699 4916 stantinopolitanae
735 4842 1180 4916 synodieidem
1206 4840 1496 4916 Ecclesiae
1527 4841 1827 4916 praefecis-

153 4917 310 4982 sent,
346 4914 452 4967 ubi
488 4928 522 4967 e
552 4913 705 4967 vivis
738 4912 1002 4967 excessit
1028 4913 1183 4966 idem
1213 4913 1506 4982 Meletius,
1537 4912 1826 4982 Gregorio

154 4988 377 5054 sponte
400 4985 532 5039 loco
556 4985 783 5038 cedenti
822 4984 1163 5038 Nectarium
1196 4984 1490 5053 praesules
1512 4983 1824 5037 suffecere.

154 5057 435 5109 Attamen
448 5058 549 5109 vix
563 5054 844 5110 credibile
859 5056 937 5109 sit
952 5055 1289 5108 Nectarium
1303 5055 1623 5124 irrepsisse
1638 5056 1696 5106 in
1713 5070 1830 5107 om-

156 5141 265 5179 nes
290 5127 429 5199 cod.
454 5143 561 5196 pro
583 5127 892 5199 Gregorio.
910 5126 1059 5180 Nam
1073 5127 1265 5199 primo
1278 5130 1503 5180 certum
1523 5126 1828 5199 estpraesi-

153 5197 761 5277 pueagideNectai-io
776 5198 886 5277 hac
911 5201 1029 5252 tota
1058 5198 1329 5277 epistola,
1356 5213 1547 5277 neque
1568 5197 1827 5277 lilaximp

158 5269 274 5321 nisi
299 5268 578 5338 respectu
612 5269 873 5323 Nectarii
920 5270 1266 5336 convenire,
1309 5271 1466 5338 quod
1499 5268 1651 5321 infra
1682 5268 1830 5320 dici-

158 5342 273 5409 tur,
311 5361 337 5386 «-
376 5339 428 5393 is
459 5340 738 5393 reddatur
766 5339 1299 5408 Constantinopoli,
1334 5340 1434 5409 qui
1482 5340 1646 5407 prior
1674 5339 1829 5392 elec—

161 5414 256 5463 tus
287 5413 389 5464 est
419 5426 431 5464 :
488 5434 511 5458 ι»
546 5411 758 5465 deinde
788 5411 940 5465 hanc
972 5410 1231 5466 Nectarii
1274 5410 1713 5463 destitutionem
1757 5425 1827 5464 eo

160 5481 395 5553 referre
429 5482 584 5552 licet,
617 5483 776 5553 quod
821 5482 1160 5538 Theodosio
1202 5481 1543 5553 Nectarium
1574 5481 1827 5553 necdum

161 5549 463 5625 baptisgmo
493 5549 779 5608 initiatum
811 5553 1050 5625 eligenti
1083 5554 1300 5625 plures
1318 5552 1606 5622 episcopi,
1631 5552 1696 5625 _si
1742 5555 1826 5605 ta-

161 5621 314 5698 men
345 5621 672 5698 Sozomeno
710 5625 826 5698 lib.
857 5621 959 5698 vix,
1003 5621 1129 5698 cap.
1162 5625 1216 5695 8,
1248 5623 1306 5678 id
1349 5621 1644 5698 asserenti
1692 5638 1826 5678 cre-

164 5693 427 5755 dendum
452 5698 561 5773 est,
595 5697 762 5758 initio
816 5693 1094 5757 relu’ctati
1140 5693 1314 5758 sunt:
1374 5694 1546 5755 tertio
1593 5694 1828 5753 domum

2007 4628 2119 4704 (46)
2152 4628 2306 4687 Haec
2327 4633 2510 4687 verba
2542 4628 3155 4704 referendavidentur
3182 4629 3253 4682 ad
3288 4628 3601 4704 istasupe-

1934 4700 2113 4760 rioris
2145 4704 2411 4773 epistolae
2442 4718 2602 4756 num.
2636 4702 2688 4767 5,
2727 4724 2749 4747 α
2786 4700 3086 4773 cohaerere
3128 4700 3602 4773 communionem

1937 4771 2201 4830 nostram
2225 4791 2356 4827 cum
2387 4772 2784 4827 Orientalibus
2803 4771 3070 4841 partibus
3093 4786 3210 4824 non
3245 4771 3535 4826 videmus.
3573 4788 3597 4822 ι

1936 4847 2103 4910 Quod
2134 4848 2325 4898 autem
2349 4844 2444 4898 hic
2469 4844 2853 4914 subjungitur
2877 4857 2889 4895 :
2930 4863 2951 4888 ‹‹
2986 4841 3242 4895 Silemus
3257 4840 3400 4912 jam,
3426 4846 3597 4910 etc.,n

1936 4918 2051 4971 hoc
2081 4931 2266 4970 sensu
2296 4915 2579 4985 intellige,
2616 4916 2678 4967 ut
2730 4915 2932 4967 Patres
2954 4982 2967 4985 Α
2992 4915 3048 4966 et
3080 4927 3366 4985 errorem
3426 4930 3602 4968 suum

1939 4988 2149 5055 fuisse,
2176 4987 2332 5057 quod
2354 4982 2611 5039 Nectarii
2634 4984 2842 5057 electio
2866 4982 3119 5057 utgfuerit
3148 4987 3392 5057 peracta
3422 4985 3599 5057 igne-7

1937 5054 2255 5127 ravissent,
2305 5058 2738 5128 agnoscantet
2788 5054 3382 5128 MaximineIictum;
3431 5054 3600 5128 quod

1938 5130 2189 5184 concilio
2220 5125 2545 5181 mendaciis
2578 5127 2705 5181 suis
2735 5141 2803 5179 ac
2843 5125 3153 5179 fraudibus
3189 5125 3595 5195 imposuisset.

2008 5201 2121 5268 (Η)
2154 5200 2306 5253 Hinc
2362 5199 2681 5268 intelligas,
2740 5212 2971 5251 necnon
3028 5212 3102 5249 ex
3147 5212 3217 5251 eo
3258 5198 3413 5268 quod
3446 5197 3600 5251 infra

1937 5272 2171 5343 legitur,
2212 5293 2234 5317 α
2269 5274 2522 5343 augusto
2555 5269 2982 5343 principalique
3001 5283 3314 5343 responso,
3343 5291 3364 5315 ιι
3391 5269 3599 5343 primis

1938 5340 2601 5413 episcoporum’litteris
2630 5341 3047 5413 rescripsisse
3077 5340 3508 5413 imperatorem,
3541 5340 3603 5392 et

1939 5410 2165 5468 seriem
2187 5429 2301 5483 qua
2337 5412 2595 5465 Nectarii
2620 5412 2769 5465 facta
2804 5414 2895 5465 est
2924 5410 3233 5483 ordinatio,
3271 5423 3596 5483 nonsecus

1938 5501 2007 5539 ac
2039 5480 2278 5538 Maximi
2308 5484 2477 5537 dolus
2508 5498 2591 5551 ac
2625 5483 2854 5536 scelera
2902 5482 3302 5551 significasse,
3342 5480 3510 5551 Asicut
3542 5480 3600 5551 et

1980 5572 2072 5611 uae
2102 5556 2173 5609 ad
2209 5554 2437 5609 Paulini
2468 5569 2537 5608 ac
2584 5547 2853 5608 'Flavinai
2913 5547 3151 5605 causam
3206 5547 3597 5619 pertinebant,

1988 5627 2297 5700 jusporro
2343 5625 2604 5700 quodng
2653 5623 3093 5700 Apollinaristis
3120 5618 3388 5700 additur,
3439 5618 3602 5700 nulla

1935 5689 2155 5760 m'enti'o
2184 5698 2247 5756 ﬁt
2276 5697 2336 5755 in
2360 5689 2634 5776 'epistola
2681 5689 3029 5777 superiore;
3080 5693 3138 5749 et
3166 5689 3602 5773 quodammon
