4072 6174
187 358 312 421 997

1361 347 1977 416 EPISTOLARUM
2022 348 2362 414 CLASSIS
2402 353 2450 413 Ι.

3518 351 3638 417 998

171 558 354 611 etiam
383 555 446 608 in
475 551 629 622 aliis,
663 567 840 623 quam
870 551 1268 622 cognitionem
1290 551 1402 621 (58)
1435 551 1495 606 in
1525 567 1592 606 se
1625 551 1855 622 adipis-
1885 538 1942 604 Α
1971 551 2187 607 similia
2209 552 2495 607 Dominus
2533 567 2640 623 per
2669 553 2966 608 orationes
3007 554 3196 608 sancti
3235 552 3465 608 Acholii
3497 553 3637 609 fecit

173 648 437 700 ceretur.

248 734 301 787 4.
338 732 446 786 Est
477 731 664 802 igitur
688 729 812 800 jam
860 729 1238 800 superiorum
1267 729 1491 798 incola,
1533 744 1858 798 possessor

175 820 435 876 civitatis
468 823 706 873 aeternae
737 818 898 872 illius
932 819 1284 887 Jerusalem,
1306 834 1438 888 quae
1471 818 1530 870 in
1563 818 1711 872 coelo
1744 822 1854 872 est.

178 911 354 964 Videt
375 909 496 962 illic
526 908 696 962 urbis
719 906 853 977 ejus
885 923 1224 961 mensuram
1254 907 1620 974 immensam,
1646 922 1857 976 purum

175 1015 410 1067 aurum,
442 996 697 1067 lapidem
725 997 1074 1064 pretiosum,
1114 995 1313 1049 lumen
1344 995 1472 1048 sine
1505 995 1631 1049 sole
1658 1010 1860 1065 perpe-

174 1093 343 1142 tuum
376 1102 388 1142 :
425 1090 480 1139 et
512 1086 641 1138 haec
673 1084 866 1139 omnia
892 1084 1243 1154 jamdudum
1275 1083 1511 1153 quidem
1545 1084 1660 1136 sibi
1693 1100 1856 1137 com-

174 1179 363 1246 perta,
397 1175 505 1228 sed
541 1189 698 1227 nunc
740 1172 890 1227 facie
927 1173 1073 1235 820
1107 1172 1178 1225 ad
1228 1171 1437 1225 faciem
1487 1172 1857 1226 manifestata

186 1265 400 1320 videns
431 1263 572 1318 dicit
603 1280 615 1317 :
655 1284 676 1310 α
713 1262 877 1317 Sicut
905 1246 1263 1330 audivimus,
1294 1262 1372 1314 ita
1405 1263 1462 1314 et
1493 1262 1764 1315 videmus
1797 1261 1858 1314 in

181 1353 417 1407 civitate
450 1351 684 1407 Domini
695 1351 996 1420 virtutum,
1013 1350 1072 1403 in
1087 1349 1318 1403 civitate
1332 1349 1439 1402 Dei
1459 1350 1647 1403 nostri
1666 1349 1856 1419 (Psal.

176 1459 360 1510 xnvn,
396 1440 474 1510 9).
512 1461 534 1488 υ
571 1440 658 1494 Ibi
707 1454 852 1510 ergo
882 1439 1118 1508 positus
1143 1438 1394 1508 appellat
1416 1437 1697 1508 populum
1727 1438 1854 1508 Dei,

176 1530 395 1584 dicens
427 1545 440 1583 :
479 1551 500 1575 α
535 1527 579 1582 Ο
610 1527 814 1597 Israel,
848 1543 1022 1598 quam
1053 1543 1268 1598 magna
1289 1529 1380 1580 est
1408 1526 1620 1580 domus
1651 1525 1777 1594 Dei,
1803 1530 1860 1580 et

179 1633 364 1688 quam
393 1617 601 1688 ingens
630 1616 801 1670 locus
842 1615 1255 1686 possessionis
1301 1613 1434 1685 ejus
1471 1612 1483 1668 l
1518 1630 1771 1686 magnus
1803 1616 1862 1668 et

172 1721 300 1760 non
333 1705 558 1759 habens
589 1704 765 1758 ﬁnem
796 1704 1056 1774 (Bai-ach
1089 1721 1170 1773 III,
1205 1703 1291 1772 ‘21,
1326 1703 1436 1772 ‘25).
1477 1723 1498 1752 ν

249 1795 301 1849 5.
334 1793 452 1848 Sed
483 1793 625 1864 quid
655 1792 769 1847 hoc
800 1793 932 1848 est?
965 1792 1115 1846 Dum
1145 1791 1482 1862 meritajviri
1514 1791 1850 1861 considero,

181 1882 430 1954 etquasi
464 1882 868 1936 discedentem
914 1881 1128 1951 spiritu
1157 1896 1399 1952 sequor,
1433 1882 1489 1934 et
1518 1884 1858 1935 sanctorum
1893 1912 1942 1972 Β

181 1971 388 2026 choris
424 1970 855 2025 deducentibus
877 1970 1310 2040 intermisceor,
1332 1985 1450 2023 non
1472 1969 1682 2023 merito
1713 1969 1854 2040 ullo,

177 2060 292 2114 sed
321 2057 554 2130 affectu,
587 2074 738 2129 pene
762 2074 895 2112 sum
926 2058 1144 2113 oblitus
1157 2057 1292 2112 mei.
1316 2058 1474 2112 Itane
1497 2073 1640 2129 ergo
1654 2061 1857 2128 raptus

175 2150 277 2202 est
306 2147 481 2202 nobis
511 2162 718 2201 murus
748 2147 906 2217 fidei,
941 2147 1148 2218 gratiae
1181 2150 1239 2201 et
1268 2146 1596 2201 sanctitatis
1632 2161 1645 2201 :
1682 2162 1858 2217 quem

173 2237 359 2291 toties
392 2236 504 2305 (59)
534 2235 951 2307 ingruentibus
982 2235 1306 2290 Gothorum
1338 2225 1612 2304 catervis,
1647 2251 1861 2306 nequa-

171 2340 360 2396 quam
405 2327 599 2378 tamen
641 2327 956 2393 potuerunt
995 2323 1306 2378 barbarica
1351 2325 1662 2393 penetrare
1720 2324 1855 2394 tela,

169 2428 526 2484 expugnare
558 2413 873 2466 multarum
903 2414 1166 2484 gentium
1209 2412 1463 2466 bellicus
1495 2412 1660 2466 furor
1681 2413 1709 2466 ?
1740 2413 1858 2467 De-

174 2503 368 2574 nique
398 2504 458 2556 in
489 2502 722 2556 caeteris
754 2502 1133 2572 populatores
1163 2501 1334 2571 locis,
1373 2501 1492 2554 illic
1523 2516 1728 2570 pacem
1757 2517 1859 2556 ro-

175 2591 450 2663 gabant;
494 2590 963 2661 mirantibusque
1003 2591 1144 2660 quid
1193 2589 1309 2644 sibi
1358 2591 1487 2643 sine
1528 2590 1709 2643 milite
1738 2589 1860 2644 ullo

173 2680 528 2749 obsisteret,
563 2695 595 2733 a
612 2679 1094 2749 prudentioribus
1114 2678 1489 2732 intimabatur
1510 2677 1860 2732 Elisaaintus

171 2769 542 2823 imitatorem
571 2767 811 2839 degere,
845 2770 1014 2821 estate
1056 2781 1394 2837 supparem,
1430 2783 1548 2820 non
1579 2768 1862 2836 imparem

169 2857 399 2928 spiritu
431 2873 442 2911 :
479 2859 756 2910 caverent
785 2872 858 2910 ne
882 2856 1152 2924 exemplo
1185 2855 1411 2926 Syriaci
1443 2855 1707 2926 agminis
1741 2855 1861 2909 sibi

169 2960 424 3019 quoque
457 2945 694 2998 caecitas
726 2943 1130 2999 offunderetur
1160 2943 1275 3011 (IV
1298 2944 1446 3016 Reg.
1480 2961 1581 3013 vn,
1616 2943 1690 3014 1).

256 3034 313 3088 6.
349 3033 420 3087 Et
447 3036 639 3087 tamen
672 3033 828 3087 circa
868 3033 1196 3102 discipulos
1242 3048 1390 3087 suos
1433 3032 1674 3087 diversa
1709 3032 1865 3087 dona

174 3123 416 3178 Christi
446 3123 604 3176 sunt.
637 3121 892 3176 Elisaeus
934 3121 1174 3191 quidem
1217 3121 1280 3174 in
1323 3119 1646 3175 Samariam
1678 3121 1866 3190 capti-

174 3226 300 3265 vas
324 3210 485 3264 acies
519 3210 747 3263 induxit
789 3210 1110 3281 Syrorum;
1161 3212 1406 3263 sanctus
1453 3212 1647 3263 autem
1677 3210 1867 3264 Acho-

171 3301 308 3356 lius
337 3299 618 3369 precibus
649 3299 777 3353 suis
811 3299 951 3353 fecit
981 3301 1042 3352 ut
1090 3299 1161 3353 de
1202 3299 1470 3368 partibus
1502 3298 1864 3354 Macedonia

175 3390 452 3443 victores
484 3387 736 3459 fugaret.
771 3387 979 3442 Nonne
1013 3391 1069 3442 et
1097 3387 1613 3458 hocintelligimus
1631 3388 1866 3442 virtutis

175 3477 522 3548 superioris
555 3478 783 3548 fuisse;
826 3481 890 3532 ut
920 3478 1021 3532 ubi
1054 3477 1224 3530 miles
1256 3477 1456 3530 nullus
1487 3477 1711 3545 aderat,
1746 3477 1866 3531 illic

173 3567 552 3639 pellerentur
571 3567 701 3621 sine
737 3566 916 3620 milite
938 3568 966 3620 ?
996 3567 1206 3620 Nonne
1240 3568 1296 3619 et
1325 3565 1438 3620 hoc
1454 3566 1737 3620 cwcitatis
1753 3568 1866 3637 est,

177 3660 255 3712 ut
286 3656 582 3727 fugerent,
617 3671 768 3726 quos
800 3655 999 3710 nullus
1033 3655 1327 3726 urgebat?
1375 3653 1492 3708 Sed
1524 3654 1773 3726 urgebat
1805 3657 1863 3709 et

176 3744 575 3817 praeliabatur
594 3747 838 3798 sanctus
862 3743 1147 3797 Acholius
1180 3758 1298 3797 non
1328 3741 1566 3814 gladiis,
1600 3743 1708 3798 sed
1739 3757 1869 3798 ora-

178 3833 459 3889 tionibus
494 3849 506 3890 :
539 3848 656 3888 non
678 3832 834 3902 telis,
871 3832 978 3886 sed
1010 3832 1259 3886 meritis.

261 3922 319 3977 '7.
355 3923 446 3976 An
503 3922 872 3994 incognitum
917 3921 1094 3976 nobis
1135 3924 1227 3975 est
1273 3921 1554 3977 dimicare
1603 3925 1867 3990 sanctos,

181 4011 372 4067 etiam
403 4026 535 4064 cum
566 4009 892 4065 feriantur?
922 4009 1132 4064 Nonne
1155 4009 1386 4064 otiosus
1416 4013 1542 4065 erat
1572 4009 1874 4065 Elisaaus?

185 4099 444 4155 Otiosus
475 4099 708 4153 scilicet
736 4113 1020 4168 corpore;
1081 4099 1186 4152 sed
1232 4099 1504 4153 vibrabat
1551 4100 1783 4169 spiritu,
1817 4101 1875 4154 et

182 4188 565 4244 orationibus
594 4187 992 4258 praeliabatur,
1027 4187 1260 4258 quando
1313 4189 1376 4242 in
1425 4188 1638 4242 castris
1681 4187 1872 4258 Syriae

186 4293 320 4333 vox
354 4279 614 4348 equitum
648 4280 704 4331 et
744 4292 864 4331 vox
907 4276 1143 4330 virtutis
1195 4292 1427 4347 magnae
1475 4277 1823 4331 audiebatur
1857 4292 1869 4331 :

189 4367 352 4422 adeo
382 4369 445 4420 ut
491 4368 762 4437 putarent
791 4365 926 4436 Syri
953 4365 1203 4419 aliorum
1230 4380 1438 4436 regum
1486 4365 1775 4420 adversus
1807 4380 1876 4421 se

189 4455 404 4511 venire
429 4457 750 4525 exercitus,
797 4455 898 4525 qui
944 4454 1159 4524 populo
1212 4454 1393 4508 Israel
1427 4453 1766 4526 adjumento
1790 4455 1877 4509 fo-

192 4547 364 4614 rent;
389 4545 542 4598 unde
572 4544 837 4614 perculsi
887 4559 1102 4614 magno
1132 4542 1413 4613 fugerunt
1443 4559 1682 4613 pavore,
1719 4543 1793 4597 ita
1816 4545 1879 4598 ut

193 4633 426 4703 leprosi
455 4636 722 4702 quatuor,
759 4632 861 4702 qui
890 4633 1098 4685 mortis
1131 4633 1366 4702 egressi
1395 4630 1628 4685 fuerant
1646 4633 1879 4686 deside-

195 4722 314 4789 rio,
353 4725 545 4775 castra
577 4720 835 4776 hostium
865 4720 1364 4790 depraedarentur.
1389 4719 1598 4774 Nonne
1613 4721 1672 4774 in
1690 4720 1880 4775 Mace-

274 4861 391 4933 (58)
428 4863 854 4934 Cognitionem,
889 4879 1020 4934 quae
1052 4879 1170 4918 vox
1199 4863 1367 4918 deest
1397 4862 1456 4916 in
1478 4861 1640 4933 edit.,
1674 4878 1706 4917 e
1728 4878 1878 4917 mss.

202 4935 599 4990 restituimus.

269 5005 388 5074 (59)
435 5005 561 5059 Hoc
604 5006 895 5060 Baronius
945 5002 1272 5076 contigisse
1314 5003 1568 5058 affirmat
1611 5020 1708 5059 an.
1753 5003 1878 5059 3'78.

201 5077 373 5145 Cum,
409 5077 702 5130 exstincto
735 5077 996 5144 Valente,
1029 5075 1203 5130 Gothi
1234 5077 1492 5130 victores
1527 5075 1878 5130 crudelissi-

205 5163 339 5201 mas
369 5148 785 5217 populationes
817 5164 885 5200 ac
918 5152 1155 5218 strages
1197 5147 1526 5217 ediderunt,
1563 5148 1633 5201 de
1667 5147 1883 5216 quibus

204 5234 328 5273 non
360 5219 546 5272 semel
578 5219 756 5272 locuti
805 5234 1035 5272 sumus.
1089 5218 1248 5272 Nihil
1297 5223 1490 5272 tamen
1541 5223 1697 5271 vetat
1744 5218 1885 5287 quin

206 5291 306 5343 hic
357 5289 532 5342 etiam
583 5290 916 5343 indicentur
956 5289 1092 5341 anni
1139 5295 1501 5358 sequentes;
1539 5289 1885 5342 adverbium

207 5362 366 5414 enim
400 5362 578 5415 toties
611 5361 877 5415 eamdem
909 5377 1033 5415 rem
1063 5361 1286 5429 saepius
1316 5360 1529 5414 factam
1557 5361 1728 5430 plane
1760 5363 1884 5414 tes-

211 5435 383 5486 tatur.

279 5504 394 5574 (60)
440 5503 672 5558 Melotis
727 5503 871 5556 nihil
916 5502 1072 5574 aliud
1105 5504 1196 5556 est
1234 5517 1408 5574 quam
1454 5502 1625 5570 pellis
1673 5502 1887 5572 ovina;

211 5575 369 5654 quod
403 5575 535 5628 ovis
584 5590 781 5646 graece
839 5579 994 5654 μῆλον
1043 5573 1288 5627 dicatur.
1351 5573 1632 5638 Quamvis
1689 5576 1884 5626 autem

212 5652 322 5709 hoc
340 5655 476 5709 loco
490 5655 787 5724 praecipue
806 5652 879 5707 ad
904 5653 1045 5708 Elize
1067 5653 1326 5723 pallium,
1360 5653 1518 5734 quod
1537 5653 1696 5707 LXX
1713 5658 1887 5734 μηλώ..

213 5758 300 5811 την
327 5738 601 5811 voccant,
622 5735 976 5795 Ambrosius
1009 5735 1226 5791 alludat
1251 5749 1265 5811 ;
1298 5733 1443 5792 nihil
1473 5735 1668 5791 tamen
1687 5733 1889 5810 prohi-

1970 643 2138 710 mira,
2173 644 2271 695 aut
2301 657 2482 711 prope
2515 641 2780 712 majora?
2809 642 2940 696 Non
2965 642 3120 696 enim
3136 641 3295 696 inani
3327 645 3503 713 metu,
3529 657 3639 698 nec

1973 730 2271 800 superflua
2303 730 2666 799 suspicione,
2707 731 2813 784 sed
2852 731 3134 785 saeviente
3177 731 3293 799 lue,
3329 733 3383 784 et
3411 731 3638 786 ardenti

1970 819 2308 889 pestilentia
2339 819 2853 888 perturbatiGothi
2879 835 2947 873 ac
2969 819 3153 873 territi
3183 822 3340 873 sunt.
3376 820 3640 890 Denique

1971 911 2110 962 tunc
2141 908 2441 978 fugerunt,
2493 910 2555 961 ut
2586 908 2903 962 evaderent
2938 924 2949 963 :
2986 909 3255 979 regressi
3297 912 3502 978 postea
3532 924 3638 979 pa-

1974 1012 2101 1050 cem
2121 999 2501 1066 rogaverunt,
2535 1000 2595 1050 ut
2626 998 2913 1052 viverent.

2043 1086 2095 1139 8.
2133 1085 2401 1138 Vidimus
2434 1086 2629 1156 itaque
2661 1085 2720 1139 in
2751 1087 2891 1139 tanti
2923 1085 3035 1140 viri
3065 1085 3291 1140 meritis
3333 1087 3641 1157 superiora

1974 1174 2214 1243 saecula,
2235 1178 2289 1228 et
2312 1189 2490 1243 opera
2521 1175 2961 1244 prophetarum,
2988 1191 3120 1245 quae
3145 1175 3514 1246 legebamus,
3549 1192 3644 1230 as-

1972 1263 2266 1332 peximus.
2299 1260 2482 1325 Quasi
2529 1262 2785 1317 Elisaeus
2834 1263 2987 1317 inter
3035 1279 3215 1333 arma,
3266 1264 3419 1318 inter
3455 1265 3641 1334 acies,

1975 1351 2113 1405 dum
2129 1350 2294 1421 vixit,
2310 1353 2587 1405 versatus
2610 1355 2703 1405 est
2723 1351 2948 1405 meritis
2972 1352 3100 1406 suis
3116 1367 3478 1422 componens
3500 1369 3648 1422 prae-

1974 1440 2073 1494 lia.
2107 1440 2376 1510 Denique
2419 1439 2521 1493 ubi
2569 1440 2862 1494 securitas
2903 1440 3377 1495 cohabitantibus
3419 1441 3646 1496 reddita

1973 1532 2085 1598 est,
2119 1529 2276 1599 quod
2306 1529 2438 1598 ipso
2470 1529 2579 1583 fuit
2608 1529 2814 1583 durius
2835 1529 3012 1600 bello,
3046 1532 3318 1583 sanctum
3347 1529 3646 1584 exhalavit

1972 1618 2264 1688 Spiritum.
2296 1615 2477 1681 Quasi
2499 1617 2659 1671 Elias
2690 1633 2881 1688 usque
2913 1618 2985 1672 ad
3018 1618 3231 1672 coelum
3250 1619 3514 1674 elevatus
3535 1617 3652 1689 (IV

1971 1707 2119 1778 Reg.
2152 1723 2212 1774 ιι,
2248 1703 2356 1774 ll).
2391 1721 2510 1760 non
2558 1721 2733 1759 curru
2775 1706 3015 1776 quidem
3059 1706 3258 1777 igneo,
3308 1723 3419 1761 nec
3468 1709 3640 1778 equis

1971 1795 2188 1866 igneis,
2222 1794 2337 1848 nisi
2370 1793 2520 1848 forte
2551 1793 2650 1847 illa
2670 1809 2787 1848 non
2824 1794 3104 1865 vidimus,
3138 1811 3248 1850 nec
3285 1796 3345 1849 in
3377 1811 3640 1850 commo-

1972 1887 2129 1939 tione
2151 1883 2307 1937 aeris
2342 1899 2354 1936 :
2387 1883 2495 1936 sed
2525 1882 2584 1935 in
2598 1882 2897 1936 voluntate
2919 1882 3059 1946 821
3100 1885 3159 1937 et
3184 1883 3518 1953 placiditate
3538 1885 3644 1940 Dei

1973 1972 2183 2042 nostri,
2209 1975 2266 2027 et
2297 1973 2636 2025 sanctorum
2668 1971 3016 2042 angelorum
3065 1971 3306 2044 laetitiae,
3342 1972 3442 2045 qui
3472 1973 3546 2028 ad
3578 1989 3645 2029 se

1973 2065 2194 2118 tantum
2222 2060 2416 2114 virum
2454 2059 2746 2113 transisse
2785 2060 3248 2131 gratulabantur.

2043 2150 2096 2205 9.
2155 2149 2324 2203 Certe
2374 2146 2652 2202 "dubitare
2699 2147 2798 2200 illa
2853 2163 3225 2218 nequaquam
3283 2164 3641 2222 possumus,

1974 2237 2448 2312 quandoquidem
2487 2236 2714 2306 reliqua
2747 2239 3167 2307 congruerunt.
3202 2236 3505 2308 Siquidem
3537 2254 3642 2294 eo-

1975 2331 2107 2384 dem
2128 2327 2442 2393 momento,
2463 2339 2577 2394 quo
2610 2324 2706 2377 ille
2729 2323 2920 2378 adhuc
2939 2323 3296 2395 elevabatur,
3320 2326 3480 2380 velut
3491 2342 3644 2398 quo-

1974 2419 2107 2472 dam
2131 2414 2422 2470 melotidis
2453 2413 2566 2484 (60)
2613 2428 2739 2467 sum
2785 2412 3035 2466 dimisso
3066 2414 3315 2484 amictu,
3365 2419 3638 2471 sanctum

1975 2506 2266 2577 Anysium
2297 2501 2650 2571 discipulum
2701 2517 2875 2555 suum
2932 2501 3138 2572 induit,
3184 2505 3241 2556 et
3280 2505 3376 2557 sui
3406 2504 3648 2559 vestivit

1975 2596 2180 2651 infulis
2220 2591 2536 2647 sacerdotii
2571 2607 2582 2644 :
2618 2590 2792 2662 cujus
2839 2591 3111 2644 meritum
3157 2594 3213 2645 et
3245 2592 3492 2663 gratiam
3522 2608 3643 2648 non

1976 2701 2132 2740 nunc
2160 2684 2413 2754 primum
2437 2681 2631 2748 audio,
2669 2695 2779 2733 nec
2803 2679 2863 2731 in
2893 2680 3114 2734 vestris
3137 2680 3406 2749 epistolis
3439 2681 3639 2753 didici,

1976 2775 2084 2829 sed
2117 2775 2176 2827 in
2197 2772 2415 2827 vestris
2447 2769 2659 2823 litteris
2683 2769 3025 2840 recognovi.
3060 2769 3208 2823 Nam
3239 2771 3410 2840 quasi
3448 2785 3643 2840 praes-

1977 2865 2108 2919 cius
2141 2875 2569 2916 successurum
2605 2858 2742 2928 sibi,
2777 2859 2889 2912 etsi
2927 2858 3243 2927 promissis
3273 2859 3531 2930 tegebat,
3555 2862 3647 2914 ta-

1976 2969 2111 3007 men
2162 2949 2397 3004 indiciis
2448 2947 2833 3018 designabat,
2880 2946 3144 3017 adjutum
3175 2963 3240 3002 se
3284 2947 3418 3019 ejus
3467 2963 3643 3020 cura,

1975 3041 2199 3109 labore,
2237 3038 2432 3093 officio
2464 3051 2800 3090 memorans
2827 3053 2839 3099 ;
2871 3038 2934 3089 ut
2972 3035 3098 3106 jam
3142 3035 3443 3091 declarare
3495 3053 3643 3093 con-

1979 3132 2199 3185 sortem
2222 3128 2542 3195 videretur,
2577 3126 2678 3196 qui
2708 3141 2827 3179 non
2849 3126 3018 3195 quasi
3035 3140 3226 3179 novus
3257 3126 3327 3179 ad
3350 3141 3648 3182 summum

1980 3217 2377 3273 sacerdotium
2398 3214 2643 3283 veniret,
2678 3213 2784 3267 sed
2806 3213 2977 3284 quasi
3006 3216 3179 3267 vetus
3203 3215 3520 3268 sacerdotii
3551 3231 3647 3268 ex-

1981 3305 2559 3362 secutoraccederet.
2581 3301 2686 3356 Cui
2704 3301 2949 3372 pulchre
2973 3304 3248 3356 convenit
3269 3302 3488 3356 dictum
3505 3303 3649 3358 illud

1981 3395 2405 3466 Evangelicum
2440 3408 2451 3448 :
2495 3414 2514 3438 u
2551 3390 2738 3462 Euge,
2773 3391 2926 3445 bone
2961 3406 3134 3445 serve
3166 3393 3223 3445 et
3251 3391 3464 3462 fidelis,
3499 3406 3652 3464 quo-

1979 3486 2138 3538 niam
2182 3497 2365 3552 super
2407 3497 2594 3552 pauca
2642 3479 2807 3533 fuisti
2855 3479 3068 3550 ﬁdelis,
3123 3495 3304 3550 super
3368 3481 3548 3534 multa
3595 3483 3653 3536 te

1982 3574 2333 3629 constituam
2363 3569 2600 3640 (Matth.
2637 3585 2779 3636 xxv,
2812 3568 2923 3638 ~23).
2953 3590 2973 3617 ιο

2052 3662 2139 3716 10.
2174 3661 2318 3714 Haec
2348 3658 2492 3712 mihi
2513 3659 2584 3712 de
2615 3660 2820 3712 sancto
2850 3657 3100 3712 Acholio
3132 3658 3444 3713 vobiscum
3476 3674 3641 3714 com-

1982 3750 2214 3804 munia:
2243 3748 2388 3802 illud
2417 3751 2610 3801 tamen
2639 3745 2919 3816 speciale,
2962 3747 3121 3817 quod
3151 3747 3460 3802 devinctus
3513 3763 3648 3802 sum

1981 3839 2169 3894 beatae
2201 3835 2500 3892 memoriae
2530 3835 2658 3889 viro
2686 3850 2700 3906 ;
2724 3837 2862 3906 quia
2890 3836 3094 3890 tribuit
3124 3836 3268 3890 mihi
3296 3839 3358 3891 ut
3375 3852 3510 3891 eum
3540 3853 3659 3892 non

1983 3928 2340 3999 ignorarem.
2374 3925 2525 3979 Nam
2557 3939 2691 3978 cum
2722 3939 2792 3978 eo
2831 3924 3105 3979 veniente
3139 3925 3211 3978 ad
3247 3925 3469 3979 Italiam
3527 3924 3666 3997 (61),

1985 4015 2336 4088 aegritudine
2378 4012 2688 4068 confectus
2732 4015 2966 4084 tenere,
3021 4017 3085 4068 ut
3133 4029 3253 4069 non
3283 4031 3528 4085 possem
3560 4031 3665 4070 oc-

1985 4120 2246 4174 currere,
2279 4104 2409 4174 ipse
2441 4104 2514 4157 ad
2543 4118 2635 4157 me
2664 4103 2825 4157 venit
2854 4105 2910 4157 et
2940 4103 3223 4158 visitavit.
3266 4102 3391 4168 Quo
3443 4104 3664 4174 studio,

1986 4210 2102 4266 quo
2134 4193 2346 4248 affectu
2386 4194 2516 4263 ipse
2548 4193 2608 4246 in
2637 4208 2753 4262 me,
2800 4196 2857 4246 et
2888 4208 3000 4264 ego
3059 4192 3119 4247 in
3157 4209 3288 4247 eum
3330 4193 3612 4247 irruimus
3646 4189 3660 4246 l

1985 4283 2112 4348 Quo
2141 4283 2366 4354 gemitu
2396 4283 2547 4336 mala
2568 4282 2744 4336 istius
2777 4281 3005 4350 saeculi,
3027 4285 3083 4335 et
3104 4298 3171 4336 ea
3201 4298 3334 4353 qua:
3366 4282 3462 4335 hic
3496 4281 3658 4335 acci-

1986 4372 2212 4441 derent,
2239 4371 2679 4441 deploravimus
2716 4369 2728 4424 1
2758 4371 2838 4424 ita
2868 4373 2930 4424 ut
2960 4371 3354 4440 lacrymarum
3371 4369 3664 4439 profluvio

1988 4465 2219 4516 vestem
2241 4461 2645 4528 infundemus,
2668 4459 2806 4512 dum
2829 4458 3179 4512 salutatione
3196 4457 3668 4527 excptatissima,

1987 4553 2189 4605 mutuo
2220 4549 2539 4618 desiderio,
2575 4552 2632 4602 et
2662 4551 2904 4617 expetto
2953 4547 3052 4600 diu
3084 4546 3354 4615 fruimur,
3398 4545 3672 4599 adhaere-

1989 4657 2120 4694 mus
2152 4639 2445 4708 amplexu.
2480 4638 2681 4707 Itaque
2706 4636 2863 4706 quod
2896 4635 3020 4688 voti
3049 4634 3163 4688 mei
3196 4637 3338 4704 erat,
3372 4633 3532 4688 illius
3561 4633 3671 4688 be-

1990 4729 2185 4783 neficii
2217 4727 2348 4797 fuit,
2375 4726 2509 4797 quia
2539 4724 2702 4795 potui
2726 4724 2890 4777 illum
2921 4723 3142 4777 videre.

1989 4871 2087 4925 bet
2109 4870 2250 4940 quin
2280 4868 2445 4940 illum
2466 4883 2542 4940 ea
2563 4882 2710 4920 voce
2750 4868 3062 4940 propterea
3086 4866 3258 4940 etiam
3288 4879 3465 4920 usum
3495 4867 3664 4935 pute-

1991 4937 2146 5010 mus,
2183 4943 2244 4993 ut
2293 4938 2659 5009 significaret
2688 4937 3002 4991 Acholium
3031 4937 3090 5010 in
3135 4937 3486 5010 episcopatu
3518 4953 3672 5008 quo-

1995 5006 2503 5082 que'retinui'sse
2537 5011 2762 5082 vestem
2819 5009 3227 5082 monasticam.
3277 5006 3503 5082 Etenim
3536 5006 3673 5064 'non

1998 5079 2190 5136 solum
2221 5080 2584 5134 Athanasius
2635 5079 2954 5133 Antonium
2993 5096 3062 5133 eo
3097 5079 3674 5150 indumentigenere

2000 5169 2174 5208 usum
2214 5151 2454 5219 scribit,
2492 5151 2597 5204 sed
2625 5151 2768 5204 illud
2818 5152 3334 5222 etiamrcommune
3367 5149 3673 5222 x’Egyptiis

2000 5224 2309 5279 monachis
2343 5222 2532 5275 fuisse
2565 5237 2639 5275 ex
2668 5221 3278 5292 Cassiano,Palladio,
3313 5222 3555 5276 Socrate
3588 5225 3671 5275 at-

1996 5311 2110 5367 que
2142 5295 2288 5367 aliis
2308 5308 2678 5367 cognoscere
2704 5297 2814 5367 est.

2067 5366 2180 5435 (61)
2241 5362 2556 5419 Non—sine
2606 5365 3117 5418 verisimilitudine
3171 5365 3522 5435 loquuntur,
3574 5362 3676 5432 qui

1997 5439 2154 5492 hunc
2185 5437 2437 5506 primum
2473 5435 2704 5506 Acholii
2741 5452 2873 5489 cum
2921 5437 3240 5490 Ambrosio
3292 5437 3674 5506 nostro_con-

2043 5503 2278 5562 ressum
2310 5523 2462 5561 anno
2494 5505 2598 5560 38?.
2628 5507 2986 5575 attribuunt;
3025 5522 3158 5560 cum
3199 5505 3427 5558 scilicet
3459 5503 3555 5556 ille
3613 5503 3673 5556 in

2043 5526 2278 5562 ressum
2310 5526 2462 5561 anno
2494 5526 2598 5560 ῡῦἶι
2628 5526 2986 5575 διιιτιοιωηις
3025 5526 3158 5560 cum
3199 5526 3427 5558 SCIIIUBI
3459 5526 3555 5556 IIIU
3613 5526 3673 5556 lu

1998 5526 2222 5634 ﬁaliam
2249 5579 2431 5648 venit,
2475 5577 2726 5632 concilio
2773 5577 2931 5648 quod
2971 5578 3180 5648 eodem
3215 5575 3674 5648 vertente‘anno

2003 5653 2208 5706 Romae
2238 5643 2537 5718 habitum,
2587 5643 2812 5720 cuique'
2844 5647 3225 5702 Ambrosium
3267 5644 3440 5700 etiam
3490 5643 3674 5701 inter.

2001 5722 2195 5783 fuisse
2229 5722 2450 5796 dicunt,
2483 5735 2756 5796 praesens
2779 5721 3035 5787 futurus.
