4072 6174
439 341 562 407 999

1879 341 1946 404 S.
1993 339 2435 408 AMBROSII.

3733 347 3892 417 ιοοο

443 543 594 598 Nam
641 541 756 597 etsi
803 540 996 613 major
1041 541 1254 612 portio,
1290 543 1346 596 et
1372 541 1603 612 plenior
1631 541 1890 614 cognitio
1921 543 2000 598 sit
2041 543 2103 598 in
2131 527 2192 592 Α
2293 550 2430 625 tem,
2463 543 2930 625 cumulatamque
2951 549 3316 602 senectutem
3345 544 3616 625 laudans,
3643 551 3886 625 utAny-

440 630 670 702 spiritu,
706 646 823 701 quo
857 629 1160 701 diligimus
1191 630 1304 700 (62)
1331 646 1346 701 ;
1376 634 1569 684 tamen
1599 631 1772 684 etiam
1803 631 1863 685 in
1911 631 2103 702 figura

439 720 708 790 corporis
741 719 940 774 videre
973 719 1401 774 desideramus.
1435 719 1534 774 Sic
1563 719 1876 791 aliquando
1920 735 2100 791 reges

439 813 615 864 terrae
649 807 994 880 quaerebant
1024 808 1234 862 faciem
1265 807 1599 864 Salomonis
1629 809 1850 878 videre,
1904 811 1960 862 et
1993 824 2100 862 au-

439 898 564 953 dire
595 897 730 968 ejus
763 896 1110 966 sapientiam
1143 896 1257 968 (III
1280 897 1428 968 Reg.
1461 915 1520 966 χ,
1553 896 1663 966 24).

510 987 597 1040 11.
652 985 946 1039 Discessit
989 985 1172 1056 igitur
1207 1001 1242 1039 a
1272 985 1466 1055 nobis,
1502 987 1560 1040 et
1589 1001 1700 1040 nos
1732 985 1794 1040 in
1821 985 1933 1040 hoc
1965 985 2101 1040 reli-

443 1075 570 1147 quit
615 1074 742 1129 salo
777 1089 789 1128 :
841 1075 949 1128 sed
988 1073 1146 1144 quod
1176 1073 1259 1127 illi
1290 1074 1450 1142 utile,
1483 1073 1544 1128 id
1572 1073 1771 1128 multis
1800 1074 1931 1144 ipso
1961 1074 2101 1127 bar-

437 1163 642 1219 barico
673 1161 872 1218 furore
905 1164 998 1217 est
1023 1161 1268 1234 gravius
1293 1178 1308 1233 ;
1343 1162 1479 1233 quia
1507 1161 1673 1216 illum
1705 1162 1816 1216 iste
1847 1162 2104 1232 depelle-

435 1253 555 1322 bat,
608 1251 767 1306 hunc
813 1250 988 1306 nobis
1037 1251 1172 1322 quis
1215 1251 1428 1322 poterit
1465 1252 1946 1322 repraesentare?
1985 1249 2103 1305 Sed

441 1343 829 1412 repraesentat
859 1339 1167 1410 Dominus,
1216 1341 1274 1394 et
1319 1355 1386 1394 se
1430 1339 1561 1410 ipse
1598 1339 1660 1394 in
1689 1339 1979 1410 discipulo
2009 1354 2101 1394 re-

439 1432 779 1502 przesentat.
814 1429 1267 1499 Repraesentant
1289 1428 1514 1500 judicia
1533 1431 1753 1499 vestra,
1779 1427 1996 1500 quibus
2015 1427 2102 1482 di-

441 1521 597 1573 ctum
628 1521 720 1572 est
751 1533 764 1572 :
817 1539 839 1566 α
873 1517 1017 1572 Date
1047 1517 1192 1572 Levi
1227 1516 1576 1571 manifestos
1609 1515 1764 1588 ejus,
1799 1519 1856 1570 et
1879 1517 2099 1570 verita-

439 1611 556 1665 tem
585 1623 756 1663 suam
784 1607 914 1662 viro
945 1609 1150 1661 sancto
1180 1605 1378 1678 (Deut.
1412 1623 1622 1676 xxxm,
1653 1604 1730 1676 8).
1767 1628 1790 1654 n
1838 1605 2100 1660 Dedistis

440 1695 820 1758 manifestum
869 1694 1025 1766 ejus,
1074 1697 1275 1764 utpote
1319 1693 1454 1765 ejus
1495 1693 1861 1748 institutione
1891 1693 2104 1748 funda-

441 1789 566 1842 tum
600 1801 613 1841 :
648 1784 900 1840 dedistis
931 1783 1282 1837 imitatorem
1312 1783 1426 1836 viri
1455 1781 1611 1853 ejus,
1653 1781 1755 1852 qui
1784 1781 1932 1836 dixit
1958 1782 2109 1852 patri

454 1889 566 1936 suo
588 1876 645 1930 et
671 1873 853 1968 matri
873 1887 1000 1968 suae
1035 1885 1049 1927 :
1079 1871 1215 1968 ltlon
1252 1871 1376 1926 vidi
1407 1877 1465 1926 te
1494 1870 1671 1940 (Ibid.
1701 1871 1778 1968 9),
1811 1873 1868 1925 et
1895 1869 2107 1926 fratres
2133 1902 2189 1968 Β

443 1979 590 2020 suos
620 1977 739 2018 non
767 1961 961 2031 scivit,
995 1962 1051 2015 et
1079 1960 1236 2015 filios
1267 1976 1387 2015 non
1413 1959 1768 2031 recognovit
1799 1975 1812 2014 :
1849 1960 2109 2015 custodi-

439 2053 525 2107 vit
552 2051 802 2106 verbum
850 2048 1104 2120 Domini,
1153 2050 1211 2103 et
1257 2049 1700 2103 Testamentum
1729 2047 1864 2119 ejus
1894 2048 2107 2104 obser-

441 2139 620 2195 vavit.
655 2137 992 2194 Narrabunt
1020 2135 1528 2208 pepulijustitiam
1551 2135 1686 2207 ejus
1707 2134 1920 2201 (Eccli.
1947 2153 2104 2208 xmv,

513 2317 602 2371 12.
636 2315 796 2372 Talis
827 2315 937 2368 viri
968 2313 1107 2383 vita,
1138 2313 1275 2368 talis
1303 2313 1622 2369 haereditas
1652 2316 1763 2384 est,
1795 2312 1930 2368 talis
1962 2329 2108 2368 con-

446 2405 728 2476 versatio,
773 2403 907 2458 talis
951 2401 1284 2458 successio.
1322 2403 1423 2457 Ille
1453 2418 1520 2458 se
1551 2403 1929 2458 monasteriis
1959 2417 2108 2472 puer

444 2495 620 2560 dedit,
673 2496 730 2548 et
771 2493 924 2546 intra
972 2490 1252 2545 Achaiam
1286 2494 1541 2562 angusto
1573 2491 1815 2546 clausus
1845 2490 2105 2562 tugurio,

442 2575 592 2640 822
620 2581 812 2654 gratia
842 2583 1038 2635 tamen
1079 2579 1395 2636 multarum
1440 2582 1732 2634 terrarum
1770 2579 2108 2650 peragravit

441 2671 712 2727 divortia.
746 2670 838 2724 Ad
869 2684 1164 2724 summum
1194 2668 1590 2724 sacerdotium
1629 2685 1663 2722 a
1707 2667 2106 2722 Macedonicis

444 2761 795 2817 obsecratus
833 2757 1069 2828 populis
1117 2757 1252 2827 (93),
1301 2756 1526 2812 electus
1572 2773 1606 2811 a
1653 2756 2106 2827 sacerdotibus;

441 2851 506 2905 ut
533 2848 638 2903 ubi
664 2849 798 2902 ante
829 2846 978 2901 fides
1008 2861 1114 2916 per
1144 2845 1510 2900 sacerdotem
1545 2844 1925 2899 claudebatur
1969 2843 2103 2914 (64),

441 2938 525 2993 ibi
556 2939 761 3008 postea
782 2951 889 3006 per
907 2935 1277 2990 sacerdotem
1298 2933 1542 2988 muralia
1563 2933 1938 2988 fundamenta
1969 2932 2106 2988 fidei

444 3025 949 3082 confirmarentur.

514 3115 602 3172 13.
633 3115 769 3170 Νοιι
798 3113 910 3168 alia
939 3112 1113 3167 etiam
1141 3111 1255 3183 (65)
1275 3110 1410 3183 ejus
1433 3111 1762 3182 discipulus
1785 3111 2105 3166 imitatione

441 3206 543 3278 qui
572 3207 629 3260 et
657 3203 787 3275 ipse
823 3224 845 3249 «
882 3201 1028 3256 dixit
1054 3201 1205 3272 patri
1233 3215 1344 3255 suo
1375 3203 1432 3256 et
1460 3201 1626 3254 matri
1647 3216 1796 3255 suae.
1820 3199 1955 3255 Non
1984 3199 2106 3254 vidi

441 3299 498 3351 te
528 3293 726 3367 (Deut.
758 3307 967 3361 χχχιιι,
997 3287 1074 3361 9).
1113 3311 1134 3340 ιο
1188 3289 1324 3345 Non
1368 3289 1513 3344 vidit
1547 3289 1703 3343 enim
1736 3289 1951 3359 studio,
1985 3303 2104 3344 non

437 3383 585 3439 vidit
612 3379 864 3450 affectu;
896 3382 953 3434 et
981 3377 1196 3433 fratres
1227 3393 1374 3433 suos
1419 3393 1538 3434 non
1586 3377 1780 3448 scivit,
1813 3378 1949 3449 quia
1981 3377 2102 3432 Do-

441 3473 667 3527 minum
710 3469 866 3525 scire
911 3467 1290 3523 desideravit.
1341 3466 1412 3521 Et
1456 3466 1554 3521 hic
1588 3467 1936 3538 recognovit
1963 3482 2102 3521 ver-

443 3561 585 3616 bum
631 3558 886 3628 Domini,
936 3559 995 3612 et
1042 3555 1360 3612 custodivit
1401 3557 1812 3610 testamentum
1858 3554 2014 3626 ejus,
2046 3558 2104 3611 et

438 3651 701 3722 imponet
749 3647 1037 3704 honorem
1077 3646 1141 3700 in
1186 3661 1288 3700 ara
1335 3643 1470 3716 ejus
1518 3659 1774 3715 semper.
1820 3645 2098 3716 Benedic,

439 3740 710 3810 Domine,
743 3737 919 3793 fidem
949 3735 1106 3808 ejus,
1138 3734 1527 3805 sanctitatem,
1560 3734 1950 3790 sedulitatem.
1984 3734 2102 3788 Be-

441 3828 698 3885 nedictio
725 3829 826 3882 tua
850 3825 1050 3882 veniat
1078 3839 1261 3895 super
1287 3826 1462 3895 caput
1490 3823 1646 3895 ejus,
1679 3826 1737 3878 et
1761 3838 1944 3894 super
1975 3839 2102 3880 cer-

441 3917 634 3972 vicem
662 3917 876 3986 ipsius.
915 3915 1002 3970 Sit
1045 3913 1412 3969 honorificus
1450 3913 1600 3968 inter
1641 3911 1856 3970 fratres
1904 3929 2050 3968 suos
2082 3929 2096 3969 :

441 4007 520 4062 sit
566 4005 629 4061 in
675 4021 746 4061 eo
789 4005 943 4058 tauri
970 4003 1227 4074 species,
1259 4005 1324 4057 ut
1351 4001 1593 4056 ventilet
1623 4001 1801 4057 corda
1827 4001 2102 4058 inimico-

437 4111 569 4152 rum
602 4105 884 4164 ‘suorum,
931 4095 989 4148 et
1035 4095 1375 4147 sanctorum
1403 4094 1631 4146 mentes
1662 4091 2011 4161 demulceat,
2045 4094 2103 4146 et

431 4185 727 4260 judicium
753 4182 1129 4240 sacerdotum
1157 4184 1391 4237 tuorum
1413 4181 1473 4235 in
1490 4195 1561 4235 eo
1591 4179 1746 4235 sicut
1774 4180 1961 4236 lilium
1989 4180 2102 4236 ﬂo-

437 4278 566 4331 reat
595 4273 774 4346 (Ibid.
809 4272 896 4344 16,
931 4271 1041 4343 17).
1071 4270 1296 4341 Valete,
1329 4270 1565 4341 fratres,
1612 4271 1669 4325 et
1704 4268 1929 4342 diligite
1958 4285 2051 4325 me
2083 4285 2096 4326 :

439 4365 576 4438 quia
604 4378 718 4436 ego
747 4377 857 4419 vos
887 4360 1091 4433 diligo.

997 4519 1368 4576 EPISTOLA
1407 4519 1541 4574 XVI

432 4652 658 4707 Auvsxo
687 4651 750 4705 in
778 4647 1020 4705 Aclzolii
1039 4646 1224 4702 locum
1249 4661 1463 4700 recens
1483 4645 1711 4716 adscito
1738 4643 2095 4716 gratulatur,

508 4729 567 4778 et
615 4721 960 4777 decessoris
1005 4719 1473 4785 sanctimoniam,
1534 4715 1993 4771 adolescentiam
2034 4717 2098 4770 in

504 4793 866 4848 monasterio
885 4796 1173 4862 exactam,
1195 4795 1460 4845 ornatam
1490 4787 1895 4860 virtutibusju
1906 4793 2101 4842 ventu-

506 4986 618 5058 (62)
648 4988 866 5043 Omnes
899 4988 1060 5058 edit.,
1101 5009 1123 5039 ι
1160 4988 1220 5042 in
1251 4987 1464 5058 spiritu
1494 4986 1718 5057 videre,
1767 5002 1919 5058 quos
1963 4986 2098 5040 dili-

435 5058 652 5132 gimus.
701 5084 723 5108 »
781 5059 999 5132 Omnes
1051 5075 1197 5113 mss.
1247 5059 1516 5113 omittunt
1569 5059 2098 5132 quidemuverbum

438 5129 646 5202 videre
669 5150 688 5196 ;
719 5131 825 5185 sed
852 5131 1114 5202 potiores
1145 5133 1368 5184 tantum
1397 5145 1504 5200 pro
1539 5152 1561 5177 ει
1587 5145 1739 5201 quos
1769 5129 2093 5202 diligimus,

433 5201 651 5258 habent
685 5219 792 5273 quo
830 5201 1152 5273 diligimus.

506 5273 618 5343 (63)
667 5271 924 5327 Adverte
948 5271 1087 5344 ’hoc
1131 5273 1262 5344 loco
1299 5271 1533 5342 populis
1564 5287 1681 5326 non
1713 5271 1969 5344 eligendi
2001 5274 2101 5326 aut

435 5344 782 5400 instituendi
828 5343 1112 5414 episcopi,
1157 5343 1264 5396 sed
1296 5344 1648 5397 obsecrandi
1679 5348 1735 5398 et
1764 5343 2100 5414 postulandi

435 5419 656 5471 tantum
703 5415 808 5488 jus
855 5415 1114 5488 attribui.
1167 5413 1250 5468 De
1301 5430 1417 5486 quo
1450 5431 1561 5470 nos
1591 5413 1824 5486 plenius
1856 5415 2008 5469 infra
2038 5415 2100 5468 in

435 5489 608 5559 epist.
641 5486 722 5542 ad
751 5486 1002 5542 Vercell.

506 5559 619 5630 (64)
643 5561 790 5614 Mss.
814 5574 932 5612 non
950 5557 1143 5630 pauci,
1165 5579 1187 5604 κ
1204 5573 1311 5629 per
1327 5557 1694 5630 sacerdotem
1715 5556 2043 5630 claudebat;
2071 5579 2094 5606 π

436 5631 545 5686 sed
575 5627 694 5686 non
724 5631 906 5686 multo
950 5627 1150 5684 minus
1197 5627 1398 5683 carere
1439 5627 1672 5699 videtur
1700 5629 2096 5699 corruptione,

481 5717 680 5758 nam...
715 5699 1279 5766 claudebatur.Quid
1309 5713 1454 5771 ergo
1486 5697 1540 5752 si
1568 5697 1906 5770 legeremus
1936 5697 2098 5771 claué

481 5717 680 5758 nam...
715 5717 1279 5766 cmuaenaturuuiu
1309 5717 1454 5771 ergo
1486 5717 1540 5752 ει
1569 5717 1906 5770 tegeremus
1936 5717 2098 5754 cmu-

437 5717 722 5838 3icabat?
763 5772 932 5831 Certe
982 5771 1330 5831 concinnius
1379 5771 1772 5846 opponeretur
1828 5769 2101 5850 sequenti

2290 617 2418 694 sius
2449 615 2712 687 ejusdem
2750 615 3100 673 meritorum
3139 632 3473 688 successor,
3511 615 3636 689 fiat,
3678 615 3881 694 appre-

2289 693 2476 743 catur.

2467 794 2808 851 Auenosms
2841 794 3160 866 episcopus
3191 796 3414 851 Amsm
3446 796 3634 853 fratri.

2291 882 2342 937 1.
2393 882 2750 938 Jamdudum
2797 885 2992 954 teneo,
3036 885 3152 939 etsi
3197 899 3354 939 nunc
3399 885 3655 956 primum
3711 888 3887 962 lego;

2219 971 2564 1042 meritisque
2597 977 2960 1042 compertum
2988 972 3200 1042 habeo,
3225 987 3401 1044 quem
3431 975 3622 1030 oculis
3653 993 3774 1032 non
3801 979 3887 1033 vi-

2221 1061 2442 1115 deram.
2465 1061 2648 1116 Doleo
2670 1061 2908 1131 quidem
2939 1061 3082 1116 illud
3111 1062 3430 1133 accidisse,
3463 1064 3572 1118 sed
3601 1065 3718 1120 hoc
3751 1083 3882 1122 suc-

2223 1149 2489 1204 cessisse
2535 1148 2808 1220 gaudeo;
2853 1149 2992 1220 quia
3036 1149 3194 1220 licet,
3241 1151 3561 1221 superstite
3612 1169 3728 1224 me,
3771 1172 3887 1212 non

2219 1237 2542 1308 optaverim
2591 1237 2738 1292 illud
2787 1237 3170 1311 contingere;
3223 1240 3458 1310 speravi
3508 1243 3722 1314 tamen,
3754 1249 3890 1314 post

2219 1326 2378 1381 illius
2409 1325 2596 1382 sancti
2627 1326 2741 1380 viri
2771 1327 3012 1397 exitum,
3066 1326 3182 1382 hoc
3229 1327 3424 1384 solum
3460 1344 3644 1400 posse
3673 1333 3882 1390 merito

2221 1414 2867 1470 succedere/Tenemus
2890 1429 3035 1486 ergo
3057 1416 3113 1470 te
3134 1419 3356 1472 sanctae
3373 1420 3678 1474 memoriae
3700 1421 3890 1477 Acho-

2217 1504 2282 1558 lii
2327 1503 2548 1558 dudum
2594 1503 2971 1574 discipulum,
3024 1519 3182 1559 nunc
3211 1520 3656 1579 successorem,
3692 1508 3886 1566 haere-

2219 1592 2470 1664 demque
2500 1590 2635 1664 ejus
2665 1592 2760 1646 vel
2789 1591 3036 1648 honoris
3066 1593 3163 1648 vel
3192 1594 3418 1665 gratiae.
3452 1595 3740 1669 Magnum
3769 1613 3886 1654 me-

2218 1681 2414 1750 ritum,
2447 1679 2647 1736 frater.
2681 1679 2920 1736 Gaudeo
2937 1681 3062 1752 tibi,
3085 1697 3158 1737 ne
3179 1697 3296 1738 uno
3321 1685 3555 1755 quidem
3587 1691 3886 1743 momento

2219 1769 2291 1824 de
2340 1782 2698 1824 successore
2745 1769 2890 1823 tanti
2937 1769 3264 1825 dubitatum
3311 1773 3446 1828 viri.
3495 1773 3568 1828 Et
3607 1790 3886 1847 magnum

2220 1873 2394 1927 onus,
2443 1856 2643 1927 frater,
2683 1856 2827 1911 tanti
2857 1857 3114 1912 nominis
3146 1860 3382 1928 pondus
3413 1861 3682 1932 subisse,
3715 1866 3887 1919 tanta

2218 1945 2406 2015 librae,
2441 1945 2702 2016 tantique
2731 1945 3044 2001 examinis.
3063 1945 3358 2012 Quaeritur
3384 1949 3446 2004 in
3473 1953 3530 2006 te
3559 1950 3883 2008 Acholius:

2217 2037 2275 2088 et
2306 2033 2460 2087 sicut
2489 2037 2612 2088 erat
2639 2033 2701 2088 in
2728 2032 2942 2089 affectu
2970 2037 3092 2105 tuo,
3124 2036 3203 2090 ita
3233 2036 3294 2091 in
3326 2037 3541 2093 officiis
3573 2039 3886 2096 desidera-

2216 2123 2313 2178 tur
2340 2121 2498 2176 illius
2529 2121 2785 2191 virtutis,
2835 2122 2996 2178 illius
3040 2123 3371 2195 disciplina
3419 2127 3679 2200 effigies,
3729 2129 3888 2185 illius

2217 2209 2499 2264 fortitudo
2530 2210 2710 2265 animi
2739 2210 2800 2264 in
2829 2213 2946 2266 tam
2975 2211 3148 2267 senili
3181 2229 3450 2284 corpore.

2288 2299 2341 2354 2.
2373 2299 2526 2370 Vidi,
2561 2297 2768 2370 fateor,
2797 2300 2990 2354 virum
3015 2317 3030 2371 ;
3067 2317 3201 2356 nam
3231 2305 3289 2357 et
3317 2303 3431 2360 hoc
3461 2307 3694 2362 meritis
3728 2308 3888 2364 illius

2217 2387 2426 2458 debeo,
2477 2387 2635 2459 quod
2674 2387 2842 2443 illum
2871 2389 3119 2444 viderim
3154 2406 3167 2446 :
3201 2391 3323 2446 vidi
3351 2391 3431 2446 ita
3460 2393 3626 2449 illum
3657 2411 3804 2452 esse
3833 2397 3888 2451 in

2217 2491 2487 2548 corpore,
2521 2479 2584 2532 ut
2611 2479 2778 2531 extra
2809 2493 3027 2548 corpus
3057 2483 3322 2549 putarem
3355 2497 3367 2536 :
3412 2483 3536 2538 vidi
3565 2484 3888 2556 imaginem

2215 2565 2398 2635 illius,
2449 2565 2550 2636 qui
2599 2580 2666 2620 se
2715 2566 2844 2621 sive
2892 2566 2954 2620 in
3003 2583 3272 2639 corpore,
3307 2570 3436 2624 sive
3468 2575 3635 2626 extra
3667 2589 3887 2642 corpus

2216 2655 2517 2724 nesciens,
2550 2657 2780 2724 raptum
2811 2654 2883 2708 ad
2905 2657 3246 2725 paradisum
3268 2659 3494 2715 viderat
3518 2661 3608 2731 (II
3627 2661 3764 2717 Cor.
3783 2680 3887 2731 χιι,

2215 2741 2270 2813 4)
2299 2758 2313 2814 ;
2346 2743 2426 2797 ita
2454 2742 2612 2796 enim
2640 2743 3024 2813 percurrebat
3053 2746 3248 2800 omnia
3278 2762 3539 2803 excursu
3563 2749 3882 2821 frequenti,

2217 2830 2805 2902 Constantinopolim,
2855 2831 3158 2903 Achaiam,
3212 2835 3476 2906 Epirum,
3523 2838 3769 2908 Italiam,
3827 2844 3887 2894 ut

2211 2920 2485 2992 juniores
2517 2935 2651 2974 eum
2677 2936 2797 2974 non
2826 2925 3074 2992 possent
3106 2925 3412 2996 consequi.
3436 2923 3738 2982 Cedehant
3769 2927 3886 2983 for-

2220 3009 2400 3064 tiores
2435 3023 2704 3080 corpore,
2743 3011 2880 3081 quia
2928 3024 3062 3064 eum
3107 3011 3238 3066 sine
3286 3013 3708 3083 impedimento
3737 3016 3883 3080 823

2219 3114 2357 3154 esse
2388 3097 2658 3168 corporis
2688 3101 3008 3169 noverant;
3039 3101 3104 3153 ut
3124 3115 3194 3154 eo
3215 3101 3440 3156 tantum
3463 3118 3572 3172 pro
3594 3103 3886 3159 velamine

2216 3190 2499 3258 uteretur,
2533 3203 2651 3242 non
2683 3202 2792 3258 pro
2823 3186 3020 3242 ofﬁcio
3055 3203 3067 3242 :
3107 3191 3266 3244 certe
3297 3189 3372 3244 ad
3401 3191 3737 3262 servitium,
3769 3209 3887 3248 non

2131 3254 2186 3324 ο
2217 3277 2290 3332 ad
2321 3275 2658 3332 subsidium
2685 3291 2701 3346 ;
2737 3277 2817 3330 ita
2851 3276 3008 3330 enim
3035 3274 3312 3332 affecerat
3342 3293 3560 3350 corpus
3594 3254 3793 3352 suum,
3827 3285 3890 3338 ut

2215 3367 2277 3422 in
2328 3382 2399 3422 eo
2447 3365 2732 3421 mundum
2780 3364 3194 3438 cruciﬁgeret,
3236 3369 3294 3422 et
3343 3369 3562 3425 mundo
3613 3371 3889 3442 semetip-

2216 3471 2371 3512 sum.

2285 3544 2340 3600 3.
2364 3543 2723 3600 Benedictus
2741 3542 3048 3615 Dominus,
3075 3547 3133 3600 et
3151 3543 3463 3602 benedicta
3482 3547 3887 3606 adolescentia

2216 3633 2374 3706 ejus,
2407 3648 2584 3705 quem
2613 3632 2814 3704 exegit
2840 3632 2901 3686 in
2929 3633 3330 3690 tabernaculis
3348 3635 3454 3690 Dei
3475 3637 3686 3708 Jacob,
3717 3639 3886 3709 posi-

2212 3725 2311 3779 tus
2356 3722 2418 3776 in
2463 3721 2863 3792 monasteriis,
2915 3720 2977 3776 in
3019 3723 3240 3794 quibus
3290 3739 3425 3779 cum
3455 3731 3826 3798 quaereretur
3853 3743 3886 3783 a

2213 3810 2562 3882 parentibus
2591 3810 2686 3865 vel
2715 3810 3028 3880 proximis,
3061 3811 3294 3868 dicebat
3325 3829 3338 3870 :
3378 3837 3400 3862 ιι
3433 3813 3547 3880 Qui
3578 3820 3721 3871 sunt
3761 3815 3883 3870 fra-

2213 3904 2337 3956 tres
2359 3899 2496 3971 mei,
2517 3902 2617 3954 aut
2637 3915 2771 3970 quae
2787 3901 2975 3954 mater
2995 3915 3123 3956 mea
3145 3901 3384 3972 (Matth.
3409 3920 3512 3974 χιι,
3535 3903 3629 3976 48)
3648 3906 3678 3960 ἓ
3702 3928 3724 3953 ι
3750 3905 3880 3960 Νοιι

2213 3989 2353 4045 novi
2381 3991 2604 4059 patrem
2632 3987 2729 4041 vel
2758 3990 3024 4060 matrem,
3058 3989 3155 4044 vel
3185 3989 3402 4046 fratres
3434 4007 3624 4064 meos,
3649 3993 3766 4048 nisi
3783 3993 3884 4065 qui

2214 4077 2458 4134 audiunt
2493 4076 2741 4132 verbum
2778 4076 2906 4148 Dei,
2949 4081 3008 4132 et
3036 4077 3277 4134 faciunt.
3309 4080 3675 4137 Benedictus
3711 4082 3879 4137 etiam

2211 4182 2540 4238 processus
2581 4165 2914 4238 juventutis
2961 4167 3178 4239 ipsius,
3223 4169 3286 4223 in
3335 4185 3452 4240 qua
3482 4170 3558 4225 ad
3588 4185 3877 4226 summum

2213 4256 2439 4312 electus
2471 4257 2563 4310 est
2591 4255 2988 4310 sacerdotium
3019 4253 3152 4326 (66),
3183 4260 3410 4312 maturo
3436 4257 3562 4330 jam
3596 4258 3874 4329 probatus

2209 4345 2493 4401 virtutum
2523 4343 2837 4414 stipendio.
2869 4343 3042 4399 Venit
3083 4345 3239 4400 enim
3284 4348 3563 4418 tanquam
3597 4347 3780 4402 David
3804 4345 3874 4400 ad

2210 4449 2419 4506 pacem
2465 4433 2668 4505 populi
2716 4432 3148 4488 reformandam
3194 4433 3278 4506 (Il
3324 4435 3475 4508 Reg.
3507 4452 3566 4507 v,
3597 4435 3676 4506 3).
3711 4435 3874 4490 Venit

2209 4527 2489 4596 tanquam
2541 4523 2641 4578 illa
2697 4521 2866 4577 navis
2941 4537 3151 4576 aurum
3223 4538 3430 4578 secum
3509 4522 3871 4596 intelligibile

2118 4614 2178 4681 D
2213 4613 2463 4684 vehens,
2512 4615 2570 4666 et
2614 4611 2776 4682 ligna
2819 4611 3078 4683 cedrina,
3121 4614 3178 4667 et
3209 4612 3436 4683 lapides
3467 4613 3771 4683 pretiosos
3799 4609 3878 4680 (II

2211 4701 2418 4758 Paral.
2472 4719 2558 4772 1x,
2617 4699 2744 4771 21),
2806 4703 2864 4756 et
2918 4700 3054 4755 illas
3104 4700 3394 4757 columbae
3439 4716 3670 4772 pennas
3717 4701 3872 4756 dear-

2216 4795 2486 4865 gentatas
2532 4790 2667 4862 (6'7),
2720 4789 2938 4862 quibus
2987 4790 3213 4846 medias
3256 4791 3412 4846 inter
3442 4794 3648 4847 sortes
3677 4803 3873 4847 somno

2209 4987 2476 5045 membro
2510 4999 2522 5044 :
2561 5009 2583 5035 ιι
2613 4985 2991 5042 fundamenta
3007 4985 3144 5042 ﬁdei
3165 4987 3671 5045 confirmarentur.
3709 5012 3732 5038 ι
3765 4984 3874 5043 Sed

2214 5061 2526 5116 claudedat
2569 5061 2765 5130 potest
2813 5058 2988 5131 etiam
3036 5059 3192 5131 idem
3237 5061 3600 5131 significare,
3634 5076 3668 5114 a
3697 5059 3873 5114 verbo

2214 5132 2458 5187 claudae
2487 5131 2734 5196 scilicet,
2756 5130 3132 5202 rseuiclaudo,
3165 5130 3446 5202 quianon
3475 5135 3717 5202 penitus
3745 5131 3874 5185 inu-

2215 5203 2388 5258 sitata
2418 5217 2556 5256 esse
2586 5201 2846 5256 Vossius
2877 5201 3068 5255 docet.

2284 5274 2396 5344 (65)
2431 5273 2611 5344 Edit.,
2641 5294 2663 5319 «
2700 5271 2834 5326 Non
2863 5271 3033 5326 aliter
3061 5272 3271 5341 etiam;
3309 5296 3331 5318 υ
3363 5289 3513 5328 mss.
3538 5289 3708 5344 vero
3750 5287 3876 5343 par-

2212 5346 2315 5400 tim
2353 5369 2374 5392 α
2402 5344 2535 5399 Νοιι
2565 5343 2712 5397 alias
2741 5343 2915 5397 etiam
2939 5358 2955 5414 ;
2985 5363 3006 5393 υ
3041 5345 3273 5415 partim,
3299 5365 3321 5391 ιι
3347 5344 3478 5398 Non
3497 5343 3612 5399 alia
3634 5346 3831 5412 etiam;
3850 5365 3870 5386 -

2212 5416 2369 5488 quod
2403 5419 2495 5488 est
2524 5415 2758 5488 melius.

2284 5488 2398 5558 (66)
2428 5486 2675 5550 Quidam
2707 5501 2879 5558 ms_s.,
2917 5506 2940 5532 α
2974 5485 3240 5558 elevatus
3271 5489 3364 5540 est
3394 5485 3811 5558 sacerdotium.
3847 5503 3870 5532 ι

2285 5556 2400 5628 (67)
2448 5558 2533 5612 Ita
2581 5573 2730 5612 mss.
2775 5556 2834 5610 et
2876 5561 2994 5611 vet.
3031 5557 3192 5626 edit.,
3225 5558 3339 5611 nisi
3371 5558 3530 5627 quod
3559 5573 3666 5627 pro
3697 5564 3754 5612 et
3785 5556 3872 5610 ha)

2211 5627 2536 5704 praeferunt
2566 5635 2627 5704 ut
2647 5648 2667 5696 ;
2689 5629 2868 5704 ⁸Βοιιι.
2904 5631 3098 5704 autem
3127 5627 3265 5704 edit.
3299 5628 3496 5704 lpcum
3527 5630 3619 5704 sic
3639 5629 3826 5704 mutat
3855 5641 3869 5682 :

2217 5699 2240 5752 ἱι
2275 5704 2338 5763 ut
2364 5701 2465 5759 illa
2493 5699 2764 5762 columba
2791 5715 3016 5778 pennas
3049 5699 3278 5758 habens
3308 5699 3740 5780 deargentatas.
3776 5722 3798 5750 ι
