4072 6174
199 380 353 452 1001

1370 394 1985 465 EPISTOLARUM
2031 397 2369 507 CLASSI$
2411 403 2459 466 Ι.

3495 409 3655 477 1002

196 584 366 656 pacis
394 586 453 641 et
478 586 895 660 tranquilltatis
924 604 1142 662 sopore
1174 591 1452 650 dormivit
1472 594 1662 666 (Psal.
1687 614 1868 670 vau,
1900 579 1965 644 Α·
2048 553 2327 680 oportere
2344 600 2421 655 ad
2440 600 2855 680 Theodosium,
2872 605 3410 680 ‘et‘adepiscopos:
3452 607 3656 665 Valen-

264 764 319 818 4.
357 763 467 819 Est
495 764 652 820 enim
680 769 1026 823 sanctorum
1055 769 1230 825 etiam
1270 787 1519 827 somnus
1564 776 1870 844 operarius

197 853 532 908 secundum
560 855 719 925 quod
763 857 1053 927 scriptum
1099 861 1230 914 est:
1287 882 1309 907 «
1364 860 1491 933 Ego
1535 863 1781 934 dormio,
1816 867 1875 918 et

199 956 306 996 cor
332 957 532 998 meum
562 943 767 1015 vigilat
796 944 990 1013 (Cant.
1009 963 1067 1017 v,
1100 947 1175 1019 2).
1213 970 1235 996 »
1271 948 1344 1002 Et
1364 951 1692 1006 secundum
1714 952 1873 1023 quod

198 1029 387 1086 Jacob
439 1034 684 1086 sanctus
727 1032 900 1103 (Gen.
934 1052 1144 1105 xxvni,
1176 1035 1291 1108 45),
1325 1038 1524 1093 divina
1571 1039 1873 1095 dormiens

204 1119 445 1174 videbat
490 1121 792 1192 mysteria,
851 1138 985 1194 quae
1026 1124 1288 1195 vigilans
1338 1141 1456 1181 non
1501 1128 1746 1198 viderat,
1801 1129 1873 1184 de

198 1207 350 1263 cmlo
380 1208 455 1263 ad
484 1210 678 1264 terras
705 1225 903 1264 aerem
949 1214 1220 1281 pervium
1250 1215 1496 1282 sanctis,
1542 1216 1873 1287 respicien-

193 1298 313 1351 tem
344 1296 659 1352 Dominum
687 1300 746 1353 et
775 1298 1154 1369 pollicentem
1174 1304 1350 1357 terrae
1372 1304 1507 1375 ejus
1530 1307 1874 1374 possessio-

196 1400 354 1440 nem.
388 1385 588 1456 Itaque
607 1385 778 1441 brevi
807 1403 1017 1443 somno
1042 1390 1347 1445 dormiens
1365 1392 1697 1462 impetravit
1713 1394 1872 1464 quod

198 1490 423 1546 magno
453 1474 657 1530 labore
685 1479 894 1546 postea
914 1478 1232 1549 acquisivit
1252 1479 1568 1536 haereditas
1591 1481 1746 1553 ejus.
1766 1482 1875 1537 Est

205 1561 368 1618 enim
401 1578 647 1619 somnus
679 1568 1023 1621 sanctorum
1050 1566 1295 1623 feriatus
1326 1568 1399 1623 ab
1431 1569 1707 1625 omnibus
1737 1586 1873 1625 eor-

200 1651 373 1722 poris
420 1653 839 1725 voluptatibus,
870 1654 944 1710 ab
994 1657 1154 1711 omni
1198 1658 1378 1711 animi
1406 1658 1870 1731 perturbatione,

200 1740 662 1812 tranquilltatem
693 1744 876 1799 menti
896 1744 1209 1816 invehens,
1238 1746 1633 1817 placiditatem
1662 1748 1873 1804 animae

192 1831 261 1884 ut
315 1830 594 1902 tanquam
649 1831 846 1887 soluta
891 1848 1052 1889 nexu
1096 1834 1365 1905 corporis
1404 1851 1472 1892 se
1515 1835 1767 1908 ablevet,
1818 1840 1875 1893 et

192 1915 434 1974 Christo
463 1918 782 1976 adhaereat.

264 2007 321 2062 5.
362 2007 477 2062 Hic
515 2011 610 2064 est
663 2024 914 2065 somnus
970 2010 1092 2066 vita
1148 2014 1511 2085 sanctorum,
1552 2030 1728 2086 quam
1778 2015 1872 2069 vi-

188 2095 369 2151 vebat
398 2099 641 2153 sanctus
671 2098 980 2171 Acholius,
1014 2099 1190 2173 cujus
1219 2102 1531 2159 benedicta
1560 2104 1736 2159 etiam
1765 2118 1868 2159 se-

190 2187 427 2239 nectus.
459 2184 593 2256 Ipsa
623 2188 717 2241 est
744 2202 885 2243 vere
905 2192 1186 2245 senectus
1207 2191 1307 2245 illa
1323 2193 1707 2259 venerabilis,
1734 2209 1869 2264 quae

192 2287 319 2328 non
349 2272 537 2344 canis,
569 2274 679 2330 sed
705 2275 934 2331 meritis
963 2277 1216 2334 albescit
1238 2280 1400 2352 (Sep.
1434 2297 1515 2351 IV,
1549 2282 1604 2352 8)
1630 2297 1645 2352 ;
1678 2298 1748 2336 ea
1780 2285 1873 2337 est

192 2361 356 2416 enim
378 2363 702 2418 reverenda
725 2365 996 2437 canities,
1020 2382 1153 2438 qua;
1175 2373 1268 2423 est
1289 2370 1535 2425 canities
1553 2359 1785 2442 animae,
1811 2371 1871 2426 in

191 2450 367 2506 canis
391 2451 850 2523 cogitationibus
874 2457 931 2509 et
951 2455 1235 2525 operibus
1265 2455 1582 2530 eﬁ'ulgens.
1606 2457 1748 2523 Quae
1780 2461 1872 2515 est

188 2538 356 2594 enim
384 2555 524 2595 vere
573 2543 718 2597 aetas
770 2544 1119 2615 senectutis,
1169 2546 1288 2601 nisi
1331 2547 1451 2601 vita
1500 2547 1873 2604 immaculata

187 2627 379 2699 (Ibid.
399 2628 476 2701 9),
496 2645 629 2701 quae
652 2646 771 2686 non
792 2631 1003 2688 diebus
1022 2637 1119 2688 aut
1140 2636 1472 2707 mensibus,
1496 2637 1606 2692 sed
1628 2639 1872 2693 saeculis

186 2720 577 2790 propagatur,
595 2718 770 2791 cujus
784 2721 915 2776 sine
928 2722 1045 2777 ﬁne
1062 2726 1155 2777 est
1167 2723 1542 2796 diuturnitas,
1563 2726 1693 2781 sine
1711 2727 1874 2782 debi-

182 2804 358 2860 litate
385 2806 738 2879 lungaavitas
757 2810 785 2864 ?
812 2808 940 2875 Quo
971 2810 1127 2866 enim
1158 2812 1510 2884 diuturnior,
1536 2830 1605 2869 eo
1639 2814 1866 2886 fortior,

181 2897 249 2949 et
279 2910 399 2966 quo
430 2895 651 2952 diutius
680 2913 810 2953 eam
837 2900 1019 2955 vitam
1046 2901 1280 2973 vixerit,
1315 2917 1386 2959 eo
1437 2903 1653 2960 fortius
1684 2905 1747 2960 in
1776 2905 1869 2960 vi-

178 2999 324 3038 rum
354 2983 682 3054 perfectum
712 2989 1033 3044 excrescit.

262 3072 321 3127 6.
354 3072 554 3145 Hujus
584 3074 767 3146 igitur
798 3092 1220 3134 successorem
1245 3082 1304 3136 te
1334 3079 1624 3138 Dominus
1646 3098 1765 3139 non
1781 3099 1874 3140 so-

181 3161 320 3217 lum
349 3161 598 3233 honore,
632 3164 741 3219 sed
770 3165 947 3221 etiam
992 3166 1260 3223 moribus
1290 3170 1520 3240 probet,
1557 3175 1614 3227 et
1643 3189 1873 3228 summa

180 3249 446 3306 fundare
489 3251 768 3324 dignetur
809 3255 1019 3327 gratia,
1068 3259 1131 3312 ut
1186 3257 1260 3313 ad
1289 3260 1345 3313 te
1404 3275 1640 3331 quoque
1671 3263 1870 3332 pepuli

181 3343 569 3411 concurrant,
603 3342 676 3396 de
706 3342 926 3414 quibus
955 3344 1155 3400 dicas:
1212 3367 1236 3398 α
1283 3345 1393 3411 Qui
1427 3351 1568 3403 sunt
1615 3350 1736 3421 isti,
1763 3352 1871 3421 qui

181 3428 353 3484 sicut
378 3428 614 3486 nebulae
640 3431 863 3503 volant,
894 3435 953 3488 et
984 3434 1140 3489 sicut
1170 3434 1463 3492 columbae
1509 3454 1643 3493 cum
1692 3440 1871 3509 pullis

179 3518 327 3573 suis
358 3517 501 3588 (Isa.
534 3535 630 3590 ιιι,
663 3518 765 3592 8)?
796 3544 820 3569 ι»
880 3522 1131 3577 Veniant
1195 3539 1431 3597 quoque
1488 3526 1645 3581 sicut
1683 3543 1868 3584 naves

177 3605 445 3661 Tharsis
476 3606 564 3674 (II
584 3607 751 3664 Psal.
775 3626 856 3679 Ix,
890 3609 1002 3681 2i),
1034 3627 1167 3682 quis
1190 3613 1482 3684 accipiant
1511 3614 1870 3671 frumentum

180 3694 357 3767 quod
398 3694 678 3753 Salomon
713 3713 897 3754 verus
944 3699 1264 3771 impertivit
1305 3702 1516 3775 viginti
1556 3720 1870 3761 mensuras

177 3783 395 3839 tritici.
447 3786 759 3857 Accipient
790 3787 987 3844 oleum
1031 3792 1089 3843 et
1130 3789 1481 3862 sapientiam
1510 3792 1869 3866 Salomonis,

178 3876 250 3954 et
269 3874 352 3954 sit
382 3890 500 3944 pax
521 3876 674 3930 inter
692 3878 768 3948 te,
796 3879 851 3931 et
863 3878 1165 3950 populum,
1191 3882 1248 3934 et
1264 3882 1680 3937 testamentum
1701 3884 1869 3954 pacis

176 3952 347 4018 824
390 3963 714 4018 custodias.
754 3963 928 4036 Vale,
969 3964 1179 4040 frater,
1223 3970 1280 4023 et
1318 3984 1430 4024 nos
1471 3952 1869 4043 diligeiquia

179 4053 249 4107 et
277 4066 393 4107 nos
423 4053 479 4108 te
509 4051 835 4126 diligimus.

655 4192 1026 4252 EPISTOLA
1066 4195 1225 4253 xvn
1264 4196 1401 4269 (68).

181 4318 625 4394 Imperatorum
645 4335 783 4377 esse
801 4320 1156 4393 religionem
1180 4324 1340 4378 tueri
1363 4342 1381 4378 :
1412 4338 1521 4379 nec
1538 4324 1613 4380 ab
1632 4326 1724 4381 eis
1738 4326 1869 4381 ins-

264 4392 664 4465 taurationem
696 4392 1149 4465 superstitionis
1166 4395 1597 4465 postulandam.
1629 4397 1867 4452 Nullam

261 4478 414 4534 ergo
429 4462 665 4545 illorum
684 4462 1017 4545 habendam
1037 4462 1330 4520 rationem
1349 4466 1561 4547 quibus
1573 4469 1867 4592 quidpiam

261 4540 474 4589 contra
494 4533 633 4589 fidei
659 4533 1022 4589 Christianae
1033 4535 1550 4592 decusﬂamtalur.
1635 4539 1759 4592 also
1773 4555 1867 4592 ne-

261 4533 474 4609 centra
494 4533 637 4589 ﬁdei
659 4533 1022 4609 Christianae
1033 4533 1550 4609 decusllagitalur.
1576 4533 1759 4593 Falso
1769 4555 1871 4609 pe-

260 4607 536 4662 titionem
553 4612 797 4661 senatus
812 4606 1045 4661 nomine
1057 4606 1612 4676 oblatam'essemum
1632 4612 1690 4664 ei
1703 4606 1873 4665 Cliri-

1907 1953 1959 2016 Β

2051 672 2361 753 tinianuin,
2390 673 2449 753 si
2470 671 2799 753 privilegia
2841 671 3207 753 inﬁdelibus
3260 671 3652 753 concesserit,

2049 740 2124 794 ab
2154 740 2433 823 Ecclesia
2461 740 2875 823 injiciendum,
2902 748 3099 823 sedet
3121 749 3344 823 fratris
3363 766 3430 805 ac
3453 740 3655 823 patris

2048 813 2350 867 memoriae
2408 813 2812 894 irrogaturuin
2844 817 3140 889 injuriam,
3186 820 3261 875 de
3292 837 3400 893 qua
3437 813 3652 894 ῥιοθγί-
3703 820 3712 828 ’

2053 888 2149 936 ter
2178 884 2643 954 expostulantes,
2676 884 3051 944 inducantur.

1981 1004 2324 1087 Auaiiosius
2348 1008 2678 1087 episcopus
2708 1011 3059 1087 beatissimo
3090 1013 3363 1087 principi,
3384 1018 3440 1072 et
3457 1016 3655 1075 chris-

2057 1079 2079 1089 “
2220 1079 2555 1136 tianissimo
2569 1079 2928 1152 imperatori
2959 1079 3421 1143 VALsNrmﬂiuo.

2051 1200 2104 1255 1.
2137 1200 2284 1256 Cum
2315 1217 2523 1259 omnes
2554 1204 2847 1278 homines,
2883 1207 2983 1279 qui
3014 1209 3127 1264 sub
3147 1209 3366 1265 ditione
3390 1211 3656 1267 Romana

1982 1292 2141 1359 sunt,
2173 1290 2349 1344 vobis
2378 1292 2628 1349 militent
2657 1294 3136 1369 imperatoribus,
3154 1302 3447 1355 terrarum
3477 1303 3654 1372 atque

1980 1377 2372 1450 principibus,
2406 1383 2529 1436 tum
2558 1382 2676 1452 ipsi
2702 1399 2813 1439 vos
2835 1386 3223 1457 omnipotenti
3243 1388 3365 1444 Deo
3388 1392 3446 1444 et
3461 1404 3652 1444 sacrae

1982 1465 2122 1520 ﬁdei
2150 1466 2432 1523 militatis.
2464 1468 2652 1525 Aliter
2681 1473 2838 1528 enim
2868 1474 3034 1530 salus
3056 1477 3178 1531 tuta
3193 1491 3333 1534 esse
3352 1493 3473 1533 non
3491 1480 3655 1549 pote-

1982 1552 2076 1622 rit,
2110 1555 2228 1609 nisi
2255 1558 2671 1631 unusquisque
2702 1560 2889 1622 Deum
2914 1578 3143 1636 verum,
3177 1565 3292 1621 hoc
3321 1568 3434 1637 est,
3466 1566 3657 1622 Deum

1946 1666 1959 1681 -
1981 1640 2474 1717 Christianorum,
2515 1663 2550 1701 a
2601 1664 2718 1720 quo
2770 1655 2981 1706 cuncta
3016 1656 3325 1726 reguntur,
3364 1655 3658 1711 veraciter

1984 1730 2171 1803 colat;
2204 1732 2334 1802 ipse
2367 1735 2524 1789 enim
2552 1736 2722 1792 solus
2750 1754 2933 1794 verus
2966 1743 3059 1796 est
3086 1742 3270 1814 Deus,
3322 1744 3427 1816 qui
3453 1743 3659 1799 intima

1982 1822 2179 1874 mente
2195 1825 2513 1878 veneretur
2529 1824 2643 1895 (69)
2662 1840 2675 1880 :
2695 1847 2718 1873 ιι
2742 1826 2832 1881 Dii
2848 1827 3005 1883 enim
3024 1831 3292 1902 gentium
3308 1831 3652 1904 daemonia,»

1985 1908 2141 1963 sicut
2170 1908 2474 1981 Scriptura
2502 1912 2644 1968 dicit
2676 1913 2866 1984 (Psal.
2890 1932 3028 1988 xcv,
3052 1917 3132 1990 5).
3165 1942 3188 1969 υ
3646 1976 3651 1981 ,

2055 1997 2109 2053 2.
2145 1998 2298 2053 Huic
2330 1999 2513 2072 igitur
2540 2001 2664 2058 Deo
2692 2017 2836 2059 vero
2884 2007 3163 2078 quisquis
3208 2008 3437 2082 militat,
3470 2012 3527 2065 et
3553 2011 3657 2083 qui

1983 2085 2188 2142 intimo
2222 2087 2535 2143 colendum
2563 2091 2775 2162 recipit
2807 2092 3040 2166 affectu,
3075 2111 3195 2152 non
3226 2097 3655 2154 dissimulatio-

1986 2189 2139 2245 nem,
2174 2192 2293 2231 non
2317 2177 2774 2250 conniventiam,
2807 2182 2916 2236 sed
2945 2182 3083 2238 ﬁdei
3116 2185 3378 2241 studium
3399 2190 3457 2242 et
3477 2188 3656 2244 devo-

1983 2263 2162 2318 tionis
2201 2265 2502 2335 impendit.
2543 2267 2854 2325 Postremo
2892 2271 2947 2324 si
2975 2286 3095 2327 non
3124 2272 3260 2345 ista,
3293 2290 3659 2333 consensum

1984 2352 2194 2408 saltem
2224 2354 2481 2426 aliquem
2509 2371 2627 2411 non
2659 2356 2834 2412 debet
2864 2358 3130 2415 colendis
3148 2361 3347 2436 idolis,
3371 2367 3429 2420 et
3458 2366 3658 2437 profa-

1983 2440 2079 2495 nis
2112 2443 2601 2499 caeremoniarum
2629 2445 2888 2502 cultibus
2930 2448 3235 2507 exhibere.
3276 2452 3465 2510 Nemo
3498 2455 3658 2511 enim

1984 2528 2170 2585 Deum
2211 2530 2378 2603 fallit,
2422 2533 2515 2587 cui
2557 2534 2753 2590 omnia
2805 2535 2979 2593 etiam
3027 2540 3226 2595 cordis
3267 2542 3499 2599 occulta
3528 2560 3656 2600 ma-

1984 2619 2201 2675 nifesta
2233 2624 2391 2676 sunt.

2052 2709 2109 2764 3.
2132 2709 2292 2782 Ergo
2315 2726 2449 2765 cum
2468 2714 2594 2783 ate,
2620 2712 2937 2784 imperator
2956 2714 3485 2793 Christianissime,
3506 2721 3656 2779 ﬁdes

1985 2798 2108 2854 Deo
2139 2815 2283 2854 vcro
2314 2801 2392 2855 sit
2423 2800 2778 2875 exhibenda,
2811 2820 2946 2860 cum
2979 2805 3171 2878 ipsius
3202 2809 3344 2864 ﬁdei
3371 2811 3654 2884 studium,

1986 2888 2178 2944 cautio
2209 2890 2383 2961 atque
2415 2890 2671 2963 devotio,
2704 2894 2890 2949 miror
2934 2898 3230 2967 quomodo
3265 2899 3566 2973 aliquibus
3595 2903 3657 2958 in

1984 2991 2154 3047 spem
2189 2979 2439 3050 venerit,
2481 2980 2642 3051 quod
2681 2981 2902 3037 debeas
2940 3001 3075 3040 aras
3115 2987 3231 3043 diis
3259 2990 3525 3061 gentium
3551 2994 3654 3048 tuo

1981 3067 2315 3121 instaurare
2345 3071 2664 3140 praecepto,
2697 3071 2769 3125 ad
2786 3087 2936 3127 usus
2967 3088 3203 3146 quoque
3221 3078 3654 3135 sacriﬁciorum

1981 3154 2366 3226 profanorum
2392 3158 2662 3227 praebere
2694 3163 3023 3233 sumptum;
3055 3164 3214 3234 quod
3243 3165 3400 3220 enim
3417 3165 3655 3237 jamdu-

1982 3244 2123 3299 dum
2151 3244 2246 3299 vel
2275 3244 2424 3300 fisco
2454 3246 2550 3301 vel
2580 3262 2737 3302 arcae
2766 3249 2879 3319 (’70)
2915 3253 3008 3304 est
3044 3252 3424 3325 vindicatum,
3447 3256 3521 3311 de
3554 3259 3652 3313 tuo

1903 3316 1955 3382 Ο
1983 3334 2175 3405 magis
2206 3334 2477 3390 conferre
2506 3335 2806 3408 videbere,
2831 3354 3008 3410 quam
3025 3340 3096 3395 de
3129 3357 3241 3396 suo
3272 3343 3542 3401 reddere.

2051 3423 2106 3476 4.
2168 3422 2241 3477 Et
2296 3424 2368 3478 de
2420 3423 2749 3495 dispendiis
2806 3431 3152 3501 queruntur,
3201 3432 3304 3503 qui
3351 3448 3653 3506 nunquam

1983 3514 2191 3566 nostro
2222 3511 2505 3583 sanguini
2532 3519 2946 3588 pepercerunt,
2976 3518 3078 3589 qui
3101 3518 3230 3589 ipsa
3248 3520 3653 3579 Ecclesiarum

1982 3600 2233 3655 mdiﬁcia
2263 3601 2645 3657 subruerunt.
2672 3603 2884 3659 Petunt
2909 3607 3084 3660 etiam
3105 3612 3167 3663 ut
3187 3608 3306 3664 illis
3335 3610 3650 3684 privilegia

1983 3689 2241 3760 deferas,
2265 3690 2367 3761 qui
2387 3689 2668 3762 loquendi
2684 3695 2741 3746 et
2759 3693 3012 3749 docendi
3032 3698 3256 3752 nostris
3278 3713 3653 3756 communem

1982 3793 2158 3833 usum
2203 3779 2422 3833 Juliani
2477 3780 2611 3852 lege
2662 3783 2931 3851 proxima
2988 3785 3356 3859 denegarunt
3409 3788 3543 3861 (7i),
3594 3794 3654 3846 et

1979 3868 2292 3939 privilegia
2336 3868 2456 3939 illa,
2498 3870 2716 3941 quibus
2773 3887 2936 3943 saepe
2993 3875 3224 3947 decepti
3281 3881 3422 3933 sunt
3474 3880 3652 3934 etiam

1980 3956 2340 4012 Christiani:
2392 3959 2710 4014 nonnullos
2738 3961 2897 4015 enim
2925 3962 3044 4018 illis
3084 3965 3405 4038 priviligiis
3435 3968 3651 4039 partim

1979 4061 2087 4116 per
2150 4047 2630 4118 imprudentiam,
2696 4051 2909 4119 partim
2974 4057 3217 4125 propter
3278 4056 3651 4126 publicarum

1982 4136 2402 4191 necessitatum
2436 4137 2742 4193 molestias
2773 4139 3155 4198 declinandas
3184 4145 3418 4200 irretire
3446 4146 3649 4202 volue-

1980 4228 2117 4280 runt
2140 4268 2156 4297 ,
2186 4228 2245 4281 et
2271 4227 2409 4298 quia
2438 4242 2557 4282 non
2589 4242 2796 4283 omnes
2826 4229 3012 4286 fortes
3041 4232 3439 4306 inveniuntur,
3474 4235 3648 4291 etiam

1981 4313 2095 4369 sub
2124 4314 2494 4386 principibus
2523 4314 2877 4373 Christianis
2898 4320 3166 4391 plerique
3198 4325 3337 4377 sunt
3364 4323 3537 4393 lapsi.

2052 4405 2106 4459 5.
2147 4404 2263 4458 Sed
2296 4404 2425 4460 haec
2455 4405 2508 4459 si
2533 4404 2659 4477 jam
2680 4407 2912 4461 sublata
2928 4424 3048 4463 non
3069 4413 3291 4479 essent,
3325 4411 3646 4466 auferenda
3759 4444 3769 4452 -

1981 4500 2081 4552 tuo
2111 4496 2359 4567 imperio
2382 4498 2829 4567 comprobarem
2853 4514 2867 4553 :
2899 4501 2957 4552 at
2987 4515 3119 4554 cum
3148 4515 3255 4570 per
3282 4492 3431 4555 825
3464 4503 3646 4555 totum

1980 4586 2107 4642 fere
2157 4586 2364 4641 orbem
2410 4601 2444 4639 a
2487 4585 2761 4656 pluribus
2793 4589 2952 4641 retro
2999 4588 3368 4657 principibus
3396 4589 3644 4645 inhibita

261 4678 457 4733 stiani
471 4682 785 4732 senatores
808 4693 921 4732 non
943 4679 1383 4734 consenserint.
1405 4675 1495 4736 De
1516 4678 1948 4742 liocreferriD
1982 4675 2409 4746 ίηῑθνάίοῑείίυθ
2473 4675 2593 4728 Sint
2649 4675 2783 4745 (72)»
2854 4675 3059 4729 Romae
3126 4678 3323 4731 antem
3376 4692 3410 4731 ⁸
3464 4677 3644 4734 fratre

257 4819 377 4889 (68)
407 4818 609 4875 Codex
637 4818 853 4891 Long.,
892 4840 914 4869 α
948 4819 1216 4875 Libellus
1249 4821 1435 4875 sancti
1461 4822 1761 4878 Ambrosii
1792 4825 1865 4878 ad

183 4891 675 4966 Valentinianum
704 4891 1116 4966 imperatorem
1140 4891 1439 4966 juniorem
1470 4897 1671 4966 contra
1701 4895 1868 4966 Sym-

181 4963 492 5036 machum.
515 4982 551 5036 Α»
584 4961 679 5036 Et
705 4977 934 5036 _revera
973 4961 1655 5036 Ambrosiusuejusdem
1694 4961 1868 5036 Sirm-

186 5033 393 5089 machi
448 5031 720 5088 relationi
774 5033 1147 5102 respondens
1214 5031 1693 5089 libelli'nomine
1745 5031 1867 5091 hoc

185 5107 484 5174 scriptum
516 5105 672 5178 citat.
705 5103 821 5178 sed
854 5120 987 5178 cum
1018 5104 1078 5157 in
1126 5108 1568 5178 mss._czeteris,
1603 5110 1778 5178 atque
1809 5109 1867 5162 in

152 5177 333 5248 _edit.
370 5175 646 5230 omnibus
681 5175 929 5248 epistola
975 5191 1094 5248 non
1143 5175 1380 5248 libellus
1431 5175 1702 5248 dicaturf,
1738 5196 1867 5233 mu-

189 5247 433 5302 tandam
461 5261 601 5301 esse
643 5246 951 5318 vulgarem
998 5246 1449 5316 inscriptionem
1485 5264 1603 5304 non
1634 5246 1867 5319 putavi-

187 5334 352 5373 IDUS.

256 5387 390 5460 (69),
412 5386 495 5441 Ita
536 5388 653 5441 vet.
688 5386 825 5442 edit.
859 5402 927 5441 ac
967 5403 1116 5442 mss.
1167 5388 1425 5460 aliquot:
1480 5391 1651 5446 Rom.
1703 5392 1862 5456 edit.,

195 5482 215 5507 ε
247 5459 807 5531 Christianorum,_a
837 5474 968 5531 quo,
987 5460 1197 5513 cuncta
1219 5459 1527 5531 reguntur,
1552 5463 1681 5531 ipse
1713 5464 1868 5517 enim

192 5532 364 5588 solus
396 5545 578 5603 verus
609 5533 701 5582 est
740 5529 921 5603 Deus,
955 5530 1158 5603 intima
1209 5529 1401 5603 mente
1446 5529 1801 5603 veneretur;
1841 5557 1862 5582 η

195 5618 343 5657 mss.
379 5601 718 5670 complures
746 5600 1017 5674 recidunt
1047 5601 1221 5655 etiam
1253 5602 1349 5674 illa
1377 5603 1581 5670 verba,
1620 5625 1642 5652 α
1678 5620 1711 5657 a
1753 5600 1871 5674 quo

190 5677 402 5728 cuncta
436 5674 743 5743 reguntur.
783 5694 807 5743 η
845 5671 961 5743 Sed
991 5672 1123 5742 ipsa
1168 5672 1427 5743 varietas
1478 5674 1712 5729 aliunde
1746 5671 1865 5729 non

194 5745 430 5801 videtur
458 5741 719 5814 eisorta,
754 5741 870 5814 nisi
902 5757 978 5814 ex
1008 5741 1079 5797 eo
1103 5742 1261 5814 quod
1279 5744 1524 5799 verbum
1548 5751 1871 5801 veneretur

194 5815 441 5892 passivo
452 5812 795 5888 signiﬁcatu
814 5813 933 5868 dici
951 5812 1140 5887 posse
1160 5830 1278 5871 non
1299 5814 1695 5890 crediderunt,
1710 5816 1870 5891 quod

478 5928 737 5991 Parnm»
777 5927 933 5992 XVI.

1977 4822 2171 4891 tamen
2203 4816 2359 4891 haud
2388 4814 2675 4891 s_emel_ab
2714 4815 3032 4891 Ambrosio
3064 4818 3343 4891 positum,
3378 4820 3431 4876 si
3460 4823 3645 4877 atten-

1976 4893 2094 4946 tius
2126 4889 2369 4957 legeris,
2402 4885 2832 4956 deprehendes.

2058 4929 2573 5035 (76):ﬁss.’longe_
2589 4958 2846 5035 plurimi,
2886 4981 2908 5007 «ι
2944 4959 3091 5016 ﬁsco
3122 4960 3216 5016 vel
3245 4977 3435 5035 arcaa;
3474 4986 3496 5014 »
3544 4966 3645 5021 alii

1981 5028 2270 5100 nonnulli,
2303 5030 2452 5083 fisco
2482 5028 2577 5083 vel
2607 5030 2913 5106 gere.l_‘10n
2955 5047 3206 5106 prorsus
3236 5034 3387 5090 male
3412 5028 3433 5106 ;’
3487 5037 3644 5092 idem

1979 5105 2133 5158 enim
2166 5105 2258 5155 est
2286 5104 2460 5171 atque
2494 5100 2916 5174 conﬁscatione
2944 5100 3039 5157 vel
3069 5105 3383 5174 emptione.
3416 5100 3644 5163 'Verum

1978 5177 2052 5229 ab
2085 5174 2239 5239 aliis,
2273 5176 2330 5227 et
2362 5174 2593 5225 cunctis
2624 5172 2759 5225 edit.
2793 5188 2911 5227 non
2943 5172 3302 5231 recedimus.

2049 5243 2542 5320 (’ll)_Christianis
2575 5260 2606 5297 ει
2637 5243 2873 5320 Juliano
2911 5247 3277 5320 prohibitum
3324 5248 3535 5320 fuisse,
3568 5265 3642 5303 ne

1978 5313 2655 5390 dieciplinas_docerent
2676 5313 3086 5390 humani—ores,
3124 5318 3247 5390 jam
3280 5322 3353 5376 ad
3382 5321 3483 5375 lib.
3515 5313 3534 5373 ί
3567 5320 3642 5374 de

1976 5384 2151 5462 Fide,
2184 5402 2290 5455 cap
2314 5385 2399 5462 l3,
2434 5401 2592 5462 num.
2626 5384 2715 5454 84,
2738 5384 3178 5462 adnotavimus.
3206 5392 3426 5462 Legem
3448 5394 3642 5462 autem

1976 5461 2305 5532 proximam
2335 5457 2486 5532 hanc
2517 5456 2687 5525 forte,
2721 5456 2880 5528 dicit,
2914 5477 3089 5532 quam
3106 5456 3364 5516 ultima'm
3381 5461 3640 5531 promul-

1978 5528 2226 5604 gaverat
2250 5529 2401 5604 idem
2433 5528 2768 5604 imperator.

2048 5601 2159 5671 (.72)
2191 5600 2589 5671 Designantur
2620 5600 2715 5654 hic
2748 5602 2954 5671 procul
2997 5603 3173 5657 dubio
3216 5601 3639 5656 Constantinus

1976 5673 2250 5752 Magnus,
2287 5671 2687 5752 ejusque‘ﬁlii.
2721 5673 3131 5752 Sanequidem‘
3149 5676 3423 5752 superest
3446 5673 3639 5752 adhuc

1976 5742 2134 5800 Ιθκίιί
2165 5742 2491 5814 Constantii
2524 5742 2595 5799 de
2638 5742 2925 5814 Paganis,
2953 5759 3067 5814 qua
3103 5743 3317 5814 templa
3346 5742 3642 5814 idolorum

1978 5814 2189 5890 claudi,
2223 5813 2447 5884 aboleri
2505 5812 2819 5888 sacriﬁcia,
2882 5815 2939 5869 et
2970 5812 3323 5882 'facultates,
3367 5812 3506 5872 huic
3537 5829 3642 5895 sae.

3287 5925 3360 5995 32
