3942 6168
151 432 276 498 1005

1266 416 1880 489 EPISTOLARUM
1937 423 2273 514 CLAssIs
2301 422 2348 486 1.

3398 430 3558 500 1006

156 631 374 688 mentem
407 629 603 680 tuam:
640 640 714 679 ne
761 623 858 678 vel
925 624 1404 694 respondendum
1451 624 1777 678 secundum
1805 606 1855 668 Ᾱ
1889 623 2179 678 habebam
2213 639 2225 679 :
2259 624 2502 694 imperio
2533 641 2625 679 me
2649 626 2934 682 decedere
2954 643 3070 683 non
3093 629 3386 702 ingemui;
3421 634 3559 703 quia

156 713 823 791 hujusmodipetitionem
873 714 1183 784 gentilium
1233 728 1523 781 censeas;
1581 713 1674 767 vel
1718 712 1777 766 in

151 805 413 880 ejusmodi
440 819 728 873 responsa
760 803 1143 873 sacrilegium
1190 801 1650 871 subscriptionis
1679 802 1777 854 ad-

142 898 357 968 jungas.
386 893 551 948 Certe
583 891 743 946 refer
771 892 845 944 ad
875 894 1178 961 parentem
1208 891 1441 960 pietatis
1475 893 1589 944 tuae
1618 890 1776 960 prin-

141 987 306 1055 cipem
332 981 743 1049 Theodosium,
779 995 953 1050 quem
985 995 1166 1049 super
1196 978 1469 1032 omnibus
1503 978 1625 1032 fere
1657 995 1777 1032 ma-

136 1073 343 1144 joribus
373 1069 568 1124 causis
600 1069 917 1123 consulere
943 1068 1268 1122 consuesti.
1292 1067 1453 1122 Nihil
1473 1067 1668 1137 majus
1685 1071 1778 1122 est

137 1161 414 1232 religione,
447 1158 592 1212 nihil
617 1157 932 1212 sublimius
963 1157 1114 1223 ﬁde.

195 1247 270 1304 13.
302 1247 360 1302 Si
390 1247 584 1301 civilis
617 1262 800 1301 causa
832 1249 1014 1314 esset,
1049 1245 1306 1299 diversae
1337 1245 1488 1314 parti
1524 1259 1776 1314 respon-

137 1339 213 1392 sio
239 1338 602 1404 servaretur;
637 1351 816 1390 causa
831 1334 1144 1406 religionis
1165 1336 1277 1402 est,
1305 1333 1625 1403 episcopus
1641 1349 1778 1387 con-

136 1427 284 1482 venio
314 1423 442 1494 ('78).
480 1424 632 1488 827
666 1424 848 1477 Detur
875 1423 1022 1476 mihi
1051 1422 1384 1491 exemplum
1413 1423 1617 1476 missae
1639 1421 1781 1476 rela.

136 1514 306 1583 tionis,
338 1515 399 1567 ut
427 1527 544 1584 ego
574 1511 807 1581 plenius
839 1509 1264 1580 respondeam;
1302 1513 1358 1564 et
1398 1510 1487 1563 sic
1537 1511 1608 1564 de
1658 1525 1780 1564 om-

137 1603 285 1656 nibus
313 1601 627 1656 consultus
660 1599 986 1654 clementiae
1018 1602 1134 1653 tuae
1167 1613 1383 1668 parens
1415 1598 1779 1668 respondere

131 1691 393 1763 dignetur.
428 1689 607 1744 Certe
638 1689 691 1742 si
713 1689 869 1742 aliud
884 1688 1182 1753 statuitur,
1199 1687 1465 1756 episcopi
1482 1687 1594 1742 hoc
1608 1702 1779 1757 aequo

127 1780 297 1834 animo
327 1780 442 1848 pati
483 1782 543 1832 et
583 1777 961 1832 dissimulare
1011 1792 1130 1831 non
1172 1791 1530 1846 possumus;
1583 1776 1782 1830 licebit

122 1868 210 1922 tibi
237 1869 304 1922 ad
326 1867 668 1922 Ecclesium
698 1865 1050 1936 convenire;
1076 1866 1183 1919 sed
1214 1865 1334 1919 illic
1356 1880 1473 1919 non
1504 1866 1779 1920 invenies

123 1956 502 2027 sacerdotem,
535 1959 634 2009 aut
661 1955 932 2009 invenies
950 1954 1349 2009 resistentem.

183 2043 262 2099 14.
318 2044 469 2110 Quid
521 2043 916 2114 respondebis
976 2042 1274 2097 sacerdoti
1325 2043 1543 2098 dicenti
1612 2042 1718 2096 tibi
1766 2058 1778 2097 :

123 2134 342 2189 Munera
373 2137 472 2188 tua
512 2131 625 2203 ('79)
656 2148 775 2188 non
806 2132 1021 2203 quaerit
1057 2131 1354 2200 Ecclesia,
1405 2131 1540 2202 quia
1569 2131 1784 2201 templa

121 2223 405 2293 gentilium
445 2222 803 2276 muneribus
841 2221 1192 2275 adornasti?
1233 2221 1351 2274 Ara
1382 2219 1603 2274 Christi
1633 2221 1785 2274 dona

117 2314 199 2364 tua
227 2312 470 2382 reSpuit,
515 2311 792 2382 quoniam
821 2325 983 2364 aram
1023 2309 1362 2364 simulacris
1402 2307 1633 2378 fecisti;
1667 2325 1786 2363 vox

116 2399 253 2452 enim
281 2403 398 2469 tua,
444 2415 664 2453 manus
694 2401 812 2467 tua,
848 2401 904 2452 et
935 2396 1298 2467 subscriptio
1328 2400 1456 2467 tua,
1504 2413 1654 2466 opus
1696 2401 1787 2452 est

114 2491 275 2543 tuum.
309 2488 688 2559 Obsequium
718 2490 882 2542 tuum
910 2486 1199 2540 Dominus
1232 2485 1415 2540 Jesus
1459 2488 1698 2540 recusat
1729 2488 1786 2539 et

121 2578 347 2648 respuit,
382 2578 674 2648 quoniam
703 2575 878 2630 idolis
929 2575 1254 2630 obsecutus
1289 2589 1398 2643 es;
1443 2574 1589 2628 dixit
1632 2573 1787 2627 enim

120 2665 210 2719 tibi
241 2683 253 2721 :
293 2690 312 2712 α
349 2667 488 2720 Non
514 2665 766 2736 potestis
789 2664 1023 2720 duobus
1047 2663 1303 2719 dominis
1327 2664 1556 2718 servire
1571 2663 1788 2732 (Matt/1

115 2771 182 2822 v1,
206 2755 312 2820 “24).
352 2776 372 2803 ι
413 2755 745 2826 Privilegia
780 2758 876 2808 tua
911 2755 1158 2807 sacratae
1210 2752 1332 2806 Deo
1376 2751 1642 2823 virgines
1675 2768 1818 2811 non.

120 2842 344 2914 habent,
389 2847 448 2898 et
495 2843 804 2896 vindicant
851 2842 1118 2914 virgines
1149 2841 1396 2896 Vestze?
1433 2841 1550 2894 Cur
1598 2856 1793 2895 sacer-

108 2930 262 2986 dotes
299 2933 407 2987 Dei
439 2931 736 3003 requiris,
763 2930 982 3002 quibus
1001 2930 1316 3000 petitiones
1347 2930 1627 2999 prol‘anas
1650 2945 1794 3002 gen-

108 3003 280 3074 tilium
308 3020 689 3091 praetulisti?
725 3019 918 3074 Alieni
950 3019 1174 3073 erroris
1218 3019 1562 3074 societatem
1593 3019 1792 3073 susci-

110 3123 235 3178 pere
264 3127 386 3165 non
409 3125 774 3182 possumus.

175 3197 257 3252 15.
291 3198 449 3264 Quid
481 3196 890 3268 respondebis
920 3195 1016 3250 his
1059 3195 1262 3251 verbis
1283 3197 1312 3250 ξ)
1350 3197 1606 3250 Puerum
1653 3211 1792 3249 esse

105 3289 152 3340 te
181 3285 417 3356 lapsum
442 3289 472 3342 ‘?
508 3286 719 3340 Omnis
752 3287 899 3340 aetas
931 3284 1192 3355 perfecta
1230 3283 1467 3338 Christo
1499 3288 1590 3338 e‘st
1616 3299 1630 3352 ;
1666 3299 1794 3337 om-

107 3375 193 3428 nis
222 3376 344 3430 Deo
393 3376 606 3446 plena.
659 3373 918 3428 Pueritia
973 3373 1110 3427 ﬁdei
1157 3388 1277 3428 non
1323 3372 1607 3443 probatur
1636 3371 1791 3441 (80):

102 3464 321 3533 parvuli
355 3465 553 3519 etiam
582 3462 885 3518 Christum
915 3461 1207 3533 intrepido
1252 3461 1544 3516 adversus
1585 3476 1794 3531 perse-

104 3556 330 3609 cutores
366 3569 477 3609 ore
519 3551 791 3608 confessi
824 3554 982 3605 sunt.

165 3639 246 3697 l6.
279 3641 440 3708 Quid
476 3640 885 3712 respondebis
916 3654 1200 3712 germano
1239 3641 1338 3693 tuo
1360 3639 1388 3693 ?
1433 3639 1643 3694 Nonne
1689 3638 1795 3704 tibi

101 3729 245 3785 dicet
277 3748 290 3787 :
327 3733 586 3786 Victum
617 3745 711 3785 me
743 3744 883 3784 esse
915 3744 1033 3783 non
1055 3727 1299 3797 credidi,
1333 3727 1468 3798 quia
1499 3730 1552 3782 te
1598 3729 1791 3797 impe-

100 3822 349 3875 ratorem
379 3819 619 3891 reliqui
652 3835 663 3874 :
689 3818 839 3873 mori
873 3833 992 3873 non
1021 3817 1203 3887 dolui,
1245 3817 1381 3888 quia
1411 3817 1467 3870 te
1499 3815 1796 3870 haeredem

100 3963 616 4033 quemadmodum
643 3961 840 4033 legem
871 3961 1201 4033 proximam
1232 3975 1299 4014 ea
1329 3975 1395 4033 re
1414 3959 1486 4013 ab
1507 3959 1798 4033 ipsoAm-

95 4031 295 4089 brosio
329 4035 616 4090 fortasse
648 4031 862 4086 dictam
885 4032 1162 4101 vidimus,
1189 4031 1367 4102 quod,
1401 4035 1566 4085 esset
1595 4031 1796 4084 ultima

98 4104 310 4176 Juliani
342 4103 765 4176 imperatoris.

165 4175 280 4245 ('78)
313 4171 480 4257 Mss”:
519 4175 767 4245 aliquot,
797 4195 819 4224 ι
857 4173 1174 4294 episcopos
1225 4173 1534 4228 convenio.
1573 4195 1594 4254 3»
1629 4171 1796 4237 Quod

172 4249 286 4294 tem
340 4248 580 4294 dicitur
625 4261 743 4294 non
786 4249 967 4294 muto
995 4249 1133 4294 post
1174 4259 1186 4294 ε
1252 4267 1273 4291 α
1319 4245 1643 4294 clementiae
1680 4249 1796 4294 tuae

99 4249 286 4301 autem
340 4247 580 4302 dicitur
625 4261 744 4300 non
786 4245 967 4299 multo
995 4249 1133 4314 post
1174 4259 1186 4298 :
1252 4267 1273 4291 ιι
1319 4245 1643 4298 clementiae
1680 4249 1797 4297 tuaa

94 4332 333 4385 parens,
371 4339 395 4367 ι
427 4317 622 4372 dictio
657 4339 677 4365 α
705 4331 920 4386 parens
957 4337 978 4363 υ
1015 4330 1131 4369 non
1158 4315 1254 4368 hic
1296 4318 1521 4368 naturae
1553 4314 1789 4386 signiti-

103 4389 398 4444 cationem
433 4389 647 4455 habet,
691 4385 798 4441 Sed
833 4387 1078 4440 honoris
1110 4401 1178 4439 ac
1219 4385 1668 4440 benevolentiae.
1703 4385 1797 4438 Si-

95 4461 336 4528 quidem
373 4477 451 4516 ea
488 4458 669 4530 quasi
700 4461 971 4530 monetur
991 4456 1438 4530 Valentinianus
1455 4457 1799 4530 adolescen-

98 4525 276 4599 tulus,
313 4535 379 4586 et
412 4525 628 4584 adhuc
660 4529 772 4582 sub
795 4532 1057 4582 materna
1095 4525 1271 4581 tutela
1302 4529 1678 4595 constitutus,
1738 4529 1801 4580 ut

101 4599 533 4657 Theodosium
565 4599 669 4654 ﬁlii
703 4615 901 4654 amore
937 4614 1004 4652 ac
1047 4599 1426 4653 veneratione
1469 4614 1798 4668 prosequa-

89 4675 196 4726 tur.

154 4744 269 4812 ('79)
302 4744 472 4798 Cum
511 4741 962 4796 Valentinianus
982 4740 1173 4812 adhuc
1195 4741 1417 4794 tantum
1450 4743 1612 4812 esset
1646 4743 1798 4793 cate-

91 4810 470 4883 chumenus,
511 4829 627 4867 nec
675 4813 728 4866 ei
759 4813 964 4866 missae
995 4811 1528 4883 ﬁdeliumadesse
1572 4810 1795 4883 liceret,

87 4883 212 4939 haec
246 4881 532 4940 munera
557 4899 674 4937 non
705 4885 958 4952 possunt
987 4882 1234 4952 intelligi
1267 4881 1336 4935 de
1356 4882 1429 4935 iis
1452 4881 1798 4934 muneribus

93 4971 156 5007 ac
184 4957 399 5024 donis,
441 4971 592 5026 quae
625 4955 799 5008 iidem
821 4953 1039 5026 ﬁdeles
1072 4956 1247 5026 ut__ex
1279 4953 1396 5026 illis
1426 4968 1458 5004 a
1489 4952 1798 5026 sacerdote

87 5022 496 5083 consecratis
539 5025 1066 5092 communicarent,
1101 5023 1421 5078 oﬁ'erebant
1454 5040 1464 5076 :
1502 5022 1608 5076 sed
1641 5023 1800 5076 acci-

85 5100 304 5165 pienda
331 5101 497 5152 sunt
537 5097 607 5149 de
638 5096 820 5149 variis
849 5095 968 5148 illis
1000 5094 1281 5162 donariis,
1305 5111 1437 5162 quae
1461 5093 1532 5146 ad
1564 5094 1802 5162 templo-

87 5184 210 5222 rum
249 5174 513 5233 ornata,
555 5167 771 5220 victum
803 5166 1226 5232 ministrorum,
1260 5165 1526 5234 aliosque
1565 5165 1800 5217 similes

81 5254 231 5294 usus
269 5239 634 5294 Christiani
662 5237 785 5305 jam
817 5237 950 5290 inde
983 5253 1014 5288 a
1045 5236 1800 5305 priscistemporibuscon-

83 5308 395 5365 ferebant.
453 5309 637 5362 Unde
671 5307 1070 5361 Marcellimus
1089 5307 1480 5360 calumniandi
1503 5308 1802 5359 ltomanos

79 5385 425 5450 pontiﬁces
476 5395 693 5432 ausam
733 5379 1046 5450 arripiens,
1090 5379 1313 5450 mirum
1347 5377 1805 5450 essegnegat,si

79 5448 518 5532 pontiﬁcatus
560 5450 630 5530 ab
673 5448 1149 5532 ipsisambiatur
1182 5463 1192 5501 :
1232 5448 1513 5532 flgl‘lm‘ltl
1547 5449 1802 5532 adepti,»

79 5519 301 5592 inquit,
347 5548 370 5569 ε
421 5521 619 5575 futuri
658 5519 775 5573 sint
808 5521 884 5572 ita
936 5520 1153 5592 securi,
1187 5522 1248 5571 ut
1281 5519 1536 5592 ditentur
1569 5519 1810 5592 oblatio-

75 5589 763 5659 nibus—matronarum,
806 5616 826 5637 ιι
862 5593 972 5644 etc.
1007 5590 1297 5643 Czeterum
1347 5590 1481 5658 quis
1523 5606 1637 5643 non
1699 5589 1808 5642 mi-

75 5673 249 5722 retur
313 5681 456 5720 non
511 5663 689 5716 modo
749 5678 925 5732 quam
974 5661 1330 5732 Ambrosius
1379 5677 1500 5732 prae
1553 5677 1618 5714 se
1676 5660 1808 5732 ferit,

79 5749 307 5792 verum
374 5735 584 5790 etiam
629 5730 803 5804 quam
859 5733 933 5804 in,
967 5730 1811 5804 antis_titibus__aliispraeful-

76 5809 248 5872 uisse
300 5808 598 5866 testatur
637 5801 1036 5878 episcOpalem
1095 5801 1495 5870 fortitudinem
1525 5801 1812 5865 εἴῐθθιὶςὶει

1831 3333 1883 3398 C

1889 712 2134 782 imperia
2165 729 2314 783 mea,
2349 715 2682 783 praesertim
2714 717 2785 769 de
2828 717 3118 788 religione
3160 719 3377 791 divina,
3439 738 3562 776 om-

1891 802 2069 855 nibus
2100 803 2342 856 saeculis
2375 819 2652 857 mansura
2676 805 2990 859 credebam
3013 809 3040 860 ‘2
3074 807 3198 862 Hos
3230 824 3375 881 ergo
3427 810 3562 865 titu-

1892 890 1984 943 los
2016 891 2128 960 piae
2172 891 2405 946 virtutis
2449 908 2774 963 crexeram,
2819 894 2928 949 has
2969 895 3040 950 de
3085 897 3308 952 saeculo
3355 915 3564 953 manu-

1893 977 2046 1047 bias,
2081 979 2208 1033 haec
2249 979 2439 1050 spolia
2471 982 2542 1034 de
2591 982 2845 1052 diabolo,
2881 983 2990 1037 has
3031 1000 3143 1056 ego
3175 987 3246 1040 de
3278 987 3564 1042 adversa-

1894 1067 1982 1120 rio
2013 1068 2271 1122 omnium
2305 1069 2576 1140 exuvias,
2613 1069 2953 1142 offerebam,
2988 1073 3047 1126 in
3077 1073 3296 1144 quibus
3346 1079 3567 1131 aeterna

1893 1155 2140 1210 victoria
2171 1159 2281 1211 est.
2305 1157 2456 1221 Quid
2494 1158 2637 1213 mihi
2666 1160 2801 1230 plus
2842 1161 3028 1231 potuit
3050 1177 3219 1218 meus
3248 1163 3441 1219 hostis
3473 1181 3570 1219 au-

1894 1243 2093 1300 ferre?
2123 1245 2444 1317 Abrogasti
2475 1248 2710 1303 decreta
2732 1265 2862 1304 mea
2899 1266 2909 1305 :
2945 1251 3308 1321 quodadhuc
3330 1253 3430 1307 ille
3463 1255 3566 1325 qui

1897 1337 2098 1387 contra
2129 1349 2222 1388 me
2253 1335 2471 1390 levavit
2519 1353 2699 1407 arma,
2743 1353 2861 1393 non
2910 1337 3066 1394 fecit.
3105 1340 3277 1394 Nunc
3323 1343 3569 1412 gravius

1898 1421 2079 1476 telum
2129 1439 2378 1493 corpore
2414 1425 2657 1495 recipio,
2692 1427 2851 1497 quod
2897 1443 2929 1480 a
2961 1427 3140 1482 fratre
3169 1444 3298 1484 mea
3354 1432 3571 1485 statuta

1895 1509 2263 1565 damnantur.
2298 1513 2539 1567 Meliore
2571 1518 2735 1584 parte
2767 1516 2882 1570 mei
2929 1517 3085 1586 apud
3131 1520 3187 1572 te
3235 1519 3568 1589 periclitor;

1892 1598 1991 1651 illa
2022 1599 2178 1652 enim
2199 1615 2362 1654 mors
2385 1603 2676 1672 corporis,
2707 1603 2820 1658 ista
2837 1605 3072 1660 virtutis
3101 1608 3212 1660 est.
3233 1607 3406 1662 Nunc
3427 1609 3573 1662 mihi

1892 1687 2212 1758 abrogatur
2241 1689 2554 1758 imperium
2576 1733 2590 1759 ,
2623 1694 2680 1744 et
2709 1693 2868 1762 quod
2899 1695 2992 1747 est
3031 1696 3278 1765 gravius
3317 1697 3576 1769 abroga-

1891 1788 1988 1839 tur
2017 1792 2050 1828 a
2082 1777 2218 1845 tuis,
2253 1776 2625 1848 abrogatura
2646 1781 2800 1834 meis
2835 1795 2850 1850 ;
2884 1783 2941 1834 et
2969 1781 3028 1835 id
3051 1782 3391 1856 abrogatur,
3417 1787 3578 1858 quod

1892 1862 1952 1918 in
1988 1880 2081 1918 me
2106 1867 2279 1918 etiam
2302 1866 2416 1920 mei
2437 1867 2765 1922 adversarii
2799 1869 3218 1938 prmdicarunt.
3271 1872 3334 1929 Si
3355 1875 3573 1932 volens

1815 1979 1868 2042 Β
1895 1953 2268 2023 acquievisti,
2301 1954 2593 2009 damnasti
2623 1956 2799 2011 ﬁdem
2827 1973 3017 2013 meam
3051 1976 3063 2014 :
3099 1961 3152 2014 si
3182 1961 3406 2018 invitus
3443 1981 3576 2021 ces-

1898 2041 2053 2111 sisti,
2097 2042 2412 2112 prodidisti
2441 2047 2620 2098 tuam.
2657 2044 2839 2117 Ergo,
2874 2047 3033 2118 quod
3064 2050 3313 2120 gravius
3343 2056 3455 2123 est,
3518 2059 3580 2110 et

1895 2129 1956 2183 in
1985 2133 2042 2183 te
2073 2129 2398 2199 periclitor.

1969 2217 2055 2272 16.
2095 2218 2247 2282 Quid
2277 2220 2670 2289 respondebis
2703 2221 2877 2276 etiam
2915 2224 3084 2294 patri,
3129 2227 3229 2297 qui
3259 2230 3316 2283 te
3344 2229 3572 2302 majore

1899 2306 2102 2360 dolore
2134 2308 2465 2377 conveniet,
2498 2308 2704 2364 dicens
2740 2327 2752 2364 :
2784 2310 2868 2365 De
2899 2327 3011 2381 me,
3033 2312 3158 2388 ﬁlii,
3188 2316 3339 2382 828
3367 2321 3576 2388 pessi-

1901 2411 1992 2449 me
2018 2394 2325 2465 judicasti,
2361 2397 2462 2466 qui
2481 2397 2698 2466 putasti
2729 2398 2888 2470 quod
2917 2414 3031 2471 ego
3061 2405 3385 2474 gentilibus
3427 2423 3575 2462 con-

1901 2484 2220 2538 niventiam
2248 2485 2707 2556 prmstitissem;
2739 2502 2912 2542 nemo
2945 2489 3018 2543 ad
3048 2506 3141 2546 me
3173 2493 3379 2550 detulit
3416 2512 3579 2551 aram

1901 2588 2040 2627 esse
2076 2574 2132 2626 in
2163 2573 2262 2626 illa
2296 2573 2559 2628 Romana
2591 2575 2754 2630 curia
2799 2576 2912 2647 (81)
2946 2593 2962 2648 ;
3003 2595 3304 2652 nunquam
3350 2586 3575 2640 tantum

1901 2661 2071 2716 nefas
2105 2662 2350 2732 credidi,
2387 2664 2543 2733 quod
2571 2665 2631 2718 in
2653 2667 2950 2720 communi
2972 2667 3072 2724 illo
3102 2668 3576 2730 Christianorum
3649 2720 3656 2724 .

1902 2751 2327 2823 gentiliumque
2371 2753 2620 2807 concilio
2677 2755 3084 2811 sacriﬁcarent
3132 2761 3410 2833 gentiles,
3465 2763 3581 2819 hoc

1903 2843 2013 2910 est,
2050 2839 2402 2894 insultarent
2423 2842 2680 2912 gentiles
2711 2846 3114 2912 praesentibus
3145 2846 3502 2906 Christianis
3525 2855 3582 2906 et

1901 2928 2070 2982 inviti
2127 2928 2448 2983 Christiani
2480 2930 2774 2986 interesse
2820 2935 3138 2990 sacriﬁciis
3195 2943 3578 3012 cogerentur.

1902 3017 2082 3071 Multa
2114 3021 2171 3072 et
2200 3017 2437 3073 diversa
2469 3020 2734 3088 crimina,
2762 3037 2853 3077 me
2885 3023 3232 3096 imperante,
3259 3030 3580 3084 commissa

1903 3109 2060 3176 sunt,
2097 3107 2252 3160 ultus
2283 3123 2417 3160 sum
2461 3124 2832 3180 quaecunque
2877 3116 3016 3166 sunt
3057 3114 3429 3184 deprehensa
3476 3133 3488 3172 :
3526 3118 3578 3172 si

1905 3195 2040 3265 quis
2072 3198 2210 3249 tunc
2241 3195 2427 3265 latuit,
2461 3197 2638 3252 debet
2684 3213 2828 3270 ergo
2875 3200 3073 3256 dicere
3122 3218 3214 3257 me
3259 3205 3576 3276 probasse,

1905 3283 2062 3354 quod
2085 3283 2158 3336 ad
2192 3300 2284 3338 me
2316 3300 2488 3340 nemo
2519 3285 2853 3342 detulerat?
2884 3289 2967 3344 De
2997 3305 3090 3344 me
3125 3293 3388 3361 pessime
3412 3293 3579 3364 judi-

1907 3372 2075 3441 casti,
2110 3372 2162 3425 si
2195 3373 2336 3425 mihi
2369 3375 2721 3444 superstitio
2744 3376 2954 3448 aliena,
2989 3395 3106 3434 non
3129 3380 3279 3436 ﬁdes
3309 3397 3438 3437 mea
3459 3397 3582 3438 ser-

1905 3462 2064 3514 vavit
2086 3461 2415 3530 imperium.

1979 3550 2064 3603 '17.
2101 3549 2268 3604 Unde
2312 3567 2443 3605 cum
2488 3551 2547 3605 id
2587 3552 2882 3624 advertas,
2929 3556 3266 3629 imperator,
3301 3559 3424 3615 Deo
3463 3563 3580 3631 pri-

1906 3655 2085 3707 mum,
2138 3638 2348 3693 deinde
2404 3640 2553 3708 patri
2585 3645 2641 3694 et
2691 3641 2858 3696 fratri
2886 3643 3138 3715 injurias
3185 3647 3460 3720 irrogari,
3522 3649 3577 3703 si

1905 3728 2045 3798 quid
2078 3727 2190 3781 tale
2222 3728 2510 3782 decernas
2537 3744 2551 3798 ;
2599 3733 2734 3800 peto
2765 3735 2828 3785 ut
2857 3731 2917 3786 id
2948 3735 3154 3805 facias,
3190 3738 3349 3808 quod
3401 3738 3580 3793 saluti

1905 3819 2021 3871 tum
2054 3817 2207 3886 apud
2240 3816 2726 3890 Deumintelligis
2756 3821 3150 3890 profuturum.

1906 3963 2189 4030 tempora,
2223 3977 2358 4031 quae
2387 3961 2535 4016 tales
2563 3963 2910 4019 sacerdotes
2943 3965 3180 4022 edidere
3213 3966 3225 4022 l

1979 4033 2090 4100 (80)
2122 4031 2344 4105 Omnes
2373 4033 2512 4087 edit.
2546 4049 2613 4086 ac
2648 4034 2849 4103 plures
2881 4052 3052 4105 mss.,
3099 4061 3121 4085 α
3182 4039 3420 4096 Christo
3469 4045 3579 4096 est.

1907 4103 2114 4178 Omnis
2141 4102 2270 4178 Deo
2293 4102 2743 4178 plenagpueritia
2791 4107 2924 4161 ﬁdei
2951 4102 3374 4178 comprobatur
3406 4130 3417 4166 :
3457 4133 3479 4162 ι
3514 4129 3582 4166 ac

1909 4175 2105 4254 tecum
2136 4175 2316 4254 nobis
2343 4176 2655 4254 restituere
2687 4178 2817 4254 cod.
2853 4179 3039 4254 B_elv.,
3075 4175 3324 4254 Thuam,
3352 4183 3502 4254 Reg.
3528 4187 3586 4237 et

1908 4245 2103 4312 Carol.
2128 4247 2190 4299 ut
2209 4246 2269 4298 in
2304 4249 2486 4299 textu.
2523 4247 2609 4300 lbi
2637 4252 2831 4302 autem
2863 4245 3116 4304 observa
3130 4267 3246 4306 non
3266 4245 3582 4306 obscuram

1909 4316 2363 4389 allusionemad
2396 4318 2738 4389 Apostolica
2761 4319 2892 4372 illal
2914 4319 3048 4374 Cor.
3075 4338 3192 4389 xiv,
3227 4323 3296 4376 20
3329 4338 3341 4376 :
3377 4323 3582 4377 Nolite

1905 4388 2082 4458 pueri
2113 4386 2275 4440 effici
2303 4387 2603 4461 senSIbus,
2661 4393 2772 4444 etc.
2820 4386 3223 4459 Opportunum
3252 4407 3430 4461 porro
3471 4393 3585 4446 hoc

1911 4462 2144 4527 tempus
2184 4459 2402 4528 pagani
2448 4459 2521 4511 ad
2569 4475 2875 4513 sacrorum
2920 4459 3295 4515 obtinendam
3340 4465 3582 4517 restitu-

1909 4529 2128 4582 tionem
2160 4528 2422 4601 arbitrati
2446 4533 2603 4597 sunt,
2640 4546 2757 4584 non
2787 4530 2976 4584 solum
2998 4535 3238 4601 propter
3264 4533 3578 4601 imperato-

1910 4602 1994 4654 ris
2040 4599 2350 4668 pueritiam
2397 4615 2504 4668 per
2552 4616 2724 4669 quam
2771 4599 3035 4670 regimen
3094 4599 3232 4656 esse
3275 4599 3586 4658 consuevit

1832 4687 1887 4752 D
1913 4671 2212 4752 εἶβζχὶιίιιετ
2251 4671 2359 4752 sed
2382 4673 2438 4723 et
2458 4674 2697 4752 propter
2716 4671 3044 4752 Maximum
3057 4674 3387 4745 tyrannum,
3412 4691 3443 4729 a
3466 4691 3583 4746 quo

1912 4741 2092 4795 Italiae
2132 4744 2439 4793 cruentum
2471 4741 2689 4794 bellum
2711 4741 3070 4796 imminebat.

1985 4812 2098 4888 (8t)
2131 4811 2421 4888 Beronius
2454 4812 2525 4888 ad
2551 4812 2771 4888 ,αα-371
2809 4811 2938 4888 haec
2961 4813 3356 4888 verbamagis
3383 4817 3586 4872 rheto-

1915 4883 2038 4935 rico
2058 4884 2275 4950 impetu
2300 4881 2370 4933 ad
2386 4881 2784 4958 deﬁniendum
2809 4881 3450 4958 Valentininianivpueri
3473 4890 3591 4944 ani-

1913 4968 2092 5019 mum,
2119 4967 2294 5074 quam
2325 4967 2399 5005 ex
2431 4952 2672 5006 veritate
2712 4954 2865 5007 dicta
2913 4955 3229 5011 existimat.
3273 4952 3588 5015 Seniorem

1917 5024 2070 5074 enim
2101 5022 2135 5074 il
2165 5038 2197 5074 a
2227 5023 2502 5074 ignorare
2536 5039 2653 5074 non
2682 5025 2950 5074 noluisse
2985 5043 2996 5074 ε
3031 5043 3140 5074 nec.
3174 5043 3318 5074 sane
3350 5032 3581 5074 mir-nm,

1917 5024 2070 5100 enim
2101 5022 2197 5100 illa
2227 5023 2502 5100 ignorare
2536 5039 2653 5100 non
2682 5025 2950 5100 potuisse
2985 5043 2996 5080 :
3031 5043 3140 5082 nec
3174 5043 3318 5083 sane
3350 5032 3585 5100 mirum,

2006 5093 2414 5172 dissimularit',
2441 5095 2772 5172 eum_leges
2795 5097 2966 5172 etiam
2991 5101 3454 5172 promulgaverit
3482 5093 3590 5172 pro

1919 5165 2182 5218 libertate
2216 5164 2464 5242 ethniem
2487 5164 2816 5242 religienis.
2851 5168 2964 5221 Sed
2991 5164 3139 5238 pace
3161 5164 3301 5225 tanti
3324 5174 3456 5242 viri,
3483 5164 3590 5226 he-

1919 5251 2210 5357 quaquam
2246 5235 2476 5288 videtur
2505 5235 2850 5307 prudentiae,
2900 5235 3013 5309 qua
3046 5249 3170 5295 erat
3213 5235 3587 5308 Ambrosius,

1919 5307 2015 5357 illa
2043 5325 2060 5357 ί
2085 5306 2269 5357 ixisse
2301 5322 2548 5357 quorum
2581 5307 2890 5357 falsitatem
2929 5328 3042 5357 non
3078 5314 3334 5357 ηρςηίνρί
3364 5314 3492 5357 fnm
3517 5313 3587 5357 ah

1919 5307 2015 5359 illa
2043 5306 2269 5359 dixisse
2301 5322 2548 5376 quorum
2581 5306 2891 5362 falsitatem
2918 5306 3044 5364 non
3078 5314 3334 5366 nesciret
3364 5314 3492 5366 fore
3517 5306 3589 5363 ab

1920 5376 2263 5430 adversario
2296 5393 2468 5446 quam
2503 5377 2776 5434 facillime
2808 5383 3248 5436 revincendum.
3275 5383 3340 5435 Et
3366 5396 3506 5435 sane
3532 5385 3592 5433 ut

1923 5449 2110 5502 eidem
2132 5448 2378 5517 principi
2405 5449 2677 5520 ignorare
2695 5467 2810 5505 non
2833 5453 3063 5506 licuerit
3083 5454 3229 5506 hanc
3252 5454 3407 5504 illam
3431 5466 3590 5503 aram

1924 5521 1980 5572 in
2015 5520 2174 5572 curia
2215 5522 2464 5588 positam
2500 5521 2709 5588 fuisse,
2766 5526 3016 5577 maxime
3077 5530 3266 5575 tamen
3309 5521 3592 5574 credibile

1924 5595 2016 5644 est
2065 5591 2134 5644 de
2168 5592 2506 5662 sacriﬁciis,
2559 5593 2776 5662 quibus
2810 5595 3025 5646 ibidem
3060 5594 3350 5662 interesse
3383 5592 3593 5660 adige-

1924 5661 2492 5729 banturChristiani,
2516 5661 3073 5732 dequejuramentis
3105 5678 3234 5732 quin
3249 5661 3321 5716 ab
3347 5663 3442 5718 his
3465 5665 3596 5717 exi-

1927 5749 2068 5808 gere
2090 5732 2362 5788 solebant
2383 5731 2677 5802 inﬁdeles,
2698 5731 2772 5790 ad
2802 5750 2935 5791 eum
2967 5732 3110 5790 nihil
3147 5731 3403 5794 delatum
3435 5749 3595 5804 esse.
