3942 6168
156 301 295 372 1009

1351 293 1964 362 EPISTOLARUM
1993 295 2332 359 CLASSI'S
2362 295 2410 358 I.

3417 285 3578 354 1010

143 521 243 578 qua
285 503 569 574 religione
615 517 785 556 mens
835 499 987 554 falsa
1030 499 1366 568 terrebitur,
1410 514 1482 552 ne
1514 500 1574 552 in
1622 499 1792 553 testi-
1819 477 1872 540 Α
1910 502 2033 554 tres
2067 499 2291 570 patriae,
2342 497 2696 554 reveremini
2725 511 2914 552 annos
2963 510 3152 565 meos,
3204 495 3264 549 in
3293 503 3448 566 quos
3478 505 3575 548 me

137 594 331 648 moniis
363 592 717 645 mentiatur?
748 590 955 644 Omnia
987 589 1226 660 quidem
1261 589 1383 642 Deo
1415 589 1587 658 plena
1619 591 1775 657 sunt,

140 697 236 737 nec
270 681 419 736 ullus
451 679 693 749 perfidis
739 681 900 732 tutus
947 681 1039 732 est
1067 679 1238 732 locus
1267 693 1278 732 :
1337 678 1444 730 sed
1476 676 1792 746 plurimum

138 771 275 824 valet
305 770 374 822 ad
408 771 624 822 metum
654 767 1035 839 delinquendi
1082 766 1254 820 etiam
1303 767 1620 836 praesentia
1651 765 1790 820 reli-

138 859 315 930 gionis
343 858 568 927 urgeri.
603 857 704 910 Illa
736 872 837 909 ara
886 856 1264 910 concordiam
1316 858 1472 908 tenet
1504 854 1785 919 omnium,

136 948 220 1002 illa
247 963 341 1000 ara
373 946 552 999 fidem
589 946 863 999 convenit
893 945 1304 1015 singulorum:
1343 959 1533 1014 neque
1566 943 1787 1013 aliquid

135 1035 305 1106 magis
333 1034 740 1089 auctoritatem
791 1034 929 1088 facit
960 1034 1276 1088 sententiis
1327 1033 1572 1100 nostris,
1609 1048 1786 1103 quam

135 1123 273 1194 quod
315 1123 508 1178 omnia
553 1123 723 1194 quasi
768 1121 1005 1193 juratus
1049 1124 1254 1176 noster
1299 1120 1443 1175 ordo
1495 1120 1782 1174 decernit.

136 1211 337 1266 Patebit
356 1227 500 1281 ergo
521 1211 701 1266 sedes
729 1211 977 1281 profana
1004 1209 1308 1280 perjuriis,
1356 1213 1412 1264 et
1434 1209 1546 1264 hoc
1581 1209 1786 1279 inclyti

134 1301 404 1371 principes
425 1300 866 1370 meiprobabile
892 1298 1272 1370 judicabant,
1310 1298 1410 1369 qui
1433 1313 1784 1353 sacramen-

134 1393 181 1444 to
206 1389 426 1459 publico
458 1389 571 1442 tuti
603 1391 769 1443 sunt.

197 1477 244 1532 ’7.
275 1500 294 1524 α
328 1477 442 1531 Sed
474 1477 653 1532 divus
685 1476 1066 1532 Constantius
1099 1476 1255 1530 idem
1287 1476 1507 1531 fecisse
1539 1476 1777 1530 dicitur.

136 1566 328 1621 Caetera
356 1566 560 1636 potius
590 1565 750 1620 illius
779 1565 1068 1636 principis
1092 1565 1437 1620 aemulemur
1463 1581 1475 1620 :
1511 1565 1613 1635 qui
1630 1564 1777 1618 nihil

135 1654 230 1708 tale
255 1657 409 1708 esset
442 1670 806 1726 aggressus,
839 1655 892 1708 si
922 1655 1057 1726 quis
1087 1655 1220 1708 ante
1254 1669 1320 1708 se
1351 1653 1504 1708 alius
1535 1654 1782 1707 devias-

133 1746 225 1796 set.
247 1734 383 1797 830
415 1742 679 1814 Corrigit
707 1742 863 1797 enim
893 1746 1242 1814 sequentem
1281 1742 1490 1812 lapsus
1531 1741 1777 1811 prioris,

1908 590 2044 659 pius
2075 590 2224 643 ritus
2254 588 2514 643 adduxit.
2549 587 2694 642 Utar
2723 585 3096 641 caeremoniis
3127 583 3302 639 avitis
3329 599 3344 652 ;
3377 597 3570 654 neque

1911 679 2065 732 enim
2101 679 2362 748 poenitet.
2401 677 2606 731 Vivam
2642 692 2773 732 meo
2812 690 2995 744 more,
3029 675 3165 746 quia
3197 673 3382 728 libera
3415 687 3569 728 sum.

1910 766 2020 820 Hic
2038 767 2231 821 cultus
2250 768 2310 820 in
2333 767 2501 838 leges
2525 781 2687 820 meas
2709 765 2914 820 orbem
2935 763 3164 834 redegit
3190 777 3202 817 :
3239 763 3368 817 haec
3399 778 3572 816 sacra

1907 856 2258 910 Annibalem
2280 872 2310 908 a
2329 855 2647 923 mcenibus,
2668 870 2701 907 a
2719 854 3004 924 Capitolio
3026 853 3296 907 Senonas
3331 850 3572 922 repule-

1905 949 2060 1000 runt.
2083 945 2171 998 Ad
2202 945 2316 999 hoc
2337 960 2482 1016 ergo
2505 947 2743 998 servata
2781 959 2934 1011 sum,
2968 945 3030 996 ut
3061 942 3333 1012 longaeva
3361 956 3570 1010 repre-

1905 1034 2172 1088 hendar?
2204 1034 2418 1088 Videro
2451 1033 2609 1104 quod
2642 1031 3067 1087 instituendum
3100 1034 3373 1100 putatur;
3428 1044 3564 1085 sera

1903 1124 2095 1177 tamen
2119 1125 2175 1176 et
2206 1122 2629 1177 contumeliosa
2661 1120 2989 1176 emendatio
3041 1119 3386 1174 senectutis.

1973 1212 2058 1265 10.
2114 1211 2273 1283 Ergo
2323 1211 2436 1265 diis
2479 1211 2707 1280 patriis,
2741 1210 2856 1264 diis
2906 1208 3270 1279 indigetibus
3322 1207 3438 1277 (9'7)
3467 1223 3568 1278 pa-

1902 1314 2029 1354 cem
2061 1315 2364 1371 rogamus.
2399 1299 2664 1370 AEquum
2693 1302 2784 1353 est
2805 1297 3091 1368 quidquid
3111 1312 3319 1352 omnes
3343 1296 3563 1366 colunt,

1899 1405 2080 1442 unum
2126 1389 2334 1458 putari.
2371 1388 2588 1442 Eadem
2635 1392 2972 1457 spectamus
3005 1389 3183 1455 astra,
3240 1400 3552 1440 commune

1901 1477 2113 1532 coelum
2134 1480 2245 1545 est,
2285 1478 2438 1532 idem
2473 1492 2583 1532 nos
2623 1476 2878 1531 mundus
2920 1474 3186 1530 involvit.
3221 1473 3376 1539 Quid
3407 1475 3566 1528 inte-

1896 1568 2020 1620 rest
2050 1582 2164 1637 qua
2195 1567 2448 1637 quisque
2478 1565 2787 1636 prudentia
2834 1580 3042 1618 verum
3071 1563 3334 1634 requirat
3353 1563 3382 1616 ?
3431 1561 3564 1617 Uno

1895 1655 2104 1709 itinere
2135 1670 2252 1709 non
2284 1657 2477 1724 potest
2507 1653 2805 1724 perveniri
2834 1653 2904 1706 ad
2943 1656 3062 1706 tam
3094 1651 3320 1723 grande
3353 1663 3564 1705 secre-

1894 1746 2050 1798 tum:
2087 1744 2192 1797 sed
2215 1744 2344 1797 haec
2363 1744 2689 1797 otiosorum
2730 1740 3046 1810 disputatio
3069 1742 3160 1794 est
3185 1756 3198 1794 :
3233 1755 3390 1794 nunc
3420 1755 3561 1809 pre—

132 1830 258 1884 etde
276 1831 742 1902 reprehensione
763 1831 1169 1886 antecedentis
1205 1831 1463 1901 exempli
1495 1828 1607 1899 (90)
1636 1846 1779 1884 nas-
1817 1847 1866 1909 B
1896 1847 2019 1899 ces,
2052 1849 2171 1886 non
2203 1832 2520 1886 certamina
2549 1829 2664 1902 (98)
2697 1828 3019 1884 offerimus.
3058 1850 3080 1877 ι

136 1920 266 1972 citur
297 1920 649 1974 emendatio.
678 1918 792 1973 Fas
834 1919 943 1974 fuit
971 1923 1033 1973 ut
1060 1936 1278 1990 parens
1311 1919 1408 1974 ille
1440 1919 1777 1974 clementiae

133 2011 322 2062 vestrae
367 2008 426 2062 in
470 2023 537 2063 re
595 2007 787 2062 adhuc
846 2023 999 2063 nova
1046 2025 1164 2063 non
1209 2011 1445 2062 caveret
1475 2007 1776 2062 invidiam.

131 2095 262 2150 Num
289 2099 479 2166 potest
510 2096 689 2151 etiam
719 2097 894 2150 nobis
933 2096 1140 2151 eadem
1171 2096 1443 2152 defensio
1491 2096 1776 2150 conveni-

130 2199 198 2251 re,
228 2185 276 2237 si
303 2185 618 2253 imitemur,
654 2185 811 2255 quod
842 2186 1218 2240 meminimus
1248 2185 1642 2254 improbatum
1666 2185 1694 2237 ?

190 2272 235 2326 8.
261 2295 280 2321 σ
305 2274 574 2344 Accipiat
605 2274 908 2328 aeternitas
938 2278 1139 2328 vestra
1170 2274 1282 2327 alia
1313 2273 1589 2344 ejusdem
1615 2273 1776 2342 prin-

133 2361 260 2430 cipis
301 2361 468 2431 facta,
504 2378 642 2432 quae
694 2362 754 2415 in
785 2377 960 2416 usum
1008 2361 1249 2432 dignius
1296 2361 1507 2415 trahat.
1553 2361 1650 2414 Nil
1679 2360 1776 2415 ille

131 2449 398 2519 decerpsit
423 2465 736 2504 sacrarum
783 2450 1082 2522 virginum
1133 2448 1464 2520 privilegiis
1509 2447 1643 2518 (91),
1676 2464 1774 2502 re-

133 2537 285 2606 plevit
330 2539 636 2593 nobilibus
665 2538 1015 2593 sacerdotia.
1072 2538 1354 2592 Romanis
1398 2537 1772 2592 caeremoniis

137 2640 234 2680 non
261 2627 493 2698 negavit
526 2627 855 2696 impensas,
906 2629 961 2680 et
991 2641 1098 2696 per
1127 2641 1334 2681 omnes
1355 2625 1483 2680 vias
1516 2628 1774 2680 ceterum.

136 2714 290 2768 Urbis
307 2715 501 2770 laetum
521 2718 769 2774 secutus
805 2718 1094 2784 senatum,
1119 2715 1264 2768 vidit
1293 2713 1525 2784 placido
1550 2729 1650 2768 ore
1671 2714 1776 2768 de-

133 2802 296 2873 lubra,
317 2804 764 2876 legitinscripta
793 2803 1052 2875 fastigiis
1085 2803 1329 2857 deorum
1367 2803 1602 2856 nomina
1634 2802 1774 2871 (92),
1804 2818 1807 2821 ·

131 2895 474 2961 percontatus
506 2896 604 2947 est
650 2893 1001 2962 templorum
1051 2892 1345 2963 origines,
1397 2892 1643 2945 miratus
1676 2895 1769 2945 est

134 2981 460 3036 conditores.
495 2980 766 3052 Cumque
789 2981 936 3034 alias
967 2981 1292 3052 religiones
1324 2981 1451 3050 ipse
1484 2995 1774 3050 sequere-

135 3072 228 3138 tur,
251 3069 351 3125 has
373 3070 641 3125 servavit
680 3071 960 3140 imperio:
996 3086 1144 3124 suus
1185 3069 1341 3124 enim
1378 3069 1589 3139 cuique
1620 3083 1772 3138 mos,

135 3172 258 3212 suus
281 3159 486 3230 cuique
528 3159 680 3212 ritus
713 3163 823 3213 est.
859 3158 1070 3212 Varios
1121 3159 1401 3212 custodes
1433 3157 1686 3212 urbibus
1719 3160 1775 3212 et

136 3245 301 3301 cultus
331 3247 443 3317 (93)
470 3262 646 3302 mens
680 3247 876 3300 divina
907 3247 1224 3301 distribuit.
1272 3247 1346 3301 Ut
1385 3247 1596 3300 animm
1629 3261 1772 3300 nas-

136 3335 392 3404 cantibus,
411 3337 486 3390 ita
511 3336 752 3406 pOpulis
775 3335 981 3390 fatales
1004 3336 1164 3407 genii
1182 3336 1538 3390 dividuntur.
1579 3336 1772 3389 Acce-

139 3421 205 3476 dit
239 3424 446 3480 utilitas
477 3425 619 3495 (94),
653 3441 790 3496 quoe
821 3425 1074 3479 maxime
1105 3423 1329 3479 homini
1359 3423 1504 3478 deos
1532 3425 1769 3478 asserit.

137 3510 259 3566 Nam
289 3529 414 3568 cum
445 3513 598 3568 ratio
635 3514 827 3568 omnis
863 3514 923 3567 in
955 3517 1158 3584 operto
1192 3513 1268 3567 sit
1290 3513 1423 3582 (95),
1457 3512 1611 3566 unde
1642 3527 1771 3566 rec-

136 3599 232 3653 tius
272 3617 436 3673 quam
481 3603 558 3658 de
602 3603 886 3658 memoria
928 3606 1102 3673 atque
1143 3601 1520 3657 documentis
1572 3617 1769 3656 rerum

136 3691 492 3747 secundarum
515 3691 781 3763 cognitio
804 3691 962 3746 venit
985 3691 1288 3745 numinum
1307 3692 1336 3745 ?
1368 3691 1497 3744 Jam
1515 3691 1568 3744 si
1586 3690 1764 3761 longa

139 3779 256 3831 aetas
275 3782 676 3835 auctoritatem
699 3781 1092 3852 religionibus
1126 3779 1320 3848 faciat,
1354 3779 1646 3835 servanda
1679 3781 1772 3834 est

137 3867 202 3918 tot
220 3869 444 3923 saeculis
467 3869 621 3924 fides
645 3867 779 3939 (96),
805 3873 861 3922 et
879 3869 1170 3940 sequendi
1190 3871 1326 3923 sunt
1345 3869 1519 3923 nobis
1552 3884 1768 3938 paren-

138 3954 227 4016 tes,
258 3957 349 4028 qui
379 3957 569 4012 secuti
604 3960 742 4012 sunt
766 3957 1016 4012 feliciter
1049 3973 1216 4012 suos.

192 4043 236 4098 9.
272 4069 290 4093 ιι
327 4047 608 4102 Romanae
639 4062 795 4101 nunc
824 4050 1099 4116 putemus
1132 4046 1442 4115 assistere,
1470 4049 1644 4117 atque
1668 4045 1764 4100 his

141 4131 414 4190 vobiscum
434 4151 615 4209 agere
639 4136 1019 4190 sermonibus
1047 4152 1058 4190 :
1091 4135 1307 4205 Optimi
1330 4135 1654 4206 principes,
1673 4151 1770 4205 pa-

196 4273 295 4346 (90)
337 4279 501 4333 Rom.
557 4277 697 4331 edit.
733 4277 880 4346 sola,
921 4299 942 4323 α

144 4345 370 4418 cedentis
400 4348 692 4418 exemplo.
732 4372 753 4396 ιι

199 4414 294 4488 (91)
341 4414 720 4475 Marcellinus
768 4419 871 4473 lib.
918 4435 1001 4472 xu
1034 4435 1161 4488 cap.
1216 4418 1302 4488 11,
1349 4418 1676 4474 Constantii
1708 4419 1768 4472 in

145 4481 329 4562 Urbem
347 4492 685 4562 ingressum
707 4481 1344 4562 commorationemque
1361 4491 1671 4562 describit,
1693 4491 1764 4543 ad

990 4279 1048 4331 et
1078 4276 1570 4347 deprehensionis
1602 4279 1768 4331 ante-

145 4568 285 4631 quam
304 4560 452 4616 haud
473 4562 652 4617 dubie
694 4563 806 4616 hoc
831 4562 959 4616 loco
995 4560 1264 4616 alludere
1279 4561 1464 4616 voluit
1494 4562 1763 4631 Symma-
1791 4565 1849 4628 Β

146 4625 284 4684 chus.

198 4699 468 4774 (9?).Mss.
501 4704 742 4774 aliquot,
783 4727 803 4750 «
843 4704 1024 4757 Deum
1058 4703 1316 4758 numina.
1357 4727 1378 4751 »ι

201 4769 388 4849 (93mg:
433 4769 641 4849 omnes
673 4775 854 4842 edit.;
906 4790 1033 4828 mss
1081 4777 1275 4849 autem
1308 4774 1429 4828 fere
1465 4775 1553 4849 ad
1576 4791 1766 4849 unum

147 4845 375 4918 0m_ittunt
403 4846 776 4918 negationem
803 4861 819 4915 ;
850 4861 957 4900 nec
989 4847 1160 4918 pauci
1183 4846 1766 4918 quoquedictionem

147 4909 332 4982 cultus;
364 4909 536 4987 cujus
567 4917 698 4971 loco
723 4909 866 4987 legit
893 4937 913 4965 α
954 4909 1219 4970 urbibus.
1243 4909 1473 4970 cunctis
1502 4938 1523 4966 ιι
1551 4918 1765 4971 citatus

142 4992 239 5043 Jam
266 5000 431 5054 supra
464 4988 788 5042 l’anvinus.

200 5061 294 5130 (93)
351 5066 643 5135 Epictetus
705 5067 940 5120 Enehir.
1005 5082 1131 5136 cap.
1191 5066 1310 5121 38:
1367 5065 1546 5118 ’Ὀπου
1585 5066 1764 5139 γὰρτὸ

147 5136 370 5217 τὲμφ-ερον,
414 5142 616 5198 ἑκεῖκαί
655 5145 714 5198 τὸ
756 5144 966 5206 εὐσεϐές.
1011 5146 1272 5216 Uterque
1331 5163 1475 5217 ergo
1531 5136 1764 5216 pietatis

151 5207 545 5286 fundamentum
576 5219 699 5271 vult
728 5234 866 5272 esse
900 5207 1203 5272 utilitatem
1232 5233 1246 5286 ;
1281 5207 1766 5273 sed‘hon'eodem

151 5282 288 5335 modo
320 5286 463 5341 hanc
494 5289 797 5343 definiunt.

203 5352 297 5418 (95)
327 5357 466 5412 Mss.
501 5360 738 5430 aliquot,

157 5429 354 5485 operate
386 5430 477 5482 sit.
519 5453 538 5475 η

206 5490 301 5569 (Ψξι
334 5497 494 5569 Rom.
528 5501 662 5554 edit.
697 5502 847 5569 sola,
888 5523 908 5549 α
939 5501 1120 5554 totius
1154 5501 1363 5554 saeculi
1397 5502 1565 5556 fides.
1605 5523 1627 5551 ι

332 5568 470 5623 Mss.
505 5588 619 5625 non
651 5562 844 5641 pauci,
885 5592 906 5621 ν
943 5573 1057 5626 diis
1090 5573 1297 5640 patriis
1332 5573 1716 5643 indigetibus,
1746 5598 1765 5618 ιν

157 5634 351 5708 quidam
381 5634 668 5712 corrupte'
710 5667 730 5689 «ι
786 5634 1212 5714 indigentibus.
1271 5667 1291 5689 »
1327 5634 1490 5698 Sane
1533 5634 1770 5714 quidem

159 5697 290 5761 κινεῖ.
342 5708 699 5761 1ἰὶ).ι(ἶειοι“ρ
757 5714 1123 5761 nnniunntim
1174 5713 1354 5761 nnnit-
1395 5737 1415 5761 ‹‹
1472 5714 1547 5761 (1ἰί
1599 5715 1767 5761 natrii

242 5720 290 5771 g.
342 5710 434 5765 lib.
461 5730 475 5765 ι
505 5710 699 5785 (ὶέιοης
757 5710 1124 5784 conjunctim
1174 5713 1355 5782 ponit,
1395 5737 1415 5761 ‹‹
1472 5710 1569 5768 (1ὶῖ
1599 5715 1770 5783 patrii

799 5383 819 5405 α
857 5359 914 5412 ἱιι
967 5362 1167 5428 aperto
1214 5359 1325 5428 sit;
1383 5383 1403 5406 ι»
1459 5377 1614 5415 unus
1651 5383 1673 5410 α
1712 5361 1771 5414 in

1972 1913 2111 1976 831
2146 1921 2230 1976 11.
2279 1942 2300 1971 ι
2335 1921 2563 1986 Quanto
2613 1919 2920 1974 commodo
2953 1918 3111 1972 sacri
3144 1917 3337 1972 aerarii
3379 1918 3564 1972 vestri

1893 2009 2218 2071 Vestalium
2247 2010 2546 2081 virginum
2579 2007 2974 2079 praerogativa
2992 2007 3250 2060 detracta
3268 2007 3410 2060 est?
3438 2005 3561 2065 Sub

1893 2098 2253 2169 largissimis
2285 2097 2739 2168 imperatoribus
2773 2097 3118 2166 denegatur,
3153 2095 3311 2165 quod
3341 2095 3562 2164 parcis-

1898 2187 2033 2241 simi
2091 2187 2541 2256 praestiterunt?
2591 2185 2797 2239 Honor
2826 2184 2994 2239 solus
3027 2186 3120 2236 est
3177 2183 3238 2236 in
3269 2182 3368 2237 illo
3401 2181 3560 2237 velut

1893 2275 2184 2345 stipendio
2243 2274 2551 2328 castitatis.
2588 2273 2664 2327 Ut
2721 2272 2856 2326 vitae
2909 2285 3112 2325 earum
3161 2270 3338 2340 capiti
3370 2270 3557 2324 decus

1891 2363 2131 2432 faciunt,
2167 2364 2243 2417 ita
2273 2363 2511 2434 insigne
2542 2360 2776 2416 ducitur
2807 2359 3083 2414 sacrificii
3116 2374 3329 2414 vacare
3360 2375 3558 2417 mune-

1888 2453 2056 2508 ribus
2075 2453 2208 2522 (99).
2246 2452 2481 2505 Nudum
2515 2447 2946 2521 quodammodo
2980 2463 3194 2503 nomen
3217 2447 3555 2502 immunita—

1887 2541 1964 2596 tis
1987 2541 2294 2613 requirunt
2319 2557 2332 2610 ;
2363 2540 2640 2611 quoniam
2660 2538 2999 2609 paupertate
3021 2553 3054 2590 a
3080 2535 3393 2606 dispendio
3413 2538 3556 2590 tutas

1887 2634 2045 2684 sunt.
2106 2631 2304 2700 Itaque
2363 2628 2613 2698 amplius
2671 2627 2830 2680 laudi
2880 2641 3081 2680 earum
3130 2625 3417 2695 tribuunt,
3450 2626 3552 2696 qui

1886 2719 2107 2790 aliquid
2138 2719 2220 2774 rei
2255 2718 2600 2786 detrahunt;
2634 2714 2929 2787 siquidem
2959 2714 3135 2768 saluti
3179 2713 3435 2784 publieae
3467 2714 3553 2768 di-

1887 2811 2012 2864 cata
2043 2808 2354 2880 virginitas
2395 2807 2612 2861 crescit
2641 2805 2871 2873 merito,
2925 2819 3059 2858 eum
3091 2804 3254 2857 caret
3281 2802 3549 2872 praemio.

1956 2898 2042 2952 12.
2084 2921 2106 2946 ει
2143 2897 2357 2952 Absint
2395 2896 2467 2950 ab
2503 2895 2695 2950 aerarii
2739 2893 2923 2948 vestri
2961 2892 3212 2962 puritate
3247 2891 3359 2944 ista
3392 2906 3552 2946 com-

1883 2988 2115 3058 pendia.
2139 2986 2350 3041 Fiscus
2369 2986 2661 3040 bonorum
2675 2983 3010 3054 principum
3031 2997 3150 3035 non
3173 2980 3548 3035 sacerdotum

1884 3077 2135 3146 damnis,
2184 3077 2290 3130 sed
2341 3075 2600 3129 hostium
2659 3072 2868 3143 Spoliis
2918 3072 3223 3142 augeatur.
3273 3063 3549 3126 Ulumne

1839 3197 1858 3232 ς
1883 3166 2112 3220 lucrum
2133 3167 2474 3235 compensat
2497 3162 2760 3217 invidia?
2791 3161 2861 3214 Et
2878 3161 3013 3230 quia
3052 3158 3295 3211 avaritia
3326 3157 3386 3210 in
3417 3173 3546 3211 mo-

1882 3271 1982 3310 res
2002 3257 2238 3308 vestros
2258 3270 2376 3308 non
2408 3252 2579 3322 cadit,
2614 3251 2727 3306 hoc
2756 3249 3101 3304 miseriores
3134 3249 3290 3314 sunt,
3324 3245 3544 3316 quibus

1883 3343 2152 3399 subsidia
2169 3346 2368 3398 vetera
2391 3342 2666 3410 decerpta
2703 3341 2861 3394 sunt.
2901 3337 3132 3392 Etenim
3149 3335 3262 3390 sub
3295 3335 3546 3404 impera-

1879 3433 2130 3502 toribus,
2157 3433 2257 3504 qui
2289 3431 2479 3486 alieno
2511 3429 2826 3496 abstinent,
2859 3427 2960 3498 qui
2991 3426 3282 3480 resistunt
3321 3423 3545 3493 cupidi-

1880 3523 2001 3591 tati,
2026 3522 2098 3576 ad
2116 3521 2301 3576 solam
2329 3519 2656 3574 detrahitur
2689 3515 3022 3570 emittendis
3055 3513 3352 3585 injuriam,
3386 3511 3544 3583 quod

1881 3610 2242 3666 desiderium
2272 3625 2390 3664 non
2422 3611 2618 3663 movet
2647 3605 2991 3672 auferentis,

1951 3698 2038 3755 13.
2077 3722 2098 3746 α
2137 3700 2334 3771 Agros
2384 3697 2557 3752 etiam
2599 3695 2934 3768 virginibus
2981 3695 3037 3748 et
3079 3691 3366 3746 ministris
3397 3691 3543 3744 deﬁ-

1881 3789 2157 3844 cientium
2188 3787 2264 3857 (1)
2296 3787 2592 3842 voluntate
2623 3785 2855 3856 legatos
2887 3783 3073 3838 ﬁscus
3119 3782 3389 3836 retentat.
3423 3780 3540 3832 Oro

1877 3893 2009 3946 vos,
2029 3876 2278 3948 justitiae
2297 3874 2660 3942 sacerdotes,
2682 3877 2744 3928 ut
2764 3871 2930 3927 urbis
2955 3873 3172 3926 vestrae
3197 3869 3386 3923 sacris
3411 3867 3542 3921 red-

1879 3968 2048 4021 datur
2067 3967 2292 4037 privata
2314 3963 2646 4019 successio.
2681 3963 2911 4016 Dictent
2940 3963 3289 4015 testamenta
3319 3957 3540 4025 securi,

1879 4061 1936 4112 et
1965 4057 2156 4110 sciant
2185 4055 2297 4110 sub
2328 4052 2698 4125 principibus
2745 4067 2863 4106 non
2913 4051 3110 4103 avaris
3144 4047 3356 4102 stabile
3380 4061 3540 4114 esse,

1878 4146 2036 4218 quod
2059 4145 2428 4216 scripserint.
2482 4143 2744 4198 Delectat
2773 4155 2882 4196 vos
2914 4141 3028 4194 ista
3075 4138 3325 4192 felicitas
3355 4150 3543 4207 gene-

1875 4289 2208 4359 indigetes:
2266 4311 2287 4334 »
2323 4289 2381 4340 at
2421 4283 3214 4359 nihilﬂimpeditquominus
3264 4279 3541 4359 duo_haac

1876 4351 2110 4414 nomine
2142 4351 2852 4430 Symmachusrdivis—erit.
2878 4351 3026 4430 Nam
3057 4357 3118 4430 ut
3149 4367 3280 4406 raro
3314 4351 3542 4430 indige-

1875 4435 1966 4485 tes
1996 4447 2101 4501 pro
2130 4421 2342 4486 iisdem
2372 4429 2754 4499 accipiantur,
2791 4427 2891 4497 qui
2924 4426 3198 4479 dicuntur
3227 4439 3258 4475 a
3309 4421 3538 4475 Graecis

1875 4509 2621 4584 θεοίποιτρῷοικοιὶἐγχώριοιἱ
2647 4523 2809 4584 saepe
2872 4509 3065 4584 tamen
3095 4519 3202 4584 pro
3255 4501 3540 4555 heroibus

1876 4585 1935 4637 in
1970 4574 2115 4637 deos
2145 4574 2368 4650 relatis,
2404 4574 2576 4651 atque
2608 4574 2760 4633 inter
2783 4574 3271 4651 eosdegentibus
3295 4587 3539 4651 sumun-

1875 4657 1986 4709 tur.
2052 4654 2196 4707 Vide
2255 4643 2400 4706 alias
2449 4643 2698 4721 quoque,
2741 4643 3019 4721 ejusdem
3070 4643 3538 4721 significationes

1877 4726 2026 4795 apud
2063 4725 2342 4778 Vossium
2377 4723 2435 4774 in
2460 4713 2724 4795 Etymol.
2759 4713 2886 4795 Jos.
2937 4713 3321 4770 Laurentium
3364 4713 3466 4768 lib.
3500 4731 3539 4766 ιι

1877 4789 2131 4867 1501ym.,
2170 4793 2531 4867 dissert.A-_19,
2565 4794 2738 4861 atque
2771 4789 2940 4842 alios.
3055 4857 3088 4867 η
3333 4857 3342 4866 ι
3391 4827 3398 4835 ,

1947 4855 2058 4937 (98')
2091 4855 2168 4918 Ita
2218 4869 2331 4918 vet.
2369 4855 2606 4917 editfac
2643 4855 2824 4937 .mss.,
2861 4857 3402 4937 exceptisnpaucis,
3429 4855 3541 4937 .ubi

1875 4929 2050 4993 etiam
2097 4937 2312 5007 legitur
2360 4956 2381 4981 «
2437 4949 2592 4986 nunc
2652 4931 3007 5007 certamina:
3060 4929 3294 5007 gwRom.
3329 4931 3541 5007 autem

1875 4999 2187 5075 edit.,nos'
2205 5021 2436 5074 preces,
2476 5019 2592 5057 non
2633 5002 2969 5057 certamina.
3010 5022 3032 5047 ιι
3069 5000 3182 5075 l'fer
3222 4999 3539 5075 certamina

1874 5071 2282 5147 vero-intelligi
2309 5092 2424 5130 non
2449 5075 2662 5128 debent
2694 5089 2910 5144 pugnas
2958 5071 3138 5147 armis
3171 5071 3530 5147 commissae,

1876 5152 1981 5204 sed
2033 5142 2502 5204 concertationes
2551 5142 2708 5216 illac,
2738 5142 2886 5216 quas
2921 5142 3188 5214 proxime
3222 5148 3354 5198 ante
3403 5142 3543 5194 dicit

1875 5238 2013 5277 esse
2049 5244 2071 5268 α
2109 5221 2453 5274 otiosorum.
2486 5240 2506 5265 υ

1945 5291 2058 5362 (99)
2092 5293 2260 5348 Rom.
2295 5290 2432 5346 edit.
2468 5289 2616 5359 sola,
2656 5311 2676 5336 ιι

2053 5406 2064 5418 ,
2105 5388 2127 5411 η

1875 5364 2557 5504 r11(ll)s'.«r’Deticientium
2598 5455 2620 5480 »
2654 5431 2894 5504 nomine
2922 5429 3058 5484 illos
3090 5426 3362 5504 appellat,
3397 5433 3542 5504 quq-

1875 5492 2150 5558 rnm'vita
2201 5505 2525 5558 senectutis
2573 5504 2734 5557 oneri
2772 5503 2944 5569 cedit,
2991 5492 3144 5570 quos
3167 5492 3542 5570 Ἀιιιὶιιόείιῧ

1882 5576 2196 5629 «defectos
2235 5598 2254 5622 ιι
2293 5592 2504 5628 vocare
2535 5575 2706 5641 solet,
2743 5566 2994 5626 maxime
3011 5566 3174 5622 enim
3211 5566 3540 5632 obsignan-

1878 5651 1972 5701 tur
1999 5648 2072 5702 ab
2105 5646 2454 5718 hujusmodi
2485 5649 2856 5702 testamenta.

2728 5287 3045 5342 sacerdotii
3094 5301 3307 5342 vacare
3339 5295 3541 5337 mune-
