3942 6168
345 229 502 297 1011

1807 227 1875 291 S.
1907 225 2350 293 AMBROSII.

3575 231 3705 314 1012

346 432 436 488 ris
457 429 717 501 humani,
738 428 915 502 coepit
948 445 1148 487 causa
1178 430 1363 505 hujus
1413 431 1750 503 exemplum
1781 429 2013 486 sollici-
2034 413 2091 478 Α
2128 427 2373 501 ginibus
2404 425 2595 482 sacris
2625 426 2956 481 communis
2987 428 3151 482 esset
3181 429 3436 483 annona?
3461 428 3708 491 Commen-

346 524 473 576 tare
502 521 845 575 morientes.
880 520 1042 593 Ergo
1079 522 1360 577 Romanae
1388 521 1714 594 religiones
1751 520 1863 575 sub
1900 521 2018 575 Ro-

350 625 520 665 mana
572 608 714 680 jura
757 624 876 664 non
917 610 1249 680 pertinent?
1294 610 1462 676 Quod
1504 626 1720 665 nomen
1748 608 2020 679 {accipiet

350 698 566 754 ablatio
621 698 984 769 facultatum,
1045 715 1196 771 quas
1227 700 1389 754 nulla
1443 700 1561 769 lex,
1594 698 1794 753 nullus
1838 712 2017 752 casus

352 788 494 843 fecit
524 787 781 842 caducas
801 789 830 842 ‘?
860 786 1109 858 Cupiunt
1135 788 1335 860 legata
1365 788 1582 857 liberti,
1618 786 1814 842 servis
1841 788 2023 840 testa-

356 880 689 932 mentorum
705 875 870 947 justa
891 876 1198 932 commoda
1216 878 1312 948 (2),
1329 893 1447 932 non
1468 878 1781 947 negantur;
1799 876 2023 928 tantum

356 965 591 1021 nobiles
650 965 940 1038 virgines,
990 968 1047 1020 et
1087 965 1351 1020 fatalium
1406 979 1712 1020 sacrorum
1764 963 2023 1017 ministri

357 1054 752 1110 excluduntur
766 1054 1010 1124 praediis
1022 1054 1366 1110 haereditate
1384 1053 1675 1125 quaesitis.
1694 1051 1845 1118 Quid
1852 1050 2025 1123 juvat

358 1142 534 1199 saluti
561 1142 817 1213 publicae
875 1145 1103 1197 castum
1158 1159 1377 1214 corpus
1408 1142 1626 1211 dicare,
1679 1144 1737 1195 et
1791 1139 2024 1211 imperii

358 1231 742 1288 aeternitatem
788 1232 1134 1286 coelestibus
1193 1231 1404 1287 fulcire
1457 1229 1778 1302 prmsidiis,
1841 1228 2024 1283 armis

361 1319 606 1390 vestris,
630 1319 847 1390 aquilis
893 1320 1116 1374 vestris
1158 1320 1380 1375 amicas
1419 1319 1717 1390 applicare
1748 1318 2021 1387 virtutes,

358 1424 467 1479 pro
496 1408 771 1463 omnibus
821 1408 1085 1462 efficacia
1114 1411 1251 1463 vota
1293 1409 1625 1478 suscipere,
1661 1409 1720 1461 et
1757 1404 1861 1478 jus
1895 1421 2029 1460 cum

360 1497 635 1553 omnibus
667 1512 786 1551 non
817 1496 1035 1552 habere
1054 1498 1083 1551 ?
1112 1497 1315 1569 Itaque
1362 1496 1574 1551 melior
1619 1498 1710 1551 est
1742 1496 2024 1564 servitus,

358 1601 491 1657 quae
523 1585 866 1641 hominibus
922 1586 1300 1656 impenditur.
1355 1584 1805 1655 Rempublicam
1855 1582 2026 1638 laedi-

362 1690 496 1730 mus
518 1674 612 1729 cui
641 1689 943 1746 nunquam
972 1675 1207 1745 expedit
1237 1676 1301 1729 ut
1330 1673 1560 1746 ingrata
1589 1674 1687 1727 sit.

2128 516 2305 572 dabat
2333 516 2489 571 enim
2516 519 2805 572 terrarum
2834 518 3162 586 proventus
3196 517 3378 571 victus
3420 519 3713 594 antistitum,

2127 608 2184 660 et
2205 604 2529 660 remedium
2558 604 2750 676 magis
2780 620 2955 675 quam
2984 605 3228 677 largitas
3258 608 3389 660 erat.
3406 606 3488 660 An
3514 607 3712 665 dubium

2128 697 2221 750 est
2250 709 2486 764 semper
2515 709 2621 763 pro
2654 693 2822 763 cOpia
2870 694 3129 748 omnium
3180 694 3386 764 datum,
3417 695 3556 765 quod
3592 713 3718 753 nunc

2129 782 2327 853 inopia
2357 781 2617 838 omnium
2649 782 3017 837 vindicavit?

2202 905 2289 960 16.
2323 906 2491 960 Dicet
2518 905 2735 977 aliquis
2765 909 3061 976 sumptum
3100 907 3395 977 publicum
3421 907 3722 980 denegatum

2132 993 2340 1049 alienae
2369 993 2680 1066 religionis
2705 994 3044 1065 impendiis.
3065 995 3237 1049 Absit
3264 1010 3297 1049 a
3322 995 3485 1050 bonis
3504 998 3729 1069 principi-

2130 1082 2246 1137 bus
2267 1083 2383 1136 ista
2400 1083 2691 1137 sententia
2717 1098 2732 1153 ;
2762 1085 2825 1137 ut
2841 1083 2999 1154 quod
3016 1083 3088 1138 de
3110 1086 3398 1138 communi
3413 1082 3485 1156 (6)
3521 1086 3728 1156 quibus-

2136 1171 2270 1225 dam
2288 1170 2572 1225 tributum
2588 1173 2699 1242 est,
2732 1172 2795 1226 in
2818 1171 2957 1243 jure
2987 1172 3120 1227 ﬁsci
3150 1187 3290 1227 esse
3324 1173 3588 1228 videatur.
3616 1174 3731 1230 Nam

2139 1275 2272 1314 cum
2298 1259 2640 1330 respublica
2688 1260 2759 1314 de
2804 1260 3060 1333 singulis
3108 1264 3359 1332 constet,
3405 1262 3553 1333 quod
3590 1263 3650 1317 ab
3683 1279 3735 1318 ea

2135 1348 2551 1420 proficiscitur,
2575 1349 2652 1403 sit
2671 1365 2883 1404 rursus
2912 1350 3216 1420 proprium
3246 1349 3613 1421 singulorum.
3634 1351 3735 1406 0m-

2134 1436 2231 1491 nia
2269 1437 2502 1510 regitis,
2564 1438 2672 1492 sed
2711 1453 2888 1493 suum
2934 1438 3144 1510 cuique
3204 1439 3490 1509 servatis;
3530 1439 3738 1511 plusque

2135 1526 2289 1596 apud
2319 1541 2430 1580 vos
2469 1524 2721 1597 justitia,
2766 1542 2942 1598 quam
2988 1527 3224 1581 licentia
3273 1526 3443 1581 valet.
3489 1528 3740 1584 Consulite

2137 1617 2296 1669 certe
2318 1614 2780 1670 muniﬁcentiam
2814 1618 3097 1685 vestram,
3136 1632 3211 1669 an
3242 1616 3369 1670 haec
3394 1615 3614 1685 publica
3635 1617 3743 1672 velit

2138 1703 2485 1774 existimari,
2511 1719 2645 1775 quae
2680 1704 2742 1759 in
2759 1703 2909 1759 alios
2922 1704 3311 1759 transtulistis
3331 1706 3359 1759 ?
3385 1704 3569 1759 Semel
3583 1704 3745 1760 honori

433 1761 520 1862 ΜΣ
561 1783 583 1812 ⁶¹
617 1762 806 1862 Νῗωίῖ
848 1778 941 1817 me
970 1765 1133 1862 pluet
1162 1762 1354 1862 5,01“?
1402 1777 1644 1862 causa?
1671 1761 2028 1862 “93mm?”
2060 1787 2111 1850 B
2138 1792 2307 1846 urbis
2330 1761 2888 1862 delata‘compendia
2908 1792 3185 1847 desinunt
3216 1807 3354 1846 esse
3386 1792 3741 1847 tribuentium:

362 1850 552 1906 tueri:
588 1866 663 1906 ex
692 1850 1040 1923 hujusmodi
1080 1850 1450 1906 facinoribus
1497 1853 1622 1906 orta
1651 1852 1789 1905 sunt
1820 1852 2030 1904 cuncta

365 1940 621 1996 Romani
657 1941 901 2012 generis
948 1940 1320 1995 incommoda
1364 1940 1460 2011 (3).
1496 1940 1903 1993 Honoraverat
1931 1938 2031 1992 lex

360 2030 669 2099 parentum
694 2028 965 2083 Vestales
999 2030 1290 2101 virgines,
1324 2045 1394 2084 ac
1433 2028 1739 2083 ministros
1763 2028 2028 2096 deorum,

366 2116 531 2171 victu
561 2116 817 2186 modico,
844 2116 1149 2189 justisque
1180 2117 1534 2190 privilegiis.
1568 2116 1737 2172 Stetit
1763 2116 2029 2171 muneris

366 2203 554 2276 hujus
578 2204 889 2278 integritas
910 2221 1102 2278 usque
1123 2206 1197 2260 ad
1214 2206 1545 2279 degeneres
1562 2206 1895 2276 trapezitas,
1932 2206 2035 2277 qui

364 2293 440 2349 ad
482 2293 817 2349 mercedem
864 2294 1069 2350 vilium
1110 2294 1451 2367 bajulorum
1502 2310 1693 2349 sacrae
1746 2293 2036 2348 castitatis

371 2381 647 2438 alimenta
673 2385 996 2439 verterunt.
1042 2383 1257 2439 Secuta
1307 2386 1400 2439 est
1429 2383 1545 2439 hoc
1590 2383 1811 2437 factum
1838 2382 2028 2436 fames

369 2469 629 2542 publica,
653 2473 711 2527 et
726 2487 893 2543 spem
909 2472 1349 2543 provinciarum
1368 2472 1629 2527 omnium
1640 2471 1864 2527 messis
1878 2485 2042 2542 aegra

368 2559 619 2630 decepit.
641 2560 777 2617 Non
816 2564 957 2617 sunt
976 2562 1107 2619 haec
1143 2563 1288 2617 vitia
1310 2565 1619 2616 terrarum.
1653 2559 1814 2615 Nihil
1845 2560 2041 2629 impu-

365 2650 560 2704 tamus
581 2650 783 2706 astris.
808 2650 935 2706 Nec
954 2650 1170 2722 rubigo
1192 2650 1504 2723 segetibus
1524 2649 1733 2719 obfuit,
1762 2663 1873 2703 nec
1894 2639 2042 2704 382

366 2751 555 2793 avena
571 2738 779 2812 fruges
800 2739 1034 2795 necavit
1050 2739 1126 2810 (4)
1155 2753 1168 2795 :
1200 2739 1519 2812 sacrilegio
1555 2753 1748 2793 annus
1772 2736 2003 2792 exaruit
2028 2766 2045 2822 ς

364 2843 618 2884 necesse
639 2829 797 2885 enim
808 2828 918 2884 fuit
934 2829 1128 2900 perire
1142 2828 1439 2898 omnibus,
1459 2827 1619 2899 quod
1636 2825 2036 2899 religionibus

371 2917 721 2990 negabatur.

446 3006 534 3062 15.
563 3027 587 3059 ι
612 3005 783 3062 Certe
808 3006 859 3062 si
894 3009 988 3063 est
1029 3005 1213 3080 hujus
1244 3005 1381 3061 mali
1411 3005 1651 3077 aliquod
1683 3002 2042 3074 exemplum,

371 3095 729 3167 imputemus
746 3097 971 3152 tantum
994 3095 1210 3151 famem
1246 3095 1479 3151 viribus
1500 3110 1810 3150 annorum.
1830 3092 2043 3148 Gravis
2078 3141 2121 3167 ﬁ

371 3185 526 3240 hanc
581 3185 953 3241 sterilitatem
1008 3201 1152 3241 aura
1212 3184 1603 3241 constrinxit:
1656 3181 2041 3237 silvestribus

375 3274 639 3330 arbustis
668 3274 790 3329 vita
834 3274 1200 3351 producitur,
1235 3276 1294 3329 et
1338 3289 1553 3328 rursus
1602 3273 1671 3327 ad
1705 3270 2039 3326 Dodonmas

266 3396 270 3403 -
375 3364 624 3419 arbores
653 3363 733 3435 (5)
764 3363 955 3434 plebis
985 3363 1227 3419 rusticae
1276 3362 1473 3433 inopia
1505 3360 1859 3417 convolavit.
1891 3358 2042 3424 Quid

373 3452 490 3509 tale
518 3451 843 3523 provinciae
873 3453 1260 3524 pertulerunt,
1295 3467 1429 3506 cum
1475 3450 1835 3522 religionum
1866 3447 2042 3502 mini-

376 3543 538 3597 stros
568 3541 759 3598 honor
803 3542 1080 3613 publicus
1122 3541 1439 3613 pasceret?
1487 3538 1731 3605 Quando
1763 3538 1825 3591 in
1870 3552 2047 3592 usum

378 3631 683 3687 hominum
714 3647 1011 3687 concussa
1058 3646 1338 3704 quercus,
1385 3629 1620 3702 quando
1669 3627 1860 3683 vulsae
1907 3628 2047 3681 sunt

377 3718 698 3776 herbarum
717 3720 974 3792 radices,
998 3720 1233 3793 quando
1262 3720 1526 3785 alternos
1557 3717 1871 3789 regionum
1893 3714 2050 3771 defe-

382 3810 514 3864 ctus
534 3810 798 3865 deseruit
817 3808 1148 3865 fecunditas
1165 3811 1404 3879 mutua;
1438 3822 1573 3863 cum
1602 3806 1822 3877 populo
1854 3807 1911 3860 et
1933 3804 2050 3858 vir-

456 3951 533 4019 (2)
573 3970 595 3998 α
635 3951 807 4006 Justa
835 3952 1142 4006 commoda
1176 3974 1198 4000 »
1253 3950 1386 4005 ideo
1418 3948 1747 4019 dicit,rquia
1777 3963 1895 4019 nec
1919 3947 2046 4001 hae-

384 4018 693 4094 reditatem
721 4022 1031 4094 integram,
1082 4036 1193 4077 nec
1219 4021 1415 4094 legata
1457 4018 1737 4094 quaelibet
1776 4018 2047 4094 accipere

387 4093 583 4149 servis
610 4092 826 4147 licebat
848 4089 877 4147 ἴ
896 4089 1128 4148 sedvel
1157 4089 1705 4162 peculium,‘idnest,
1756 4089 2043 4143 modicam

385 4164 657 4236 pecunia:
686 4179 997 4236 summam,
1029 4164 1122 4219 vel
1153 4160 1502 4236 pensionem
1533 4160 1808 4236 aliquam,
1830 4164 1893 4214 ut
1911 4163 2049 4229 puta

385 4230 708 4307 fructuum,
764 4230 1057 4307 vestium,
1102 4230 1214 4307 etc.
1247 4234 1487 4307 Narnn
1519 4230 1824 4307 commoda
1856 4250 1878 4281 ι
1937 4246 2046 4307 pro

385 4307 676 4379 pensione
692 4302 830 4379 quae
852 4302 1286 4379 sacerdotibus,
1304 4303 1663 4379 militibusve
1676 4302 2044 4379 attribuatur,

386 4372 666 4463 usurpari
693 4372 770 4433 ex
798 4376 1099 4449 Suetonio,
1131 4372 1403 4432 Juvenali
1450 4377 1625 4446 atque
1672 4374 1805 4428 aliis
1830 4372 2048 4428 intelli-

388 4466 608 4524 ειιιξιιξε

2140 1884 2198 1935 et
2221 1880 2378 1951 quod
2395 1896 2428 1933 a
2447 1880 2737 1951 principio
2759 1881 3115 1936 beneﬁcium
3136 1880 3267 1951 fuit,
3287 1897 3400 1935 usu
3420 1883 3585 1951 atque
3616 1882 3745 1935 aetate

2140 1968 2204 2022 fit
2242 1969 2522 2023 debitum.
2583 1969 2822 2024 lnanem
2863 1968 3046 2040 igitur
3090 1972 3312 2023 metum
3360 1968 3550 2023 divino
3592 1969 3745 2022 animo

2139 2060 2342 2112 vestro
2371 2059 2553 2111 tentet
2582 2058 2866 2127 incutere,
2900 2058 2952 2112 si
2984 2059 3120 2129 quis
3137 2057 3358 2112 asserit
3378 2057 3749 2112 conscientiam

2139 2161 2250 2200 vos
2281 2145 2500 2201 habere
2531 2144 2922 2216 praebentium
2946 2145 3045 2217 ('7),
3070 2145 3190 2201 nisi
3209 2145 3623 2200 detrahentium
3645 2144 3749 2198 sub-

2141 2234 2329 2290 ieritis
2358 2234 2660 2289 invidiam.

2216 2357 2303 2413 l7.
2359 2380 2383 2410 α
2438 2358 2695 2415 Faveant
2728 2360 3053 2415 clementiae
3082 2361 3304 2414 vestrae
3352 2359 3632 2414 sectarum
3656 2372 3755 2412 om-

2146 2448 2309 2502 nium
2338 2463 2550 2503 arcana
2578 2448 2887 2519 praesidia:
2946 2451 3002 2503 et
3032 2449 3161 2502 haec
3192 2447 3468 2516 maxime,
3517 2463 3638 2518 quae
3662 2462 3759 2499 ma-

2138 2536 2309 2608 jores
2342 2540 2576 2592 vestros
2603 2537 2918 2609 aliquando
2946 2536 3248 2608 juverunt,
3278 2552 3390 2591 uos
3413 2534 3711 2602 defendant,
3736 2549 3760 2586 a

2146 2625 2321 2681 nobis
2352 2626 2635 2681 colantur.
2685 2625 2834 2680 Eum
2864 2626 3218 2698 religionum
3273 2627 3490 2680 statum
3528 2624 3759 2696 petimus,

2147 2714 2251 2786 qui
2271 2714 2405 2768 divo
2446 2714 2673 2784 parenti
2698 2714 2974 2769 culminis
3009 2714 3195 2769 vestri
3232 2712 3497 2769 servavit
3515 2712 3585 2782 (8)
3614 2711 3762 2781 impe-

2147 2803 2320 2873 rium,
2352 2803 2452 2874 qui
2474 2802 2767 2858 fortunato
2796 2803 3051 2874 principi
3083 2803 3387 2875 legitimos
3420 2799 3641 2857 sutl‘ecit
3665 2798 3763 2853 bte-

2147 2892 2344 2946 redes.
2396 2890 2631 2962 Spectat
2687 2892 2890 2946 senior
2917 2892 3016 2946 ille
3047 2891 3220 2945 divus
3270 2907 3350 2946 ex
3379 2905 3514 2945 arce
3567 2888 3759 2943 siderea

2148 2980 2440 3051 lacrymas
2471 2980 2868 3051 sacerdotum,
2900 2983 2958 3035 et
3012 2995 3077 3035 se
3111 2980 3411 3050 culpatum
3438 2980 3591 3050 putat
3630 2988 3760 3030 more

2146 3069 2384 3140 violato,
2418 3084 2593 3140 quem
2613 3068 2868 3124 libenter
2892 3069 3025 3147 ipse
3055 3069 3342 3123 servavit.

2220 3193 2307 3247 18.
2345 3214 2368 3241 ιι
2405 3192 2688 3248 Ριιωειαῐθ
2738 3192 2913 3247 etiam
2956 3193 3092 3247 divo
3149 3192 3322 3247 fratri
3375 3195 3572 3248 vestro
3620 3185 3764 3244 alieni

2151 3281 2386 3337 consilii
2422 3281 2889 3337 correctionem:
2941 3283 3124 3353 tegite
3156 3281 3380 3336 factum
3406 3280 3560 3353 quod
3588 3274 3776 3333 senatui

2149 3370 2530 3441 displicuisse
2551 3370 2822 3425 nescivit.
2858 3370 3162 3441 Siquidem
3192 3372 3429 3425 constat
3457 3370 3585 3424 ideo
3612 3364 3770 3422 exelu-

2150 3475 2279 3514 sam
2334 3459 2708 3531 legationem,
2745 3474 2819 3514 ne
2876 3459 2950 3513 ad
2980 3476 3114 3514 eum
3163 3458 3464 3530 judicium
3517 3456 3773 3528 publicum

2148 3548 2502 3619 perveniret.
2528 3549 2643 3603 Pro
2675 3548 3109 3603 existimatione
3149 3550 3243 3602 est
3272 3551 3602 3618 temporum
3629 3556 3773 3612 supe-
3884 3548 3885 3597 ἡ

2146 3637 2390 3706 riorum,
2423 3639 2487 3692 ut
2524 3653 2642 3692 non
2673 3636 2954 3691 dubitetis
3002 3636 3264 3707 abolere,
3319 3636 3483 3708 quod
3510 3633 3776 3705 probatum
3884 3648 3885 3708 ς

2150 3730 2243 3782 est
2270 3726 2560 3797 principis
2591 3739 2710 3780 non
2740 3724 2958 3780 fuisse.
2998 3747 3019 3772 η

2151 3939 2399 4011 proinde
2428 3940 2593 4011 tanta,
2622 3938 2813 4011 fuisse
2844 3939 3032 4011 fames
3085 3938 3483 4010 signiﬁcatur,
3518 3937 3577 3991 ut
3617 3931 3776 3987 mitio-

2152 4009 2283 4066 rum
2304 4011 2544 4083 frugum
2565 4010 2797 4065 defectu
2827 4009 3075 4082 glandes
3108 4009 3327 4064 esitare
3357 4022 3643 4080 pauperes
3670 4018 3778 4058 coa-

2157 4083 2231 4137 cti
2264 4082 2401 4136 sint.

2228 4154 2303 4224 (6)
2334 4154 2480 4206 Mss.
2514 4152 2754 4222 aliquot,
2782 4175 2813 4224 it
2850 4155 2912 4206 ut
2941 4150 3098 4222 quod
3128 4165 3485 4221 commune;
3524 4142 3772 4224 nrreliqui,

2155 4216 2414 4292 ac‘e'dit.,
2479 4245 2500 4270 α
2536 4216 2802 4294 ιη’(ιιιόἀ
2853 4224 2926 4278 de
2958 4216 3328 4292 'commune;
3395 4244 3417 4269 η
3473 4216 3595 4274 ⁷νθι.
3649 4216 3776 4280 edit.,

2162 4318 2184 4343 «ι
2219 4295 2356 4350 olim
2385 4295 2456 4349 de
2487 4309 2820 4348 commune.
2865 4314 2887 4343 ιι

2229 4366 2305 4435 (Ἷ)
2336 4365 2617 4421 Nonnulli
2646 4381 2818 4433 mss.,
2857 4385 2880 4414 ι
2921 4364 3142 4418 habere
3171 4363 3573 4435 praesentiam.
3609 4383 3629 4407 υ
3674 4355 3779 4411 Non

2157 4434 2357 4506 recte;
2419 4458 2442 4485 α
2477 4436 2901 4491 conscientiam
2935 4458 2957 4483 ι»
3020 4435 3176 4489 enim
3221 4457 3242 4481 κ
3298 4434 3522 4488 habere
3549 4441 3777 4502 praesen-

459 4505 747 4592 (3)Vetus
785 4523 910 4576 erat
942 4536 1011 4576 ac
1041 4520 1176 4575 trita
1205 4533 1572 4592 paganorum
1604 4515 1951 4592 criminatio,
1986 4516 2049 4567 ut
2083 4510 2135 4571 D
2156 4510 2322 4592 tium,
2344 4510 2530 4592 »‘etc,,
2557 4508 2741 4592 ‘ide'm.
2784 4510 2876 4592 est
2905 4521 2973 4559 ac
3002 4510 3128 4592 tam.
3152 4507 3210 4559 in
3242 4505 3417 4575 culpa
3445 4517 3600 4572 esse,
3630 4509 3773 4571 quam

387 4586 703 4675 imperium
723 4592 951 4675 nullam.
977 4586 1274 4675 pateretur
1288 4586 1716 4675 :calamitatem,
1735 4586 1895 4675 τξιιιιίιι
1918 4602 2046 4675 eam

388 4658 740 4736 Christianae
779 4658 1057 4736 religioni
1103 4663 1403 4736 acceptam
1442 4660 1680 4736 ferrent.
1734 4658 2051 4736 Eleganter

388 4735 805 4804 Tertullianus,
829 4729 1076 4805 Αροιοσ.
1103 4729 1361 4805 eain—40.
1400 4755 1422 4779 u
1456 4731 1518 4784 Si
1549 4729 1806 4805 Tiberis,
1837 4729 2044 4797 inquit,

388 4808 657 4861 ascendit
689 4807 762 4861 ad
791 4800 1041 4876 moenia;
1062 4805 1117 4860 si
1144 4800 1317 4859 Nilus
1349 4818 1467 4876 non
1494 4800 1764 4876 ascendit
1791 4800 1853 4876 in
1874 4814 2043 4876 arva,

389 4877 443 4932 si
482 4879 696 4933 coelum
735 4877 914 4945 stetit,
950 4869 1188 4931 si'terra
1220 4874 1421 4943 movit,
1456 4871 1754 4945 siifames,
1790 4870 1843 4924 si
1874 4869 2046 4937 lues;

387 4950 584 5021 statim
604 4941 976 5003 Christianos
1028 4941 1709 5021 ad_leonem._'»___Verum
1740 4941 1929 5021 hasce.
1954 4955 2048 4993 ca-

383 5019 640 5075 lumnias
694 5020 910 5088 praeter
954 5017 1223 5073 eumdem
1272 5015 1695 5070 Tertullianum
1752 5011 1883 5088 hoc
1915 5011 2047 5080 ipso

383 5082 785 5165 ᾼροίοῃθιῇιρ,
802 5090 859 5141 et
869 5088 1251 5165 Ambrosium
1264 5089 1531 5165 nostrnm
1545 5082 1817 5165 sequenti
1829 5082 2050 5165 diss‘er-

381 5152 621 5229 tatione,
646 5159 742 5213 alii
766 5152 1002 5229 quoque
1041 5158 1399 5212 innocentiae
1439 5152 2046 5229 Christianorumde-

304 5249 310 5257 θ
381 5222 657 5286 fensores
679 5222 1073 5297 confutarunt,
1108 5229 1258 5283 inter
1286 5243 1438 5298 quos
1471 5226 1844 5297 Augustinus
1868 5222 2043 5278 editis

379 5303 552 5358 libris
584 5302 660 5357 de
696 5300 877 5355 Civit.
913 5300 1027 5354 Dei
1055 5299 1307 5368 palmam
1345 5299 1494 5352 tulit.

449 5374 526 5444 (4)
554 5372 739 5428 Pauci
770 5387 1004 5444 mss.,}
1041 5370 1250 5444 fruges
1272 5371 1540 5444 negavit.
1578 5391 1603 5444 ς»

450 5436 529 5515 (5)
562 5445 709 5501 Mss.
743 5436 1030 5515 nonnulli,
1070 5463 1091 5488 «
1127 5436 1209 5515 ad
1234 5436 1478 5495 idoneas
1511 5439 1780 5493 arbores.
1814 5436 2046 5491 «Male:

381 5511 521 5572 sunt
574 5517 731 5571 enim
789 5514 1097 5569 dodonzeae
1128 5511 1376 5566 arbores
1424 5526 1704 5582 quercus,
1739 5522 2048 5582 equarum

322 5630 329 5637 .
381 5589 701 5657 glandibus
759 5586 1064 5641 victitasse
1116 5583 1383 5638 feruntur
1428 5577 1605 5653 primi
1635 5577 1942 5632 homines:
1979 5593 2047 5630 ac

2158 4582 2211 4635 si
2242 4578 2594 4649 praeberent,
2628 4578 2744 4632 nisi
2777 4578 3152 4631 detraxerint.

2226 4652 2308 4720 (8)
2336 4652 2504 4704 Rom.
2530 4649 2691 4718 edit.,
2716 4671 2739 4696 α
2773 4650 2998 4718 parenti
3031 4652 3231 4701 vestro
3280 4645 3559 4700 culminis
3605 4652 3775 4720 serva-

2155 4710 2257 4796 vit,
2286 4710 2308 4769 ἶ»
2335 4726 2445 4775 etc.
2466 4719 2633 4784 Quod
2654 4710 2844 4796 autem
2867 4720 2949 4796 ait
2966 4719 3270 4796 numinum
3290 4731 3540 4796 suorum
3574 4710 3776 4790 religio—

2156 4789 2333 4848 nibus
2384 4795 2683 4846 servatum
2727 4790 3115 4844 Valentiniani
3174 4789 3437 4843 senioris
3486 4789 3774 4860 imperi-qm.

2157 4865 2270 4919 hoc
2302 4879 2371 4917 eo
2427 4877 2617 4937 sensu
2660 4861 3104 4937 intelligendum
3149 4863 3267 4937 est,_
3314 4874 3437 4937 non
3484 4848 3640 4937 quod.
3669 4848 3775 4937 illas

2158 4937 2401 4989 secutus
2451 4933 2644 5001 fuerit,
2698 4933 2803 4986 sed
2850 4922 3009 5002 quod
3054 4922 3565 5002 non_aboleverit,
3596 4922 3777 5002 sicuti!

2158 5004 2510 5076 Symmacho
2541 4994 2730 5076 supra
2762 4994 2979 5056 dictum
3021 5004 3131 5076 est.
3186 5000 3369 5076 Hanc
3388 4998 3569 5076 etiam.
3586 4994 3653 5047 ob
3678 5003 3776 5076 ηςξη

2156 5059 2429 5131 eumdem
2464 5059 2788 5144 principem
2810 5072 3177 5144 commendat
3209 5071 3486 5144 ethnicus
3521 5059 3771 5144 Marcelle

2156 5164 2271 5201 nus
2304 5147 2405 5200 lib.
2459 5136 2601 5214 xxx,
2638 5136 2688 5198 ὁ.
2734 5144 2788 5198 9.
2821 5143 2972 5209 Quin
3018 5144 3134 5197 imo
3181 5142 3337 5214 idem
3372 5136 3772 5214 Valentinianus

2155 5219 2483 5273 libertatem
2520 5201 2732 5284 cuique
2755 5201 3074 5285 sequenda)
3102 5201 3465 5285 religionis):
3483 5201 3771 5285 quamnele-

2158 5290 2428 5361 gisseﬁt,_a
2460 5273 2985 5361 se_rel'ictamr‘lege
3085 5273 3768 5361 deathleticiis'testifica:

2154 5352 2267 5415 tur.
2294 5352 2364 5413 Et
2384 5358 2495 5411 hoc
2536 5358 2729 5426 ipsum
2759 5360 2850 5410 est
2882 5352 2987 5409 cur
3015 5355 3085 5408 de
3138 5352 3541 5426 Valentiniano
3580 5352 3770 5426 junmor:

2538 5407 2854 5481 iifrﬁiiebi-i
2877 5407 3147 5497 ejusdem
3165 5424 3503 5497 laudatione
3528 5407 3603 5497 :1;
3632 5407 3767 5497 Qu?“

2156 5503 2308 5573 patri
2357 5500 2640 5573 defuerat.
2682 5498 2888 5573 inquit,
2911 5489 3200 5566 'adjunxit
3230 5512 3240 5549 :
3275 5494 3434 5564 quod
3463 5489 3631 5544 frater
3655 5495 3771 5537 con-

2158 5570 2366 5641 stituit,
2403 5570 2737 5624 custodivit.
2778 5591 2798 5616 υ
