4072 6174
250 284 408 348 1013

629 466 776 530 833
808 464 1183 520 EPISTOLA
1222 465 1405 519 XVIII
1445 464 1544 534 (9).

249 555 554 627 Relationi
580 554 1270 627 Symmacliircspondet
1308 555 1668 627 Annaosms,
1703 557 1922 627 etpost

323 624 693 680 conci/ictam
745 626 867 680 sibi
923 624 1343 679 VALI-lNTINIANI
1399 624 1915 690 benevolentiam,

325 698 440 750 tria
486 698 547 750 in
582 697 784 751 eadem
816 695 1109 750 relatione
1139 697 1436 766 praecipua
1481 695 1671 764 capita
1705 710 1920 765 aggre-

322 769 505 822 ditur.
538 768 691 822 Nam
727 768 1148 837 prosapopoaiaa
1177 783 1288 838 qua
1307 767 1488 838 Roma
1515 767 1760 838 priscos
1782 780 1921 818 suos

321 841 479 892 ritus
521 853 773 909 poscere
814 837 1200 908 fingebatur,’
1232 837 1347 890 alia
1409 837 1672 909 ejusdem
1724 837 1920 909 Romae

323 903 626 964 contraria
649 903 1043 978 efﬂagitantis
1065 909 1395 979 apponitur,
1413 903 1546 979 cum
1581 903 1920 979 Vestalibus

324 979 758 1035 etsacrilicu/is
783 980 1054 1050 Virgines
1074 978 1264 1032 Sacrae
1298 985 1355 1032 et
1391 978 1624 1050 Christi
1643 978 1922 1050 sacerdo-

324 1058 417 1106 tes
439 1048 977 1120 comparantur,_ac
1017 1051 1251 1120 tandem
1293 1050 1441 1120 quod
1475 1048 1744 1120 sublatas
1783 1048 1923 1120 illas

323 1118 710 1176 caeremonias
744 1120 954 1174 famem
986 1121 1161 1173 ultam
1193 1118 1384 1174 fuisse
1422 1119 1832 1185 dictitabatur,
1861 1118 1923 1172 id

328 1209 536 1247 vanum
561 1207 696 1246 esse
717 1191 779 1245 in
791 1191 1140 1246 victissimis
1161 1191 1532 1262 argumentis
1555 1190 1921 1245 demonstra-

329 1271 444 1317 tur.

322 1353 664 1407 Aunaosws
687 1350 1005 1420 episcopus
1022 1350 1370 1405 beatissimo
1405 1349 1674 1419 principi,
1709 1352 1766 1403 et
1796 1348 1919 1402 cle-

252 1423 625 1478 mentissimo
657 1422 996 1491 imperatori
1026 1422 1137 1490 (10)
1169 1422 1608 1475 VALENTINIANO
1639 1423 1916 1492 augusto.

329 1512 354 1564 1
368 1552 380 1565 .
411 1510 554 1564 Cum
582 1510 675 1563 vir
696 1510 1068 1563 clarissimus
1086 1509 1199 1579 (11)
1224 1509 1544 1579 praefectus
1562 1509 1729 1563 urbis
1749 1508 1922 1578 Sym-

257 1600 505 1654 machus
535 1599 605 1653 ad
637 1599 1004 1652 clementiam
1033 1601 1191 1652 tuam
1221 1599 1544 1668 retulisset,
1578 1601 1639 1652 ut
1661 1614 1762 1651 ara
1791 1613 1925 1668 quae

259 1689 332 1743 de
379 1688 543 1742 urbis
597 1688 800 1742 Romae
846 1687 1008 1740 curia
1055 1687 1287 1740 sublata
1333 1687 1542 1756 fuerat,
1579 1687 1928 1740 redderetur

251 1777 407 1845 loco,
441 1780 496 1830 et
526 1779 608 1846 tu,
644 1776 982 1846 imperator,
1015 1775 1153 1829 licet
1183 1775 1375 1829 adhuc
1425 1775 1486 1828 in
1537 1775 1785 1829 minoris
1817 1773 1928 1828 aevi

249 1865 526 1920 tirocinio
555 1864 904 1918 ﬂorentibus
937 1879 1130 1918 novus
1162 1863 1357 1933 annis,
1392 1863 1529 1918 fidei
1558 1867 1754 1917 tamen
1805 1865 1929 1916 vir-
1958 1835 2011 1898 Β

254 1957 375 2008 tute
405 1956 724 2008 veteranus
755 1953 1066 2007 obsecrata
1099 1953 1407 2024 gentilium
1451 1968 1568 2007 non
1599 1952 1887 2022 probares
1915 1967 1929 2021 ;

253 2043 485 2112 eodem,
519 2058 636 2113 quo
668 2041 948 2111 comperi,
983 2045 1201 2111 puncto
1232 2040 1496 2095 libellum
1529 2040 1712 2094 obtuli
1740 2057 1754 2110 ;
1807 2055 1924 2110 quo

250 2130 391 2185 licet
422 2130 994 2200 comprehenderim,
1019 2145 1151 2200 quae
1173 2128 1556 2201 suggestioni
1587 2129 1932 2182 necessaria

253 2219 633 2289 viderentur;
683 2219 932 2288 poposci
976 2220 1172 2272 tamen
1219 2217 1554 2288 exemplum
1593 2216 1737 2270 mihi
1775 2217 1932 2271 rela-

251 2309 436 2362 tionis
467 2307 613 2362 dari.

334 2397 389 2450 2.
422 2396 623 2467 Itaque
653 2410 771 2451 non
801 2395 938 2450 ﬁdei
966 2397 1084 2450 tuae
1119 2395 1457 2466 ambiguus,
1502 2393 1610 2449 sed
1644 2392 1932 2464 providus

255 2485 567 2554 cautionis,
600 2485 751 2555 etpii
771 2487 969 2538 certus
991 2485 1301 2552 examinis,
1329 2484 1444 2538 hoc
1468 2483 1803 2537 sermiones
1837 2497 1928 2536 re-

255 2573 497 2627 lationis
529 2572 849 2626 assertioni
878 2573 1233 2642 respondeo,
1268 2573 1381 2626 hoc
1403 2587 1584 2626 unum
1604 2573 1834 2642 petens,
1869 2575 1932 2625 ut

259 2677 380 2716 non
409 2662 729 2716 verborum
761 2661 1132 2732 elegantiam,
1168 2661 1274 2715 sed
1307 2661 1426 2714 vim
1473 2675 1671 2714 rerum
1720 2675 1932 2730 exspe-

261 2750 533 2804 ctandam
577 2752 750 2819 putes
801 2749 914 2819 (12)
964 2751 1159 2804 Aurea
1207 2749 1384 2818 enim,
1432 2748 1586 2803 sicut
1629 2749 1934 2818 Scriptura

256 2839 457 2893 divina
489 2838 661 2892 docet
691 2838 898 2908 (Prov.
932 2855 1036 2908 xu,
1075 2838 1181 2908 18),
1219 2841 1312 2891 est
1348 2837 1550 2908 lingua
1584 2837 1933 2907 sapientiam

255 2926 670 2995 litteratorum,
706 2943 839 2998 quae
868 2926 1188 2997 phaleratis
1218 2927 1411 2980 dotata
1437 2926 1840 2995 sermonibus,
1875 2928 1935 2980 et

257 3015 515 3087 quodam
547 3014 917 3084 splendentis
967 3014 1184 3085 eloquii
1231 3014 1391 3068 velut
1437 3014 1656 3069 coloris
1687 3013 1935 3084 pretiosi

257 3119 513 3160 corusco
543 3104 860 3173 resultans,
899 3104 1053 3173 capit
1099 3103 1430 3157 animorum
1485 3103 1692 3157 oculos
1733 3103 1933 3174 specie

1444 278 2052 345 EPISTOLARUM
2099 275 2435 340 CLASSIS
2479 277 2529 339 Ι.

3555 257 3717 327 1014

1952 462 2008 525 Α
2042 463 2100 515 et
2129 459 2288 531 quod
2319 456 2733 513 sacerdotibus
2781 456 2912 510 suis
2959 451 3416 526 virginibusque
3452 445 3712 502 Vestali-

2038 549 2153 603 bus
2193 547 2584 602 emolumenta
2628 545 2940 599 tribuenda
2992 544 3130 611 sint,
3179 544 3235 596 et
3281 538 3442 611 quod
3479 535 3711 592 emolu-v

2041 637 2254 692 mentis
2287 635 2663 690 sacerdotum
2691 633 2944 706 negatis,
2997 631 3187 686 fames
3239 629 3443 684 secuta
3470 625 3709 698 publica

2050 727 2147 780 sit.

2113 814 2164 869 4.
2217 814 2280 868 In
2327 814 2515 884 prima
2562 811 2988 883 pr0positione,
3041 808 3222 864 flebili
3265 808 3452 862 Roma
3481 805 3718 876 quaastu

2043 903 2338 958 sermonis
2362 903 2706 972 illacrymat,
2740 903 2996 967 veteres,
3029 901 3093 953 ut
3122 899 3220 967 ait,
3278 895 3474 950 cultus
3525 909 3714 949 caere-

2043 993 2373 1047 moniarum
2409 981 2559 1046 834
2589 990 2925 1062 requirens.
2961 989 3107 1042 Haec
3137 1001 3327 1055 sacra,
3361 983 3569 1056 inquit,
3602 983 3719 1036 An-

2042 1079 2302 1135 nibalem
2346 1079 2460 1150 (15)
2509 1096 2542 1133 a
2589 1079 2907 1143 moenibus,
2941 1094 2976 1131 a
3004 1075 3288 1146 Capitolio
3319 1073 3590 1128 Senonas
3620 1086 3718 1126 re-

2040 1169 2334 1238 pulerunt.
2367 1168 2566 1240 Itaque
2597 1169 2737 1223 dum
2767 1182 3074 1222 sacrorum
3111 1163 3370 1235 potentia
3417 1160 3717 1232 praedica-

2041 1260 2155 1326 tur,
2190 1257 2500 1310 inﬁrmitas
2529 1257 2818 1326 proditur.
2871 1256 3030 1327 Ergo
3081 1252 3334 1308 Annibal
3377 1251 3478 1305 diu
3522 1249 3716 1304 sacris

2043 1344 2346 1399 insultavit
2377 1345 2680 1414 Romanis,
2717 1347 2773 1398 et
2803 1345 2917 1398 diis
2951 1346 3154 1398 contra
3192 1357 3259 1396 se
3289 1338 3714 1394 dimicantibus

2041 1447 2232 1502 usque
2264 1434 2338 1487 ad
2365 1449 2568 1488 muros
2617 1434 2788 1488 urbis
2834 1433 3128 1488 vincendo
3172 1428 3460 1502 pervenit.
3495 1426 3615 1481 Cur
3646 1441 3716 1480 se

2043 1521 2306 1576 obsideri
2349 1523 2517 1592 passi
2566 1525 2726 1592 sunt,
2773 1537 2880 1593 pro
2927 1521 3146 1593 quibus
3193 1519 3439 1574 deorum
3469 1530 3716 1570 suorum

2042 1624 2206 1662 arma
2236 1610 2628 1681 pugnabant?

2115 1698 2167 1750 5.
2203 1697 2354 1752 Nam
2385 1698 2456 1753 de
2487 1698 2826 1754 Senonibus
2849 1699 2989 1769 quid
3008 1698 3236 1768 loquar,
3261 1711 3414 1766 quos
3444 1691 3719 1764 Capitolii

2043 1788 2273 1840 secreta
2319 1789 2695 1857 penetrantes
2748 1788 3030 1842 Romanae
3078 1785 3348 1856 reliquiae
3395 1798 3514 1838 non
3543 1781 3714 1836 tulis-

2045 1877 2195 1943 sent,
2228 1875 2348 1929 nisi
2380 1890 2485 1929 eos
2517 1875 2730 1945 pavido
2780 1890 2959 1930 anser
3008 1874 3259 1945 strepitu
3301 1871 3714 1942 prodidisset?

2043 1961 2132 2016 En
2180 1963 2389 2034 quales
2428 1965 2644 2034 templa
2695 1964 2960 2019 Romana
2997 1963 3292 2033 praesules
3325 1960 3563 2015 habent.
3597 1957 3718 2013 Ubi

2042 2053 2180 2106 tunc
2211 2055 2336 2105 erat
2367 2053 2640 2122 Jupiter?
2671 2054 2763 2106 An
2795 2054 2854 2107 in
2885 2067 3099 2107 ansere
3131 2051 3484 2122 loquebatur
3508 2051 3536 2103 ?

2114 2141 2166 2195 6.
2203 2141 2422 2195 Verum
2453 2141 2593 2212 quid
2623 2157 2837 2213 negem
2869 2155 3179 2194 sacrorum
3225 2139 3375 2193 ritus
3421 2136 3712 2191 militasse

2047 2229 2330 2283 Romanis
2353 2231 2380 2283 ε)
2429 2229 2546 2284 Sed
2595 2230 2769 2284 etiam
2817 2229 3070 2283 Annibal
3108 2227 3351 2282 eosdem
3381 2227 3526 2280 deos
3559 2223 3714 2278 cole-

2042 2316 2159 2371 bat.
2214 2317 2424 2372 Utrum
2471 2317 2675 2372 volunt
2720 2318 2920 2389 igitur,
2969 2317 3209 2389 eligant.
3241 2315 3306 2370 Si
3334 2315 3394 2368 in
3426 2311 3713 2369 Romanis

2041 2406 2314 2460 vicerunt
2343 2422 2532 2470 sacra,
2567 2406 2626 2460 in
2656 2405 3227 2478 Carthaginensibus
3259 2419 3404 2476 ergo
3436 2402 3713 2472 superata

2043 2496 2216 2564 sunt;
2249 2495 2303 2548 si
2332 2495 2392 2548 in
2422 2493 2994 2566 Carthaginensibus
3024 2493 3400 2564 triumphata,
3443 2507 3554 2547 nec
3587 2491 3712 2546 Ro-

2044 2583 2233 2638 manis
2263 2583 2464 2654 utique
2493 2583 2863 2654 profuerunt.

2114 2673 2166 2726 '7.
2201 2671 2482 2726 Facessat
2529 2673 2711 2745 igitur
2756 2672 3051 2729 invidiosa
3100 2672 3197 2726 illa
3225 2670 3429 2742 populi
3461 2669 3714 2725 Romani

2044 2761 2284 2832 querela
2318 2775 2330 2816 :
2365 2777 2482 2815 non
2514 2761 2667 2816 hanc
2702 2763 2887 2817 Roma
2917 2761 3216 2816 mandavit
3244 2759 3378 2829 (16).
3429 2758 3580 2813 Aliis
3613 2757 3713 2811 illa

2044 2865 2150 2905 eos
2199 2849 2530 2920 interpellat
2573 2851 2825 2905 vocibus
2859 2867 2872 2906 :
2924 2850 3074 2916 Quid
3120 2865 3212 2904 me
3246 2863 3422 2903 casso
3452 2847 3713 2919 quotidie

2044 2939 2254 3010 gregis
2282 2938 2509 2993 innoxii
2540 2940 2833 3011 sanguine
2867 2940 3187 2994 cruentatis
3212 2940 3240 2993 ‘?
3285 2939 3421 2993 Non
3452 2937 3513 2990 in
3542 2935 3712 2990 fibris

2045 3028 2356 3098 pecudum,
2390 3028 2500 3082 sed
2531 3029 2592 3082 in
2621 3029 2851 3083 viribus
2879 3029 3230 3083 bellatorum
3266 3031 3490 3096 tropaea
3521 3024 3712 3079 victo-

2045 3116 2150 3170 rim
2182 3119 2339 3170 sunt.
2372 3115 2524 3170 Aliis
2547 3133 2660 3187 ego
2682 3117 3016 3187 disciplinis
3048 3117 3252 3172 orbem
3285 3115 3522 3186 subegi.
3556 3112 3711 3166 Mili—

257 3193 532 3262 {ormosi,~
562 3193 816 3264 visuque
846 3192 1194 3263 perstringit
1225 3191 1358 3261 (13).
1393 3190 1511 3245 Sed
1542 3207 1752 3245 aurum
1797 3191 1928 3260 hoc,

2055 3204 2203 3258 tabat
2230 3203 2511 3259 Camillus
2535 3186 2668 3275 (iii),
2692 3206 2792 3276 qui
2814 3186 3046 3260 sublata
3066 3204 3351 3275 Capitolio
3375 3203 3570 3274 signa,
3605 3217 3714 3255 cae-

255 3283 313 3336 si
342 3282 690 3354 diligentius
722 3297 898 3335 manu
921 3283 1158 3350 tractes,
1194 3279 1342 3334 foris
1375 3279 1628 3350 pretium
1658 3278 1792 3350 (14),
1838 3280 1932 3334 in—

255 3373 356 3424 tus
387 3370 682 3424 metallum
713 3372 823 3424 est.
853 3369 1057 3438 Volve,
1092 3384 1320 3439 quaeso,
1355 3371 1528 3438 atque
1558 3371 1770 3422 excute
1803 3384 1932 3422 sec-

259 3461 381 3512 tam
428 3458 780 3530 gentilium:
830 3459 1093 3529 pretiosa
1137 3460 1194 3511 et
1239 3457 1487 3529 grandia
1535 3460 1767 3525 sonant,
1805 3457 1933 3512 veri

260 3546 434 3602 effeta
493 3547 853 3618 defendunt;
911 3547 1097 3602 Deum
1143 3546 1488 3617 loquuntur,
1551 3545 1934 3600 simulacrum

255 3637 524 3692 adorant.

330 3725 386 3780 3.
436 3725 573 3780 Tria
621 3725 804 3798 igitur
851 3725 913 3779 in
956 3724 1241 3780 relatione
1292 3740 1400 3779 sua
1439 3724 1531 3778 vir
1561 3723 1933 3780 clarissimus

256 3813 580 3888 praefectus
622 3815 794 3869 urbis
836 3815 1165 3884 proposuit,
1221 3830 1354 3886 quae
1404 3813 1595 3868 valida
1649 3815 1876 3884 putavit
1916 3829 1928 3868 :

257 3905 416 3976 quod
451 3904 639 3960 Roma
665 3905 920 3972 veteres,
970 3906 1033 3957 ut
1080 3903 1179 3972 ait,
1229 3918 1376 3957 suos
1416 3902 1610 3957 cultus
1642 3903 1930 3974 requirat,

330 4047 409 4117 (9)
441 4045 672 4115 Scripta
693 4061 837 4117 ann.
872 4043 998 4100 384.
1082 4061 1084 4063 ·

331 4115 446 4188 (10)
476 4115 756 4172 Nonnulli
787 4132 960 4187 mss.,
999 4138 1021 4163 α
1053 4120 1109 4173 et
1138 4115 1653 4172 Christianissimo
1690 4116 1936 4187 impera-

260 4190 397 4245 tori.
434 4212 456 4236 η

334 4268 449 4338 (11)
487 4289 508 4316 ε
545 4267 647 4321 Vir
678 4267 1052 4322 clarissimus
1087 4291 1108 4315 ι»
1162 4284 1278 4322 non
1327 4271 1445 4321 tam
1480 4267 1692 4322 honori
1722 4283 1930 4337 perso-

263 4357 356 4395 na;
390 4339 684 4410 tribuitur,
720 4355 895 4409 quam
926 4339 1230 4410 dignitatis
1258 4338 1463 4392 titulus
1513 4354 1582 4391 ac
1629 4339 1930 4409 significa-

263 4413 344 4466 tio
379 4413 490 4477 est,
526 4413 586 4462 ut
609 4409 735 4479 jam
765 4409 1483 4464 alicubi’observavimus.
1519 4410 1631 4462 Adi
1654 4411 1846 4478 etiam,
1877 4411 1932 4463 si

263 4484 457 4551 vacat,
490 4481 700 4534 Alciati
728 4481 829 4534 lib.
865 4498 926 4533 ιιι
957 4481 1470 4551 Dispunctionum.

331 4562 448 4630 (12)
485 4561 652 4614 Rom.
702 4561 863 4629 edit.,
915 4582 936 4607 ιι
973 4560 1419 4629 expendendam
1469 4561 1682 4628 putes;
1717 4582 1738 4606 ι)

264 4629 434 4713 quae,
457 4647 525 4684 ac
553 4647 724 4713 mss,
779 4654 804 4713 ει
825 4632 1300 4713 exspectandam
1349 4633 1543 4700 putes,
1582 4650 1603 4694 lg
1652 4645 1769 4683 uno
1803 4629 1930 4684 Vat.

265 4702 399 4758 cod.
435 4705 702 4771 excepto,
737 4702 840 4756 ubi
879 4727 899 4749 α
935 4703 1342 4772 expetendam.
1373 4722 1394 4750 ι

329 4780 443 4850 (13)
476 4782 600 4835 Duo
651 4797 823 4849 mss.,
877 4804 898 4831 σι
936 4782 1136 4851 specie
1186 4780 1468 4848 formosa,
1504 4779 1756 4849 visuque
1786 4795 1925 4848 per-

262 4853 504 4924 stringit
529 4868 542 4918 ;
571 4873 593 4902 »
615 4869 792 4920 unus,
822 4875 843 4899 ιι
867 4854 1065 4922 specie
1086 4852 1477 4924 formositatis
1500 4851 1874 4924 perstringit;
1905 4872 1926 4899 ιο

265 4922 468 4979 caeteri
500 4927 555 4976 et
585 4923 746 4992 edit.,
785 4946 806 4970 «
844 4925 1042 4993 specie
1075 4923 1342 4991 formosi,
1383 4923 1656 4992 visuque,
1697 4945 1718 4968 »ι
1758 4922 1926 4976 Rom.

268 5018 289 5046 ι
330 4997 617 5064 visusque
649 4995 1014 5066 perstringit.
1054 5017 1075 5041 η

333 5075 447 5141 (14)
487 5098 507 5120 «ι
544 5073 714 5128 Foris
746 5076 1018 5143 pretium,
1058 5097 1078 5121 »ι
1116 5073 1349 5142 supple,
1382 5071 1510 5126 auri
1540 5087 1664 5143 prae
1697 5086 1762 5125 se
1796 5070 1928 5143 fert,

272 5171 291 5192 u
329 5148 496 5200 Intus
526 5142 845 5214 metallum,
883 5167 903 5193 υ
958 5161 1043 5198 aes
1091 5145 1367 5198 videlicet
1405 5147 1503 5196 aut
1531 5142 1753 5196 ferrum
1785 5157 1796 5196 :
1834 5142 1931 5196 ubi

264 5219 507 5291 generis
541 5231 755 5291 nomen
784 5233 899 5291 pro
923 5215 1348 5291 viliorispecie
1380 5215 1638 5291 po_situm
1667 5216 1778 5291 est.

337 5289 449 5355 (15)
480 5288 830 5341 Annibalem
860 5286 1416 5356 Carthaginensium
1436 5286 1644 5339 ducem
1667 5285 1931 5338 Romano

266 5360 484 5430 populo
543 5358 1016 5412 infensissimum
1062 5373 1238 5430 nemo
1267 5357 1473 5430 nescit
1520 5356 1578 5408 in
1638 5371 1933 5430 summum

266 5427 725 5502 periculumres
753 5430 1151 5502 Romanorum
1174 5427 1496 5502 ackluxisse
1521 5443 1533 5480 :
1568 5427 1675 5502 qui
1698 5427 1933 5502 tandem

267 5497 498 5570 Apuliae
529 5499 757 5553 deliciis
787 5500 1106 5565 emollitus,
1142 5502 1197 5552 et
1228 5497 1394 5570 Fabii
1426 5497 1795 5570 cunctatione
1827 5497 1931 5550 de-

263 5568 550 5636 bilitatus,
585 5569 746 5622 Italia
776 5571 1056 5624 recedere
1091 5573 1329 5622 coactus
1371 5568 1500 5633 fuit,
1552 5584 1620 5621 ac
1665 5571 1933 5636 postmo-

264 5645 398 5696 dum
432 5658 465 5694 a
497 5641 772 5708 Scipione
805 5641 1083 5694 Africano
1117 5640 1466 5693 debellatus.
1490 5639 1756 5691 Senones
1793 5653 1932 5690 vero

267 5729 402 5765 cum
433 5728 463 5765 e
493 5712 711 5765 Celtica
741 5712 926 5765 Gallia
961 5713 1018 5765 in
1053 5712 1270 5764 Italiam
1304 5710 1700 5778 transiissent,
1730 5710 1934 5762 urbem

270 5785 462 5852 ipsam
493 5783 675 5836 armis
708 5787 1026 5852 ceperunt;
1059 5780 1479 5850 atCapitolium
1501 5780 1705 5852 delusa
1728 5795 1937 5852 canum

274 5851 542 5908 custodia
563 5851 927 5927 occupaturi,
945 5870 1224 5910 anserum
1244 5853 1524 5928 gengritu
1540 5851 1755 5908 defecti
1778 5854 1939 5926 sunt,

2046 3294 2134 3347 sis
2156 3293 2422 3363 Tarpeiae
2440 3293 2605 3364 rupis
2623 3294 3169 3365 triumphatoribus,
3188 3291 3508 3364 reportavit
3528 3307 3540 3346 :
3562 3293 3711 3344 stra-

2048 3381 2128 3435 vit
2160 3382 2368 3453 virtus,
2401 3398 2552 3454 quos
2575 3383 2786 3456 religio
2808 3400 2927 3439 non
2948 3383 3218 3439 removit.
3243 3382 3395 3448 Quid
3417 3381 3488 3436 de
3511 3378 3710 3433 Attilio

2047 3470 2122 3542 (8)
2171 3471 2398 3542 loquar,
2451 3472 2550 3542 qui
2601 3472 2865 3527 militiam
2915 3473 3088 3528 etiam
3131 3473 3351 3527 mortis'
3385 3468 3713 3541 impendit?

2049 3560 2364 3615 Africanus
2397 3576 2516 3615 non
2545 3563 2698 3617 inter
2726 3561 2996 3633 Capitolii
3044 3578 3203 3632 aras,
3253 3560 3362 3616 sed
3409 3560 3564 3614 inter
3593 3559 3713 3613 An-

2045 3649 2262 3704 nibalis
2310 3649 2471 3704 acies
2524 3650 2882 3720 triumphum
2921 3651 3162 3706 invenit.
3197 3649 3348 3714 Quid
3376 3649 3522 3703 mihi
3551 3649 3712 3702 vete-

2045 3754 2178 3793 rum
2206 3739 2475 3808 exempla
2505 3738 2783 3808 profertis
2804 3741 2833 3794 ‘?
2864 3739 2972 3794 Odi
3001 3739 3152 3795 ritus
3183 3740 3508 3794 Neronum.
3560 3735 3713 3802 Quid

2048 3827 2239 3882 dicam
2296 3826 2616 3881 bimestres
2674 3828 3062 3899 imperatores
3121 3827 3256 3899 (19),
3315 3830 3372 3882 et
3423 3825 3711 3882 terminos

2047 3931 2257 3989 regum
2303 3931 2437 3970 cum
2481 3916 2744 3971 exordiis
2793 3917 3149 3988 copulatas?
3206 3919 3322 3972 Aut
3368 3916 3520 3972 forte
3567 3914 3712 3969 illud

2048 4062 2104 4114 et
2131 4075 2164 4131 a
2194 4058 2410 4131 Manlio
2440 4059 2512 4112 de
2543 4059 2790 4131 Tarpeia
2821 4075 2968 4130 rupe
2999 4059 3236 4131 dejecti.

2117 4130 2227 4201 (16)
2259 4129 2477 4184 Omnes
2507 4130 2643 4184 edit.
2683 4152 2705 4178 α
2740 4146 2860 4185 ιιοιι
2896 4129 3035 4186 haec
3077 4129 3270 4188 ‘Roma
3313 4131 3646 4200 mandavit;
3685 4155 3705 4178 ιι

2047 4217 2194 4255 mss.
2227 4201 2466 4272 aliquot,
2507 4223 2528 4247 «ι
2562 4217 2680 4255 non
2711 4201 2862 4256 hanc
2894 4219 3018 4257 rem
3049 4203 3384 4272 mandavit;
3424 4227 3446 4251 υ
3496 4201 3713 4272 reliqui

2047 4273 2340 4344 melius,_«
2377 4288 2494 4344 non
2525 4272 2700 4339 hanc,
2737 4296 2758 4321 ιι
2795 4277 2929 4340 etc.,
2965 4276 3176 4343 supple
3207 4274 3528 4344 querelam.

2117 4344 2229 4412 (1'7)
2275 4342 2556 4397 Camillus
2606 4344 2922 4413 quinquies
2962 4342 3209 4399 dictator
3225 4342 3474 4398 creatus
3508 4345 3619 4409 est,
3655 4343 3714 4395 et

2047 4414 2121 4468 ob
2155 4415 2438 4483 praeclara
2469 4415 2528 4467 in
2553 4415 2758 4483 Remp.
2783 4416 2989 4468 merita
3012 4416 3159 4468 alter
3182 4415 3471 4468 Romulus
3491 4413 3706 4466 dictus.

2047 4485 2158 4538 Hic
2188 4485 2452 4538 collectis
2487 4486 2882 4538 Romanorum
2909 4485 3174 4555 reliquiis
3193 4484 3460 4538 Senonas
3492 4483 3710 4552 praedae

1792 4558 1932 4612 rcli-
1959 4547 2011 4608 Β
2046 4556 2303 4610 intentos
2335 4555 2481 4608 fudit
2511 4571 2590 4627 ac
2611 4556 2945 4627 profligavit
2977 4571 2988 4609 :
3034 4547 3162 4625 'quo
3194 4547 3569 4624 potissimum
3600 4569 3712 4608 no-

2047 4627 2202 4680 mine
2234 4627 2331 4680 hic
2360 4627 2433 4679 ab
2463 4625 3192 4680 Ambrosio'memoratur.

2119 4696 2229 4765 (18)
2263 4697 2498 4750 Attilius
2534 4696 2801 4767 Regulus
2834 4713 2867 4749 a
2897 4696 3490 4767 Carthaginensibus,
3525 4711 3558 4749 a
3591 4695 3715 4766 qui-

2047 4769 2163 4821 bus
2196 4771 2401 4837 captus
2433 4768 2493 4819 in
2524 4766 2678 4838 bello
2711 4767 2920 4837 fuerat,
2955 4767 3027 4821 ad
3057 4766 3336 4822 Senatum
3368 4768 3439 4822 de
3471 4784 3711 4838 permu-

2047 4838 2539 4910 tandiscaptivis
2589 4837 2835 4910 missus,
2887 4855 3018 4892 cum
3063 4855 3193 4893 eam
3223 4837 3714 4910 permutationem

2048 4909 2371 4963 efficaciter
2419 4907 2832 4982 dissuasisset,
2881 4907 3300 4982 Carthaginem
3335 4910 3406 4964 ad
3439 4911 3711 4966 certissi-

2049 4996 2202 5033 mam
2232 4983 2288 5033 et
2316 4978 2790 5033 crudelissimam
2819 4984 3068 5036 mortem
3098 4978 3294 5036 iediit.

2118 5050 2524 5129 (19)’_Ga_lbam,
2557 5049 2863 5129 Othonem,
2900 5052 3196 5129 Vitellium
3234 5053 3526 5129 intelligit,
3561 5068 3712 5129 quo—

2047 5137 2179 5176 rum
2233 5122 2414 5176 Galba
2464 5122 2712 5189 septimo
2763 5122 2993 5192 imperii
3043 5141 3248 5180 mense
3296 5122 3538 5180 occisus
3578 5122 3708 5189 est,

2046 5193 2196 5273 Otho
2222 5192 2614 5273 nonagesimo
2644 5193 2847 5273 quinto
2883 5195 2998 5273 die,
3038 5196 3311 5273 Vitellius
3334 5198 3554 5273 octavo
3576 5193 3716 5273 trini

2046 5264 2348 5338 principes
2396 5264 2455 5338 in
2501 5264 2748 5331 imperio
2775 5281 2918 5338 _non
2954 5264 3366 5337 impleverunt,
3402 5265 3560 5338 quod
3589 5264 3713 5317 ele-

2048 5335 2210 5407 ganti
2241 5334 2498 5388 carmine
2530 5334 3152 5404 comprehensum'est
3181 5339 3254 5391 ab
3285 5334 3553 5392 Ausonio
3589 5350 3600 5387 :

2235 5422 2398 5470 Galba
2425 5435 2602 5479 senex,
2629 5421 2762 5472 Otho
2794 5426 3008 5485 lascive,
3039 5429 3236 5476 famose
3263 5425 3460 5483 Vitelli,

2235 5485 2408 5532 Tertia
2428 5497 2524 5530 vos
2555 5485 2701 5533 Latio
2728 5497 3006 5551 regnantes
3036 5492 3226 5538 nesciit
3255 5496 3400 5538 mtas.

2047 5565 2180 5622 Nisi
2212 5565 2325 5618 hoc
2353 5564 2550 5634 potius
2574 5566 2784 5621 referri
2813 5571 3064 5624 velimus
3087 5571 3159 5623 ad
3189 5569 3312 5622 ΑΞΙ.
3346 5565 3718 5621 Pertinacem

2048 5637 2148 5707 qui
2179 5637 2412 5690 duobus
2444 5637 2754 5691 mensibus
2788 5643 2844 5692 ct
2874 5641 3085 5694 diebus
3122 5641 3208 5705 25,
3261 5641 3317 5692 et
3355 5637 3427 5690 ad
3459 5635 3714 5707 Didium,

2048 5705 2148 5780 qui
2179 5708 2412 5762 duobus
2437 5708 2753 5780 mensibus
2787 5713 2843 5762 ct
2873 5711 3130 5780 quinque
3154 5708 3448 5780 diebusin
3471 5705 3716 5780 imperio

2051 5777 2217 5857 fuere
2253 5779 2457 5857 :_quod
2489 5778 2709 5857 certius
2740 5777 3016 5835 convenit
3037 5777 3193 5835 'cum
3237 5779 3430 5851 spatio
3459 5777 3716 5834 Ambro-

2055 5852 2245 5908 siano.
2279 5851 2362 5906 Ita
2392 5849 2684 5906 Nannius.
