  <div class='ocr_page' id='page_1' title='image "/cluster/home/n/w/nwhite01/storage/ocr_20150623/16/hvd.32044096580444/514.png"; bbox 0 0 4072 6174; ppageno 0'>
   <div class='ocr_carea' id='block_1_1' title="bbox 70 289 252 356">
    <p class='ocr_par' dir='ltr' id='par_1_1' title="bbox 70 289 252 356">
     <span class='ocr_line' id='line_1_1' title="bbox 70 289 252 356; baseline 0 -1"><span class='ocrx_word' id='word_1_1' title='bbox 70 289 252 356; x_wconf 83' lang='grc'>1017</span> 
     </span>
    </p>
   </div>
   <div class='ocr_carea' id='block_1_2' title="bbox 1324 291 2389 361">
    <p class='ocr_par' dir='ltr' id='par_1_2' title="bbox 1324 291 2389 361">
     <span class='ocr_line' id='line_1_2' title="bbox 1324 291 2389 361; baseline 0.001 -4"><span class='ocrx_word' id='word_1_2' title='bbox 1324 291 1935 360; x_wconf 84' lang='lat' dir='ltr'><strong>EPISTOLARUM</strong></span> <span class='ocrx_word' id='word_1_3' title='bbox 1965 292 2309 358; x_wconf 85' lang='lat' dir='ltr'><strong>CLASSIS</strong></span> <span class='ocrx_word' id='word_1_4' title='bbox 2339 296 2389 361; x_wconf 94' lang='grc' dir='ltr'>Ῑ.</span> 
     </span>
    </p>
   </div>
   <div class='ocr_carea' id='block_1_3' title="bbox 3391 286 3553 355">
    <p class='ocr_par' dir='ltr' id='par_1_3' title="bbox 3391 286 3553 355">
     <span class='ocr_line' id='line_1_3' title="bbox 3391 286 3553 355; baseline 0 0"><span class='ocrx_word' id='word_1_5' title='bbox 3391 286 3553 355; x_wconf 84' lang='grc'>1018</span> 
     </span>
    </p>
   </div>
   <div class='ocr_carea' id='block_1_4' title="bbox 68 477 3557 567">
    <p class='ocr_par' dir='ltr' id='par_1_4' title="bbox 68 477 3557 567">
     <span class='ocr_line' id='line_1_4' title="bbox 68 477 3557 567; baseline -0.001 -18"><span class='ocrx_word' id='word_1_6' title='bbox 68 492 434 565; x_wconf 77' lang='lat' dir='ltr'><strong>possidetur</strong></span> <span class='ocrx_word' id='word_1_7' title='bbox 464 508 477 547; x_wconf 89' lang='lat'><strong>:</strong></span> <span class='ocrx_word' id='word_1_8' title='bbox 511 507 630 548; x_wconf 93' lang='lat' dir='ltr'><strong>non</strong></span> <span class='ocrx_word' id='word_1_9' title='bbox 668 494 761 548; x_wconf 92' lang='lat' dir='ltr'><strong>est</strong></span> <span class='ocrx_word' id='word_1_10' title='bbox 806 492 1116 565; x_wconf 73' lang='lat' dir='ltr'><strong>integritas</strong></span> <span class='ocrx_word' id='word_1_11' title='bbox 1145 509 1516 565; x_wconf 87' lang='lat' dir='ltr'><strong>quaecunque</strong></span> <span class='ocrx_word' id='word_1_12' title='bbox 1559 494 1619 549; x_wconf 92' lang='lat' dir='ltr'><strong>in</strong></span> <span class='ocrx_word' id='word_1_13' title='bbox 1651 510 1760 549; x_wconf 89' lang='lat' dir='ltr'><strong>au-</strong></span> <span class='ocrx_word' id='word_1_14' title='bbox 1795 477 1859 547; x_wconf 67' lang='grc' dir='ltr'>Α</span> <span class='ocrx_word' id='word_1_15' title='bbox 1879 494 2201 550; x_wconf 90' lang='lat' dir='ltr'><strong>hendititur</strong></span> <span class='ocrx_word' id='word_1_16' title='bbox 2222 510 2234 550; x_wconf 91' lang='lat'>:</span> <span class='ocrx_word' id='word_1_17' title='bbox 2257 497 2453 552; x_wconf 90' lang='lat' dir='ltr'><strong>tamen</strong></span> <span class='ocrx_word' id='word_1_18' title='bbox 2482 495 2680 552; x_wconf 80' lang='lat' dir='ltr'><strong>ofﬁcio</strong></span> <span class='ocrx_word' id='word_1_19' title='bbox 2698 493 3362 567; x_wconf 76' lang='lat' dir='ltr'><strong>mulctapraascribitur.</strong></span> <span class='ocrx_word' id='word_1_20' title='bbox 3387 490 3557 557; x_wconf 85' lang='lat' dir='ltr'><strong>Quod</strong></span> 
     </span>
    </p>
   </div>
   <div class='ocr_carea' id='block_1_5' title="bbox 76 580 1768 654">
    <p class='ocr_par' dir='ltr' id='par_1_5' title="bbox 76 580 1768 654">
     <span class='ocr_line' id='line_1_5' title="bbox 76 580 1768 654; baseline -0.001 -15"><span class='ocrx_word' id='word_1_21' title='bbox 76 584 286 639; x_wconf 81' lang='lat' dir='ltr'><strong>ctione</strong></span> <span class='ocrx_word' id='word_1_22' title='bbox 316 580 431 653; x_wconf 71' lang='grc'>(29)</span> <span class='ocrx_word' id='word_1_23' title='bbox 464 581 794 637; x_wconf 90' lang='lat' dir='ltr'><strong>nummario</strong></span> <span class='ocrx_word' id='word_1_24' title='bbox 824 581 898 636; x_wconf 92' lang='lat' dir='ltr'><strong>ad</strong></span> <span class='ocrx_word' id='word_1_25' title='bbox 928 584 1161 652; x_wconf 83' lang='lat' dir='ltr'><strong>tempus</strong></span> <span class='ocrx_word' id='word_1_26' title='bbox 1183 582 1442 637; x_wconf 91' lang='lat' dir='ltr'><strong>lieitatur</strong></span> <span class='ocrx_word' id='word_1_27' title='bbox 1487 599 1768 654; x_wconf 84' lang='lat' dir='ltr'><strong>compen-</strong></span> 
     </span>
    </p>
   </div>
   <div class='ocr_carea' id='block_1_6' title="bbox 85 670 1770 743">
    <p class='ocr_par' dir='ltr' id='par_1_6' title="bbox 85 670 1770 743">
     <span class='ocr_line' id='line_1_6' title="bbox 85 670 1770 743; baseline 0 -16"><span class='ocrx_word' id='word_1_28' title='bbox 85 673 216 727; x_wconf 88' lang='lat' dir='ltr'><strong>dio.</strong></span> <span class='ocrx_word' id='word_1_29' title='bbox 248 670 451 726; x_wconf 88' lang='lat' dir='ltr'><strong>Prima</strong></span> <span class='ocrx_word' id='word_1_30' title='bbox 498 670 788 725; x_wconf 78' lang='lat' dir='ltr'><strong>castitatis</strong></span> <span class='ocrx_word' id='word_1_31' title='bbox 836 670 1082 726; x_wconf 82' lang='lat' dir='ltr'><strong>victoria</strong></span> <span class='ocrx_word' id='word_1_32' title='bbox 1120 675 1213 727; x_wconf 90' lang='lat' dir='ltr'><strong>est</strong></span> <span class='ocrx_word' id='word_1_33' title='bbox 1243 671 1586 727; x_wconf 83' lang='lat' dir='ltr'><strong>facultatum</strong></span> <span class='ocrx_word' id='word_1_34' title='bbox 1608 673 1770 743; x_wconf 90' lang='lat' dir='ltr'><strong>eupi-</strong></span> 
     </span>
    </p>
   </div>
   <div class='ocr_carea' id='block_1_7' title="bbox 81 759 1769 829">
    <p class='ocr_par' dir='ltr' id='par_1_7' title="bbox 81 759 1769 829">
     <span class='ocr_line' id='line_1_7' title="bbox 81 759 1769 829; baseline 0 -14"><span class='ocrx_word' id='word_1_35' title='bbox 81 761 306 815; x_wconf 88' lang='lat' dir='ltr'><strong>ditates</strong></span> <span class='ocrx_word' id='word_1_36' title='bbox 336 760 616 829; x_wconf 85' lang='lat' dir='ltr'><strong>vincere;</strong></span> <span class='ocrx_word' id='word_1_37' title='bbox 668 759 804 829; x_wconf 85' lang='lat' dir='ltr'><strong>quia</strong></span> <span class='ocrx_word' id='word_1_38' title='bbox 846 760 999 815; x_wconf 93' lang='lat' dir='ltr'><strong>tueri</strong></span> <span class='ocrx_word' id='word_1_39' title='bbox 1044 761 1304 815; x_wconf 90' lang='lat' dir='ltr'><strong>studium</strong></span> <span class='ocrx_word' id='word_1_40' title='bbox 1348 763 1769 816; x_wconf 89' lang='lat' dir='ltr'><strong>tentamentum</strong></span> 
     </span>
    </p>
   </div>
   <div class='ocr_carea' id='block_1_8' title="bbox 84 848 1771 922">
    <p class='ocr_par' dir='ltr' id='par_1_8' title="bbox 84 848 1771 922">
     <span class='ocr_line' id='line_1_8' title="bbox 84 848 1771 922; baseline 0.001 -19"><span class='ocrx_word' id='word_1_41' title='bbox 84 848 346 921; x_wconf 78' lang='lat' dir='ltr'><strong>pudoris</strong></span> <span class='ocrx_word' id='word_1_42' title='bbox 396 851 507 903; x_wconf 90' lang='lat' dir='ltr'><strong>est.</strong></span> <span class='ocrx_word' id='word_1_43' title='bbox 556 848 852 903; x_wconf 88' lang='lat' dir='ltr'><strong>Ponamus</strong></span> <span class='ocrx_word' id='word_1_44' title='bbox 892 852 1087 903; x_wconf 89' lang='lat' dir='ltr'><strong>tamen</strong></span> <span class='ocrx_word' id='word_1_45' title='bbox 1132 849 1405 904; x_wconf 90' lang='lat' dir='ltr'><strong>subsidia</strong></span> <span class='ocrx_word' id='word_1_46' title='bbox 1434 850 1771 922; x_wconf 89' lang='lat' dir='ltr'><strong>largitatum</strong></span> 
     </span>
    </p>
   </div>
   <div class='ocr_carea' id='block_1_9' title="bbox 90 936 1772 1008">
    <p class='ocr_par' dir='ltr' id='par_1_9' title="bbox 90 936 1772 1008">
     <span class='ocr_line' id='line_1_9' title="bbox 90 936 1772 1008; baseline 0 -15"><span class='ocrx_word' id='word_1_47' title='bbox 90 937 460 993; x_wconf 88' lang='lat' dir='ltr'><strong>conferenda</strong></span> <span class='ocrx_word' id='word_1_48' title='bbox 505 936 866 1008; x_wconf 80' lang='lat' dir='ltr'><strong>virginibus.</strong></span> <span class='ocrx_word' id='word_1_49' title='bbox 914 936 1056 1001; x_wconf 58' lang='lat' dir='ltr'><strong>Quae</strong></span> <span class='ocrx_word' id='word_1_50' title='bbox 1113 936 1470 993; x_wconf 85' lang='lat' dir='ltr'><strong>Christianis</strong></span> <span class='ocrx_word' id='word_1_51' title='bbox 1526 954 1772 994; x_wconf 88' lang='lat' dir='ltr'><strong>munera</strong></span> 
     </span>
    </p>
   </div>
   <div class='ocr_carea' id='block_1_10' title="bbox 84 1026 1771 1096">
    <p class='ocr_par' dir='ltr' id='par_1_10' title="bbox 84 1026 1771 1096">
     <span class='ocr_line' id='line_1_10' title="bbox 84 1026 1771 1096; baseline 0.001 -15"><span class='ocrx_word' id='word_1_52' title='bbox 84 1026 507 1081; x_wconf 79' lang='lat' dir='ltr'><strong>redundabant</strong></span> <span class='ocrx_word' id='word_1_53' title='bbox 532 1026 562 1080; x_wconf 88' lang='lat'><strong>?</strong></span> <span class='ocrx_word' id='word_1_54' title='bbox 600 1026 758 1096; x_wconf 91' lang='lat' dir='ltr'><strong>quod</strong></span> <span class='ocrx_word' id='word_1_55' title='bbox 787 1028 980 1080; x_wconf 89' lang='lat' dir='ltr'><strong>tantas</strong></span> <span class='ocrx_word' id='word_1_56' title='bbox 1009 1041 1154 1096; x_wconf 91' lang='lat' dir='ltr'><strong>opes</strong></span> <span class='ocrx_word' id='word_1_57' title='bbox 1182 1026 1402 1082; x_wconf 80' lang='lat' dir='ltr'><strong>afﬁciet</strong></span> <span class='ocrx_word' id='word_1_58' title='bbox 1442 1028 1717 1082; x_wconf 87' lang='lat' dir='ltr'><strong>aerarium</strong></span> <span class='ocrx_word' id='word_1_59' title='bbox 1742 1029 1771 1082; x_wconf 92' lang='lat'><strong>?</strong></span> 
     </span>
    </p>
   </div>
   <div class='ocr_carea' id='block_1_11' title="bbox 86 1114 1766 1186">
    <p class='ocr_par' dir='ltr' id='par_1_11' title="bbox 86 1114 1766 1186">
     <span class='ocr_line' id='line_1_11' title="bbox 86 1114 1766 1186; baseline 0.001 -16"><span class='ocrx_word' id='word_1_60' title='bbox 86 1116 209 1170; x_wconf 82' lang='lat' dir='ltr'><strong>Aut</strong></span> <span class='ocrx_word' id='word_1_61' title='bbox 239 1115 292 1169; x_wconf 90' lang='lat' dir='ltr'><strong>si</strong></span> <span class='ocrx_word' id='word_1_62' title='bbox 321 1114 681 1168; x_wconf 87' lang='lat' dir='ltr'><strong>arbitrantur</strong></span> <span class='ocrx_word' id='word_1_63' title='bbox 727 1114 876 1169; x_wconf 92' lang='lat' dir='ltr'><strong>solis</strong></span> <span class='ocrx_word' id='word_1_64' title='bbox 924 1114 1267 1170; x_wconf 85' lang='lat' dir='ltr'><strong>Vestalibus</strong></span> <span class='ocrx_word' id='word_1_65' title='bbox 1317 1115 1766 1186; x_wconf 87' lang='lat' dir='ltr'><strong>conferendum,</strong></span> 
     </span>
    </p>
   </div>
   <div class='ocr_carea' id='block_1_12' title="bbox 88 1203 1769 1275">
    <p class='ocr_par' dir='ltr' id='par_1_12' title="bbox 88 1203 1769 1275">
     <span class='ocr_line' id='line_1_12' title="bbox 88 1203 1769 1275; baseline 0 -16"><span class='ocrx_word' id='word_1_66' title='bbox 88 1219 214 1260; x_wconf 92' lang='lat' dir='ltr'><strong>non</strong></span> <span class='ocrx_word' id='word_1_67' title='bbox 265 1203 464 1274; x_wconf 88' lang='lat' dir='ltr'><strong>pudet,</strong></span> <span class='ocrx_word' id='word_1_68' title='bbox 510 1205 575 1258; x_wconf 88' lang='lat' dir='ltr'><strong>ut</strong></span> <span class='ocrx_word' id='word_1_69' title='bbox 620 1203 722 1274; x_wconf 90' lang='lat' dir='ltr'><strong>qui</strong></span> <span class='ocrx_word' id='word_1_70' title='bbox 763 1205 950 1258; x_wconf 92' lang='lat' dir='ltr'><strong>totum</strong></span> <span class='ocrx_word' id='word_1_71' title='bbox 989 1203 1104 1259; x_wconf 87' lang='lat' dir='ltr'><strong>sibi</strong></span> <span class='ocrx_word' id='word_1_72' title='bbox 1152 1204 1266 1260; x_wconf 93' lang='lat' dir='ltr'><strong>sub</strong></span> <span class='ocrx_word' id='word_1_73' title='bbox 1307 1204 1769 1275; x_wconf 84' lang='lat' dir='ltr'><strong>imperatoribus</strong></span> 
     </span>
    </p>
   </div>
   <div class='ocr_carea' id='block_1_13' title="bbox 88 1291 1774 1365">
    <p class='ocr_par' dir='ltr' id='par_1_13' title="bbox 88 1291 1774 1365">
     <span class='ocr_line' id='line_1_13' title="bbox 88 1291 1774 1365; baseline 0.001 -18"><span class='ocrx_word' id='word_1_74' title='bbox 88 1292 418 1365; x_wconf 78' lang='lat' dir='ltr'><strong>gentilibus</strong></span> <span class='ocrx_word' id='word_1_75' title='bbox 435 1291 826 1361; x_wconf 89' lang='lat' dir='ltr'><strong>vindicarunt,</strong></span> <span class='ocrx_word' id='word_1_76' title='bbox 844 1292 1021 1347; x_wconf 89' lang='lat' dir='ltr'><strong>iidem</strong></span> <span class='ocrx_word' id='word_1_77' title='bbox 1041 1292 1155 1347; x_wconf 92' lang='lat' dir='ltr'><strong>sub</strong></span> <span class='ocrx_word' id='word_1_78' title='bbox 1176 1293 1549 1363; x_wconf 89' lang='lat' dir='ltr'><strong>principibus</strong></span> <span class='ocrx_word' id='word_1_79' title='bbox 1570 1293 1774 1348; x_wconf 82' lang='lat' dir='ltr'><strong>Chris-</strong></span> 
     </span>
    </p>
   </div>
   <div class='ocr_carea' id='block_1_14' title="bbox 92 1380 1772 1452">
    <p class='ocr_par' dir='ltr' id='par_1_14' title="bbox 92 1380 1772 1452">
     <span class='ocr_line' id='line_1_14' title="bbox 92 1380 1772 1452; baseline 0.001 -17"><span class='ocrx_word' id='word_1_80' title='bbox 92 1381 274 1436; x_wconf 90' lang='lat' dir='ltr'><strong>tianis</strong></span> <span class='ocrx_word' id='word_1_81' title='bbox 312 1397 431 1437; x_wconf 91' lang='lat' dir='ltr'><strong>non</strong></span> <span class='ocrx_word' id='word_1_82' title='bbox 467 1383 673 1452; x_wconf 89' lang='lat' dir='ltr'><strong>putent</strong></span> <span class='ocrx_word' id='word_1_83' title='bbox 710 1380 884 1436; x_wconf 91' lang='lat' dir='ltr'><strong>nobis</strong></span> <span class='ocrx_word' id='word_1_84' title='bbox 915 1384 1138 1437; x_wconf 90' lang='lat' dir='ltr'><strong>sortem</strong></span> <span class='ocrx_word' id='word_1_85' title='bbox 1186 1381 1402 1437; x_wconf 90' lang='lat' dir='ltr'><strong>debere</strong></span> <span class='ocrx_word' id='word_1_86' title='bbox 1441 1397 1579 1437; x_wconf 91' lang='lat' dir='ltr'><strong>esse</strong></span> <span class='ocrx_word' id='word_1_87' title='bbox 1610 1398 1772 1437; x_wconf 87' lang='lat' dir='ltr'><strong>com-</strong></span> 
     </span>
    </p>
   </div>
   <div class='ocr_carea' id='block_1_15' title="bbox 93 1486 358 1525">
    <p class='ocr_par' dir='ltr' id='par_1_15' title="bbox 93 1486 358 1525">
     <span class='ocr_line' id='line_1_15' title="bbox 93 1486 358 1525; baseline -0.004 0"><span class='ocrx_word' id='word_1_88' title='bbox 93 1486 358 1525; x_wconf 88' lang='lat' dir='ltr'><strong>munem.</strong></span> 
     </span>
    </p>
   </div>
   <div class='ocr_carea' id='block_1_16' title="bbox 172 1557 1780 1631">
    <p class='ocr_par' dir='ltr' id='par_1_16' title="bbox 172 1557 1780 1631">
     <span class='ocr_line' id='line_1_16' title="bbox 172 1557 1780 1631; baseline 0.002 -19"><span class='ocrx_word' id='word_1_89' title='bbox 172 1558 265 1612; x_wconf 90' lang='grc'>13.</span> <span class='ocrx_word' id='word_1_90' title='bbox 298 1557 715 1613; x_wconf 87' lang='lat' dir='ltr'><strong>Sacerdotibus</strong></span> <span class='ocrx_word' id='word_1_91' title='bbox 747 1574 987 1631; x_wconf 63' lang='lat' dir='ltr'><strong>quoque,</strong></span> <span class='ocrx_word' id='word_1_92' title='bbox 1030 1559 1159 1615; x_wconf 90' lang='lat' dir='ltr'><strong>suis</strong></span> <span class='ocrx_word' id='word_1_93' title='bbox 1210 1563 1267 1615; x_wconf 91' lang='lat' dir='ltr'><strong>et</strong></span> <span class='ocrx_word' id='word_1_94' title='bbox 1295 1560 1587 1615; x_wconf 82' lang='lat' dir='ltr'><strong>ministris</strong></span> <span class='ocrx_word' id='word_1_95' title='bbox 1637 1576 1780 1631; x_wconf 89' lang='lat' dir='ltr'><strong>que-</strong></span> 
     </span>
    </p>
   </div>
   <div class='ocr_carea' id='block_1_17' title="bbox 94 1647 1773 1717">
    <p class='ocr_par' dir='ltr' id='par_1_17' title="bbox 94 1647 1773 1717">
     <span class='ocr_line' id='line_1_17' title="bbox 94 1647 1773 1717; baseline 0.002 -16"><span class='ocrx_word' id='word_1_96' title='bbox 94 1649 316 1702; x_wconf 89' lang='lat' dir='ltr'><strong>runtur</strong></span> <span class='ocrx_word' id='word_1_97' title='bbox 343 1647 610 1701; x_wconf 77' lang='lat' dir='ltr'><strong>alimenta</strong></span> <span class='ocrx_word' id='word_1_98' title='bbox 637 1647 875 1717; x_wconf 91' lang='lat' dir='ltr'><strong>publica</strong></span> <span class='ocrx_word' id='word_1_99' title='bbox 904 1664 1024 1703; x_wconf 92' lang='lat' dir='ltr'><strong>non</strong></span> <span class='ocrx_word' id='word_1_100' title='bbox 1054 1649 1278 1704; x_wconf 89' lang='lat' dir='ltr'><strong>deberi.</strong></span> <span class='ocrx_word' id='word_1_101' title='bbox 1321 1647 1586 1713; x_wconf 88' lang='lat' dir='ltr'><strong>Quantus</strong></span> <span class='ocrx_word' id='word_1_102' title='bbox 1632 1649 1773 1704; x_wconf 91' lang='lat' dir='ltr'><strong>hinc</strong></span> 
     </span>
    </p>
   </div>
   <div class='ocr_carea' id='block_1_18' title="bbox 95 1735 1772 1808">
    <p class='ocr_par' dir='ltr' id='par_1_18' title="bbox 95 1735 1772 1808">
     <span class='ocr_line' id='line_1_18' title="bbox 95 1735 1772 1808; baseline 0.002 -19"><span class='ocrx_word' id='word_1_103' title='bbox 95 1735 424 1790; x_wconf 87' lang='lat' dir='ltr'><strong>verborum</strong></span> <span class='ocrx_word' id='word_1_104' title='bbox 472 1736 757 1791; x_wconf 88' lang='lat' dir='ltr'><strong>tumultus</strong></span> <span class='ocrx_word' id='word_1_105' title='bbox 800 1737 1142 1808; x_wconf 83' lang='lat' dir='ltr'><strong>increpuit?</strong></span> <span class='ocrx_word' id='word_1_106' title='bbox 1182 1740 1258 1791; x_wconf 85' lang='lat' dir='ltr'><strong>At</strong></span> <span class='ocrx_word' id='word_1_107' title='bbox 1306 1740 1545 1807; x_wconf 91' lang='lat' dir='ltr'><strong>contra,</strong></span> <span class='ocrx_word' id='word_1_108' title='bbox 1597 1738 1772 1792; x_wconf 89' lang='lat' dir='ltr'><strong>nobis</strong></span> 
     </span>
    </p>
   </div>
   <div class='ocr_carea' id='block_1_19' title="bbox 96 1824 1770 1895">
    <p class='ocr_par' dir='ltr' id='par_1_19' title="bbox 96 1824 1770 1895">
     <span class='ocr_line' id='line_1_19' title="bbox 96 1824 1770 1895; baseline 0.001 -16"><span class='ocrx_word' id='word_1_109' title='bbox 96 1824 279 1879; x_wconf 90' lang='lat' dir='ltr'><strong>etiam</strong></span> <span class='ocrx_word' id='word_1_110' title='bbox 308 1824 550 1895; x_wconf 58' lang='lat' dir='ltr'><strong>privata</strong></span> <span class='ocrx_word' id='word_1_111' title='bbox 581 1826 994 1881; x_wconf 86' lang='lat' dir='ltr'><strong>successionis</strong></span> <span class='ocrx_word' id='word_1_112' title='bbox 1016 1826 1407 1881; x_wconf 90' lang='lat' dir='ltr'><strong>emolumenta</strong></span> <span class='ocrx_word' id='word_1_113' title='bbox 1424 1827 1770 1882; x_wconf 90' lang='lat' dir='ltr'><strong>recentibus</strong></span> 
     </span>
    </p>
   </div>
   <div class='ocr_carea' id='block_1_20' title="bbox 98 1911 1773 1986">
    <p class='ocr_par' dir='ltr' id='par_1_20' title="bbox 98 1911 1773 1986">
     <span class='ocr_line' id='line_1_20' title="bbox 98 1911 1773 1986; baseline 0.001 -19"><span class='ocrx_word' id='word_1_114' title='bbox 98 1911 345 1985; x_wconf 79' lang='lat' dir='ltr'><strong>legibus</strong></span> <span class='ocrx_word' id='word_1_115' title='bbox 391 1913 762 1986; x_wconf 86' lang='lat' dir='ltr'><strong>denegantur</strong></span> <span class='ocrx_word' id='word_1_116' title='bbox 804 1914 959 1986; x_wconf 88' lang='lat'><strong>(30),</strong></span> <span class='ocrx_word' id='word_1_117' title='bbox 1019 1918 1076 1969; x_wconf 88' lang='lat' dir='ltr'><strong>et</strong></span> <span class='ocrx_word' id='word_1_118' title='bbox 1130 1930 1302 1970; x_wconf 91' lang='lat' dir='ltr'><strong>nemo</strong></span> <span class='ocrx_word' id='word_1_119' title='bbox 1352 1916 1773 1986; x_wconf 83' lang='lat' dir='ltr'><strong>conqueritur;</strong></span> 
     </span>
    </p>
   </div>
   <div class='ocr_carea' id='block_1_21' title="bbox 97 2001 1774 2075">
    <p class='ocr_par' dir='ltr' id='par_1_21' title="bbox 97 2001 1774 2075">
     <span class='ocr_line' id='line_1_21' title="bbox 97 2001 1774 2075; baseline 0.002 -20"><span class='ocrx_word' id='word_1_120' title='bbox 97 2017 218 2056; x_wconf 91' lang='lat' dir='ltr'><strong>non</strong></span> <span class='ocrx_word' id='word_1_121' title='bbox 247 2001 404 2056; x_wconf 90' lang='lat' dir='ltr'><strong>enim</strong></span> <span class='ocrx_word' id='word_1_122' title='bbox 434 2004 709 2071; x_wconf 91' lang='lat' dir='ltr'><strong>putamus</strong></span> <span class='ocrx_word' id='word_1_123' title='bbox 739 2003 1037 2075; x_wconf 85' lang='lat' dir='ltr'><strong>injuriam,</strong></span> <span class='ocrx_word' id='word_1_124' title='bbox 1071 2005 1207 2075; x_wconf 89' lang='lat' dir='ltr'><strong>quia</strong></span> <span class='ocrx_word' id='word_1_125' title='bbox 1237 2004 1614 2074; x_wconf 87' lang='lat' dir='ltr'><strong>dispendium</strong></span> <span class='ocrx_word' id='word_1_126' title='bbox 1652 2020 1774 2058; x_wconf 93' lang='lat' dir='ltr'><strong>non</strong></span> 
     </span>
    </p>
   </div>
   <div class='ocr_carea' id='block_1_22' title="bbox 97 2090 1771 2164">
    <p class='ocr_par' dir='ltr' id='par_1_22' title="bbox 97 2090 1771 2164">
     <span class='ocr_line' id='line_1_22' title="bbox 97 2090 1771 2164; baseline 0.001 -19"><span class='ocrx_word' id='word_1_127' title='bbox 97 2090 390 2146; x_wconf 89' lang='lat' dir='ltr'><strong>dolemus.</strong></span> <span class='ocrx_word' id='word_1_128' title='bbox 421 2090 485 2145; x_wconf 91' lang='lat' dir='ltr'><strong>Si</strong></span> <span class='ocrx_word' id='word_1_129' title='bbox 514 2092 894 2163; x_wconf 86' lang='lat' dir='ltr'><strong>privilegium</strong></span> <span class='ocrx_word' id='word_1_130' title='bbox 921 2096 1129 2164; x_wconf 84' lang='lat' dir='ltr'><strong>querat</strong></span> <span class='ocrx_word' id='word_1_131' title='bbox 1156 2093 1469 2160; x_wconf 88' lang='lat' dir='ltr'><strong>sacerdos,</strong></span> <span class='ocrx_word' id='word_1_132' title='bbox 1503 2095 1567 2147; x_wconf 87' lang='lat' dir='ltr'><strong>ut</strong></span> <span class='ocrx_word' id='word_1_133' title='bbox 1614 2108 1771 2148; x_wconf 89' lang='lat' dir='ltr'><strong>onus</strong></span> 
     </span>
    </p>
   </div>
   <div class='ocr_carea' id='block_1_23' title="bbox 100 2178 1776 2253">
    <p class='ocr_par' dir='ltr' id='par_1_23' title="bbox 100 2178 1776 2253">
     <span class='ocr_line' id='line_1_23' title="bbox 100 2178 1776 2253; baseline 0.002 -21"><span class='ocrx_word' id='word_1_134' title='bbox 100 2178 323 2234; x_wconf 90' lang='lat' dir='ltr'><strong>euriale</strong></span> <span class='ocrx_word' id='word_1_135' title='bbox 362 2179 617 2235; x_wconf 89' lang='lat' dir='ltr'><strong>declinet</strong></span> <span class='ocrx_word' id='word_1_136' title='bbox 638 2180 772 2251; x_wconf 84' lang='grc'>(31),</span> <span class='ocrx_word' id='word_1_137' title='bbox 804 2181 993 2251; x_wconf 87' lang='lat' dir='ltr'><strong>patria</strong></span> <span class='ocrx_word' id='word_1_138' title='bbox 1030 2185 1206 2253; x_wconf 87' lang='lat' dir='ltr'><strong>atque</strong></span> <span class='ocrx_word' id='word_1_139' title='bbox 1240 2182 1395 2235; x_wconf 89' lang='lat' dir='ltr'><strong>avita</strong></span> <span class='ocrx_word' id='word_1_140' title='bbox 1424 2184 1481 2235; x_wconf 91' lang='lat' dir='ltr'><strong>et</strong></span> <span class='ocrx_word' id='word_1_141' title='bbox 1509 2182 1776 2237; x_wconf 90' lang='lat' dir='ltr'><strong>omnium</strong></span> 
     </span>
    </p>
   </div>
   <div class='ocr_carea' id='block_1_24' title="bbox 98 2267 1771 2339">
    <p class='ocr_par' dir='ltr' id='par_1_24' title="bbox 98 2267 1771 2339">
     <span class='ocr_line' id='line_1_24' title="bbox 98 2267 1771 2339; baseline 0.002 -18"><span class='ocrx_word' id='word_1_142' title='bbox 98 2267 439 2323; x_wconf 83' lang='lat' dir='ltr'><strong>facultatum</strong></span> <span class='ocrx_word' id='word_1_143' title='bbox 491 2270 881 2339; x_wconf 88' lang='lat' dir='ltr'><strong>possessione</strong></span> <span class='ocrx_word' id='word_1_144' title='bbox 927 2270 1254 2325; x_wconf 90' lang='lat' dir='ltr'><strong>cedendum</strong></span> <span class='ocrx_word' id='word_1_145' title='bbox 1293 2272 1403 2325; x_wconf 90' lang='lat' dir='ltr'><strong>est.</strong></span> <span class='ocrx_word' id='word_1_146' title='bbox 1464 2270 1771 2336; x_wconf 89' lang='lat' dir='ltr'><strong>Quomodo</strong></span> 
     </span>
    </p>
   </div>
   <div class='ocr_carea' id='block_1_25' title="bbox 95 2356 1761 2431">
    <p class='ocr_par' dir='ltr' id='par_1_25' title="bbox 95 2356 1761 2431">
     <span class='ocr_line' id='line_1_25' title="bbox 95 2356 1761 2431; baseline 0.001 -20"><span class='ocrx_word' id='word_1_147' title='bbox 95 2356 250 2411; x_wconf 88' lang='lat' dir='ltr'><strong>hanc</strong></span> <span class='ocrx_word' id='word_1_148' title='bbox 278 2357 556 2429; x_wconf 88' lang='lat' dir='ltr'><strong>gentiles,</strong></span> <span class='ocrx_word' id='word_1_149' title='bbox 590 2358 644 2413; x_wconf 88' lang='lat' dir='ltr'><strong>si</strong></span> <span class='ocrx_word' id='word_1_150' title='bbox 683 2358 989 2428; x_wconf 90' lang='lat' dir='ltr'><strong>haberent,</strong></span> <span class='ocrx_word' id='word_1_151' title='bbox 1022 2360 1402 2431; x_wconf 90' lang='lat' dir='ltr'><strong>ingravarent</strong></span> <span class='ocrx_word' id='word_1_152' title='bbox 1433 2359 1761 2430; x_wconf 89' lang='lat' dir='ltr'><strong>querelam,</strong></span> 
     </span>
    </p>
   </div>
   <div class='ocr_carea' id='block_1_26' title="bbox 99 2445 1776 2516">
    <p class='ocr_par' dir='ltr' id='par_1_26' title="bbox 99 2445 1776 2516">
     <span class='ocr_line' id='line_1_26' title="bbox 99 2445 1776 2516; baseline 0.002 -17"><span class='ocrx_word' id='word_1_153' title='bbox 99 2445 261 2516; x_wconf 90' lang='lat' dir='ltr'><strong>quod</strong></span> <span class='ocrx_word' id='word_1_154' title='bbox 306 2447 594 2502; x_wconf 91' lang='lat' dir='ltr'><strong>sacerdos</strong></span> <span class='ocrx_word' id='word_1_155' title='bbox 642 2447 824 2503; x_wconf 87' lang='lat' dir='ltr'><strong>ferias</strong></span> <span class='ocrx_word' id='word_1_156' title='bbox 867 2448 1183 2504; x_wconf 88' lang='lat' dir='ltr'><strong>ministerii</strong></span> <span class='ocrx_word' id='word_1_157' title='bbox 1242 2449 1338 2503; x_wconf 92' lang='lat' dir='ltr'><strong>sui</strong></span> <span class='ocrx_word' id='word_1_158' title='bbox 1392 2450 1547 2503; x_wconf 89' lang='lat' dir='ltr'><strong>emat</strong></span> <span class='ocrx_word' id='word_1_159' title='bbox 1592 2448 1776 2503; x_wconf 93' lang='lat' dir='ltr'><strong>totius</strong></span> 
     </span>
    </p>
   </div>
   <div class='ocr_carea' id='block_1_27' title="bbox 99 2534 1777 2608">
    <p class='ocr_par' dir='ltr' id='par_1_27' title="bbox 99 2534 1777 2608">
     <span class='ocr_line' id='line_1_27' title="bbox 99 2534 1777 2608; baseline 0.002 -21"><span class='ocrx_word' id='word_1_160' title='bbox 99 2534 439 2604; x_wconf 89' lang='lat' dir='ltr'><strong>patrimonii</strong></span> <span class='ocrx_word' id='word_1_161' title='bbox 468 2536 562 2591; x_wconf 91' lang='lat' dir='ltr'><strong>sui</strong></span> <span class='ocrx_word' id='word_1_162' title='bbox 611 2537 849 2608; x_wconf 89' lang='lat' dir='ltr'><strong>damno,</strong></span> <span class='ocrx_word' id='word_1_163' title='bbox 906 2541 965 2592; x_wconf 91' lang='lat' dir='ltr'><strong>et</strong></span> <span class='ocrx_word' id='word_1_164' title='bbox 1018 2537 1229 2608; x_wconf 87' lang='lat' dir='ltr'><strong>privati</strong></span> <span class='ocrx_word' id='word_1_165' title='bbox 1271 2538 1576 2592; x_wconf 80' lang='lat' dir='ltr'><strong>universae</strong></span> <span class='ocrx_word' id='word_1_166' title='bbox 1618 2551 1777 2591; x_wconf 89' lang='lat' dir='ltr'><strong>com-</strong></span> 
     </span>
    </p>
   </div>
   <div class='ocr_carea' id='block_1_28' title="bbox 100 2622 1778 2697">
    <p class='ocr_par' dir='ltr' id='par_1_28' title="bbox 100 2622 1778 2697">
     <span class='ocr_line' id='line_1_28' title="bbox 100 2622 1778 2697; baseline 0.002 -20"><span class='ocrx_word' id='word_1_167' title='bbox 100 2622 401 2679; x_wconf 89' lang='lat' dir='ltr'><strong>moditatis</strong></span> <span class='ocrx_word' id='word_1_168' title='bbox 440 2625 752 2695; x_wconf 90' lang='lat' dir='ltr'><strong>dispendio</strong></span> <span class='ocrx_word' id='word_1_169' title='bbox 782 2642 959 2681; x_wconf 90' lang='lat' dir='ltr'><strong>usum</strong></span> <span class='ocrx_word' id='word_1_170' title='bbox 1006 2626 1232 2697; x_wconf 90' lang='lat' dir='ltr'><strong>publici</strong></span> <span class='ocrx_word' id='word_1_171' title='bbox 1270 2629 1566 2681; x_wconf 89' lang='lat' dir='ltr'><strong>mercetur</strong></span> <span class='ocrx_word' id='word_1_172' title='bbox 1595 2625 1778 2680; x_wconf 94' lang='lat' dir='ltr'><strong>obse-</strong></span> 
     </span>
    </p>
   </div>
   <div class='ocr_carea' id='block_1_29' title="bbox 100 2712 1778 2784">
    <p class='ocr_par' dir='ltr' id='par_1_29' title="bbox 100 2712 1778 2784">
     <span class='ocr_line' id='line_1_29' title="bbox 100 2712 1778 2784; baseline 0.001 -18"><span class='ocrx_word' id='word_1_173' title='bbox 100 2712 228 2783; x_wconf 86' lang='lat' dir='ltr'><strong>quii</strong></span> <span class='ocrx_word' id='word_1_174' title='bbox 258 2729 270 2767; x_wconf 89' lang='lat'>:</span> <span class='ocrx_word' id='word_1_175' title='bbox 306 2714 682 2784; x_wconf 69' lang='lat' dir='ltr'><strong>praetendens</strong></span> <span class='ocrx_word' id='word_1_176' title='bbox 712 2715 1044 2770; x_wconf 88' lang='lat' dir='ltr'><strong>communis</strong></span> <span class='ocrx_word' id='word_1_177' title='bbox 1075 2715 1287 2770; x_wconf 85' lang='lat' dir='ltr'><strong>salutis</strong></span> <span class='ocrx_word' id='word_1_178' title='bbox 1328 2714 1639 2783; x_wconf 85' lang='lat' dir='ltr'><strong>excubias,</strong></span> <span class='ocrx_word' id='word_1_179' title='bbox 1674 2714 1778 2768; x_wconf 90' lang='lat' dir='ltr'><strong>do-</strong></span> 
     </span>
    </p>
   </div>
   <div class='ocr_carea' id='block_1_30' title="bbox 101 2801 1779 2874">
    <p class='ocr_par' dir='ltr' id='par_1_30' title="bbox 101 2801 1779 2874">
     <span class='ocr_line' id='line_1_30' title="bbox 101 2801 1779 2874; baseline 0 -19"><span class='ocrx_word' id='word_1_180' title='bbox 101 2802 373 2857; x_wconf 67' lang='lat' dir='ltr'><strong>mestica)</strong></span> <span class='ocrx_word' id='word_1_181' title='bbox 392 2803 608 2873; x_wconf 69' lang='lat' dir='ltr'><strong>inopim</strong></span> <span class='ocrx_word' id='word_1_182' title='bbox 639 2818 707 2858; x_wconf 90' lang='lat' dir='ltr'><strong>se</strong></span> <span class='ocrx_word' id='word_1_183' title='bbox 734 2804 1008 2859; x_wconf 90' lang='lat' dir='ltr'><strong>mercede</strong></span> <span class='ocrx_word' id='word_1_184' title='bbox 1040 2804 1299 2873; x_wconf 86' lang='lat' dir='ltr'><strong>soletur;</strong></span> <span class='ocrx_word' id='word_1_185' title='bbox 1341 2803 1477 2874; x_wconf 90' lang='lat' dir='ltr'><strong>quia</strong></span> <span class='ocrx_word' id='word_1_186' title='bbox 1508 2801 1779 2856; x_wconf 89' lang='lat' dir='ltr'><strong>ministe-</strong></span> 
     </span>
    </p>
   </div>
   <div class='ocr_carea' id='block_1_31' title="bbox 98 2890 1527 2965">
    <p class='ocr_par' dir='ltr' id='par_1_31' title="bbox 98 2890 1527 2965">
     <span class='ocr_line' id='line_1_31' title="bbox 98 2890 1527 2965; baseline 0.001 -21"><span class='ocrx_word' id='word_1_187' title='bbox 98 2890 258 2945; x_wconf 90' lang='lat' dir='ltr'><strong>rium</strong></span> <span class='ocrx_word' id='word_1_188' title='bbox 286 2906 405 2946; x_wconf 93' lang='lat' dir='ltr'><strong>non</strong></span> <span class='ocrx_word' id='word_1_189' title='bbox 426 2892 708 2962; x_wconf 89' lang='lat' dir='ltr'><strong>vendidit,</strong></span> <span class='ocrx_word' id='word_1_190' title='bbox 742 2893 850 2949; x_wconf 92' lang='lat' dir='ltr'><strong>sed</strong></span> <span class='ocrx_word' id='word_1_191' title='bbox 879 2893 1131 2965; x_wconf 88' lang='lat' dir='ltr'><strong>gratiam</strong></span> <span class='ocrx_word' id='word_1_192' title='bbox 1147 2892 1527 2963; x_wconf 88' lang='lat' dir='ltr'><strong>comparavit.</strong></span> 
     </span>
    </p>
   </div>
   <div class='ocr_carea' id='block_1_32' title="bbox 171 2978 1769 3037">
    <p class='ocr_par' dir='ltr' id='par_1_32' title="bbox 171 2978 1769 3037">
     <span class='ocr_line' id='line_1_32' title="bbox 171 2978 1769 3037; baseline 0.001 -4"><span class='ocrx_word' id='word_1_193' title='bbox 171 2979 259 3034; x_wconf 72' lang='grc'>14.</span> <span class='ocrx_word' id='word_1_194' title='bbox 274 2979 550 3036; x_wconf 89' lang='lat' dir='ltr'><strong>Conferet</strong></span> <span class='ocrx_word' id='word_1_195' title='bbox 565 2997 802 3037; x_wconf 84' lang='lat' dir='ltr'><strong>causas.</strong></span> <span class='ocrx_word' id='word_1_196' title='bbox 827 2982 951 3037; x_wconf 90' lang='lat' dir='ltr'><strong>Vos</strong></span> <span class='ocrx_word' id='word_1_197' title='bbox 972 2997 1261 3037; x_wconf 85' lang='lat' dir='ltr'><strong>excusare</strong></span> <span class='ocrx_word' id='word_1_198' title='bbox 1280 2980 1462 3035; x_wconf 88' lang='lat' dir='ltr'><strong>vultis</strong></span> <span class='ocrx_word' id='word_1_199' title='bbox 1492 2978 1769 3035; x_wconf 90' lang='lat' dir='ltr'><strong>decurio-</strong></span> 
     </span>
    </p>
   </div>
   <div class='ocr_carea' id='block_1_33' title="bbox 99 3068 1782 3139">
    <p class='ocr_par' dir='ltr' id='par_1_33' title="bbox 99 3068 1782 3139">
     <span class='ocr_line' id='line_1_33' title="bbox 99 3068 1782 3139; baseline -0.001 -16"><span class='ocrx_word' id='word_1_200' title='bbox 99 3084 241 3124; x_wconf 90' lang='lat' dir='ltr'><strong>nem</strong></span> <span class='ocrx_word' id='word_1_201' title='bbox 271 3068 405 3139; x_wconf 72' lang='lat'><strong>(32),</strong></span> <span class='ocrx_word' id='word_1_202' title='bbox 441 3085 575 3125; x_wconf 93' lang='lat' dir='ltr'><strong>cum</strong></span> <span class='ocrx_word' id='word_1_203' title='bbox 597 3070 887 3126; x_wconf 87' lang='lat' dir='ltr'><strong>Ecclesiae</strong></span> <span class='ocrx_word' id='word_1_204' title='bbox 917 3086 1210 3126; x_wconf 89' lang='lat' dir='ltr'><strong>excusare</strong></span> <span class='ocrx_word' id='word_1_205' title='bbox 1239 3085 1359 3125; x_wconf 92' lang='lat' dir='ltr'><strong>non</strong></span> <span class='ocrx_word' id='word_1_206' title='bbox 1389 3069 1563 3124; x_wconf 89' lang='lat' dir='ltr'><strong>liceat</strong></span> <span class='ocrx_word' id='word_1_207' title='bbox 1579 3082 1782 3123; x_wconf 90' lang='lat' dir='ltr'><strong>sacer-</strong></span> 
     </span>
    </p>
   </div>
   <div class='ocr_carea' id='block_1_34' title="bbox 101 3156 1779 3229">
    <p class='ocr_par' dir='ltr' id='par_1_34' title="bbox 101 3156 1779 3229">
     <span class='ocr_line' id='line_1_34' title="bbox 101 3156 1779 3229; baseline -0.002 -17"><span class='ocrx_word' id='word_1_208' title='bbox 101 3158 322 3213; x_wconf 86' lang='lat' dir='ltr'><strong>dotem.</strong></span> <span class='ocrx_word' id='word_1_209' title='bbox 355 3157 709 3214; x_wconf 89' lang='lat' dir='ltr'><strong>Scribuntur</strong></span> <span class='ocrx_word' id='word_1_210' title='bbox 729 3162 1075 3215; x_wconf 88' lang='lat' dir='ltr'><strong>testamenta</strong></span> <span class='ocrx_word' id='word_1_211' title='bbox 1088 3158 1442 3229; x_wconf 89' lang='lat' dir='ltr'><strong>templorum</strong></span> <span class='ocrx_word' id='word_1_212' title='bbox 1461 3156 1779 3226; x_wconf 86' lang='lat' dir='ltr'><strong>ministris,</strong></span> 
     </span>
    </p>
   </div>
   <div class='ocr_carea' id='block_1_35' title="bbox 1882 581 3550 658">
    <p class='ocr_par' dir='ltr' id='par_1_35' title="bbox 1882 581 3550 658">
     <span class='ocr_line' id='line_1_35' title="bbox 1882 581 3550 658; baseline -0.002 -19"><span class='ocrx_word' id='word_1_213' title='bbox 1882 585 2294 641; x_wconf 88' lang='lat' dir='ltr'><strong>sacerdotibus</strong></span> <span class='ocrx_word' id='word_1_214' title='bbox 2325 584 2444 640; x_wconf 89' lang='lat' dir='ltr'><strong>fani</strong></span> <span class='ocrx_word' id='word_1_215' title='bbox 2474 585 2764 658; x_wconf 88' lang='lat' dir='ltr'><strong>legaverit</strong></span> <span class='ocrx_word' id='word_1_216' title='bbox 2783 584 3123 639; x_wconf 89' lang='lat' dir='ltr'><strong>Christiana</strong></span> <span class='ocrx_word' id='word_1_217' title='bbox 3135 583 3333 652; x_wconf 89' lang='lat' dir='ltr'><strong>vidua,</strong></span> <span class='ocrx_word' id='word_1_218' title='bbox 3362 581 3550 636; x_wconf 89' lang='lat' dir='ltr'><strong>valet:</strong></span> 
     </span>
    </p>
   </div>
   <div class='ocr_carea' id='block_1_36' title="bbox 1881 671 3562 745">
    <p class='ocr_par' dir='ltr' id='par_1_36' title="bbox 1881 671 3562 745">
     <span class='ocr_line' id='line_1_36' title="bbox 1881 671 3562 745; baseline -0.004 -15"><span class='ocrx_word' id='word_1_219' title='bbox 1881 674 2040 745; x_wconf 90' lang='lat' dir='ltr'><strong>quod</strong></span> <span class='ocrx_word' id='word_1_220' title='bbox 2069 674 2359 729; x_wconf 85' lang='lat' dir='ltr'><strong>ministris</strong></span> <span class='ocrx_word' id='word_1_221' title='bbox 2390 674 2516 740; x_wconf 86' lang='lat' dir='ltr'><strong>Dei,</strong></span> <span class='ocrx_word' id='word_1_222' title='bbox 2569 690 2689 729; x_wconf 90' lang='lat' dir='ltr'><strong>non</strong></span> <span class='ocrx_word' id='word_1_223' title='bbox 2737 674 2913 729; x_wconf 89' lang='lat' dir='ltr'><strong>valet.</strong></span> <span class='ocrx_word' id='word_1_224' title='bbox 2962 672 3130 738; x_wconf 90' lang='lat' dir='ltr'><strong>Quod</strong></span> <span class='ocrx_word' id='word_1_225' title='bbox 3180 687 3293 745; x_wconf 91' lang='lat' dir='ltr'><strong>ego</strong></span> <span class='ocrx_word' id='word_1_226' title='bbox 3338 686 3457 725; x_wconf 93' lang='lat' dir='ltr'><strong>non</strong></span> <span class='ocrx_word' id='word_1_227' title='bbox 3496 671 3562 724; x_wconf 92' lang='lat' dir='ltr'><strong>ut</strong></span> 
     </span>
    </p>
   </div>
   <div class='ocr_carea' id='block_1_37' title="bbox 1880 759 3559 835">
    <p class='ocr_par' dir='ltr' id='par_1_37' title="bbox 1880 759 3559 835">
     <span class='ocr_line' id='line_1_37' title="bbox 1880 759 3559 835; baseline -0.003 -17"><span class='ocrx_word' id='word_1_228' title='bbox 1880 779 2115 835; x_wconf 87' lang='lat' dir='ltr'><strong>querar,</strong></span> <span class='ocrx_word' id='word_1_229' title='bbox 2149 764 2258 818; x_wconf 90' lang='lat' dir='ltr'><strong>sed</strong></span> <span class='ocrx_word' id='word_1_230' title='bbox 2287 766 2349 818; x_wconf 92' lang='lat' dir='ltr'><strong>ut</strong></span> <span class='ocrx_word' id='word_1_231' title='bbox 2379 763 2571 818; x_wconf 86' lang='lat' dir='ltr'><strong>sciant</strong></span> <span class='ocrx_word' id='word_1_232' title='bbox 2599 763 2741 835; x_wconf 90' lang='lat' dir='ltr'><strong>quid</strong></span> <span class='ocrx_word' id='word_1_233' title='bbox 2772 778 2892 817; x_wconf 93' lang='lat' dir='ltr'><strong>non</strong></span> <span class='ocrx_word' id='word_1_234' title='bbox 2930 777 3149 834; x_wconf 86' lang='lat' dir='ltr'><strong>querar</strong></span> <span class='ocrx_word' id='word_1_235' title='bbox 3176 759 3559 830; x_wconf 82' lang='lat' dir='ltr'><strong>comprehen-</strong></span> 
     </span>
    </p>
   </div>
   <div class='ocr_carea' id='block_1_38' title="bbox 1882 847 3559 923">
    <p class='ocr_par' dir='ltr' id='par_1_38' title="bbox 1882 847 3559 923">
     <span class='ocr_line' id='line_1_38' title="bbox 1882 847 3559 923; baseline -0.002 -17"><span class='ocrx_word' id='word_1_236' title='bbox 1882 852 1965 923; x_wconf 82' lang='lat' dir='ltr'><strong>di;</strong></span> <span class='ocrx_word' id='word_1_237' title='bbox 1980 852 2130 907; x_wconf 89' lang='lat' dir='ltr'><strong>malo</strong></span> <span class='ocrx_word' id='word_1_238' title='bbox 2144 853 2297 907; x_wconf 92' lang='lat' dir='ltr'><strong>enim</strong></span> <span class='ocrx_word' id='word_1_239' title='bbox 2312 868 2423 908; x_wconf 92' lang='lat' dir='ltr'><strong>nos</strong></span> <span class='ocrx_word' id='word_1_240' title='bbox 2437 853 2686 922; x_wconf 89' lang='lat' dir='ltr'><strong>pecunia</strong></span> <span class='ocrx_word' id='word_1_241' title='bbox 2704 851 2968 907; x_wconf 90' lang='lat' dir='ltr'><strong>minores</strong></span> <span class='ocrx_word' id='word_1_242' title='bbox 2983 865 3143 918; x_wconf 90' lang='lat' dir='ltr'><strong>esse,</strong></span> <span class='ocrx_word' id='word_1_243' title='bbox 3162 865 3335 920; x_wconf 87' lang='lat' dir='ltr'><strong>quam</strong></span> <span class='ocrx_word' id='word_1_244' title='bbox 3348 847 3559 921; x_wconf 89' lang='lat' dir='ltr'><strong>gratia.</strong></span> 
     </span>
    </p>
   </div>
   <div class='ocr_carea' id='block_1_39' title="bbox 1955 935 3562 1012">
    <p class='ocr_par' dir='ltr' id='par_1_39' title="bbox 1955 935 3562 1012">
     <span class='ocr_line' id='line_1_39' title="bbox 1955 935 3562 1012; baseline -0.003 -18"><span class='ocrx_word' id='word_1_245' title='bbox 1955 941 2043 995; x_wconf 87' lang='grc'><strong>15.</strong></span> <span class='ocrx_word' id='word_1_246' title='bbox 2077 940 2194 996; x_wconf 91' lang='lat' dir='ltr'><strong>Sed</strong></span> <span class='ocrx_word' id='word_1_247' title='bbox 2225 940 2506 1010; x_wconf 91' lang='lat' dir='ltr'><strong>referunt,</strong></span> <span class='ocrx_word' id='word_1_248' title='bbox 2543 955 2611 995; x_wconf 92' lang='lat' dir='ltr'><strong>ea</strong></span> <span class='ocrx_word' id='word_1_249' title='bbox 2641 956 2773 1012; x_wconf 91' lang='lat' dir='ltr'><strong>quae</strong></span> <span class='ocrx_word' id='word_1_250' title='bbox 2804 940 2898 995; x_wconf 89' lang='lat' dir='ltr'><strong>vel</strong></span> <span class='ocrx_word' id='word_1_251' title='bbox 2949 940 3161 994; x_wconf 88' lang='lat' dir='ltr'><strong>donata</strong></span> <span class='ocrx_word' id='word_1_252' title='bbox 3202 937 3299 992; x_wconf 89' lang='lat' dir='ltr'><strong>vel</strong></span> <span class='ocrx_word' id='word_1_253' title='bbox 3354 935 3562 991; x_wconf 86' lang='lat' dir='ltr'><strong>relicta</strong></span> 
     </span>
    </p>
   </div>
   <div class='ocr_carea' id='block_1_40' title="bbox 1886 1024 3557 1100">
    <p class='ocr_par' dir='ltr' id='par_1_40' title="bbox 1886 1024 3557 1100">
     <span class='ocr_line' id='line_1_40' title="bbox 1886 1024 3557 1100; baseline -0.004 -16"><span class='ocrx_word' id='word_1_254' title='bbox 1886 1033 2024 1084; x_wconf 90' lang='lat' dir='ltr'><strong>sunt</strong></span> <span class='ocrx_word' id='word_1_255' title='bbox 2046 1030 2355 1100; x_wconf 84' lang='lat' dir='ltr'><strong>Ecclesiae,</strong></span> <span class='ocrx_word' id='word_1_256' title='bbox 2387 1046 2505 1084; x_wconf 92' lang='lat' dir='ltr'><strong>non</strong></span> <span class='ocrx_word' id='word_1_257' title='bbox 2519 1044 2657 1084; x_wconf 91' lang='lat' dir='ltr'><strong>esse</strong></span> <span class='ocrx_word' id='word_1_258' title='bbox 2671 1031 2970 1083; x_wconf 90' lang='lat' dir='ltr'><strong>temerata.</strong></span> <span class='ocrx_word' id='word_1_259' title='bbox 2988 1027 3268 1081; x_wconf 91' lang='lat' dir='ltr'><strong>Dicantet</strong></span> <span class='ocrx_word' id='word_1_260' title='bbox 3285 1025 3402 1096; x_wconf 92' lang='lat' dir='ltr'><strong>ipsi</strong></span> <span class='ocrx_word' id='word_1_261' title='bbox 3420 1024 3557 1095; x_wconf 88' lang='lat' dir='ltr'><strong>quis</strong></span> 
     </span>
    </p>
   </div>
   <div class='ocr_carea' id='block_1_41' title="bbox 1884 1112 3562 1189">
    <p class='ocr_par' dir='ltr' id='par_1_41' title="bbox 1884 1112 3562 1189">
     <span class='ocr_line' id='line_1_41' title="bbox 1884 1112 3562 1189; baseline -0.004 -16"><span class='ocrx_word' id='word_1_262' title='bbox 1884 1119 2118 1189; x_wconf 90' lang='lat' dir='ltr'><strong>templis</strong></span> <span class='ocrx_word' id='word_1_263' title='bbox 2148 1119 2302 1174; x_wconf 90' lang='lat' dir='ltr'><strong>dona</strong></span> <span class='ocrx_word' id='word_1_264' title='bbox 2330 1119 2668 1189; x_wconf 83' lang='lat' dir='ltr'><strong>detraxerit,</strong></span> <span class='ocrx_word' id='word_1_265' title='bbox 2702 1118 2861 1189; x_wconf 89' lang='lat' dir='ltr'><strong>quod</strong></span> <span class='ocrx_word' id='word_1_266' title='bbox 2897 1117 3117 1172; x_wconf 90' lang='lat' dir='ltr'><strong>factum</strong></span> <span class='ocrx_word' id='word_1_267' title='bbox 3144 1117 3237 1171; x_wconf 89' lang='lat' dir='ltr'><strong>est</strong></span> <span class='ocrx_word' id='word_1_268' title='bbox 3265 1112 3562 1169; x_wconf 83' lang='lat' dir='ltr'><strong>Christia-</strong></span> 
     </span>
    </p>
   </div>
   <div class='ocr_carea' id='block_1_42' title="bbox 1885 1202 3560 1278">
    <p class='ocr_par' dir='ltr' id='par_1_42' title="bbox 1885 1202 3560 1278">
     <span class='ocr_line' id='line_1_42' title="bbox 1885 1202 3560 1278; baseline -0.005 -15"><span class='ocrx_word' id='word_1_269' title='bbox 1885 1209 1981 1263; x_wconf 89' lang='lat' dir='ltr'><strong>nis</strong></span> <span class='ocrx_word' id='word_1_270' title='bbox 2012 1207 2146 1277; x_wconf 84' lang='lat'><strong>(33).</strong></span> <span class='ocrx_word' id='word_1_271' title='bbox 2163 1206 2306 1272; x_wconf 86' lang='lat' dir='ltr'><strong>Quae</strong></span> <span class='ocrx_word' id='word_1_272' title='bbox 2328 1207 2380 1261; x_wconf 91' lang='lat' dir='ltr'><strong>si</strong></span> <span class='ocrx_word' id='word_1_273' title='bbox 2403 1206 2554 1261; x_wconf 89' lang='lat' dir='ltr'><strong>facta</strong></span> <span class='ocrx_word' id='word_1_274' title='bbox 2570 1209 2776 1262; x_wconf 89' lang='lat' dir='ltr'><strong>essent</strong></span> <span class='ocrx_word' id='word_1_275' title='bbox 2796 1206 3144 1278; x_wconf 89' lang='lat' dir='ltr'><strong>gentilibus,</strong></span> <span class='ocrx_word' id='word_1_276' title='bbox 3168 1202 3560 1258; x_wconf 88' lang='lat' dir='ltr'><strong>redderentur</strong></span> 
     </span>
    </p>
   </div>
   <div class='ocr_carea' id='block_1_43' title="bbox 1885 1291 3557 1368">
    <p class='ocr_par' dir='ltr' id='par_1_43' title="bbox 1885 1291 3557 1368">
     <span class='ocr_line' id='line_1_43' title="bbox 1885 1291 3557 1368; baseline -0.005 -17"><span class='ocrx_word' id='word_1_277' title='bbox 1885 1297 2083 1368; x_wconf 91' lang='lat' dir='ltr'><strong>potius</strong></span> <span class='ocrx_word' id='word_1_278' title='bbox 2141 1312 2316 1368; x_wconf 89' lang='lat' dir='ltr'><strong>quam</strong></span> <span class='ocrx_word' id='word_1_279' title='bbox 2346 1296 2664 1351; x_wconf 82' lang='lat' dir='ltr'><strong>inferretur</strong></span> <span class='ocrx_word' id='word_1_280' title='bbox 2691 1294 2930 1367; x_wconf 84' lang='lat' dir='ltr'><strong>injuria.</strong></span> <span class='ocrx_word' id='word_1_281' title='bbox 2978 1292 3287 1349; x_wconf 88' lang='lat' dir='ltr'><strong>Nunccine</strong></span> <span class='ocrx_word' id='word_1_282' title='bbox 3320 1291 3557 1345; x_wconf 89' lang='lat' dir='ltr'><strong>demum</strong></span> 
     </span>
    </p>
   </div>
   <div class='ocr_carea' id='block_1_44' title="bbox 1882 1379 3558 1458">
    <p class='ocr_par' dir='ltr' id='par_1_44' title="bbox 1882 1379 3558 1458">
     <span class='ocr_line' id='line_1_44' title="bbox 1882 1379 3558 1458; baseline -0.005 -17"><span class='ocrx_word' id='word_1_283' title='bbox 1882 1386 2113 1458; x_wconf 85' lang='lat' dir='ltr'><strong>justitia</strong></span> <span class='ocrx_word' id='word_1_284' title='bbox 2140 1385 2543 1456; x_wconf 60' lang='lat' dir='ltr'><strong>praetenditur,</strong></span> <span class='ocrx_word' id='word_1_285' title='bbox 2574 1385 2824 1456; x_wconf 59' lang='lat' dir='ltr'><strong>aequitas</strong></span> <span class='ocrx_word' id='word_1_286' title='bbox 2854 1382 3234 1455; x_wconf 83' lang='lat' dir='ltr'><strong>postulatur?</strong></span> <span class='ocrx_word' id='word_1_287' title='bbox 3266 1379 3383 1435; x_wconf 91' lang='lat' dir='ltr'><strong>Ubi</strong></span> <span class='ocrx_word' id='word_1_288' title='bbox 3415 1380 3558 1434; x_wconf 90' lang='lat' dir='ltr'><strong>tunc</strong></span> 
     </span>
    </p>
   </div>
   <div class='ocr_carea' id='block_1_45' title="bbox 1885 1471 3558 1544">
    <p class='ocr_par' dir='ltr' id='par_1_45' title="bbox 1885 1471 3558 1544">
     <span class='ocr_line' id='line_1_45' title="bbox 1885 1471 3558 1544; baseline -0.005 -14"><span class='ocrx_word' id='word_1_289' title='bbox 1885 1478 2009 1530; x_wconf 90' lang='lat' dir='ltr'><strong>erat</strong></span> <span class='ocrx_word' id='word_1_290' title='bbox 2036 1476 2149 1530; x_wconf 88' lang='lat' dir='ltr'><strong>ista</strong></span> <span class='ocrx_word' id='word_1_291' title='bbox 2167 1474 2487 1544; x_wconf 84' lang='lat' dir='ltr'><strong>sententia;</strong></span> <span class='ocrx_word' id='word_1_292' title='bbox 2513 1489 2646 1528; x_wconf 92' lang='lat' dir='ltr'><strong>cum</strong></span> <span class='ocrx_word' id='word_1_293' title='bbox 2676 1472 2922 1544; x_wconf 84' lang='lat' dir='ltr'><strong>direptis</strong></span> <span class='ocrx_word' id='word_1_294' title='bbox 2943 1471 3422 1526; x_wconf 88' lang='lat' dir='ltr'><strong>Christianorum</strong></span> <span class='ocrx_word' id='word_1_295' title='bbox 3440 1482 3558 1521; x_wconf 82' lang='lat' dir='ltr'><strong>om-</strong></span> 
     </span>
    </p>
   </div>
   <div class='ocr_carea' id='block_1_46' title="bbox 1886 1556 3561 1633">
    <p class='ocr_par' dir='ltr' id='par_1_46' title="bbox 1886 1556 3561 1633">
     <span class='ocr_line' id='line_1_46' title="bbox 1886 1556 3561 1633; baseline -0.005 -15"><span class='ocrx_word' id='word_1_296' title='bbox 1886 1565 2050 1619; x_wconf 90' lang='lat' dir='ltr'><strong>nium</strong></span> <span class='ocrx_word' id='word_1_297' title='bbox 2089 1562 2487 1632; x_wconf 87' lang='lat' dir='ltr'><strong>facultatibus,</strong></span> <span class='ocrx_word' id='word_1_298' title='bbox 2535 1562 2705 1633; x_wconf 89' lang='lat' dir='ltr'><strong>ipsos</strong></span> <span class='ocrx_word' id='word_1_299' title='bbox 2735 1562 2947 1616; x_wconf 88' lang='lat' dir='ltr'><strong>vitales</strong></span> <span class='ocrx_word' id='word_1_300' title='bbox 2994 1558 3295 1615; x_wconf 88' lang='lat' dir='ltr'><strong>anhelitus</strong></span> <span class='ocrx_word' id='word_1_301' title='bbox 3324 1556 3561 1612; x_wconf 89' lang='lat' dir='ltr'><strong>invide-</strong></span> 
     </span>
    </p>
   </div>
   <div class='ocr_carea' id='block_1_47' title="bbox 1885 1646 3563 1724">
    <p class='ocr_par' dir='ltr' id='par_1_47' title="bbox 1885 1646 3563 1724">
     <span class='ocr_line' id='line_1_47' title="bbox 1885 1646 3563 1724; baseline -0.005 -17"><span class='ocrx_word' id='word_1_302' title='bbox 1885 1656 2035 1724; x_wconf 89' lang='lat' dir='ltr'><strong>rent,</strong></span> <span class='ocrx_word' id='word_1_303' title='bbox 2069 1655 2126 1707; x_wconf 91' lang='lat' dir='ltr'><strong>et</strong></span> <span class='ocrx_word' id='word_1_304' title='bbox 2154 1651 2334 1707; x_wconf 91' lang='lat' dir='ltr'><strong>nullis</strong></span> <span class='ocrx_word' id='word_1_305' title='bbox 2364 1667 2617 1722; x_wconf 90' lang='lat' dir='ltr'><strong>usquam</strong></span> <span class='ocrx_word' id='word_1_306' title='bbox 2647 1654 2860 1723; x_wconf 87' lang='lat' dir='ltr'><strong>negata</strong></span> <span class='ocrx_word' id='word_1_307' title='bbox 2891 1648 3191 1704; x_wconf 89' lang='lat' dir='ltr'><strong>defunctis</strong></span> <span class='ocrx_word' id='word_1_308' title='bbox 3222 1646 3563 1701; x_wconf 87' lang='lat' dir='ltr'><strong>inhiberent</strong></span> 
     </span>
    </p>
   </div>
   <div class='ocr_carea' id='block_1_48' title="bbox 1887 1735 3563 1819">
    <p class='ocr_par' dir='ltr' id='par_1_48' title="bbox 1887 1735 3563 1819">
     <span class='ocr_line' id='line_1_48' title="bbox 1887 1735 3563 1819; baseline -0.006 -22"><span class='ocrx_word' id='word_1_309' title='bbox 1887 1757 2183 1813; x_wconf 90' lang='lat' dir='ltr'><strong>supremae</strong></span> <span class='ocrx_word' id='word_1_310' title='bbox 2200 1739 2553 1796; x_wconf 90' lang='lat' dir='ltr'><strong>commercia</strong></span> <span class='ocrx_word' id='word_1_311' title='bbox 2566 1739 2885 1819; x_wconf 77' lang='lat' dir='ltr'><strong>sepulturae</strong></span> <span class='ocrx_word' id='word_1_312' title='bbox 2896 1739 2924 1792; x_wconf 93' lang='lat'><strong>?</strong></span> <span class='ocrx_word' id='word_1_313' title='bbox 2952 1736 3115 1802; x_wconf 91' lang='lat' dir='ltr'><strong>Quos</strong></span> <span class='ocrx_word' id='word_1_314' title='bbox 3131 1735 3386 1808; x_wconf 87' lang='lat' dir='ltr'><strong>gentiles</strong></span> <span class='ocrx_word' id='word_1_315' title='bbox 3405 1749 3530 1803; x_wconf 70' lang='lat' dir='ltr'><strong>prm</strong></span> <span class='ocrx_word' id='word_1_316' title='bbox 3541 1761 3563 1774; x_wconf 87' lang='lat'><strong>-</strong></span> 
     </span>
    </p>
   </div>
   <div class='ocr_carea' id='block_1_49' title="bbox 1807 1820 3558 1918">
    <p class='ocr_par' dir='ltr' id='par_1_49' title="bbox 1807 1820 3558 1918">
     <span class='ocr_line' id='line_1_49' title="bbox 1807 1820 3558 1918; baseline -0.007 -32"><span class='ocrx_word' id='word_1_317' title='bbox 1807 1854 1860 1918; x_wconf 78' lang='grc' dir='ltr'>Β</span> <span class='ocrx_word' id='word_1_318' title='bbox 1889 1831 2221 1902; x_wconf 89' lang='lat' dir='ltr'><strong>eipitarunt,</strong></span> <span class='ocrx_word' id='word_1_319' title='bbox 2263 1829 2457 1918; x_wconf 84' lang='lat' dir='ltr'><strong>maria</strong></span> <span class='ocrx_word' id='word_1_320' title='bbox 2477 1826 2879 1881; x_wconf 90' lang='lat' dir='ltr'><strong>reddiderunt.</strong></span> <span class='ocrx_word' id='word_1_321' title='bbox 2932 1824 3099 1879; x_wconf 90' lang='lat' dir='ltr'><strong>Fidei</strong></span> <span class='ocrx_word' id='word_1_322' title='bbox 3148 1825 3263 1878; x_wconf 90' lang='lat' dir='ltr'><strong>ista</strong></span> <span class='ocrx_word' id='word_1_323' title='bbox 3308 1820 3558 1876; x_wconf 89' lang='lat' dir='ltr'><strong>victoria</strong></span> 
     </span>
    </p>
   </div>
   <div class='ocr_carea' id='block_1_50' title="bbox 1888 1913 3560 1991">
    <p class='ocr_par' dir='ltr' id='par_1_50' title="bbox 1888 1913 3560 1991">
     <span class='ocr_line' id='line_1_50' title="bbox 1888 1913 3560 1991; baseline -0.006 -16"><span class='ocrx_word' id='word_1_324' title='bbox 1888 1924 2000 1989; x_wconf 90' lang='lat' dir='ltr'><strong>est,</strong></span> <span class='ocrx_word' id='word_1_325' title='bbox 2034 1918 2192 1991; x_wconf 90' lang='lat' dir='ltr'><strong>quod</strong></span> <span class='ocrx_word' id='word_1_326' title='bbox 2209 1920 2266 1973; x_wconf 90' lang='lat' dir='ltr'><strong>et</strong></span> <span class='ocrx_word' id='word_1_327' title='bbox 2295 1918 2410 1988; x_wconf 91' lang='lat' dir='ltr'><strong>ipsi</strong></span> <span class='ocrx_word' id='word_1_328' title='bbox 2434 1916 2560 1989; x_wconf 87' lang='lat' dir='ltr'><strong>jam</strong></span> <span class='ocrx_word' id='word_1_329' title='bbox 2590 1915 2744 1970; x_wconf 89' lang='lat' dir='ltr'><strong>facta</strong></span> <span class='ocrx_word' id='word_1_330' title='bbox 2774 1913 3069 1987; x_wconf 85' lang='lat' dir='ltr'><strong>majorum</strong></span> <span class='ocrx_word' id='word_1_331' title='bbox 3100 1914 3367 1983; x_wconf 92' lang='lat' dir='ltr'><strong>carpunt,</strong></span> <span class='ocrx_word' id='word_1_332' title='bbox 3406 1925 3560 1983; x_wconf 86' lang='lat' dir='ltr'><strong>quo-</strong></span> 
     </span>
    </p>
   </div>
   <div class='ocr_carea' id='block_1_51' title="bbox 1887 2000 3562 2080">
    <p class='ocr_par' dir='ltr' id='par_1_51' title="bbox 1887 2000 3562 2080">
     <span class='ocr_line' id='line_1_51' title="bbox 1887 2000 3562 2080; baseline -0.006 -15"><span class='ocrx_word' id='word_1_333' title='bbox 1887 2026 2020 2065; x_wconf 87' lang='lat' dir='ltr'><strong>rum</strong></span> <span class='ocrx_word' id='word_1_334' title='bbox 2049 2012 2219 2080; x_wconf 90' lang='lat' dir='ltr'><strong>gesta</strong></span> <span class='ocrx_word' id='word_1_335' title='bbox 2250 2006 2688 2061; x_wconf 86' lang='lat' dir='ltr'><strong>condemnant?</strong></span> <span class='ocrx_word' id='word_1_336' title='bbox 2720 2005 2829 2059; x_wconf 90' lang='lat' dir='ltr'><strong>sed</strong></span> <span class='ocrx_word' id='word_1_337' title='bbox 2859 2019 3013 2075; x_wconf 76' lang='lat' dir='ltr'><strong>quae,</strong></span> <span class='ocrx_word' id='word_1_338' title='bbox 3047 2003 3285 2071; x_wconf 91' lang='lat' dir='ltr'><strong>malum,</strong></span> <span class='ocrx_word' id='word_1_339' title='bbox 3318 2000 3467 2054; x_wconf 90' lang='lat' dir='ltr'><strong>ratio</strong></span> <span class='ocrx_word' id='word_1_340' title='bbox 3500 2001 3562 2055; x_wconf 87' lang='lat' dir='ltr'><strong>ut</strong></span> 
     </span>
    </p>
   </div>
   <div class='ocr_carea' id='block_1_52' title="bbox 1888 2090 3555 2165">
    <p class='ocr_par' dir='ltr' id='par_1_52' title="bbox 1888 2090 3555 2165">
     <span class='ocr_line' id='line_1_52' title="bbox 1888 2090 3555 2165; baseline -0.007 -11"><span class='ocrx_word' id='word_1_341' title='bbox 1888 2114 2093 2154; x_wconf 91' lang='lat' dir='ltr'><strong>eorum</strong></span> <span class='ocrx_word' id='word_1_342' title='bbox 2123 2111 2363 2152; x_wconf 89' lang='lat' dir='ltr'><strong>munera</strong></span> <span class='ocrx_word' id='word_1_343' title='bbox 2386 2097 2604 2165; x_wconf 77' lang='lat' dir='ltr'><strong>petant,</strong></span> <span class='ocrx_word' id='word_1_344' title='bbox 2646 2108 2899 2165; x_wconf 86' lang='lat' dir='ltr'><strong>quorum</strong></span> <span class='ocrx_word' id='word_1_345' title='bbox 2929 2094 3099 2163; x_wconf 89' lang='lat' dir='ltr'><strong>gesta</strong></span> <span class='ocrx_word' id='word_1_346' title='bbox 3141 2090 3555 2144; x_wconf 89' lang='lat' dir='ltr'><strong>condemnant.</strong></span> 
     </span>
    </p>
   </div>
   <div class='ocr_carea' id='block_1_53' title="bbox 1961 2178 3564 2250">
    <p class='ocr_par' dir='ltr' id='par_1_53' title="bbox 1961 2178 3564 2250">
     <span class='ocr_line' id='line_1_53' title="bbox 1961 2178 3564 2250; baseline -0.008 -8"><span class='ocrx_word' id='word_1_347' title='bbox 1961 2185 2047 2242; x_wconf 90' lang='grc'><strong>16.</strong></span> <span class='ocrx_word' id='word_1_348' title='bbox 2072 2186 2259 2241; x_wconf 86' lang='lat' dir='ltr'><strong>Nemo</strong></span> <span class='ocrx_word' id='word_1_349' title='bbox 2272 2186 2467 2238; x_wconf 89' lang='lat' dir='ltr'><strong>tamen</strong></span> <span class='ocrx_word' id='word_1_350' title='bbox 2498 2182 2743 2237; x_wconf 91' lang='lat' dir='ltr'><strong>donaria</strong></span> <span class='ocrx_word' id='word_1_351' title='bbox 2773 2179 3064 2248; x_wconf 88' lang='lat' dir='ltr'><strong>delubris,</strong></span> <span class='ocrx_word' id='word_1_352' title='bbox 3085 2181 3142 2233; x_wconf 88' lang='lat' dir='ltr'><strong>et</strong></span> <span class='ocrx_word' id='word_1_353' title='bbox 3170 2178 3363 2250; x_wconf 90' lang='lat' dir='ltr'><strong>legata</strong></span> <span class='ocrx_word' id='word_1_354' title='bbox 3394 2191 3564 2230; x_wconf 85' lang='lat' dir='ltr'><strong>arus-</strong></span> 
     </span>
    </p>
   </div>
   <div class='ocr_carea' id='block_1_54' title="bbox 1888 2265 3566 2347">
    <p class='ocr_par' dir='ltr' id='par_1_54' title="bbox 1888 2265 3566 2347">
     <span class='ocr_line' id='line_1_54' title="bbox 1888 2265 3566 2347; baseline -0.008 -16"><span class='ocrx_word' id='word_1_355' title='bbox 1888 2276 2124 2347; x_wconf 91' lang='lat' dir='ltr'><strong>picibus</strong></span> <span class='ocrx_word' id='word_1_356' title='bbox 2163 2274 2276 2344; x_wconf 78' lang='lat'><strong>(34)</strong></span> <span class='ocrx_word' id='word_1_357' title='bbox 2308 2271 2625 2344; x_wconf 85' lang='lat' dir='ltr'><strong>denegavit</strong></span> <span class='ocrx_word' id='word_1_358' title='bbox 2657 2286 2669 2325; x_wconf 92' lang='lat'>:</span> <span class='ocrx_word' id='word_1_359' title='bbox 2706 2269 2836 2324; x_wconf 90' lang='lat' dir='ltr'><strong>sola</strong></span> <span class='ocrx_word' id='word_1_360' title='bbox 2867 2267 3101 2323; x_wconf 89' lang='lat' dir='ltr'><strong>sublata</strong></span> <span class='ocrx_word' id='word_1_361' title='bbox 3134 2268 3273 2321; x_wconf 91' lang='lat' dir='ltr'><strong>sunt</strong></span> <span class='ocrx_word' id='word_1_362' title='bbox 3301 2265 3524 2336; x_wconf 88' lang='lat' dir='ltr'><strong>praedia</strong></span> <span class='ocrx_word' id='word_1_363' title='bbox 3550 2279 3566 2333; x_wconf 88' lang='lat'><strong>;</strong></span> 
     </span>
    </p>
   </div>
   <div class='ocr_carea' id='block_1_55' title="bbox 1888 2352 3561 2437">
    <p class='ocr_par' dir='ltr' id='par_1_55' title="bbox 1888 2352 3561 2437">
     <span class='ocr_line' id='line_1_55' title="bbox 1888 2352 3561 2437; baseline -0.008 -18"><span class='ocrx_word' id='word_1_364' title='bbox 1888 2365 2026 2437; x_wconf 88' lang='lat' dir='ltr'><strong>quia</strong></span> <span class='ocrx_word' id='word_1_365' title='bbox 2072 2379 2190 2419; x_wconf 92' lang='lat' dir='ltr'><strong>non</strong></span> <span class='ocrx_word' id='word_1_366' title='bbox 2228 2361 2511 2432; x_wconf 90' lang='lat' dir='ltr'><strong>religiose</strong></span> <span class='ocrx_word' id='word_1_367' title='bbox 2543 2359 2857 2413; x_wconf 89' lang='lat' dir='ltr'><strong>utebantur</strong></span> <span class='ocrx_word' id='word_1_368' title='bbox 2903 2356 2999 2425; x_wconf 90' lang='lat' dir='ltr'><strong>iis,</strong></span> <span class='ocrx_word' id='word_1_369' title='bbox 3064 2370 3199 2426; x_wconf 56' lang='lat' dir='ltr'><strong>quae</strong></span> <span class='ocrx_word' id='word_1_370' title='bbox 3247 2352 3561 2425; x_wconf 87' lang='lat' dir='ltr'><strong>religionis</strong></span> 
     </span>
    </p>
   </div>
   <div class='ocr_carea' id='block_1_56' title="bbox 1885 2442 3567 2526">
    <p class='ocr_par' dir='ltr' id='par_1_56' title="bbox 1885 2442 3567 2526">
     <span class='ocr_line' id='line_1_56' title="bbox 1885 2442 3567 2526; baseline -0.008 -18"><span class='ocrx_word' id='word_1_371' title='bbox 1885 2453 2021 2526; x_wconf 88' lang='lat' dir='ltr'><strong>jure</strong></span> <span class='ocrx_word' id='word_1_372' title='bbox 2052 2450 2454 2506; x_wconf 85' lang='lat' dir='ltr'><strong>defenderent.</strong></span> <span class='ocrx_word' id='word_1_373' title='bbox 2488 2446 2598 2513; x_wconf 89' lang='lat' dir='ltr'><strong>Qui</strong></span> <span class='ocrx_word' id='word_1_374' title='bbox 2626 2450 2831 2502; x_wconf 91' lang='lat' dir='ltr'><strong>nostro</strong></span> <span class='ocrx_word' id='word_1_375' title='bbox 2864 2446 3109 2500; x_wconf 90' lang='lat' dir='ltr'><strong>utuntur</strong></span> <span class='ocrx_word' id='word_1_376' title='bbox 3145 2442 3439 2513; x_wconf 88' lang='lat' dir='ltr'><strong>exemplo,</strong></span> <span class='ocrx_word' id='word_1_377' title='bbox 3461 2456 3567 2496; x_wconf 88' lang='lat' dir='ltr'><strong>cur</strong></span> 
     </span>
    </p>
   </div>
   <div class='ocr_carea' id='block_1_57' title="bbox 1891 2528 3568 2601">
    <p class='ocr_par' dir='ltr' id='par_1_57' title="bbox 1891 2528 3568 2601">
     <span class='ocr_line' id='line_1_57' title="bbox 1891 2528 3568 2601; baseline -0.007 -4"><span class='ocrx_word' id='word_1_378' title='bbox 1891 2559 2010 2597; x_wconf 93' lang='lat' dir='ltr'><strong>non</strong></span> <span class='ocrx_word' id='word_1_379' title='bbox 2040 2541 2355 2596; x_wconf 86' lang='lat' dir='ltr'><strong>utebantur</strong></span> <span class='ocrx_word' id='word_1_380' title='bbox 2382 2537 2625 2592; x_wconf 79' lang='lat' dir='ltr'><strong>officio?</strong></span> <span class='ocrx_word' id='word_1_381' title='bbox 2657 2534 2820 2590; x_wconf 88' lang='lat' dir='ltr'><strong>Nihil</strong></span> <span class='ocrx_word' id='word_1_382' title='bbox 2847 2533 3120 2589; x_wconf 89' lang='lat' dir='ltr'><strong>Ecclesia</strong></span> <span class='ocrx_word' id='word_1_383' title='bbox 3172 2531 3309 2601; x_wconf 91' lang='lat' dir='ltr'><strong>sibi,</strong></span> <span class='ocrx_word' id='word_1_384' title='bbox 3343 2531 3462 2585; x_wconf 91' lang='lat' dir='ltr'><strong>nisi</strong></span> <span class='ocrx_word' id='word_1_385' title='bbox 3501 2528 3568 2586; x_wconf 79' lang='lat' dir='ltr'><strong>fl-</strong></span> 
     </span>
    </p>
   </div>
   <div class='ocr_carea' id='block_1_58' title="bbox 1892 2619 3561 2701">
    <p class='ocr_par' dir='ltr' id='par_1_58' title="bbox 1892 2619 3561 2701">
     <span class='ocr_line' id='line_1_58' title="bbox 1892 2619 3561 2701; baseline -0.008 -15"><span class='ocrx_word' id='word_1_386' title='bbox 1892 2632 2026 2687; x_wconf 90' lang='lat' dir='ltr'><strong>dem</strong></span> <span class='ocrx_word' id='word_1_387' title='bbox 2046 2628 2335 2701; x_wconf 90' lang='lat' dir='ltr'><strong>possidet.</strong></span> <span class='ocrx_word' id='word_1_388' title='bbox 2369 2627 2496 2681; x_wconf 91' lang='lat' dir='ltr'><strong>Hos</strong></span> <span class='ocrx_word' id='word_1_389' title='bbox 2547 2624 2815 2680; x_wconf 90' lang='lat' dir='ltr'><strong>redditus</strong></span> <span class='ocrx_word' id='word_1_390' title='bbox 2863 2622 3107 2694; x_wconf 87' lang='lat' dir='ltr'><strong>praebet,</strong></span> <span class='ocrx_word' id='word_1_391' title='bbox 3142 2620 3253 2676; x_wconf 91' lang='lat' dir='ltr'><strong>hos</strong></span> <span class='ocrx_word' id='word_1_392' title='bbox 3310 2619 3561 2674; x_wconf 91' lang='lat' dir='ltr'><strong>fructus.</strong></span> 
     </span>
    </p>
   </div>
   <div class='ocr_carea' id='block_1_59' title="bbox 1890 2706 3566 2783">
    <p class='ocr_par' dir='ltr' id='par_1_59' title="bbox 1890 2706 3566 2783">
     <span class='ocr_line' id='line_1_59' title="bbox 1890 2706 3566 2783; baseline -0.008 -8"><span class='ocrx_word' id='word_1_393' title='bbox 1890 2719 2215 2775; x_wconf 90' lang='lat' dir='ltr'><strong>Possessio</strong></span> <span class='ocrx_word' id='word_1_394' title='bbox 2258 2714 2546 2770; x_wconf 86' lang='lat' dir='ltr'><strong>Ecclesiae</strong></span> <span class='ocrx_word' id='word_1_395' title='bbox 2594 2716 2868 2783; x_wconf 91' lang='lat' dir='ltr'><strong>sumptus</strong></span> <span class='ocrx_word' id='word_1_396' title='bbox 2916 2714 3009 2767; x_wconf 88' lang='lat' dir='ltr'><strong>est</strong></span> <span class='ocrx_word' id='word_1_397' title='bbox 3051 2724 3377 2783; x_wconf 88' lang='lat' dir='ltr'><strong>egenorum</strong></span> <span class='ocrx_word' id='word_1_398' title='bbox 3432 2706 3566 2778; x_wconf 83' lang='lat'><strong>(35).</strong></span> 
     </span>
    </p>
   </div>
   <div class='ocr_carea' id='block_1_60' title="bbox 1892 2799 3566 2877">
    <p class='ocr_par' dir='ltr' id='par_1_60' title="bbox 1892 2799 3566 2877">
     <span class='ocr_line' id='line_1_60' title="bbox 1892 2799 3566 2877; baseline -0.008 -14"><span class='ocrx_word' id='word_1_399' title='bbox 1892 2808 2219 2864; x_wconf 89' lang='lat' dir='ltr'><strong>Numerent</strong></span> <span class='ocrx_word' id='word_1_400' title='bbox 2248 2821 2401 2877; x_wconf 88' lang='lat' dir='ltr'><strong>quos</strong></span> <span class='ocrx_word' id='word_1_401' title='bbox 2433 2802 2793 2859; x_wconf 89' lang='lat' dir='ltr'><strong>redemerint</strong></span> <span class='ocrx_word' id='word_1_402' title='bbox 2834 2799 3051 2871; x_wconf 90' lang='lat' dir='ltr'><strong>templa</strong></span> <span class='ocrx_word' id='word_1_403' title='bbox 3085 2800 3383 2869; x_wconf 87' lang='lat' dir='ltr'><strong>captivos,</strong></span> <span class='ocrx_word' id='word_1_404' title='bbox 3431 2811 3566 2867; x_wconf 67' lang='lat' dir='ltr'><strong>quis</strong></span> 
     </span>
    </p>
   </div>
   <div class='ocr_carea' id='block_1_61' title="bbox 1895 2885 3568 2962">
    <p class='ocr_par' dir='ltr' id='par_1_61' title="bbox 1895 2885 3568 2962">
     <span class='ocr_line' id='line_1_61' title="bbox 1895 2885 3568 2962; baseline -0.008 -10"><span class='ocrx_word' id='word_1_405' title='bbox 1895 2896 2249 2953; x_wconf 77' lang='lat' dir='ltr'><strong>contulerint</strong></span> <span class='ocrx_word' id='word_1_406' title='bbox 2276 2894 2550 2948; x_wconf 88' lang='lat' dir='ltr'><strong>alimenta</strong></span> <span class='ocrx_word' id='word_1_407' title='bbox 2586 2890 2970 2962; x_wconf 89' lang='lat' dir='ltr'><strong>pauperibus,</strong></span> <span class='ocrx_word' id='word_1_408' title='bbox 3013 2887 3231 2959; x_wconf 88' lang='lat' dir='ltr'><strong>quibus</strong></span> <span class='ocrx_word' id='word_1_409' title='bbox 3254 2885 3568 2941; x_wconf 85' lang='lat' dir='ltr'><strong>exsulibus</strong></span> 
     </span>
    </p>
   </div>
   <div class='ocr_carea' id='block_1_62' title="bbox 1891 2974 3564 3049">
    <p class='ocr_par' dir='ltr' id='par_1_62' title="bbox 1891 2974 3564 3049">
     <span class='ocr_line' id='line_1_62' title="bbox 1891 2974 3564 3049; baseline -0.008 -7"><span class='ocrx_word' id='word_1_410' title='bbox 1891 2985 2131 3041; x_wconf 89' lang='lat' dir='ltr'><strong>vivendi</strong></span> <span class='ocrx_word' id='word_1_411' title='bbox 2160 2982 2429 3039; x_wconf 90' lang='lat' dir='ltr'><strong>subsidia</strong></span> <span class='ocrx_word' id='word_1_412' title='bbox 2460 2980 2942 3035; x_wconf 86' lang='lat' dir='ltr'><strong>ministraverint.</strong></span> <span class='ocrx_word' id='word_1_413' title='bbox 2978 2976 3207 3033; x_wconf 64' lang='lat' dir='ltr'><strong>Praedia</strong></span> <span class='ocrx_word' id='word_1_414' title='bbox 3256 2975 3439 3049; x_wconf 88' lang='lat' dir='ltr'><strong>igitur</strong></span> <span class='ocrx_word' id='word_1_415' title='bbox 3466 2974 3564 3029; x_wconf 81' lang='lat' dir='ltr'><strong>in-</strong></span> 
     </span>
    </p>
   </div>
   <div class='ocr_carea' id='block_1_63' title="bbox 1893 3069 2803 3145">
    <p class='ocr_par' dir='ltr' id='par_1_63' title="bbox 1893 3069 2803 3145">
     <span class='ocr_line' id='line_1_63' title="bbox 1893 3069 2803 3145; baseline -0.01 -14"><span class='ocrx_word' id='word_1_416' title='bbox 1893 3077 2152 3145; x_wconf 86' lang='lat' dir='ltr'><strong>tercepta</strong></span> <span class='ocrx_word' id='word_1_417' title='bbox 2175 3073 2304 3143; x_wconf 87' lang='lat'><strong>(36),</strong></span> <span class='ocrx_word' id='word_1_418' title='bbox 2332 3087 2448 3126; x_wconf 89' lang='lat' dir='ltr'><strong>non</strong></span> <span class='ocrx_word' id='word_1_419' title='bbox 2476 3069 2612 3141; x_wconf 82' lang='lat' dir='ltr'><strong>jura</strong></span> <span class='ocrx_word' id='word_1_420' title='bbox 2642 3071 2803 3124; x_wconf 91' lang='lat' dir='ltr'><strong>sunt.</strong></span> 
     </span>
    </p>
   </div>
   <div class='ocr_carea' id='block_1_64' title="bbox 1968 3151 3566 3233">
    <p class='ocr_par' dir='ltr' id='par_1_64' title="bbox 1968 3151 3566 3233">
     <span class='ocr_line' id='line_1_64' title="bbox 1968 3151 3566 3233; baseline -0.009 -14"><span class='ocrx_word' id='word_1_421' title='bbox 1968 3166 2054 3219; x_wconf 84' lang='grc'>17.</span> <span class='ocrx_word' id='word_1_422' title='bbox 2088 3164 2174 3218; x_wconf 90' lang='lat' dir='ltr'><strong>En</strong></span> <span class='ocrx_word' id='word_1_423' title='bbox 2206 3161 2363 3233; x_wconf 80' lang='lat' dir='ltr'><strong>quod</strong></span> <span class='ocrx_word' id='word_1_424' title='bbox 2394 3160 2631 3225; x_wconf 90' lang='lat' dir='ltr'><strong>factum,</strong></span> <span class='ocrx_word' id='word_1_425' title='bbox 2666 3173 2799 3229; x_wconf 64' lang='lat' dir='ltr'><strong>quae</strong></span> <span class='ocrx_word' id='word_1_426' title='bbox 2830 3156 3000 3210; x_wconf 90' lang='lat' dir='ltr'><strong>triste</strong></span> <span class='ocrx_word' id='word_1_427' title='bbox 3032 3155 3218 3225; x_wconf 89' lang='lat' dir='ltr'><strong>piaret</strong></span> <span class='ocrx_word' id='word_1_428' title='bbox 3247 3152 3438 3222; x_wconf 89' lang='lat' dir='ltr'><strong>nefas,</strong></span> <span class='ocrx_word' id='word_1_429' title='bbox 3480 3151 3566 3206; x_wconf 90' lang='lat' dir='ltr'><strong>fa-</strong></span> 
     </span>
    </p>
   </div>
   <div class='ocr_carea' id='block_1_65' title="bbox 98 3214 3573 3324">
    <p class='ocr_par' dir='ltr' id='par_1_65' title="bbox 98 3214 3573 3324">
     <span class='ocr_line' id='line_1_65' title="bbox 98 3214 3573 3324; baseline -0.007 -4"><span class='ocrx_word' id='word_1_430' title='bbox 98 3245 304 3301; x_wconf 59' lang='lat' dir='ltr'><strong>mulus</strong></span> <span class='ocrx_word' id='word_1_431' title='bbox 334 3247 628 3318; x_wconf 60' lang='lat' dir='ltr'><strong>exeipit“?</strong></span> <span class='ocrx_word' id='word_1_432' title='bbox 655 3248 971 3319; x_wconf 68' lang='grc' dir='ltr'><strong>Ρνοῖιωιιεζ</strong></span> <span class='ocrx_word' id='word_1_433' title='bbox 1006 3214 1370 3311; x_wconf 41' lang='grc' dir='ltr'><strong>Πυηιιει837</strong></span> <span class='ocrx_word' id='word_1_434' title='bbox 1391 3246 1613 3301; x_wconf 59' lang='lat' dir='ltr'><strong>“Itium</strong></span> <span class='ocrx_word' id='word_1_435' title='bbox 1645 3214 1784 3299; x_wconf 61' lang='grc' dir='ltr'><strong>(3011ζ</strong></span> <span class='ocrx_word' id='word_1_436' title='bbox 1813 3214 1866 3279; x_wconf 78' lang='lat' dir='ltr'>c</span> <span class='ocrx_word' id='word_1_437' title='bbox 1894 3214 2054 3324; x_wconf 69' lang='lat' dir='ltr'><strong>mes,</strong></span> <span class='ocrx_word' id='word_1_438' title='bbox 2085 3214 2357 3319; x_wconf 52' lang='lat' dir='ltr'><strong>tit—aiunt,</strong></span> <span class='ocrx_word' id='word_1_439' title='bbox 2414 3214 2652 3319; x_wconf 80' lang='lat' dir='ltr'><strong>publica</strong></span> <span class='ocrx_word' id='word_1_440' title='bbox 2684 3214 3052 3313; x_wconf 63' lang='lat' dir='ltr'><strong>vindicavit;</strong></span> <span class='ocrx_word' id='word_1_441' title='bbox 3097 3242 3234 3313; x_wconf 88' lang='lat' dir='ltr'><strong>quia</strong></span> <span class='ocrx_word' id='word_1_442' title='bbox 3278 3214 3573 3295; x_wconf 39' lang='lat' dir='ltr'><strong>usui&#39;om-</strong></span> 
     </span>
    </p>
   </div>
   <div class='ocr_carea' id='block_1_66' title="bbox 102 3334 1783 3409">
    <p class='ocr_par' dir='ltr' id='par_1_66' title="bbox 102 3334 1783 3409">
     <span class='ocr_line' id='line_1_66' title="bbox 102 3334 1783 3409; baseline 0 -21"><span class='ocrx_word' id='word_1_443' title='bbox 102 3334 371 3403; x_wconf 88' lang='lat' dir='ltr'><strong>ditionis,</strong></span> <span class='ocrx_word' id='word_1_444' title='bbox 400 3335 600 3391; x_wconf 90' lang='lat' dir='ltr'><strong>nullus</strong></span> <span class='ocrx_word' id='word_1_445' title='bbox 629 3337 919 3409; x_wconf 88' lang='lat' dir='ltr'><strong>prodigus</strong></span> <span class='ocrx_word' id='word_1_446' title='bbox 955 3336 1369 3404; x_wconf 83' lang='lat' dir='ltr'><strong>verecundiae;</strong></span> <span class='ocrx_word' id='word_1_447' title='bbox 1403 3335 1518 3390; x_wconf 92' lang='lat' dir='ltr'><strong>soli</strong></span> <span class='ocrx_word' id='word_1_448' title='bbox 1547 3351 1622 3389; x_wconf 89' lang='lat' dir='ltr'><strong>ex</strong></span> <span class='ocrx_word' id='word_1_449' title='bbox 1653 3350 1783 3389; x_wconf 89' lang='lat' dir='ltr'><strong>om-</strong></span> 
     </span>
    </p>
   </div>
   <div class='ocr_carea' id='block_1_67' title="bbox 101 3424 1773 3496">
    <p class='ocr_par' dir='ltr' id='par_1_67' title="bbox 101 3424 1773 3496">
     <span class='ocr_line' id='line_1_67' title="bbox 101 3424 1773 3496; baseline -0.001 -18"><span class='ocrx_word' id='word_1_450' title='bbox 101 3424 285 3479; x_wconf 89' lang='lat' dir='ltr'><strong>nibus</strong></span> <span class='ocrx_word' id='word_1_451' title='bbox 298 3424 515 3480; x_wconf 90' lang='lat' dir='ltr'><strong>clerico</strong></span> <span class='ocrx_word' id='word_1_452' title='bbox 532 3440 841 3480; x_wconf 91' lang='lat' dir='ltr'><strong>commune</strong></span> <span class='ocrx_word' id='word_1_453' title='bbox 865 3424 973 3496; x_wconf 85' lang='lat' dir='ltr'><strong>jus</strong></span> <span class='ocrx_word' id='word_1_454' title='bbox 990 3425 1301 3494; x_wconf 90' lang='lat' dir='ltr'><strong>clauditur,</strong></span> <span class='ocrx_word' id='word_1_455' title='bbox 1313 3440 1360 3492; x_wconf 49' lang='lat' dir='ltr'><strong>,a</strong></span> <span class='ocrx_word' id='word_1_456' title='bbox 1381 3440 1499 3496; x_wconf 90' lang='lat' dir='ltr'><strong>quo</strong></span> <span class='ocrx_word' id='word_1_457' title='bbox 1515 3424 1647 3478; x_wconf 92' lang='lat' dir='ltr'><strong>solo</strong></span> <span class='ocrx_word' id='word_1_458' title='bbox 1665 3438 1773 3493; x_wconf 91' lang='lat' dir='ltr'><strong>pro</strong></span> 
     </span>
    </p>
   </div>
   <div class='ocr_carea' id='block_1_68' title="bbox 105 3512 1788 3583">
    <p class='ocr_par' dir='ltr' id='par_1_68' title="bbox 105 3512 1788 3583">
     <span class='ocr_line' id='line_1_68' title="bbox 105 3512 1788 3583; baseline -0.002 -15"><span class='ocrx_word' id='word_1_459' title='bbox 105 3513 385 3569; x_wconf 90' lang='lat' dir='ltr'><strong>omnibus</strong></span> <span class='ocrx_word' id='word_1_460' title='bbox 416 3516 615 3569; x_wconf 91' lang='lat' dir='ltr'><strong>votum</strong></span> <span class='ocrx_word' id='word_1_461' title='bbox 637 3529 946 3569; x_wconf 89' lang='lat' dir='ltr'><strong>commune</strong></span> <span class='ocrx_word' id='word_1_462' title='bbox 976 3514 1323 3583; x_wconf 88' lang='lat' dir='ltr'><strong>suscipitur,</strong></span> <span class='ocrx_word' id='word_1_463' title='bbox 1344 3512 1609 3567; x_wconf 75' lang='lat' dir='ltr'><strong>ofﬁcium</strong></span> <span class='ocrx_word' id='word_1_464' title='bbox 1625 3527 1788 3567; x_wconf 89' lang='lat' dir='ltr'><strong>com-</strong></span> 
     </span>
    </p>
   </div>
   <div class='ocr_carea' id='block_1_69' title="bbox 102 3600 1768 3674">
    <p class='ocr_par' dir='ltr' id='par_1_69' title="bbox 102 3600 1768 3674">
     <span class='ocr_line' id='line_1_69' title="bbox 102 3600 1768 3674; baseline -0.002 -17"><span class='ocrx_word' id='word_1_465' title='bbox 102 3617 280 3657; x_wconf 90' lang='lat' dir='ltr'><strong>mune</strong></span> <span class='ocrx_word' id='word_1_466' title='bbox 301 3602 565 3658; x_wconf 87' lang='lat' dir='ltr'><strong>defertur</strong></span> <span class='ocrx_word' id='word_1_467' title='bbox 588 3619 599 3658; x_wconf 94' lang='lat'>:</span> <span class='ocrx_word' id='word_1_468' title='bbox 624 3602 783 3658; x_wconf 90' lang='lat' dir='ltr'><strong>nulla</strong></span> <span class='ocrx_word' id='word_1_469' title='bbox 798 3603 990 3674; x_wconf 87' lang='lat' dir='ltr'><strong>legata</strong></span> <span class='ocrx_word' id='word_1_470' title='bbox 1010 3603 1104 3657; x_wconf 89' lang='lat' dir='ltr'><strong>vel</strong></span> <span class='ocrx_word' id='word_1_471' title='bbox 1127 3602 1401 3674; x_wconf 89' lang='lat' dir='ltr'><strong>gravium</strong></span> <span class='ocrx_word' id='word_1_472' title='bbox 1433 3600 1768 3670; x_wconf 90' lang='lat' dir='ltr'><strong>viduarum,</strong></span> 
     </span>
    </p>
   </div>
   <div class='ocr_carea' id='block_1_70' title="bbox 106 3689 1787 3761">
    <p class='ocr_par' dir='ltr' id='par_1_70' title="bbox 106 3689 1787 3761">
     <span class='ocr_line' id='line_1_70' title="bbox 106 3689 1787 3761; baseline -0.002 -15"><span class='ocrx_word' id='word_1_473' title='bbox 106 3691 266 3746; x_wconf 88' lang='lat' dir='ltr'><strong>nulla</strong></span> <span class='ocrx_word' id='word_1_474' title='bbox 296 3692 553 3747; x_wconf 89' lang='lat' dir='ltr'><strong>donatio.</strong></span> <span class='ocrx_word' id='word_1_475' title='bbox 588 3691 656 3746; x_wconf 90' lang='lat' dir='ltr'><strong>Et</strong></span> <span class='ocrx_word' id='word_1_476' title='bbox 686 3691 788 3746; x_wconf 91' lang='lat' dir='ltr'><strong>ubi</strong></span> <span class='ocrx_word' id='word_1_477' title='bbox 817 3693 877 3745; x_wconf 92' lang='lat' dir='ltr'><strong>in</strong></span> <span class='ocrx_word' id='word_1_478' title='bbox 908 3691 1177 3746; x_wconf 92' lang='lat' dir='ltr'><strong>moribus</strong></span> <span class='ocrx_word' id='word_1_479' title='bbox 1211 3690 1383 3761; x_wconf 89' lang='lat' dir='ltr'><strong>culpa</strong></span> <span class='ocrx_word' id='word_1_480' title='bbox 1411 3705 1531 3744; x_wconf 90' lang='lat' dir='ltr'><strong>non</strong></span> <span class='ocrx_word' id='word_1_481' title='bbox 1568 3689 1787 3759; x_wconf 89' lang='lat' dir='ltr'><strong>depre-</strong></span> 
     </span>
    </p>
   </div>
   <div class='ocr_carea' id='block_1_71' title="bbox 181 3812 1786 3888">
    <p class='ocr_par' dir='ltr' id='par_1_71' title="bbox 181 3812 1786 3888">
     <span class='ocr_line' id='line_1_71' title="bbox 181 3812 1786 3888; baseline -0.004 -16"><span class='ocrx_word' id='word_1_482' title='bbox 181 3816 293 3888; x_wconf 78' lang='grc'>(26)</span> <span class='ocrx_word' id='word_1_483' title='bbox 322 3817 540 3872; x_wconf 88' lang='lat' dir='ltr'><strong>Omnes</strong></span> <span class='ocrx_word' id='word_1_484' title='bbox 574 3817 734 3885; x_wconf 92' lang='lat' dir='ltr'><strong>edit.,</strong></span> <span class='ocrx_word' id='word_1_485' title='bbox 774 3839 796 3863; x_wconf 76' lang='grc' dir='ltr'><strong><em>α</em></strong></span> <span class='ocrx_word' id='word_1_486' title='bbox 829 3819 1106 3888; x_wconf 89' lang='lat' dir='ltr'><strong>tanquam</strong></span> <span class='ocrx_word' id='word_1_487' title='bbox 1136 3816 1197 3869; x_wconf 91' lang='lat' dir='ltr'><strong>in</strong></span> <span class='ocrx_word' id='word_1_488' title='bbox 1227 3816 1588 3888; x_wconf 81' lang='lat' dir='ltr'><strong>auctione._.._</strong></span> <span class='ocrx_word' id='word_1_489' title='bbox 1616 3812 1786 3888; x_wconf 58' lang='lat' dir='ltr'><strong>solli:-</strong></span> 
     </span>
    </p>
   </div>
   <div class='ocr_carea' id='block_1_72' title="bbox 110 3884 1784 3957">
    <p class='ocr_par' dir='ltr' id='par_1_72' title="bbox 110 3884 1784 3957">
     <span class='ocr_line' id='line_1_72' title="bbox 110 3884 1784 3957; baseline -0.003 -15"><span class='ocrx_word' id='word_1_490' title='bbox 110 3884 352 3957; x_wconf 83' lang='lat' dir='ltr'><strong>citatur;</strong></span> <span class='ocrx_word' id='word_1_491' title='bbox 390 3910 411 3937; x_wconf 82' lang='grc'><strong>»</strong></span> <span class='ocrx_word' id='word_1_492' title='bbox 449 3904 656 3942; x_wconf 88' lang='lat' dir='ltr'><strong>omnes</strong></span> <span class='ocrx_word' id='word_1_493' title='bbox 686 3884 834 3942; x_wconf 90' lang='lat' dir='ltr'><strong>mss.</strong></span> <span class='ocrx_word' id='word_1_494' title='bbox 871 3884 1185 3942; x_wconf 83' lang='lat' dir='ltr'><strong>nobiscum</strong></span> <span class='ocrx_word' id='word_1_495' title='bbox 1219 3886 1457 3950; x_wconf 88' lang='lat' dir='ltr'><strong>faciunt,</strong></span> <span class='ocrx_word' id='word_1_496' title='bbox 1476 3885 1593 3938; x_wconf 90' lang='lat' dir='ltr'><strong>nisi</strong></span> <span class='ocrx_word' id='word_1_497' title='bbox 1623 3884 1784 3955; x_wconf 90' lang='lat' dir='ltr'><strong>quod</strong></span> 
     </span>
    </p>
   </div>
   <div class='ocr_carea' id='block_1_73' title="bbox 108 3957 1654 4040">
    <p class='ocr_par' dir='ltr' id='par_1_73' title="bbox 108 3957 1654 4040">
     <span class='ocr_line' id='line_1_73' title="bbox 108 3957 1654 4040; baseline -0.002 -28"><span class='ocrx_word' id='word_1_498' title='bbox 108 3959 536 4040; x_wconf 41' lang='lat' dir='ltr'><strong>profectione,</strong></span> <span class='ocrx_word' id='word_1_499' title='bbox 554 3958 885 4040; x_wconf 46' lang='lat' dir='ltr'><strong>unus.legit</strong></span> <span class='ocrx_word' id='word_1_500' title='bbox 914 3959 1164 4040; x_wconf 66' lang='lat' dir='ltr'><strong>actione,</strong></span> <span class='ocrx_word' id='word_1_501' title='bbox 1185 3957 1335 4040; x_wconf 76' lang='lat' dir='ltr'><strong>alter</strong></span> <span class='ocrx_word' id='word_1_502' title='bbox 1363 3957 1654 4040; x_wconf 57' lang='lat' dir='ltr'><strong>cautione.</strong></span> 
     </span>
    </p>
   </div>
   <div class='ocr_carea' id='block_1_74' title="bbox 180 4025 1787 4100">
    <p class='ocr_par' dir='ltr' id='par_1_74' title="bbox 180 4025 1787 4100">
     <span class='ocr_line' id='line_1_74' title="bbox 180 4025 1787 4100; baseline -0.004 -15"><span class='ocrx_word' id='word_1_503' title='bbox 180 4031 296 4099; x_wconf 86' lang='lat'><strong>(30)</strong></span> <span class='ocrx_word' id='word_1_504' title='bbox 326 4030 544 4086; x_wconf 91' lang='lat' dir='ltr'><strong>Volunt</strong></span> <span class='ocrx_word' id='word_1_505' title='bbox 572 4031 670 4084; x_wconf 91' lang='lat' dir='ltr'><strong>hic</strong></span> <span class='ocrx_word' id='word_1_506' title='bbox 700 4025 1006 4100; x_wconf 76' lang='lat' dir='ltr'><strong>designari</strong></span> <span class='ocrx_word' id='word_1_507' title='bbox 1045 4028 1118 4082; x_wconf 90' lang='lat' dir='ltr'><strong>ab</strong></span> <span class='ocrx_word' id='word_1_508' title='bbox 1152 4025 1488 4100; x_wconf 70' lang='lat' dir='ltr'><strong>Ambrosio</strong></span> <span class='ocrx_word' id='word_1_509' title='bbox 1531 4025 1787 4080; x_wconf 90' lang='lat' dir='ltr'><strong>Valenti-</strong></span> 
     </span>
    </p>
   </div>
   <div class='ocr_carea' id='block_1_75' title="bbox 108 4099 1787 4172">
    <p class='ocr_par' dir='ltr' id='par_1_75' title="bbox 108 4099 1787 4172">
     <span class='ocr_line' id='line_1_75' title="bbox 108 4099 1787 4172; baseline -0.005 -15"><span class='ocrx_word' id='word_1_510' title='bbox 108 4102 267 4157; x_wconf 90' lang='lat' dir='ltr'><strong>niani</strong></span> <span class='ocrx_word' id='word_1_511' title='bbox 306 4101 503 4172; x_wconf 90' lang='lat' dir='ltr'><strong>legem</strong></span> <span class='ocrx_word' id='word_1_512' title='bbox 545 4102 616 4155; x_wconf 75' lang='lat'><strong>20</strong></span> <span class='ocrx_word' id='word_1_513' title='bbox 638 4143 652 4168; x_wconf 90' lang='lat'><strong>,</strong></span> <span class='ocrx_word' id='word_1_514' title='bbox 687 4101 758 4155; x_wconf 91' lang='lat' dir='ltr'><strong>de</strong></span> <span class='ocrx_word' id='word_1_515' title='bbox 790 4099 1121 4172; x_wconf 80' lang='lat' dir='ltr'><strong>episcopis,</strong></span> <span class='ocrx_word' id='word_1_516' title='bbox 1164 4103 1274 4172; x_wconf 80' lang='lat' dir='ltr'><strong>etc.</strong></span> <span class='ocrx_word' id='word_1_517' title='bbox 1302 4140 1316 4167; x_wconf 90' lang='lat'><strong>,</strong></span> <span class='ocrx_word' id='word_1_518' title='bbox 1362 4099 1436 4172; x_wconf 80' lang='lat' dir='ltr'><strong>ad</strong></span> <span class='ocrx_word' id='word_1_519' title='bbox 1468 4099 1787 4172; x_wconf 83' lang='lat' dir='ltr'><strong>Damasum</strong></span> 
     </span>
    </p>
   </div>
   <div class='ocr_carea' id='block_1_76' title="bbox 151 4167 1779 4241">
    <p class='ocr_par' dir='ltr' id='par_1_76' title="bbox 151 4167 1779 4241">
     <span class='ocr_line' id='line_1_76' title="bbox 151 4167 1779 4241; baseline -0.004 -14"><span class='ocrx_word' id='word_1_520' title='bbox 151 4175 269 4227; x_wconf 88' lang='lat' dir='ltr'><strong>out.</strong></span> <span class='ocrx_word' id='word_1_521' title='bbox 310 4167 479 4227; x_wconf 76' lang='lat' dir='ltr'><strong>Rom.</strong></span> <span class='ocrx_word' id='word_1_522' title='bbox 512 4167 882 4239; x_wconf 82' lang='lat' dir='ltr'><strong>destinatam,</strong></span> <span class='ocrx_word' id='word_1_523' title='bbox 918 4167 1032 4241; x_wconf 79' lang='lat' dir='ltr'><strong>qua</strong></span> <span class='ocrx_word' id='word_1_524' title='bbox 1064 4169 1136 4223; x_wconf 91' lang='lat' dir='ltr'><strong>de</strong></span> <span class='ocrx_word' id='word_1_525' title='bbox 1168 4169 1319 4241; x_wconf 82' lang='lat' dir='ltr'><strong>facto</strong></span> <span class='ocrx_word' id='word_1_526' title='bbox 1345 4169 1548 4241; x_wconf 76' lang='lat' dir='ltr'><strong>clerici</strong></span> <span class='ocrx_word' id='word_1_527' title='bbox 1578 4167 1779 4241; x_wconf 87' lang='lat' dir='ltr'><strong>prohi-</strong></span> 
     </span>
    </p>
   </div>
   <div class='ocr_carea' id='block_1_77' title="bbox 109 4191 1779 4312">
    <p class='ocr_par' dir='ltr' id='par_1_77' title="bbox 109 4191 1779 4312">
     <span class='ocr_line' id='line_1_77' title="bbox 109 4191 1779 4299; baseline -0.004 -72"><span class='ocrx_word' id='word_1_528' title='bbox 109 4191 269 4299; x_wconf 59' lang='grc' dir='ltr'><strong>Εοῐιῐ.</strong></span> <span class='ocrx_word' id='word_1_529' title='bbox 311 4191 479 4227; x_wconf 75' lang='lat' dir='ltr'><strong>nom.</strong></span> <span class='ocrx_word' id='word_1_530' title='bbox 512 4191 882 4239; x_wconf 81' lang='lat' dir='ltr'><strong>aesnnatum,</strong></span> <span class='ocrx_word' id='word_1_531' title='bbox 918 4191 1032 4241; x_wconf 79' lang='lat' dir='ltr'><strong>qua</strong></span> <span class='ocrx_word' id='word_1_532' title='bbox 1064 4191 1136 4223; x_wconf 76' lang='lat' dir='ltr'><strong>UB</strong></span> <span class='ocrx_word' id='word_1_533' title='bbox 1168 4191 1319 4223; x_wconf 74' lang='lat' dir='ltr'><strong>[aeto</strong></span> <span class='ocrx_word' id='word_1_534' title='bbox 1345 4191 1548 4223; x_wconf 73' lang='lat' dir='ltr'><strong>ClBI‘lCl</strong></span> <span class='ocrx_word' id='word_1_535' title='bbox 1580 4191 1779 4237; x_wconf 75' lang='lat' dir='ltr'><strong>pl&#39;Ulll-</strong></span> 
     </span>
     <span class='ocr_line' id='line_1_78' title="bbox 152 4239 1779 4312; baseline -0.004 -15"><span class='ocrx_word' id='word_1_536' title='bbox 152 4247 327 4299; x_wconf 88' lang='lat' dir='ltr'><strong>entur</strong></span> <span class='ocrx_word' id='word_1_537' title='bbox 354 4259 388 4296; x_wconf 90' lang='lat' dir='ltr'><strong>a</strong></span> <span class='ocrx_word' id='word_1_538' title='bbox 417 4244 533 4312; x_wconf 90' lang='lat' dir='ltr'><strong>piis</strong></span> <span class='ocrx_word' id='word_1_539' title='bbox 565 4242 935 4309; x_wconf 89' lang='lat' dir='ltr'><strong>mulieribus,</strong></span> <span class='ocrx_word' id='word_1_540' title='bbox 967 4256 1100 4312; x_wconf 67' lang='lat' dir='ltr'><strong>quae</strong></span> <span class='ocrx_word' id='word_1_541' title='bbox 1130 4255 1197 4294; x_wconf 92' lang='lat' dir='ltr'><strong>se</strong></span> <span class='ocrx_word' id='word_1_542' title='bbox 1216 4239 1779 4312; x_wconf 83' lang='lat' dir='ltr'><strong>_illisadjunxerint,</strong></span> 
     </span>
    </p>
   </div>
   <div class='ocr_carea' id='block_1_78' title="bbox 114 4309 1786 4385">
    <p class='ocr_par' dir='ltr' id='par_1_78' title="bbox 114 4309 1786 4385">
     <span class='ocr_line' id='line_1_79' title="bbox 114 4309 1786 4385; baseline -0.005 -14"><span class='ocrx_word' id='word_1_543' title='bbox 114 4309 464 4371; x_wconf 75' lang='lat' dir='ltr'><strong>testamento</strong></span> <span class='ocrx_word' id='word_1_544' title='bbox 513 4314 835 4385; x_wconf 89' lang='lat' dir='ltr'><strong>quidquam</strong></span> <span class='ocrx_word' id='word_1_545' title='bbox 871 4309 1162 4385; x_wconf 78' lang='lat' dir='ltr'><strong>accipere.</strong></span> <span class='ocrx_word' id='word_1_546' title='bbox 1202 4309 1610 4385; x_wconf 65' lang='lat' dir='ltr'><strong>Quodautem</strong></span> <span class='ocrx_word' id='word_1_547' title='bbox 1635 4310 1786 4385; x_wconf 85' lang='lat' dir='ltr'><strong>_Am-</strong></span> 
     </span>
    </p>
   </div>
   <div class='ocr_carea' id='block_1_79' title="bbox 115 4380 1788 4454">
    <p class='ocr_par' dir='ltr' id='par_1_79' title="bbox 115 4380 1788 4454">
     <span class='ocr_line' id='line_1_80' title="bbox 115 4380 1788 4454; baseline -0.005 -13"><span class='ocrx_word' id='word_1_548' title='bbox 115 4388 358 4442; x_wconf 87' lang='lat' dir='ltr'><strong>brosius</strong></span> <span class='ocrx_word' id='word_1_549' title='bbox 389 4380 758 4452; x_wconf 74' lang='lat' dir='ltr'><strong>detrimento,</strong></span> <span class='ocrx_word' id='word_1_550' title='bbox 801 4383 959 4454; x_wconf 91' lang='lat' dir='ltr'><strong>quod</strong></span> <span class='ocrx_word' id='word_1_551' title='bbox 991 4380 1197 4454; x_wconf 83' lang='lat' dir='ltr'><strong>eadem</strong></span> <span class='ocrx_word' id='word_1_552' title='bbox 1226 4381 1323 4434; x_wconf 85' lang='lat' dir='ltr'><strong>lex</strong></span> <span class='ocrx_word' id='word_1_553' title='bbox 1354 4380 1592 4454; x_wconf 73' lang='lat' dir='ltr'><strong>clericis</strong></span> <span class='ocrx_word' id='word_1_554' title='bbox 1632 4380 1788 4433; x_wconf 92' lang='lat' dir='ltr'><strong>irro-</strong></span> 
     </span>
    </p>
   </div>
   <div class='ocr_carea' id='block_1_80' title="bbox 117 4451 1787 4529">
    <p class='ocr_par' dir='ltr' id='par_1_80' title="bbox 117 4451 1787 4529">
     <span class='ocr_line' id='line_1_81' title="bbox 117 4451 1787 4529; baseline -0.005 -17"><span class='ocrx_word' id='word_1_555' title='bbox 117 4459 310 4529; x_wconf 86' lang='lat' dir='ltr'><strong>gabat,</strong></span> <span class='ocrx_word' id='word_1_556' title='bbox 344 4472 411 4511; x_wconf 92' lang='lat' dir='ltr'><strong>se</strong></span> <span class='ocrx_word' id='word_1_557' title='bbox 442 4472 561 4511; x_wconf 89' lang='lat' dir='ltr'><strong>non</strong></span> <span class='ocrx_word' id='word_1_558' title='bbox 591 4451 1223 4529; x_wconf 49' lang='lat' dir='ltr'><strong>moveri—testiﬁcatur,</strong></span> <span class='ocrx_word' id='word_1_559' title='bbox 1264 4468 1396 4529; x_wconf 72' lang='lat' dir='ltr'><strong>cum</strong></span> <span class='ocrx_word' id='word_1_560' title='bbox 1427 4451 1787 4529; x_wconf 56' lang='lat' dir='ltr'><strong>Hieronymo</strong></span> 
     </span>
    </p>
   </div>
   <div class='ocr_carea' id='block_1_81' title="bbox 115 4522 1789 4597">
    <p class='ocr_par' dir='ltr' id='par_1_81' title="bbox 115 4522 1789 4597">
     <span class='ocr_line' id='line_1_82' title="bbox 115 4522 1789 4597; baseline -0.005 -14"><span class='ocrx_word' id='word_1_561' title='bbox 115 4522 357 4597; x_wconf 69' lang='lat' dir='ltr'><strong>pulchre</strong></span> <span class='ocrx_word' id='word_1_562' title='bbox 390 4528 685 4582; x_wconf 91' lang='lat' dir='ltr'><strong>consentit</strong></span> <span class='ocrx_word' id='word_1_563' title='bbox 714 4542 726 4581; x_wconf 92' lang='lat'>:</span> <span class='ocrx_word' id='word_1_564' title='bbox 754 4526 863 4580; x_wconf 93' lang='lat' dir='ltr'><strong>sed</strong></span> <span class='ocrx_word' id='word_1_565' title='bbox 910 4525 1107 4597; x_wconf 17' lang='lat' dir='ltr'><strong>hicise</strong></span> <span class='ocrx_word' id='word_1_566' title='bbox 1140 4522 1404 4594; x_wconf 87' lang='lat' dir='ltr'><strong>graviter</strong></span> <span class='ocrx_word' id='word_1_567' title='bbox 1433 4522 1639 4597; x_wconf 80' lang='lat' dir='ltr'><strong>dolere</strong></span> <span class='ocrx_word' id='word_1_568' title='bbox 1669 4537 1789 4597; x_wconf 82' lang='lat' dir='ltr'><strong>non</strong></span> 
     </span>
    </p>
   </div>
   <div class='ocr_carea' id='block_1_82' title="bbox 119 4592 1791 4669">
    <p class='ocr_par' dir='ltr' id='par_1_82' title="bbox 119 4592 1791 4669">
     <span class='ocr_line' id='line_1_83' title="bbox 119 4592 1791 4669; baseline -0.004 -17"><span class='ocrx_word' id='word_1_569' title='bbox 119 4592 466 4668; x_wconf 78' lang='lat' dir='ltr'><strong>dissimulat,</strong></span> <span class='ocrx_word' id='word_1_570' title='bbox 501 4598 660 4669; x_wconf 89' lang='lat' dir='ltr'><strong>quod</strong></span> <span class='ocrx_word' id='word_1_571' title='bbox 699 4597 887 4651; x_wconf 88' lang='lat' dir='ltr'><strong>eidem</strong></span> <span class='ocrx_word' id='word_1_572' title='bbox 910 4595 1029 4666; x_wconf 89' lang='lat' dir='ltr'><strong>legi</strong></span> <span class='ocrx_word' id='word_1_573' title='bbox 1054 4592 1308 4669; x_wconf 34' lang='lat' dir='ltr'><strong>causam.</strong></span> <span class='ocrx_word' id='word_1_574' title='bbox 1328 4592 1655 4669; x_wconf 60' lang='lat' dir='ltr'><strong>praebuerit</strong></span> <span class='ocrx_word' id='word_1_575' title='bbox 1678 4593 1791 4669; x_wconf 82' lang='lat' dir='ltr'><strong>cle-</strong></span> 
     </span>
    </p>
   </div>
   <div class='ocr_carea' id='block_1_83' title="bbox 119 4662 1790 4738">
    <p class='ocr_par' dir='ltr' id='par_1_83' title="bbox 119 4662 1790 4738">
     <span class='ocr_line' id='line_1_84' title="bbox 119 4662 1790 4738; baseline -0.004 -15"><span class='ocrx_word' id='word_1_576' title='bbox 119 4672 376 4725; x_wconf 83' lang='lat' dir='ltr'><strong>rieorum</strong></span> <span class='ocrx_word' id='word_1_577' title='bbox 406 4662 668 4723; x_wconf 75' lang='lat' dir='ltr'><strong>avaritia.</strong></span> <span class='ocrx_word' id='word_1_578' title='bbox 702 4669 863 4738; x_wconf 88' lang='lat' dir='ltr'><strong>Lege</strong></span> <span class='ocrx_word' id='word_1_579' title='bbox 901 4662 1224 4720; x_wconf 73' lang='lat' dir='ltr'><strong>secundam</strong></span> <span class='ocrx_word' id='word_1_580' title='bbox 1254 4662 1527 4734; x_wconf 84' lang='lat' dir='ltr'><strong>ejusdem</strong></span> <span class='ocrx_word' id='word_1_581' title='bbox 1567 4663 1790 4733; x_wconf 86' lang='lat' dir='ltr'><strong>episto-</strong></span> 
     </span>
    </p>
   </div>
   <div class='ocr_carea' id='block_1_84' title="bbox 120 4739 899 4796">
    <p class='ocr_par' dir='ltr' id='par_1_84' title="bbox 120 4739 899 4796">
     <span class='ocr_line' id='line_1_85' title="bbox 120 4739 899 4796; baseline -0.003 -3"><span class='ocrx_word' id='word_1_582' title='bbox 120 4739 227 4796; x_wconf 89' lang='lat' dir='ltr'><strong>lam</strong></span> <span class='ocrx_word' id='word_1_583' title='bbox 260 4742 335 4795; x_wconf 87' lang='lat' dir='ltr'><strong>de</strong></span> <span class='ocrx_word' id='word_1_584' title='bbox 366 4741 482 4794; x_wconf 89' lang='lat' dir='ltr'><strong>vita</strong></span> <span class='ocrx_word' id='word_1_585' title='bbox 514 4739 899 4793; x_wconf 87' lang='lat' dir='ltr'><strong>Clericorum.</strong></span> 
     </span>
    </p>
   </div>
   <div class='ocr_carea' id='block_1_85' title="bbox 179 4803 1789 4881">
    <p class='ocr_par' dir='ltr' id='par_1_85' title="bbox 179 4803 1789 4881">
     <span class='ocr_line' id='line_1_86' title="bbox 179 4803 1789 4881; baseline -0.005 -15"><span class='ocrx_word' id='word_1_586' title='bbox 179 4813 297 4881; x_wconf 90' lang='grc'>(31)</span> <span class='ocrx_word' id='word_1_587' title='bbox 330 4812 412 4865; x_wconf 89' lang='lat' dir='ltr'><strong>De</strong></span> <span class='ocrx_word' id='word_1_588' title='bbox 469 4826 649 4866; x_wconf 91' lang='lat' dir='ltr'><strong>onere</strong></span> <span class='ocrx_word' id='word_1_589' title='bbox 679 4809 886 4864; x_wconf 90' lang='lat' dir='ltr'><strong>curiali</strong></span> <span class='ocrx_word' id='word_1_590' title='bbox 933 4807 1160 4861; x_wconf 88' lang='lat' dir='ltr'><strong>dicetur</strong></span> <span class='ocrx_word' id='word_1_591' title='bbox 1204 4803 1580 4861; x_wconf 91' lang='lat' dir='ltr'><strong>commodius</strong></span> <span class='ocrx_word' id='word_1_592' title='bbox 1614 4804 1789 4875; x_wconf 90' lang='lat' dir='ltr'><strong>epist.</strong></span> 
     </span>
    </p>
   </div>
   <div class='ocr_carea' id='block_1_86' title="bbox 123 4882 643 4938">
    <p class='ocr_par' dir='ltr' id='par_1_86' title="bbox 123 4882 643 4938">
     <span class='ocr_line' id='line_1_87' title="bbox 123 4882 643 4938; baseline -0.002 -3"><span class='ocrx_word' id='word_1_593' title='bbox 123 4884 183 4938; x_wconf 88' lang='lat' dir='ltr'><strong>ad</strong></span> <span class='ocrx_word' id='word_1_594' title='bbox 216 4882 643 4937; x_wconf 87' lang='lat' dir='ltr'><strong>Theodosium.</strong></span> 
     </span>
    </p>
   </div>
   <div class='ocr_carea' id='block_1_87' title="bbox 183 4945 1790 5024">
    <p class='ocr_par' dir='ltr' id='par_1_87' title="bbox 183 4945 1790 5024">
     <span class='ocr_line' id='line_1_88' title="bbox 183 4945 1790 5024; baseline -0.007 -15"><span class='ocrx_word' id='word_1_595' title='bbox 183 4956 297 5023; x_wconf 77' lang='lat'><strong>(32)</strong></span> <span class='ocrx_word' id='word_1_596' title='bbox 328 4953 600 5024; x_wconf 88' lang='lat' dir='ltr'><strong>Intellige</strong></span> <span class='ocrx_word' id='word_1_597' title='bbox 630 4950 951 5024; x_wconf 77' lang='lat' dir='ltr'><strong>Theodosii</strong></span> <span class='ocrx_word' id='word_1_598' title='bbox 982 4949 1121 5024; x_wconf 54' lang='lat' dir='ltr'><strong>leg:_</strong></span> <span class='ocrx_word' id='word_1_599' title='bbox 1156 4948 1262 5024; x_wconf 75' lang='grc'><strong>104</strong></span> <span class='ocrx_word' id='word_1_600' title='bbox 1313 4947 1385 5001; x_wconf 92' lang='lat' dir='ltr'><strong>de</strong></span> <span class='ocrx_word' id='word_1_601' title='bbox 1426 4945 1790 5024; x_wconf 81' lang='lat' dir='ltr'><strong>_Dec_urioni-</strong></span> 
     </span>
    </p>
   </div>
   <div class='ocr_carea' id='block_1_88' title="bbox 122 5016 1792 5095">
    <p class='ocr_par' dir='ltr' id='par_1_88' title="bbox 122 5016 1792 5095">
     <span class='ocr_line' id='line_1_89' title="bbox 122 5016 1792 5095; baseline -0.005 -18"><span class='ocrx_word' id='word_1_602' title='bbox 122 5016 258 5092; x_wconf 79' lang='lat' dir='ltr'><strong>bus;</strong></span> <span class='ocrx_word' id='word_1_603' title='bbox 280 5016 364 5079; x_wconf 49' lang='lat' dir='ltr'><strong>&#39;de</strong></span> <span class='ocrx_word' id='word_1_604' title='bbox 395 5040 510 5095; x_wconf 91' lang='lat' dir='ltr'><strong>qua</strong></span> <span class='ocrx_word' id='word_1_605' title='bbox 525 5016 714 5079; x_wconf 54' lang='lat' dir='ltr'><strong>Etiam</strong></span> <span class='ocrx_word' id='word_1_606' title='bbox 753 5024 862 5077; x_wconf 89' lang='lat' dir='ltr'><strong>erit</strong></span> <span class='ocrx_word' id='word_1_607' title='bbox 892 5016 1125 5075; x_wconf 78' lang='lat' dir='ltr'><strong>dicendi</strong></span> <span class='ocrx_word' id='word_1_608' title='bbox 1156 5018 1326 5074; x_wconf 91' lang='lat' dir='ltr'><strong>locus</strong></span> <span class='ocrx_word' id='word_1_609' title='bbox 1373 5017 1448 5072; x_wconf 91' lang='lat' dir='ltr'><strong>ad</strong></span> <span class='ocrx_word' id='word_1_610' title='bbox 1479 5016 1792 5088; x_wconf 90' lang='lat' dir='ltr'><strong>epistolam</strong></span> 
     </span>
    </p>
   </div>
   <div class='ocr_carea' id='block_1_89' title="bbox 126 5097 534 5150">
    <p class='ocr_par' dir='ltr' id='par_1_89' title="bbox 126 5097 534 5150">
     <span class='ocr_line' id='line_1_90' title="bbox 126 5097 534 5150; baseline 0.002 -3"><span class='ocrx_word' id='word_1_611' title='bbox 126 5102 249 5150; x_wconf 90' lang='lat' dir='ltr'><strong>ante</strong></span> <span class='ocrx_word' id='word_1_612' title='bbox 282 5097 534 5149; x_wconf 89' lang='lat' dir='ltr'><strong>citatam.</strong></span> 
     </span>
    </p>
   </div>
   <div class='ocr_carea' id='block_1_90' title="bbox 188 5158 1784 5235">
    <p class='ocr_par' dir='ltr' id='par_1_90' title="bbox 188 5158 1784 5235">
     <span class='ocr_line' id='line_1_91' title="bbox 188 5158 1784 5235; baseline -0.006 -15"><span class='ocrx_word' id='word_1_613' title='bbox 188 5167 300 5235; x_wconf 84' lang='grc'>(33)</span> <span class='ocrx_word' id='word_1_614' title='bbox 323 5166 489 5220; x_wconf 86' lang='lat' dir='ltr'><strong>Hanc</strong></span> <span class='ocrx_word' id='word_1_615' title='bbox 520 5164 906 5219; x_wconf 80' lang='lat' dir='ltr'><strong>ecclesiarum</strong></span> <span class='ocrx_word' id='word_1_616' title='bbox 946 5163 1333 5235; x_wconf 76' lang='lat' dir='ltr'><strong>direptionem</strong></span> <span class='ocrx_word' id='word_1_617' title='bbox 1377 5159 1489 5235; x_wconf 75' lang='lat' dir='ltr'><strong>sub</strong></span> <span class='ocrx_word' id='word_1_618' title='bbox 1549 5158 1784 5235; x_wconf 69' lang='lat' dir='ltr'><strong>Juliano</strong></span> 
     </span>
    </p>
   </div>
   <div class='ocr_carea' id='block_1_91' title="bbox 128 5228 1786 5305">
    <p class='ocr_par' dir='ltr' id='par_1_91' title="bbox 128 5228 1786 5305">
     <span class='ocr_line' id='line_1_92' title="bbox 128 5228 1786 5305; baseline -0.004 -17"><span class='ocrx_word' id='word_1_619' title='bbox 128 5228 329 5292; x_wconf 79' lang='lat' dir='ltr'><strong>factam</strong></span> <span class='ocrx_word' id='word_1_620' title='bbox 359 5237 549 5291; x_wconf 86' lang='lat' dir='ltr'><strong>fuisse</strong></span> <span class='ocrx_word' id='word_1_621' title='bbox 598 5238 849 5289; x_wconf 90' lang='lat' dir='ltr'><strong>constat.</strong></span> <span class='ocrx_word' id='word_1_622' title='bbox 885 5236 969 5288; x_wconf 91' lang='lat' dir='ltr'><strong>De</strong></span> <span class='ocrx_word' id='word_1_623' title='bbox 1001 5228 1114 5305; x_wconf 76' lang='lat' dir='ltr'><strong>qua</strong></span> <span class='ocrx_word' id='word_1_624' title='bbox 1146 5233 1377 5305; x_wconf 83' lang='lat' dir='ltr'><strong>Sozom,</strong></span> <span class='ocrx_word' id='word_1_625' title='bbox 1421 5228 1786 5305; x_wconf 81' lang='lat' dir='ltr'><strong>lib._v_Hist.</strong></span> 
     </span>
    </p>
   </div>
   <div class='ocr_carea' id='block_1_92' title="bbox 126 5300 1783 5433">
    <p class='ocr_par' dir='ltr' id='par_1_92' title="bbox 126 5300 1783 5433">
     <span class='ocr_line' id='line_1_93' title="bbox 126 5300 1783 5390; baseline -0.003 -32"><span class='ocrx_word' id='word_1_626' title='bbox 126 5322 243 5387; x_wconf 82' lang='lat' dir='ltr'><strong>cap.</strong></span> <span class='ocrx_word' id='word_1_627' title='bbox 293 5310 357 5390; x_wconf 36' lang='lat'><strong>5.;</strong></span> <span class='ocrx_word' id='word_1_628' title='bbox 397 5307 750 5362; x_wconf 90' lang='lat' dir='ltr'><strong>Theodoret.</strong></span> <span class='ocrx_word' id='word_1_629' title='bbox 793 5307 894 5360; x_wconf 91' lang='lat' dir='ltr'><strong>lib.</strong></span> <span class='ocrx_word' id='word_1_630' title='bbox 950 5300 1043 5374; x_wconf 54' lang='lat' dir='ltr'><strong>III&#39;,</strong></span> <span class='ocrx_word' id='word_1_631' title='bbox 1096 5320 1224 5373; x_wconf 88' lang='lat' dir='ltr'><strong>cap.</strong></span> <span class='ocrx_word' id='word_1_632' title='bbox 1271 5302 1359 5372; x_wconf 76' lang='grc'>12,</span> <span class='ocrx_word' id='word_1_633' title='bbox 1408 5305 1462 5356; x_wconf 89' lang='lat' dir='ltr'><strong>et</strong></span> <span class='ocrx_word' id='word_1_634' title='bbox 1521 5300 1783 5371; x_wconf 77' lang='lat' dir='ltr'><strong>Tripart.</strong></span> 
     </span>
     <span class='ocr_line' id='line_1_94' title="bbox 134 5377 767 5433; baseline 0.002 -3"><span class='ocrx_word' id='word_1_635' title='bbox 134 5377 400 5433; x_wconf 78' lang='grc' dir='ltr'><strong>Ηιεε.ΙιΙ).</strong></span> <span class='ocrx_word' id='word_1_636' title='bbox 433 5396 513 5433; x_wconf 70' lang='grc' dir='ltr'><strong>γι.</strong></span> <span class='ocrx_word' id='word_1_637' title='bbox 539 5395 664 5433; x_wconf 81' lang='lat' dir='ltr'><strong>can.</strong></span> <span class='ocrx_word' id='word_1_638' title='bbox 698 5377 767 5431; x_wconf 76' lang='lat'><strong>32</strong></span> 
     </span>
    </p>
   </div>
   <div class='ocr_carea' id='block_1_93' title="bbox 188 5393 767 5433">
    <p class='ocr_par' dir='ltr' id='par_1_93' title="bbox 188 5393 767 5433">
     <span class='ocr_line' id='line_1_95' title="bbox 188 5393 767 5433; baseline 0.003 -4"><span class='ocrx_word' id='word_1_639' title='bbox 188 5393 279 5432; x_wconf 80' lang='grc' dir='ltr'><strong>ιεε.</strong></span> <span class='ocrx_word' id='word_1_640' title='bbox 301 5393 400 5433; x_wconf 77' lang='grc' dir='ltr'><strong>ΙΙΙ).</strong></span> <span class='ocrx_word' id='word_1_641' title='bbox 433 5396 513 5433; x_wconf 70' lang='grc' dir='ltr'><strong>γι.</strong></span> <span class='ocrx_word' id='word_1_642' title='bbox 539 5395 664 5433; x_wconf 73' lang='grc'>081).</span> <span class='ocrx_word' id='word_1_643' title='bbox 698 5393 767 5431; x_wconf 71' lang='grc' dir='ltr'><strong>ὄῗι</strong></span> 
     </span>
    </p>
   </div>
   <div class='ocr_carea' id='block_1_94' title="bbox 199 5395 1784 5520">
    <p class='ocr_par' dir='ltr' id='par_1_94' title="bbox 199 5395 1784 5520">
     <span class='ocr_line' id='line_1_96' title="bbox 199 5395 767 5447; baseline 0 -16"><span class='ocrx_word' id='word_1_644' title='bbox 199 5395 279 5432; x_wconf 68' lang='grc' dir='ltr'><strong>νει.</strong></span> <span class='ocrx_word' id='word_1_645' title='bbox 301 5395 400 5433; x_wconf 81' lang='lat' dir='ltr'><strong>nn.</strong></span> <span class='ocrx_word' id='word_1_646' title='bbox 433 5396 513 5447; x_wconf 77' lang='lat' dir='ltr'><strong>Vl,</strong></span> <span class='ocrx_word' id='word_1_647' title='bbox 539 5395 664 5447; x_wconf 89' lang='lat' dir='ltr'><strong>cap.</strong></span> <span class='ocrx_word' id='word_1_648' title='bbox 698 5395 767 5431; x_wconf 66' lang='lat' dir='ltr'><strong>az</strong></span> 
     </span>
     <span class='ocr_line' id='line_1_97' title="bbox 199 5443 1784 5520; baseline -0.005 -18"><span class='ocrx_word' id='word_1_649' title='bbox 199 5451 304 5515; x_wconf 72' lang='grc'>(34)</span> <span class='ocrx_word' id='word_1_650' title='bbox 338 5452 451 5504; x_wconf 83' lang='lat' dir='ltr'><strong>Pro</strong></span> <span class='ocrx_word' id='word_1_651' title='bbox 497 5450 727 5520; x_wconf 87' lang='lat' dir='ltr'><strong>«legata</strong></span> <span class='ocrx_word' id='word_1_652' title='bbox 748 5447 1127 5520; x_wconf 76' lang='lat' dir='ltr'><strong>aruspicibus</strong></span> <span class='ocrx_word' id='word_1_653' title='bbox 1154 5445 1513 5520; x_wconf 74' lang='lat' dir='ltr'><strong>ulegendum</strong></span> <span class='ocrx_word' id='word_1_654' title='bbox 1541 5466 1561 5491; x_wconf 70' lang='grc' dir='ltr'><strong>α</strong></span> <span class='ocrx_word' id='word_1_655' title='bbox 1591 5443 1784 5520; x_wconf 76' lang='lat' dir='ltr'><strong>legata</strong></span> 
     </span>
    </p>
   </div>
   <div class='ocr_carea' id='block_1_95' title="bbox 135 5486 1791 5646">
    <p class='ocr_par' dir='ltr' id='par_1_95' title="bbox 135 5486 1791 5646">
     <span class='ocr_line' id='line_1_98' title="bbox 219 5486 1784 5507; baseline -0.007 -2"><span class='ocrx_word' id='word_1_656' title='bbox 219 5486 304 5507; x_wconf 79' lang='grc' dir='ltr'><strong>υΊΙ</strong></span> <span class='ocrx_word' id='word_1_657' title='bbox 339 5486 356 5503; x_wconf 83' lang='grc' dir='ltr'>ι</span> <span class='ocrx_word' id='word_1_658' title='bbox 386 5486 398 5504; x_wconf 86' lang='grc' dir='ltr'><strong>Ι</strong></span> <span class='ocrx_word' id='word_1_659' title='bbox 417 5486 450 5504; x_wconf 84' lang='grc' dir='ltr'><strong>υ</strong></span> <span class='ocrx_word' id='word_1_660' title='bbox 497 5486 517 5495; x_wconf 89' lang='lat'><strong><em>“</em></strong></span> <span class='ocrx_word' id='word_1_661' title='bbox 537 5486 588 5503; x_wconf 77' lang='grc' dir='ltr'><strong>Ιυ</strong></span> <span class='ocrx_word' id='word_1_662' title='bbox 637 5486 727 5502; x_wconf 70' lang='grc' dir='ltr'><strong>μιν.</strong></span> <span class='ocrx_word' id='word_1_663' title='bbox 748 5486 800 5501; x_wconf 74' lang='grc' dir='ltr'><strong>ιιι</strong></span> <span class='ocrx_word' id='word_1_664' title='bbox 820 5486 887 5501; x_wconf 69' lang='grc' dir='ltr'>ιιιτ</span> <span class='ocrx_word' id='word_1_665' title='bbox 912 5486 973 5499; x_wconf 57' lang='grc' dir='ltr'><strong>ιιι</strong></span> <span class='ocrx_word' id='word_1_666' title='bbox 994 5486 1127 5500; x_wconf 66' lang='grc' dir='ltr'><strong>ιιιιιυ</strong></span> <span class='ocrx_word' id='word_1_667' title='bbox 1155 5486 1173 5494; x_wconf 74' lang='grc' dir='ltr'><strong>’ν</strong></span> <span class='ocrx_word' id='word_1_668' title='bbox 1201 5486 1251 5498; x_wconf 72' lang='grc' dir='ltr'><strong>,υ</strong></span> <span class='ocrx_word' id='word_1_669' title='bbox 1302 5486 1513 5497; x_wconf 67' lang='grc' dir='ltr'><strong>υμιιυιιο</strong></span> <span class='ocrx_word' id='word_1_670' title='bbox 1544 5486 1561 5491; x_wconf 67' lang='grc' dir='ltr'><strong>ν-</strong></span> <span class='ocrx_word' id='word_1_671' title='bbox 1591 5486 1642 5495; x_wconf 74' lang='grc' dir='ltr'>ιν</span> <span class='ocrx_word' id='word_1_672' title='bbox 1692 5486 1784 5495; x_wconf 62' lang='grc' dir='ltr'><strong>-ςυυ-</strong></span> 
     </span>
     <span class='ocr_line' id='line_1_99' title="bbox 135 5486 1791 5590; baseline -0.003 -20"><span class='ocrx_word' id='word_1_673' title='bbox 135 5486 247 5573; x_wconf 66' lang='lat' dir='ltr'><strong>aris</strong></span> <span class='ocrx_word' id='word_1_674' title='bbox 277 5486 642 5590; x_wconf 55' lang='lat' dir='ltr'><strong>speciebusbn</strong></span> <span class='ocrx_word' id='word_1_675' title='bbox 681 5486 923 5589; x_wconf 59' lang='lat' dir='ltr'><strong>eonjicilt</strong></span> <span class='ocrx_word' id='word_1_676' title='bbox 970 5517 1205 5571; x_wconf 73' lang='lat' dir='ltr'><strong>Samuel</strong></span> <span class='ocrx_word' id='word_1_677' title='bbox 1256 5486 1403 5568; x_wconf 54' lang='lat' dir='ltr'><strong>lo’etit</strong></span> <span class='ocrx_word' id='word_1_678' title='bbox 1434 5515 1534 5567; x_wconf 88' lang='lat' dir='ltr'><strong>lib.</strong></span> <span class='ocrx_word' id='word_1_679' title='bbox 1570 5486 1791 5566; x_wconf 63' lang='lat' dir='ltr'><strong>mOVa-</strong></span> 
     </span>
     <span class='ocr_line' id='line_1_100' title="bbox 137 5585 1787 5646; baseline -0.003 -3"><span class='ocrx_word' id='word_1_680' title='bbox 137 5591 258 5644; x_wconf 85' lang='lat' dir='ltr'><strong>riar.</strong></span> <span class='ocrx_word' id='word_1_681' title='bbox 291 5592 524 5646; x_wconf 91' lang='lat' dir='ltr'><strong>lection.</strong></span> <span class='ocrx_word' id='word_1_682' title='bbox 560 5607 686 5646; x_wconf 81' lang='lat' dir='ltr'><strong>can.</strong></span> <span class='ocrx_word' id='word_1_683' title='bbox 720 5589 773 5646; x_wconf 79' lang='lat'><strong>&#39;7.</strong></span> <span class='ocrx_word' id='word_1_684' title='bbox 802 5606 917 5643; x_wconf 90' lang='lat' dir='ltr'><strong>non</strong></span> <span class='ocrx_word' id='word_1_685' title='bbox 939 5588 1158 5646; x_wconf 85' lang='lat' dir='ltr'><strong>injuria</strong></span> <span class='ocrx_word' id='word_1_686' title='bbox 1192 5610 1212 5636; x_wconf 81' lang='grc' dir='ltr'>ιι</span> <span class='ocrx_word' id='word_1_687' title='bbox 1250 5585 1454 5641; x_wconf 80' lang='lat' dir='ltr'><strong>infelix</strong></span> <span class='ocrx_word' id='word_1_688' title='bbox 1486 5585 1727 5639; x_wconf 73' lang='lat' dir='ltr'><strong>criticus</strong></span> <span class='ocrx_word' id='word_1_689' title='bbox 1764 5607 1787 5631; x_wconf 70' lang='grc' dir='ltr'><strong>ι»</strong></span> 
     </span>
    </p>
   </div>
   <div class='ocr_carea' id='block_1_96' title="bbox 137 5602 1787 5644">
    <p class='ocr_par' dir='ltr' id='par_1_96' title="bbox 137 5602 1787 5644">
     <span class='ocr_line' id='line_1_101' title="bbox 137 5602 1787 5644; baseline -0.003 -1"><span class='ocrx_word' id='word_1_690' title='bbox 137 5605 258 5644; x_wconf 83' lang='lat' dir='ltr'><strong>nar.</strong></span> <span class='ocrx_word' id='word_1_691' title='bbox 292 5602 524 5644; x_wconf 81' lang='lat' dir='ltr'><strong>lection.</strong></span> <span class='ocrx_word' id='word_1_692' title='bbox 560 5607 686 5644; x_wconf 68' lang='lat' dir='ltr'><strong>CBD.</strong></span> <span class='ocrx_word' id='word_1_693' title='bbox 721 5602 773 5644; x_wconf 71' lang='grc' dir='ltr'>Ἰ.</span> <span class='ocrx_word' id='word_1_694' title='bbox 802 5606 917 5643; x_wconf 84' lang='grc' dir='ltr'><strong>ηοη</strong></span> <span class='ocrx_word' id='word_1_695' title='bbox 939 5605 1158 5644; x_wconf 27' lang='grc' dir='ltr'><strong>ιηκιυιία</strong></span> <span class='ocrx_word' id='word_1_696' title='bbox 1192 5610 1212 5636; x_wconf 75' lang='grc' dir='ltr'>α</span> <span class='ocrx_word' id='word_1_697' title='bbox 1250 5602 1454 5641; x_wconf 78' lang='lat' dir='ltr'><strong>mteux</strong></span> <span class='ocrx_word' id='word_1_698' title='bbox 1486 5602 1727 5639; x_wconf 75' lang='grc' dir='ltr'><strong>οιίιωιιε</strong></span> <span class='ocrx_word' id='word_1_699' title='bbox 1764 5607 1787 5631; x_wconf 62' lang='grc' dir='ltr'>ιθ</span> 
     </span>
    </p>
   </div>
   <div class='ocr_carea' id='block_1_97' title="bbox 137 5600 1794 5717">
    <p class='ocr_par' dir='ltr' id='par_1_97' title="bbox 137 5600 1794 5717">
     <span class='ocr_line' id='line_1_102' title="bbox 137 5600 1787 5661; baseline -0.003 -18"><span class='ocrx_word' id='word_1_700' title='bbox 137 5605 258 5644; x_wconf 82' lang='lat' dir='ltr'><strong>nar.</strong></span> <span class='ocrx_word' id='word_1_701' title='bbox 292 5600 524 5646; x_wconf 87' lang='lat' dir='ltr'><strong>lection.</strong></span> <span class='ocrx_word' id='word_1_702' title='bbox 560 5607 686 5659; x_wconf 89' lang='lat' dir='ltr'><strong>cap.</strong></span> <span class='ocrx_word' id='word_1_703' title='bbox 720 5600 773 5659; x_wconf 73' lang='lat'><strong>&#39;1,</strong></span> <span class='ocrx_word' id='word_1_704' title='bbox 802 5606 917 5643; x_wconf 88' lang='lat' dir='ltr'><strong>non</strong></span> <span class='ocrx_word' id='word_1_705' title='bbox 939 5605 1158 5661; x_wconf 78' lang='lat' dir='ltr'><strong>injuria</strong></span> <span class='ocrx_word' id='word_1_706' title='bbox 1192 5610 1212 5636; x_wconf 81' lang='grc' dir='ltr'>ιι</span> <span class='ocrx_word' id='word_1_707' title='bbox 1250 5600 1454 5641; x_wconf 82' lang='lat' dir='ltr'><strong>inteux</strong></span> <span class='ocrx_word' id='word_1_708' title='bbox 1486 5600 1727 5639; x_wconf 73' lang='lat' dir='ltr'><strong>crmcus</strong></span> <span class='ocrx_word' id='word_1_709' title='bbox 1764 5607 1787 5631; x_wconf 68' lang='grc' dir='ltr'><strong>ι»</strong></span> 
     </span>
     <span class='ocr_line' id='line_1_103' title="bbox 137 5658 1794 5717; baseline -0.005 -1"><span class='ocrx_word' id='word_1_710' title='bbox 137 5674 161 5709; x_wconf 79' lang='lat' dir='ltr'><strong>a</strong></span> <span class='ocrx_word' id='word_1_711' title='bbox 192 5660 415 5717; x_wconf 80' lang='lat' dir='ltr'><strong>Valesio</strong></span> <span class='ocrx_word' id='word_1_712' title='bbox 448 5663 761 5716; x_wconf 87' lang='lat' dir='ltr'><strong>vocitatus.</strong></span> <span class='ocrx_word' id='word_1_713' title='bbox 805 5662 976 5715; x_wconf 86' lang='lat' dir='ltr'><strong>Certe</strong></span> <span class='ocrx_word' id='word_1_714' title='bbox 1023 5663 1085 5713; x_wconf 93' lang='lat' dir='ltr'><strong>ut</strong></span> <span class='ocrx_word' id='word_1_715' title='bbox 1132 5658 1467 5713; x_wconf 89' lang='lat' dir='ltr'><strong>omittamus</strong></span> <span class='ocrx_word' id='word_1_716' title='bbox 1516 5671 1664 5709; x_wconf 89' lang='lat' dir='ltr'><strong>mss.</strong></span> <span class='ocrx_word' id='word_1_717' title='bbox 1726 5670 1794 5708; x_wconf 90' lang='lat' dir='ltr'><strong>ac</strong></span> 
     </span>
    </p>
   </div>
   <div class='ocr_carea' id='block_1_98' title="bbox 142 5727 1795 5804">
    <p class='ocr_par' dir='ltr' id='par_1_98' title="bbox 142 5727 1795 5804">
     <span class='ocr_line' id='line_1_104' title="bbox 142 5727 1795 5804; baseline -0.005 -18"><span class='ocrx_word' id='word_1_718' title='bbox 142 5730 261 5804; x_wconf 78' lang='lat' dir='ltr'><strong>edit,</strong></span> <span class='ocrx_word' id='word_1_719' title='bbox 321 5749 706 5804; x_wconf 90' lang='lat' dir='ltr'><strong>consensum,</strong></span> <span class='ocrx_word' id='word_1_720' title='bbox 752 5732 926 5787; x_wconf 87' lang='lat' dir='ltr'><strong>lectio</strong></span> <span class='ocrx_word' id='word_1_721' title='bbox 966 5732 1064 5785; x_wconf 85' lang='lat' dir='ltr'><strong>illa</strong></span> <span class='ocrx_word' id='word_1_722' title='bbox 1114 5730 1353 5785; x_wconf 89' lang='lat' dir='ltr'><strong>minime</strong></span> <span class='ocrx_word' id='word_1_723' title='bbox 1406 5727 1795 5781; x_wconf 83' lang='lat' dir='ltr'><strong>Ambrosiana</strong></span> 
     </span>
    </p>
   </div>
   <div class='ocr_carea' id='block_1_99' title="bbox 1896 3327 3571 3413">
    <p class='ocr_par' dir='ltr' id='par_1_99' title="bbox 1896 3327 3571 3413">
     <span class='ocr_line' id='line_1_105' title="bbox 1896 3327 3571 3413; baseline -0.011 -14"><span class='ocrx_word' id='word_1_724' title='bbox 1896 3345 2060 3399; x_wconf 89' lang='lat' dir='ltr'><strong>nium</strong></span> <span class='ocrx_word' id='word_1_725' title='bbox 2088 3340 2375 3413; x_wconf 83' lang='lat' dir='ltr'><strong>proficere</strong></span> <span class='ocrx_word' id='word_1_726' title='bbox 2408 3337 2605 3407; x_wconf 90' lang='lat' dir='ltr'><strong>coepit,</strong></span> <span class='ocrx_word' id='word_1_727' title='bbox 2651 3335 2812 3407; x_wconf 92' lang='lat' dir='ltr'><strong>quod</strong></span> <span class='ocrx_word' id='word_1_728' title='bbox 2858 3330 3195 3404; x_wconf 87' lang='lat' dir='ltr'><strong>proficielat</strong></span> <span class='ocrx_word' id='word_1_729' title='bbox 3244 3327 3571 3384; x_wconf 93' lang='lat' dir='ltr'><strong>commodis</strong></span> 
     </span>
    </p>
   </div>
   <div class='ocr_carea' id='block_1_100' title="bbox 1897 3419 3568 3497">
    <p class='ocr_par' dir='ltr' id='par_1_100' title="bbox 1897 3419 3568 3497">
     <span class='ocr_line' id='line_1_106' title="bbox 1897 3419 3568 3497; baseline -0.011 -9"><span class='ocrx_word' id='word_1_730' title='bbox 1897 3432 2291 3489; x_wconf 85' lang='lat' dir='ltr'><strong>sacerdotum.</strong></span> <span class='ocrx_word' id='word_1_731' title='bbox 2325 3429 2644 3497; x_wconf 83' lang='lat' dir='ltr'><strong>Propterea</strong></span> <span class='ocrx_word' id='word_1_732' title='bbox 2674 3438 2819 3495; x_wconf 90' lang='lat' dir='ltr'><strong>ergo</strong></span> <span class='ocrx_word' id='word_1_733' title='bbox 2850 3420 3154 3487; x_wconf 89' lang='lat' dir='ltr'><strong>detractis,</strong></span> <span class='ocrx_word' id='word_1_734' title='bbox 3178 3421 3240 3472; x_wconf 92' lang='lat' dir='ltr'><strong>ut</strong></span> <span class='ocrx_word' id='word_1_735' title='bbox 3262 3419 3441 3485; x_wconf 90' lang='lat' dir='ltr'><strong>aiunt,</strong></span> <span class='ocrx_word' id='word_1_736' title='bbox 3476 3432 3568 3471; x_wconf 87' lang='lat' dir='ltr'><strong>ar-</strong></span> 
     </span>
    </p>
   </div>
   <div class='ocr_carea' id='block_1_101' title="bbox 1895 3507 3572 3583">
    <p class='ocr_par' dir='ltr' id='par_1_101' title="bbox 1895 3507 3572 3583">
     <span class='ocr_line' id='line_1_107' title="bbox 1895 3507 3572 3583; baseline -0.01 -6"><span class='ocrx_word' id='word_1_737' title='bbox 1895 3524 2071 3578; x_wconf 88' lang='lat' dir='ltr'><strong>busta</strong></span> <span class='ocrx_word' id='word_1_738' title='bbox 2084 3522 2258 3575; x_wconf 90' lang='lat' dir='ltr'><strong>exuta</strong></span> <span class='ocrx_word' id='word_1_739' title='bbox 2271 3515 2615 3583; x_wconf 89' lang='lat' dir='ltr'><strong>corticibus,</strong></span> <span class='ocrx_word' id='word_1_740' title='bbox 2634 3528 2817 3569; x_wconf 91' lang='lat' dir='ltr'><strong>succo</strong></span> <span class='ocrx_word' id='word_1_741' title='bbox 2835 3509 3161 3566; x_wconf 88' lang='lat' dir='ltr'><strong>miserabili</strong></span> <span class='ocrx_word' id='word_1_742' title='bbox 3175 3507 3572 3562; x_wconf 80' lang='lat' dir='ltr'><strong>deficientium</strong></span> 
     </span>
    </p>
   </div>
   <div class='ocr_carea' id='block_1_102' title="bbox 1899 3595 3564 3673">
    <p class='ocr_par' dir='ltr' id='par_1_102' title="bbox 1899 3595 3564 3673">
     <span class='ocr_line' id='line_1_108' title="bbox 1899 3595 3564 3673; baseline -0.011 -7"><span class='ocrx_word' id='word_1_743' title='bbox 1899 3626 2001 3667; x_wconf 91' lang='lat' dir='ltr'><strong>ora</strong></span> <span class='ocrx_word' id='word_1_744' title='bbox 2018 3607 2375 3663; x_wconf 87' lang='lat' dir='ltr'><strong>lambebant.</strong></span> <span class='ocrx_word' id='word_1_745' title='bbox 2411 3604 2724 3673; x_wconf 69' lang='lat' dir='ltr'><strong>PrOptei-ea</strong></span> <span class='ocrx_word' id='word_1_746' title='bbox 2744 3599 3064 3654; x_wconf 86' lang='lat' dir='ltr'><strong>Chaoniam</strong></span> <span class='ocrx_word' id='word_1_747' title='bbox 3092 3596 3326 3669; x_wconf 89' lang='lat' dir='ltr'><strong>frugem</strong></span> <span class='ocrx_word' id='word_1_748' title='bbox 3350 3595 3564 3667; x_wconf 88' lang='lat' dir='ltr'><strong>glande</strong></span> 
     </span>
    </p>
   </div>
   <div class='ocr_carea' id='block_1_103' title="bbox 1898 3683 3574 3766">
    <p class='ocr_par' dir='ltr' id='par_1_103' title="bbox 1898 3683 3574 3766">
     <span class='ocr_line' id='line_1_109' title="bbox 1898 3683 3574 3766; baseline -0.01 -12"><span class='ocrx_word' id='word_1_749' title='bbox 1898 3700 2191 3755; x_wconf 87' lang='lat' dir='ltr'><strong>mutantes</strong></span> <span class='ocrx_word' id='word_1_750' title='bbox 2224 3695 2356 3766; x_wconf 81' lang='lat'><strong>(37),</strong></span> <span class='ocrx_word' id='word_1_751' title='bbox 2415 3707 2629 3747; x_wconf 91' lang='lat' dir='ltr'><strong>rursus</strong></span> <span class='ocrx_word' id='word_1_752' title='bbox 2689 3691 2747 3745; x_wconf 90' lang='lat' dir='ltr'><strong>in</strong></span> <span class='ocrx_word' id='word_1_753' title='bbox 2779 3689 3073 3760; x_wconf 90' lang='lat' dir='ltr'><strong>pecudum</strong></span> <span class='ocrx_word' id='word_1_754' title='bbox 3122 3688 3363 3758; x_wconf 88' lang='lat' dir='ltr'><strong>pastus,</strong></span> <span class='ocrx_word' id='word_1_755' title='bbox 3415 3686 3471 3759; x_wconf 82' lang='lat' dir='ltr'><strong>et</strong></span> <span class='ocrx_word' id='word_1_756' title='bbox 3500 3683 3574 3738; x_wconf 88' lang='lat' dir='ltr'><strong>ad</strong></span> 
     </span>
    </p>
   </div>
   <div class='ocr_carea' id='block_1_104' title="bbox 1898 3814 3561 3883">
    <p class='ocr_par' dir='ltr' id='par_1_104' title="bbox 1898 3814 3561 3883">
     <span class='ocr_line' id='line_1_110' title="bbox 1898 3814 3561 3883; baseline -0.01 -4"><span class='ocrx_word' id='word_1_757' title='bbox 1898 3823 2157 3880; x_wconf 82' lang='lat' dir='ltr'><strong>infelicis</strong></span> <span class='ocrx_word' id='word_1_758' title='bbox 2186 3820 2379 3874; x_wconf 91' lang='lat' dir='ltr'><strong>victus</strong></span> <span class='ocrx_word' id='word_1_759' title='bbox 2401 3817 2675 3871; x_wconf 87' lang='lat' dir='ltr'><strong>alimenta</strong></span> <span class='ocrx_word' id='word_1_760' title='bbox 2693 3814 2973 3883; x_wconf 84' lang='lat' dir='ltr'><strong>revocati,</strong></span> <span class='ocrx_word' id='word_1_761' title='bbox 3000 3825 3298 3883; x_wconf 81' lang='lat' dir='ltr'><strong>concussa</strong></span> <span class='ocrx_word' id='word_1_762' title='bbox 3316 3816 3561 3883; x_wconf 74' lang='lat' dir='ltr'><strong>quercu,</strong></span> 
     </span>
    </p>
   </div>
   <div class='ocr_carea' id='block_1_105' title="bbox 1900 3880 3573 3964">
    <p class='ocr_par' dir='ltr' id='par_1_105' title="bbox 1900 3880 3573 3964">
     <span class='ocr_line' id='line_1_111' title="bbox 1900 3880 3573 3964; baseline -0.01 -14"><span class='ocrx_word' id='word_1_763' title='bbox 1900 3899 2009 3964; x_wconf 89' lang='lat' dir='ltr'><strong>est,</strong></span> <span class='ocrx_word' id='word_1_764' title='bbox 2043 3909 2151 3949; x_wconf 91' lang='lat' dir='ltr'><strong>nec</strong></span> <span class='ocrx_word' id='word_1_765' title='bbox 2180 3892 2461 3964; x_wconf 82' lang='lat' dir='ltr'><strong>rationes,</strong></span> <span class='ocrx_word' id='word_1_766' title='bbox 2496 3880 2969 3964; x_wconf 76' lang='lat' dir='ltr'><strong>quibusnititur,</strong></span> <span class='ocrx_word' id='word_1_767' title='bbox 3003 3883 3154 3938; x_wconf 89' lang='lat' dir='ltr'><strong>satis</strong></span> <span class='ocrx_word' id='word_1_768' title='bbox 3177 3881 3428 3936; x_wconf 89' lang='lat' dir='ltr'><strong>idoneae.</strong></span> <span class='ocrx_word' id='word_1_769' title='bbox 3458 3880 3573 3934; x_wconf 57' lang='lat' dir='ltr'><strong>lio-</strong></span> 
     </span>
    </p>
   </div>
   <div class='ocr_carea' id='block_1_106' title="bbox 1901 3958 2821 4032">
    <p class='ocr_par' dir='ltr' id='par_1_106' title="bbox 1901 3958 2821 4032">
     <span class='ocr_line' id='line_1_112' title="bbox 1901 3958 2821 4032; baseline -0.013 -10"><span class='ocrx_word' id='word_1_770' title='bbox 1901 3958 2035 4021; x_wconf 86' lang='lat' dir='ltr'><strong>cum</strong></span> <span class='ocrx_word' id='word_1_771' title='bbox 2067 3963 2354 4032; x_wconf 83' lang='lat' dir='ltr'><strong>expende,</strong></span> <span class='ocrx_word' id='word_1_772' title='bbox 2388 3976 2457 4014; x_wconf 92' lang='lat' dir='ltr'><strong>ac</strong></span> <span class='ocrx_word' id='word_1_773' title='bbox 2486 3958 2821 4032; x_wconf 70' lang='lat' dir='ltr'><strong>pronuntia.</strong></span> 
     </span>
    </p>
   </div>
   <div class='ocr_carea' id='block_1_107' title="bbox 1971 4021 3575 4107">
    <p class='ocr_par' dir='ltr' id='par_1_107' title="bbox 1971 4021 3575 4107">
     <span class='ocr_line' id='line_1_113' title="bbox 1971 4021 3575 4107; baseline -0.009 -16"><span class='ocrx_word' id='word_1_774' title='bbox 1971 4037 2084 4107; x_wconf 83' lang='lat'><strong>(35)</strong></span> <span class='ocrx_word' id='word_1_775' title='bbox 2115 4021 2280 4089; x_wconf 77' lang='lat' dir='ltr'><strong>Hanc</strong></span> <span class='ocrx_word' id='word_1_776' title='bbox 2323 4021 2540 4107; x_wconf 74' lang='lat' dir='ltr'><strong>legem,</strong></span> <span class='ocrx_word' id='word_1_777' title='bbox 2574 4046 2689 4107; x_wconf 88' lang='lat' dir='ltr'><strong>qua</strong></span> <span class='ocrx_word' id='word_1_778' title='bbox 2730 4025 3061 4107; x_wconf 74' lang='lat' dir='ltr'><strong>Ecclesium</strong></span> <span class='ocrx_word' id='word_1_779' title='bbox 3108 4039 3344 4107; x_wconf 60' lang='lat' dir='ltr'><strong>omnem</strong></span> <span class='ocrx_word' id='word_1_780' title='bbox 3385 4021 3575 4105; x_wconf 79' lang='lat' dir='ltr'><strong>teneri</strong></span> 
     </span>
    </p>
   </div>
   <div class='ocr_carea' id='block_1_108' title="bbox 1900 4095 3573 4168">
    <p class='ocr_par' dir='ltr' id='par_1_108' title="bbox 1900 4095 3573 4168">
     <span class='ocr_line' id='line_1_114' title="bbox 1900 4095 3573 4168; baseline -0.011 -4"><span class='ocrx_word' id='word_1_781' title='bbox 1900 4095 2014 4163; x_wconf 75' lang='lat' dir='ltr'><strong>hoc</strong></span> <span class='ocrx_word' id='word_1_782' title='bbox 2044 4095 2175 4162; x_wconf 76' lang='lat' dir='ltr'><strong>loco</strong></span> <span class='ocrx_word' id='word_1_783' title='bbox 2204 4095 2454 4160; x_wconf 74' lang='lat' dir='ltr'><strong>testatur</strong></span> <span class='ocrx_word' id='word_1_784' title='bbox 2484 4095 2861 4164; x_wconf 84' lang='lat' dir='ltr'><strong>Ambrosius,</strong></span> <span class='ocrx_word' id='word_1_785' title='bbox 2901 4112 3076 4168; x_wconf 88' lang='lat' dir='ltr'><strong>quam</strong></span> <span class='ocrx_word' id='word_1_786' title='bbox 3115 4095 3573 4168; x_wconf 69' lang='lat' dir='ltr'><strong>perfecteiuse-</strong></span> 
     </span>
    </p>
   </div>
   <div class='ocr_carea' id='block_1_109' title="bbox 1900 4164 3583 4247">
    <p class='ocr_par' dir='ltr' id='par_1_109' title="bbox 1900 4164 3583 4247">
     <span class='ocr_line' id='line_1_115' title="bbox 1900 4164 3583 4247; baseline -0.01 -13"><span class='ocrx_word' id='word_1_787' title='bbox 1900 4183 2018 4234; x_wconf 92' lang='lat' dir='ltr'><strong>met</strong></span> <span class='ocrx_word' id='word_1_788' title='bbox 2045 4176 2399 4247; x_wconf 89' lang='lat' dir='ltr'><strong>impleverit,</strong></span> <span class='ocrx_word' id='word_1_789' title='bbox 2435 4187 2773 4247; x_wconf 75' lang='lat' dir='ltr'><strong>cognpsccs</strong></span> <span class='ocrx_word' id='word_1_790' title='bbox 2823 4164 3021 4247; x_wconf 57' lang='lat' dir='ltr'><strong>ex&#39;iis</strong></span> <span class='ocrx_word' id='word_1_791' title='bbox 3080 4164 3212 4238; x_wconf 78' lang='lat' dir='ltr'><strong>quae</strong></span> <span class='ocrx_word' id='word_1_792' title='bbox 3257 4166 3329 4219; x_wconf 92' lang='lat' dir='ltr'><strong>ab</strong></span> <span class='ocrx_word' id='word_1_793' title='bbox 3388 4164 3491 4219; x_wconf 87' lang='lat' dir='ltr'><strong>lib.</strong></span> <span class='ocrx_word' id='word_1_794' title='bbox 3541 4181 3583 4218; x_wconf 82' lang='grc' dir='ltr'><strong><em>ιι</em></strong></span> 
     </span>
    </p>
   </div>
   <div class='ocr_carea' id='block_1_110' title="bbox 1904 4241 3040 4317">
    <p class='ocr_par' dir='ltr' id='par_1_110' title="bbox 1904 4241 3040 4317">
     <span class='ocr_line' id='line_1_116' title="bbox 1904 4241 3040 4317; baseline -0.011 -12"><span class='ocrx_word' id='word_1_795' title='bbox 1904 4249 2081 4305; x_wconf 79' lang='grc' dir='ltr'><strong>ΟΠὶο.</strong></span> <span class='ocrx_word' id='word_1_796' title='bbox 2117 4241 2244 4317; x_wconf 76' lang='lat' dir='ltr'><strong>cap.</strong></span> <span class='ocrx_word' id='word_1_797' title='bbox 2270 4263 2348 4300; x_wconf 88' lang='lat' dir='ltr'><strong>xv</strong></span> <span class='ocrx_word' id='word_1_798' title='bbox 2377 4241 2434 4300; x_wconf 88' lang='lat' dir='ltr'><strong>et</strong></span> <span class='ocrx_word' id='word_1_799' title='bbox 2462 4241 2539 4298; x_wconf 69' lang='lat'><strong>28</strong></span> <span class='ocrx_word' id='word_1_800' title='bbox 2564 4241 3040 4317; x_wconf 71' lang='lat' dir='ltr'><strong>observavimus.</strong></span> 
     </span>
    </p>
   </div>
   <div class='ocr_carea' id='block_1_111' title="bbox 1973 4305 3575 4391">
    <p class='ocr_par' dir='ltr' id='par_1_111' title="bbox 1973 4305 3575 4391">
     <span class='ocr_line' id='line_1_117' title="bbox 1973 4305 3575 4391; baseline -0.01 -16"><span class='ocrx_word' id='word_1_801' title='bbox 1973 4320 2087 4391; x_wconf 87' lang='grc'>(36)</span> <span class='ocrx_word' id='word_1_802' title='bbox 2116 4305 2285 4391; x_wconf 43' lang='grc' dir='ltr'><strong>Μέεη</strong></span> <span class='ocrx_word' id='word_1_803' title='bbox 2316 4317 2453 4384; x_wconf 90' lang='lat' dir='ltr'><strong>duo,</strong></span> <span class='ocrx_word' id='word_1_804' title='bbox 2508 4336 2530 4362; x_wconf 74' lang='grc' dir='ltr'><strong>«ι</strong></span> <span class='ocrx_word' id='word_1_805' title='bbox 2576 4313 2800 4391; x_wconf 65' lang='lat' dir='ltr'><strong>Praeda</strong></span> <span class='ocrx_word' id='word_1_806' title='bbox 2842 4308 3404 4391; x_wconf 47' lang='lat' dir='ltr'><strong>igitur‘intercepta.</strong></span> <span class='ocrx_word' id='word_1_807' title='bbox 3444 4327 3465 4354; x_wconf 72' lang='grc' dir='ltr'><strong><em>ι</em></strong></span> <span class='ocrx_word' id='word_1_808' title='bbox 3492 4305 3575 4391; x_wconf 57' lang='grc' dir='ltr'><strong>βε</strong></span> 
     </span>
    </p>
   </div>
   <div class='ocr_carea' id='block_1_112' title="bbox 1899 4375 3568 4464">
    <p class='ocr_par' dir='ltr' id='par_1_112' title="bbox 1899 4375 3568 4464">
     <span class='ocr_line' id='line_1_118' title="bbox 1899 4375 3568 4464; baseline -0.013 -16"><span class='ocrx_word' id='word_1_809' title='bbox 1899 4375 2035 4464; x_wconf 73' lang='lat' dir='ltr'><strong>post</strong></span> <span class='ocrx_word' id='word_1_810' title='bbox 2065 4375 2394 4464; x_wconf 77' lang='lat' dir='ltr'><strong>secundum</strong></span> <span class='ocrx_word' id='word_1_811' title='bbox 2415 4375 2678 4464; x_wconf 75' lang='lat' dir='ltr'><strong>versum,</strong></span> <span class='ocrx_word' id='word_1_812' title='bbox 2704 4383 2805 4438; x_wconf 93' lang='lat' dir='ltr'><strong>ubi</strong></span> <span class='ocrx_word' id='word_1_813' title='bbox 2834 4375 2950 4464; x_wconf 58' lang='lat' dir='ltr'><strong>vet.</strong></span> <span class='ocrx_word' id='word_1_814' title='bbox 2986 4380 3124 4433; x_wconf 90' lang='lat' dir='ltr'><strong>edit.</strong></span> <span class='ocrx_word' id='word_1_815' title='bbox 3158 4394 3227 4464; x_wconf 66' lang='lat' dir='ltr'><strong>ac</strong></span> <span class='ocrx_word' id='word_1_816' title='bbox 3251 4375 3426 4464; x_wconf 43' lang='lat' dir='ltr'><strong>.mss.</strong></span> <span class='ocrx_word' id='word_1_817' title='bbox 3452 4375 3568 4457; x_wconf 75' lang='lat' dir='ltr'><strong>ali-</strong></span> 
     </span>
    </p>
   </div>
   <div class='ocr_carea' id='block_1_113' title="bbox 1901 4448 3570 4535">
    <p class='ocr_par' dir='ltr' id='par_1_113' title="bbox 1901 4448 3570 4535">
     <span class='ocr_line' id='line_1_119' title="bbox 1901 4448 3570 4535; baseline -0.013 -17"><span class='ocrx_word' id='word_1_818' title='bbox 1901 4448 2267 4535; x_wconf 71' lang='lat' dir='ltr'><strong>quammulti,</strong></span> <span class='ocrx_word' id='word_1_819' title='bbox 2310 4480 2342 4535; x_wconf 54' lang='grc' dir='ltr'>ε</span> <span class='ocrx_word' id='word_1_820' title='bbox 2371 4458 2534 4535; x_wconf 81' lang='lat' dir='ltr'><strong>quod</strong></span> <span class='ocrx_word' id='word_1_821' title='bbox 2547 4472 2621 4535; x_wconf 65' lang='lat' dir='ltr'><strong>;_n</strong></span> <span class='ocrx_word' id='word_1_822' title='bbox 2657 4448 2928 4535; x_wconf 58' lang='lat' dir='ltr'><strong>nonnulli</strong></span> <span class='ocrx_word' id='word_1_823' title='bbox 2968 4474 2990 4498; x_wconf 74' lang='grc' dir='ltr'>ι</span> <span class='ocrx_word' id='word_1_824' title='bbox 3020 4448 3361 4535; x_wconf 33' lang='grc' dir='ltr'><strong>(ιιιαξιῑιιίξρο</strong></span> <span class='ocrx_word' id='word_1_825' title='bbox 3407 4448 3570 4535; x_wconf 64' lang='lat' dir='ltr'><strong>piare</strong></span> 
     </span>
    </p>
   </div>
   <div class='ocr_carea' id='block_1_114' title="bbox 1900 4518 3575 4602">
    <p class='ocr_par' dir='ltr' id='par_1_114' title="bbox 1900 4518 3575 4602">
     <span class='ocr_line' id='line_1_120' title="bbox 1900 4518 3575 4602; baseline -0.011 -13"><span class='ocrx_word' id='word_1_826' title='bbox 1900 4518 2105 4602; x_wconf 72' lang='lat' dir='ltr'><strong>nefas;</strong></span> <span class='ocrx_word' id='word_1_827' title='bbox 2143 4556 2165 4581; x_wconf 71' lang='grc' dir='ltr'><strong>»ι</strong></span> <span class='ocrx_word' id='word_1_828' title='bbox 2210 4518 2423 4602; x_wconf 66' lang='lat' dir='ltr'><strong>melius</strong></span> <span class='ocrx_word' id='word_1_829' title='bbox 2468 4518 2647 4602; x_wconf 86' lang='lat' dir='ltr'><strong>edit._</strong></span> <span class='ocrx_word' id='word_1_830' title='bbox 2663 4527 2832 4602; x_wconf 61' lang='lat' dir='ltr'><strong>Rom:</strong></span> <span class='ocrx_word' id='word_1_831' title='bbox 2895 4518 3342 4602; x_wconf 41' lang='lat' dir='ltr'><strong>cuin—reliquis,</strong></span> <span class='ocrx_word' id='word_1_832' title='bbox 3382 4538 3404 4565; x_wconf 74' lang='grc' dir='ltr'><strong><em>α</em></strong></span> <span class='ocrx_word' id='word_1_833' title='bbox 3440 4530 3575 4587; x_wconf 66' lang='lat' dir='ltr'><strong>qum</strong></span> 
     </span>
    </p>
   </div>
   <div class='ocr_carea' id='block_1_115' title="bbox 1900 4589 3571 4672">
    <p class='ocr_par' dir='ltr' id='par_1_115' title="bbox 1900 4589 3571 4672">
     <span class='ocr_line' id='line_1_121' title="bbox 1900 4589 3571 4672; baseline -0.012 -12"><span class='ocrx_word' id='word_1_834' title='bbox 1900 4607 2068 4661; x_wconf 84' lang='lat' dir='ltr'><strong>triste</strong></span> <span class='ocrx_word' id='word_1_835' title='bbox 2096 4589 2285 4672; x_wconf 67' lang='lat' dir='ltr'><strong>piaret</strong></span> <span class='ocrx_word' id='word_1_836' title='bbox 2313 4599 2519 4672; x_wconf 84' lang='lat' dir='ltr'><strong>nefas._</strong></span> <span class='ocrx_word' id='word_1_837' title='bbox 2542 4619 2563 4647; x_wconf 78' lang='grc' dir='ltr'><strong>ιο</strong></span> <span class='ocrx_word' id='word_1_838' title='bbox 2600 4597 2707 4651; x_wconf 91' lang='lat' dir='ltr'><strong>Est</strong></span> <span class='ocrx_word' id='word_1_839' title='bbox 2736 4594 2951 4667; x_wconf 89' lang='lat' dir='ltr'><strong>quippe</strong></span> <span class='ocrx_word' id='word_1_840' title='bbox 2974 4590 3215 4645; x_wconf 90' lang='lat' dir='ltr'><strong>imitatio</strong></span> <span class='ocrx_word' id='word_1_841' title='bbox 3247 4589 3408 4642; x_wconf 89' lang='lat' dir='ltr'><strong>illius</strong></span> <span class='ocrx_word' id='word_1_842' title='bbox 3436 4601 3571 4642; x_wconf 89' lang='lat' dir='ltr'><strong>ver-</strong></span> 
     </span>
    </p>
   </div>
   <div class='ocr_carea' id='block_1_116' title="bbox 1902 4670 2579 4732">
    <p class='ocr_par' dir='ltr' id='par_1_116' title="bbox 1902 4670 2579 4732">
     <span class='ocr_line' id='line_1_122' title="bbox 1902 4670 2579 4732; baseline -0.013 0"><span class='ocrx_word' id='word_1_843' title='bbox 1902 4693 2009 4732; x_wconf 90' lang='lat' dir='ltr'><strong>sus</strong></span> <span class='ocrx_word' id='word_1_844' title='bbox 2034 4692 2062 4728; x_wconf 86' lang='lat' dir='ltr'><strong>e</strong></span> <span class='ocrx_word' id='word_1_845' title='bbox 2087 4670 2188 4728; x_wconf 77' lang='lat' dir='ltr'><strong>lib.</strong></span> <span class='ocrx_word' id='word_1_846' title='bbox 2222 4690 2261 4725; x_wconf 84' lang='grc' dir='ltr'>ιι</span> <span class='ocrx_word' id='word_1_847' title='bbox 2291 4670 2539 4725; x_wconf 73' lang='grc' dir='ltr'><strong>Αἳιηθίᾱ.</strong></span> <span class='ocrx_word' id='word_1_848' title='bbox 2568 4686 2579 4723; x_wconf 95' lang='lat'>:</span> 
     </span>
    </p>
   </div>
   <div class='ocr_carea' id='block_1_117' title="bbox 2026 4750 3271 4825">
    <p class='ocr_par' dir='ltr' id='par_1_117' title="bbox 2026 4750 3271 4825">
     <span class='ocr_line' id='line_1_123' title="bbox 2026 4750 3271 4825; baseline -0.011 -14"><span class='ocrx_word' id='word_1_849' title='bbox 2026 4763 2265 4825; x_wconf 70' lang='lat' dir='ltr'><strong>Effigiem</strong></span> <span class='ocrx_word' id='word_1_850' title='bbox 2288 4766 2534 4816; x_wconf 75' lang='lat' dir='ltr'><strong>statuere,</strong></span> <span class='ocrx_word' id='word_1_851' title='bbox 2567 4758 2717 4804; x_wconf 89' lang='lat' dir='ltr'><strong>nefas</strong></span> <span class='ocrx_word' id='word_1_852' title='bbox 2751 4767 2872 4815; x_wconf 67' lang='lat' dir='ltr'><strong>qum</strong></span> <span class='ocrx_word' id='word_1_853' title='bbox 2908 4752 3058 4804; x_wconf 75' lang='lat' dir='ltr'><strong>triste</strong></span> <span class='ocrx_word' id='word_1_854' title='bbox 3078 4750 3271 4812; x_wconf 86' lang='lat' dir='ltr'><strong>piaret.</strong></span> 
     </span>
    </p>
   </div>
   <div class='ocr_carea' id='block_1_118' title="bbox 1972 4829 3567 4913">
    <p class='ocr_par' dir='ltr' id='par_1_118' title="bbox 1972 4829 3567 4913">
     <span class='ocr_line' id='line_1_124' title="bbox 1972 4829 3567 4913; baseline -0.01 -16"><span class='ocrx_word' id='word_1_855' title='bbox 1972 4842 2085 4913; x_wconf 81' lang='lat'><strong>(3&#39;1)</strong></span> <span class='ocrx_word' id='word_1_856' title='bbox 2108 4842 2227 4913; x_wconf 38' lang='lat' dir='ltr'><strong>Hie~</strong></span> <span class='ocrx_word' id='word_1_857' title='bbox 2247 4855 2394 4893; x_wconf 89' lang='lat' dir='ltr'><strong>mss.</strong></span> <span class='ocrx_word' id='word_1_858' title='bbox 2418 4840 2475 4892; x_wconf 92' lang='lat' dir='ltr'><strong>et</strong></span> <span class='ocrx_word' id='word_1_859' title='bbox 2504 4830 3291 4913; x_wconf 33' lang='lat' dir='ltr'><strong>edit._interse‘conveniunt,</strong></span> <span class='ocrx_word' id='word_1_860' title='bbox 3314 4829 3567 4913; x_wconf 84' lang='lat' dir='ltr'><strong>excepto</strong></span> 
     </span>
    </p>
   </div>
   <div class='ocr_carea' id='block_1_119' title="bbox 1835 4901 3581 4987">
    <p class='ocr_par' dir='ltr' id='par_1_119' title="bbox 1835 4901 3581 4987">
     <span class='ocr_line' id='line_1_125' title="bbox 1835 4901 3581 4987; baseline -0.01 -20"><span class='ocrx_word' id='word_1_861' title='bbox 1835 4944 1853 4967; x_wconf 71' lang='grc' dir='ltr'><strong>ν</strong></span> <span class='ocrx_word' id='word_1_862' title='bbox 1902 4901 2142 4987; x_wconf 68' lang='lat' dir='ltr'><strong>quodin</strong></span> <span class='ocrx_word' id='word_1_863' title='bbox 2172 4911 2407 4987; x_wconf 85' lang='lat' dir='ltr'><strong>illor_um</strong></span> <span class='ocrx_word' id='word_1_864' title='bbox 2436 4906 2758 4987; x_wconf 77' lang='lat' dir='ltr'><strong>nonnullis,</strong></span> <span class='ocrx_word' id='word_1_865' title='bbox 2776 4904 2956 4987; x_wconf 79' lang='lat' dir='ltr'><strong>dicito</strong></span> <span class='ocrx_word' id='word_1_866' title='bbox 2990 4926 3024 4987; x_wconf 38' lang='grc' dir='ltr'><strong>ιι.</strong></span> <span class='ocrx_word' id='word_1_867' title='bbox 3036 4901 3252 4985; x_wconf 77' lang='lat' dir='ltr'><strong>glande</strong></span> <span class='ocrx_word' id='word_1_868' title='bbox 3276 4920 3310 4987; x_wconf 41' lang='grc' dir='ltr'><strong>Δ»</strong></span> <span class='ocrx_word' id='word_1_869' title='bbox 3339 4903 3581 4987; x_wconf 75' lang='lat' dir='ltr'><strong>praeter-</strong></span> 
     </span>
    </p>
   </div>
   <div class='ocr_carea' id='block_1_120' title="bbox 1904 4970 3572 5041">
    <p class='ocr_par' dir='ltr' id='par_1_120' title="bbox 1904 4970 3572 5041">
     <span class='ocr_line' id='line_1_126' title="bbox 1904 4970 3572 5041; baseline -0.01 -1"><span class='ocrx_word' id='word_1_870' title='bbox 1904 4970 2150 5041; x_wconf 70' lang='lat' dir='ltr'><strong>mittitur</strong></span> <span class='ocrx_word' id='word_1_871' title='bbox 2182 4982 2326 5037; x_wconf 88' lang='lat' dir='ltr'><strong>:sed</strong></span> <span class='ocrx_word' id='word_1_872' title='bbox 2359 4984 2552 5034; x_wconf 90' lang='lat' dir='ltr'><strong>tamen</strong></span> <span class='ocrx_word' id='word_1_873' title='bbox 2575 4970 2753 5031; x_wconf 84' lang='lat' dir='ltr'><strong>ulcus</strong></span> <span class='ocrx_word' id='word_1_874' title='bbox 2776 4976 2871 5029; x_wconf 87' lang='lat' dir='ltr'><strong>his</strong></span> <span class='ocrx_word' id='word_1_875' title='bbox 2903 4970 3107 5029; x_wconf 77' lang='lat' dir='ltr'><strong>verbis</strong></span> <span class='ocrx_word' id='word_1_876' title='bbox 3139 4972 3295 5025; x_wconf 90' lang='lat' dir='ltr'><strong>inest</strong></span> <span class='ocrx_word' id='word_1_877' title='bbox 3326 4970 3572 5024; x_wconf 89' lang='lat' dir='ltr'><strong>mimine</strong></span> 
     </span>
    </p>
   </div>
   <div class='ocr_carea' id='block_1_121' title="bbox 1907 5042 3582 5120">
    <p class='ocr_par' dir='ltr' id='par_1_121' title="bbox 1907 5042 3582 5120">
     <span class='ocr_line' id='line_1_127' title="bbox 1907 5042 3582 5120; baseline -0.01 -9"><span class='ocrx_word' id='word_1_878' title='bbox 1907 5057 2249 5112; x_wconf 90' lang='lat' dir='ltr'><strong>obscurum.</strong></span> <span class='ocrx_word' id='word_1_879' title='bbox 2276 5052 2424 5106; x_wconf 90' lang='lat' dir='ltr'><strong>Nam</strong></span> <span class='ocrx_word' id='word_1_880' title='bbox 2456 5052 2673 5120; x_wconf 88' lang='lat' dir='ltr'><strong>praeter</strong></span> <span class='ocrx_word' id='word_1_881' title='bbox 2703 5063 2879 5120; x_wconf 83' lang='lat' dir='ltr'><strong>quam</strong></span> <span class='ocrx_word' id='word_1_882' title='bbox 2900 5045 3058 5116; x_wconf 92' lang='lat' dir='ltr'><strong>quod</strong></span> <span class='ocrx_word' id='word_1_883' title='bbox 3081 5042 3468 5120; x_wconf 72' lang='lat' dir='ltr'><strong>Ambrosium</strong></span> <span class='ocrx_word' id='word_1_884' title='bbox 3489 5057 3582 5096; x_wconf 85' lang='lat' dir='ltr'><strong>re-</strong></span> 
     </span>
    </p>
   </div>
   <div class='ocr_carea' id='block_1_122' title="bbox 1908 5114 3408 5199">
    <p class='ocr_par' dir='ltr' id='par_1_122' title="bbox 1908 5114 3408 5199">
     <span class='ocr_line' id='line_1_128' title="bbox 1908 5114 3408 5199; baseline -0.011 -16"><span class='ocrx_word' id='word_1_885' title='bbox 1908 5126 2183 5199; x_wconf 84' lang='lat' dir='ltr'><strong>spexisse</strong></span> <span class='ocrx_word' id='word_1_886' title='bbox 2213 5124 2397 5194; x_wconf 89' lang='lat' dir='ltr'><strong>liquet</strong></span> <span class='ocrx_word' id='word_1_887' title='bbox 2424 5114 2498 5176; x_wconf 82' lang='lat' dir='ltr'><strong>ad</strong></span> <span class='ocrx_word' id='word_1_888' title='bbox 2529 5114 2771 5175; x_wconf 81' lang='lat' dir='ltr'><strong>versum</strong></span> <span class='ocrx_word' id='word_1_889' title='bbox 2799 5114 2964 5172; x_wconf 78' lang='lat' dir='ltr'><strong>illum</strong></span> <span class='ocrx_word' id='word_1_890' title='bbox 2983 5132 3060 5171; x_wconf 84' lang='lat' dir='ltr'><strong>ex</strong></span> <span class='ocrx_word' id='word_1_891' title='bbox 3088 5132 3109 5170; x_wconf 86' lang='grc' dir='ltr'>ι</span> <span class='ocrx_word' id='word_1_892' title='bbox 3139 5114 3357 5186; x_wconf 81' lang='lat' dir='ltr'><strong>Georg.</strong></span> <span class='ocrx_word' id='word_1_893' title='bbox 3396 5130 3408 5167; x_wconf 89' lang='lat'>:</span> 
     </span>
    </p>
   </div>
   <div class='ocr_carea' id='block_1_123' title="bbox 2060 5204 3305 5275">
    <p class='ocr_par' dir='ltr' id='par_1_123' title="bbox 2060 5204 3305 5275">
     <span class='ocr_line' id='line_1_129' title="bbox 2060 5204 3305 5275; baseline -0.009 -13"><span class='ocrx_word' id='word_1_894' title='bbox 2060 5213 2346 5263; x_wconf 86' lang='lat' dir='ltr'><strong>Chaoniam</strong></span> <span class='ocrx_word' id='word_1_895' title='bbox 2367 5210 2552 5275; x_wconf 87' lang='lat' dir='ltr'><strong>pingui</strong></span> <span class='ocrx_word' id='word_1_896' title='bbox 2580 5208 2825 5273; x_wconf 89' lang='lat' dir='ltr'><strong>glandem</strong></span> <span class='ocrx_word' id='word_1_897' title='bbox 2857 5205 3080 5255; x_wconf 83' lang='lat' dir='ltr'><strong>mutavit</strong></span> <span class='ocrx_word' id='word_1_898' title='bbox 3106 5204 3270 5253; x_wconf 88' lang='lat' dir='ltr'><strong>arista</strong></span> <span class='ocrx_word' id='word_1_899' title='bbox 3293 5219 3305 5259; x_wconf 89' lang='lat'><strong>;</strong></span> 
     </span>
    </p>
   </div>
   <div class='ocr_carea' id='block_1_124' title="bbox 1901 5282 3584 5358">
    <p class='ocr_par' dir='ltr' id='par_1_124' title="bbox 1901 5282 3584 5358">
     <span class='ocr_line' id='line_1_130' title="bbox 1901 5282 3584 5358; baseline -0.01 -8"><span class='ocrx_word' id='word_1_900' title='bbox 1901 5313 2019 5351; x_wconf 87' lang='lat' dir='ltr'><strong>vox</strong></span> <span class='ocrx_word' id='word_1_901' title='bbox 2053 5316 2076 5346; x_wconf 71' lang='grc' dir='ltr'><strong>α</strong></span> <span class='ocrx_word' id='word_1_902' title='bbox 2110 5292 2483 5348; x_wconf 80' lang='lat' dir='ltr'><strong>Chaonium»</strong></span> <span class='ocrx_word' id='word_1_903' title='bbox 2520 5289 2753 5344; x_wconf 90' lang='lat' dir='ltr'><strong>ducitur</strong></span> <span class='ocrx_word' id='word_1_904' title='bbox 2782 5305 2815 5342; x_wconf 90' lang='lat' dir='ltr'><strong>a</strong></span> <span class='ocrx_word' id='word_1_905' title='bbox 2847 5286 3093 5358; x_wconf 88' lang='lat' dir='ltr'><strong>regione</strong></span> <span class='ocrx_word' id='word_1_906' title='bbox 3145 5283 3328 5354; x_wconf 88' lang='lat' dir='ltr'><strong>Epiri,</strong></span> <span class='ocrx_word' id='word_1_907' title='bbox 3364 5282 3429 5358; x_wconf 90' lang='lat' dir='ltr'><strong>in_</strong></span> <span class='ocrx_word' id='word_1_908' title='bbox 3467 5294 3584 5358; x_wconf 79' lang='lat' dir='ltr'><strong>qua</strong></span> 
     </span>
    </p>
   </div>
   <div class='ocr_carea' id='block_1_125' title="bbox 1904 5351 3578 5428">
    <p class='ocr_par' dir='ltr' id='par_1_125' title="bbox 1904 5351 3578 5428">
     <span class='ocr_line' id='line_1_131' title="bbox 1904 5351 3578 5428; baseline -0.011 -7"><span class='ocrx_word' id='word_1_909' title='bbox 1904 5367 2149 5421; x_wconf 89' lang='lat' dir='ltr'><strong>Dodone</strong></span> <span class='ocrx_word' id='word_1_910' title='bbox 2181 5365 2327 5419; x_wconf 91' lang='lat' dir='ltr'><strong>urbs</strong></span> <span class='ocrx_word' id='word_1_911' title='bbox 2361 5362 2594 5417; x_wconf 87' lang='lat' dir='ltr'><strong>condita</strong></span> <span class='ocrx_word' id='word_1_912' title='bbox 2629 5363 2772 5414; x_wconf 89' lang='lat' dir='ltr'><strong>erat.</strong></span> <span class='ocrx_word' id='word_1_913' title='bbox 2794 5351 3135 5428; x_wconf 47' lang='lat' dir='ltr'><strong>Nonvlonge</strong></span> <span class='ocrx_word' id='word_1_914' title='bbox 3164 5351 3360 5428; x_wconf 78' lang='lat' dir='ltr'><strong>autem</strong></span> <span class='ocrx_word' id='word_1_915' title='bbox 3379 5353 3453 5405; x_wconf 90' lang='lat' dir='ltr'><strong>ab</strong></span> <span class='ocrx_word' id='word_1_916' title='bbox 3467 5351 3578 5428; x_wconf 75' lang='lat' dir='ltr'><strong>hac</strong></span> 
     </span>
    </p>
   </div>
   <div class='ocr_carea' id='block_1_126' title="bbox 1904 5421 3568 5508">
    <p class='ocr_par' dir='ltr' id='par_1_126' title="bbox 1904 5421 3568 5508">
     <span class='ocr_line' id='line_1_132' title="bbox 1904 5421 3568 5508; baseline -0.011 -16"><span class='ocrx_word' id='word_1_917' title='bbox 1904 5438 2187 5508; x_wconf 83' lang='lat' dir='ltr'><strong>surgebat</strong></span> <span class='ocrx_word' id='word_1_918' title='bbox 2219 5436 2367 5508; x_wconf 78' lang='lat' dir='ltr'><strong>silva</strong></span> <span class='ocrx_word' id='word_1_919' title='bbox 2402 5435 2531 5508; x_wconf 58' lang='lat' dir='ltr'><strong>inv.</strong></span> <span class='ocrx_word' id='word_1_920' title='bbox 2568 5448 2758 5508; x_wconf 83' lang='lat' dir='ltr'><strong>sacra,</strong></span> <span class='ocrx_word' id='word_1_921' title='bbox 2799 5433 2877 5508; x_wconf 82' lang='lat' dir='ltr'><strong>_e_t</strong></span> <span class='ocrx_word' id='word_1_922' title='bbox 2923 5431 3039 5508; x_wconf 80' lang='lat' dir='ltr'><strong>tota</strong></span> <span class='ocrx_word' id='word_1_923' title='bbox 3065 5421 3382 5508; x_wconf 65' lang='lat' dir='ltr'><strong>quoi-cina;</strong></span> <span class='ocrx_word' id='word_1_924' title='bbox 3417 5421 3568 5475; x_wconf 89' lang='lat' dir='ltr'><strong>unde</strong></span> 
     </span>
    </p>
   </div>
   <div class='ocr_carea' id='block_1_127' title="bbox 1905 5494 3571 5580">
    <p class='ocr_par' dir='ltr' id='par_1_127' title="bbox 1905 5494 3571 5580">
     <span class='ocr_line' id='line_1_133' title="bbox 1905 5494 3571 5580; baseline -0.013 -17"><span class='ocrx_word' id='word_1_925' title='bbox 1905 5494 2294 5580; x_wconf 52' lang='lat' dir='ltr'><strong>Symmachus</strong></span> <span class='ocrx_word' id='word_1_926' title='bbox 2328 5507 2387 5558; x_wconf 88' lang='lat' dir='ltr'><strong>in</strong></span> <span class='ocrx_word' id='word_1_927' title='bbox 2406 5494 2814 5580; x_wconf 47' lang='lat' dir='ltr'><strong>Ileiatione,&#39;ct</strong></span> <span class='ocrx_word' id='word_1_928' title='bbox 2838 5494 3190 5580; x_wconf 68' lang='lat' dir='ltr'><strong>Ambrosius</strong></span> <span class='ocrx_word' id='word_1_929' title='bbox 3225 5494 3373 5580; x_wconf 77' lang='lat' dir='ltr'><strong>infra</strong></span> <span class='ocrx_word' id='word_1_930' title='bbox 3396 5504 3571 5561; x_wconf 86' lang='lat' dir='ltr'><strong>quer-</strong></span> 
     </span>
    </p>
   </div>
   <div class='ocr_carea' id='block_1_128' title="bbox 1907 5567 3581 5634">
    <p class='ocr_par' dir='ltr' id='par_1_128' title="bbox 1907 5567 3581 5634">
     <span class='ocr_line' id='line_1_134' title="bbox 1907 5567 3581 5634; baseline -0.014 0"><span class='ocrx_word' id='word_1_931' title='bbox 1907 5567 2014 5634; x_wconf 60' lang='lat' dir='ltr'><strong>rl&#39;is</strong></span> <span class='ocrx_word' id='word_1_932' title='bbox 2058 5579 2368 5633; x_wconf 83' lang='lat' dir='ltr'><strong>Dodoneas</strong></span> <span class='ocrx_word' id='word_1_933' title='bbox 2417 5575 2670 5630; x_wconf 84' lang='lat' dir='ltr'><strong>arbores</strong></span> <span class='ocrx_word' id='word_1_934' title='bbox 2707 5567 2939 5627; x_wconf 86' lang='lat' dir='ltr'><strong>vocant.</strong></span> <span class='ocrx_word' id='word_1_935' title='bbox 2985 5567 3378 5623; x_wconf 81' lang='lat' dir='ltr'><strong>Scribendum</strong></span> <span class='ocrx_word' id='word_1_936' title='bbox 3436 5574 3581 5634; x_wconf 85' lang='lat' dir='ltr'><strong>ergo</strong></span> 
     </span>
    </p>
   </div>
   <div class='ocr_carea' id='block_1_129' title="bbox 1905 5629 3573 5717">
    <p class='ocr_par' dir='ltr' id='par_1_129' title="bbox 1905 5629 3573 5717">
     <span class='ocr_line' id='line_1_135' title="bbox 1905 5629 3573 5717; baseline -0.014 -11"><span class='ocrx_word' id='word_1_937' title='bbox 1905 5629 2093 5706; x_wconf 47' lang='lat'><strong>«—</strong></span> <span class='ocrx_word' id='word_1_938' title='bbox 2108 5629 2431 5703; x_wconf 73' lang='lat' dir='ltr'><strong>Chaoniam</strong></span> <span class='ocrx_word' id='word_1_939' title='bbox 2471 5629 2645 5717; x_wconf 86' lang='lat' dir='ltr'><strong>fruge</strong></span> <span class='ocrx_word' id='word_1_940' title='bbox 2690 5643 2972 5717; x_wconf 89' lang='lat' dir='ltr'><strong>glandem</strong></span> <span class='ocrx_word' id='word_1_941' title='bbox 3011 5638 3340 5702; x_wconf 86' lang='lat' dir='ltr'><strong>mutantes,</strong></span> <span class='ocrx_word' id='word_1_942' title='bbox 3407 5654 3428 5677; x_wconf 84' lang='lat'><strong>»</strong></span> <span class='ocrx_word' id='word_1_943' title='bbox 3479 5629 3573 5684; x_wconf 89' lang='lat' dir='ltr'><strong>vel</strong></span> 
     </span>
    </p>
   </div>
   <div class='ocr_carea' id='block_1_130' title="bbox 1913 5716 2971 5792">
    <p class='ocr_par' dir='ltr' id='par_1_130' title="bbox 1913 5716 2971 5792">
     <span class='ocr_line' id='line_1_136' title="bbox 1913 5716 2971 5792; baseline -0.013 -14"><span class='ocrx_word' id='word_1_944' title='bbox 1913 5747 1934 5772; x_wconf 78' lang='grc' dir='ltr'>α</span> <span class='ocrx_word' id='word_1_945' title='bbox 1968 5720 2229 5777; x_wconf 83' lang='lat' dir='ltr'><strong>Chaonia</strong></span> <span class='ocrx_word' id='word_1_946' title='bbox 2263 5720 2496 5792; x_wconf 85' lang='lat' dir='ltr'><strong>frugem</strong></span> <span class='ocrx_word' id='word_1_947' title='bbox 2529 5716 2763 5789; x_wconf 79' lang='lat' dir='ltr'><strong>glande,</strong></span> <span class='ocrx_word' id='word_1_948' title='bbox 2799 5717 2910 5767; x_wconf 91' lang='lat' dir='ltr'><strong>etc.</strong></span> <span class='ocrx_word' id='word_1_949' title='bbox 2951 5734 2971 5757; x_wconf 80' lang='grc' dir='ltr'><strong>ι»</strong></span> 
     </span>
    </p>
   </div>
  </div>
