4072 6174
471 291 632 358 1019

489 491 704 547 famem
722 493 782 548 in
799 493 971 550 silvis
991 495 1141 560 838
1161 495 1438 550 miseram
1459 495 1950 568 solabantur(38).
1977 496 2146 551 Nova
2183 481 2219 540 Χ

475 583 752 638 videlicet
793 585 1064 658 prodigia
1102 589 1428 656 terrarum,
1481 603 1614 658 quae
1655 594 1955 659 nunquam
2011 590 2144 642 ante

474 672 830 742 acciderant,
865 691 998 729 cum
1037 677 1378 746 superstitio
1413 677 1656 748 gentilis
1690 680 1810 732 toto
1843 677 1987 731 orbe
2019 676 2142 731 fer-

474 763 642 814 veret
669 763 698 816 ‘P
725 777 799 816 ne
829 778 968 817 vera
1000 765 1232 834 quando
1279 767 1412 820 ante
1469 765 1674 820 vacuis
1723 765 1929 820 avenis
1961 781 2142 838 seges

476 849 640 903 avari
659 853 794 904 vota
821 851 963 906 lusit
989 853 1269 924 agricolae
1299 853 1432 924 (39),
1467 858 1524 908 et
1555 870 1722 924 spem
1743 855 1986 909 rusticae
2015 855 2143 924 ple-

472 936 568 994 bis
591 940 841 1010 qumsita
874 941 1065 996 dulcis
1098 942 1292 1014 frugis
1321 943 1506 998 herba
1533 943 1836 998 destituit?

550 1045 636 1100 18.
677 1046 750 1101 Et
797 1048 952 1102 unde
1004 1049 1230 1104 Graecis
1289 1049 1527 1104 oracula
1585 1049 1783 1105 habita
1843 1049 1960 1122 (40)
2015 1065 2142 1106 suae

475 1150 754 1206 quercus,
803 1136 919 1191 nisi
951 1139 1086 1208 quia
1126 1139 1452 1194 remedium
1497 1139 1796 1194 silvestris
1839 1139 2135 1196 alimoniae

479 1223 740 1279 caelestis
783 1226 1094 1297 religionis
1152 1227 1371 1283 donum
1406 1230 1739 1298 putarunt?
1776 1227 1936 1282 Talis
1987 1229 2144 1282 enim

477 1327 723 1368 suorum
767 1330 1010 1370 munera
1043 1316 1288 1370 credunt
1319 1316 1584 1372 deorum.
1626 1315 1771 1381 Quis
1819 1317 2140 1372 dodonaeas

478 1401 744 1473 arbores,
779 1403 896 1458 nisi
933 1405 1197 1476 gentium
1225 1405 1482 1475 populus
1528 1404 1826 1476 adoravit,
1863 1421 1996 1460 cum
2033 1421 2142 1476 pa-

475 1489 680 1544 bulum
717 1493 884 1546 triste
914 1494 1044 1565 agri
1082 1508 1390 1548 nemorum
1427 1493 1539 1564 (41)
1584 1494 1809 1549 honore
1849 1493 2142 1549 donaret?

475 1577 612 1632 Non
640 1582 732 1634 est
766 1581 1086 1636 verisimile
1135 1582 1294 1653 quod
1323 1583 1702 1655 indignantes
1733 1597 1939 1638 eorum
1971 1583 2052 1636 dii
2082 1583 2142 1638 id

470 1681 578 1736 pro
608 1683 781 1738 poena
811 1670 1132 1742 intulerint,
1163 1673 1320 1742 quod
1353 1671 1621 1727 solebant
1640 1672 1850 1742 placati
1867 1671 2139 1726 conferre

477 1771 584 1825 pro
615 1773 880 1814 munere.

541 1862 685 1929 Quae
714 1869 908 1920 autem
938 1867 1206 1939 aequitas,
1238 1871 1302 1923 ut
1345 1869 1551 1939 paucis
1582 1867 1996 1922 sacerdotibus
2029 1867 2137 1922 do-

471 1950 662 2008 lentes
694 1953 913 2008 victum
944 1958 1242 2027 negatum,
1275 1957 1390 2026 ipsi
1440 1957 1714 2010 omnibus
1756 1956 2136 2027 denegarent,

481 2057 614 2095 cum
642 2041 1052 2098 inclementior
1067 2049 1230 2100 esset
1251 2047 1522 2114 sindicta,
1559 2061 1733 2116 quam
1766 2045 1976 2114 culpa?
2008 2045 2139 2099 Non

477 2133 572 2184 est
608 2131 790 2202 igitur
825 2131 1058 2203 idonea,
1099 2149 1231 2204 quae
1259 2135 1477 2188 tantam
1515 2133 1908 2205 agritudinem
1939 2133 2142 2186 mundi

472 2217 732 2279 fallentis
763 2236 944 2276 causa
976 2222 1396 2278 constrinxerit
1423 2237 1436 2292 ;
1478 2221 1884 2276 utvirentibus
1917 2223 2142 2293 segeti-

465 2306 582 2364 bus
614 2309 809 2364 subito
850 2326 992 2380 spes
1022 2311 1158 2366 anni
1204 2311 1398 2366 adulta
1429 2313 1780 2366 moreretur.

539 2395 628 2452 19.
661 2397 732 2452 Ει
762 2402 920 2454 certe
952 2403 1084 2454 ante
1097 2401 1385 2470 plurimos
1433 2397 2140 2470 annostemplorumjura

468 2487 590 2541 toto
621 2487 764 2542 orbe
793 2487 1025 2543 sublata
1054 2491 1193 2542 sunt
1225 2503 1238 2544 ε
1273 2489 1524 2544 modone
1575 2489 1810 2542 demum
1841 2488 1956 2542 diis
1989 2503 2138 2559 gen-

467 2575 656 2630 tilium
688 2576 849 2630 venit
891 2577 952 2630 in
991 2581 1245 2631 mentem
1295 2593 1438 2632 suas
1486 2576 1738 2648 injurias
1787 2577 1970 2632 ultum
2013 2576 2140 2630 ire?

468 2665 790 2734 Propterea
837 2679 947 2719 nec
993 2667 1236 2720 assueto
1295 2681 1478 2719 cursu
1523 2665 1696 2720 Nilus
1742 2665 2034 2732 intumuit,
2079 2667 2141 2718 ut

471 2751 828 2808 Urbicorum
858 2753 1231 2808 sacerdotum
1262 2753 1572 2824 dispendia
1625 2753 1952 2808 vindicaret
2003 2753 2136 2824 (42),

469 2841 572 2914 qui
601 2856 720 2896 non
747 2841 1070 2897 vindicavit
1101 2857 1346 2898 suorum
1378 2844 1408 2898 ?

539 2947 628 3003 20.
659 2947 804 3004 Esto
834 2950 1028 3003 tamen
1049 2949 1102 3003 si
1141 2949 1373 3004 suriore
1411 2965 1567 3004 anno
1609 2948 1854 3004 deorum
1893 2963 2140 3004 suorum

467 3036 722 3110 injurias
741 3037 1070 3092 vindicatae
1107 3040 1330 3108 putant,
1356 3054 1463 3093 cur
1489 3037 1772 3109 praesenti
1801 3052 1956 3092 anno
1992 3052 2138 3092 con-

469 3127 712 3197 temptui
753 3127 919 3182 fuere
947 3129 976 3182 ?
1024 3127 1154 3182 Jam
1212 3127 1368 3182 enim
1425 3142 1534 3181 nec
1583 3127 1905 3181 herbarum
1950 3125 2140 3180 vulsis

466 3216 768 3270 radicibus
799 3216 1096 3271 rusticana
1127 3216 1298 3287 plebs
1337 3215 1622 3287 pascitur,
1650 3231 1760 3268 nec
1797 3215 2003 3268 bacca:
2033 3214 2138 3268 sil-
2171 3207 2221 3273 C

467 3305 688 3362 vestris
738 3305 1005 3374 explorat
1050 3304 1296 3375 solatia;
1337 3319 1448 3360 nec
1503 3303 1702 3358 cibum
1749 3303 1820 3357 de
1867 3301 2139 3358 sentibus

467 3394 618 3464 rapit
657 3395 768 3464 (45)
805 3409 816 3448 :
855 3393 964 3448 sed
1010 3408 1255 3464 operum
1291 3394 1426 3448 laeta
1481 3391 1764 3465 felicium,
1808 3391 1947 3445 dum
1979 3405 2141 3445 mes-

468 3497 570 3538 ses
610 3497 753 3538 suas
793 3485 849 3538 et
886 3483 1016 3553 ipso
1059 3481 1340 3550 miratus,
1383 3481 1646 3552 explevit
1703 3480 1820 3534 voti
1873 3479 2140 3534 satietate

461 3569 759 3644 jejunium
809 3587 820 3626 :
863 3571 1138 3627 usurario
1176 3571 1352 3626 nobis
1392 3569 1646 3625 reddidit
1685 3573 1839 3624 terra
1878 3583 2140 3640 proven-

467 3663 586 3718 tus.

535 3767 622 3824 21.
669 3768 814 3834 Quis
877 3783 1022 3840 ergo
1061 3763 1176 3822 tam
1223 3783 1334 3822 nos
1381 3765 1654 3821 humanis
1707 3765 1924 3820 usibus
1973 3765 2140 3820 vices

465 3859 698 3927 stupent
723 3858 1060 3912 annorum?
1092 3856 1163 3911 Et
1200 3859 1394 3911 tamen
1433 3855 1608 3910 etiam
1639 3853 1949 3924 superiore
1985 3869 2140 3908 anno

464 3945 780 4016 plerasque
793 3946 1066 4000 novimus
1079 3945 1417 4016 provincias
1442 3943 1810 3998 redundasse
1825 3941 2139 3996 fructibus.

465 4033 551 4088 De
581 4033 764 4088 Gallis
796 4034 1160 4104 quidloquar
1174 4033 1348 4089 solito
1371 4032 1682 4088 ditioribus
1702 4033 1730 4086 ‘?
1761 4030 2144 4086 Frumentum

466 4121 808 4191 Pannonias,
843 4123 997 4194 quod
1028 4138 1146 4178 non
1175 4123 1470 4190 severant,
1513 4120 1937 4174 vendiderunt:
1960 4122 2016 4174 et
2047 4134 2142 4174 se-

468 4211 658 4266 cunda
689 4211 900 4267 Rhetia
946 4209 1060 4281 (44)
1092 4210 1408 4266 fertilitatis
1450 4224 1578 4264 suae
1630 4207 1794 4262 novit
1822 4207 2140 4277 invidiam;

539 4355 652 4424 (38)
683 4355 818 4410 Non
859 4354 1031 4424 pauci
1071 4369 1250 4423 mss.,
1299 4375 1320 4399 «
1367 4352 1647 4424 miseram
1699 4349 2138 4424 solabamur;_n

465 4431 523 4482 et
551 4421 689 4482 istic
719 4421 998 4480 alluditur
1037 4427 1210 4480 etiam
1237 4421 1314 4478 ad
1352 4422 1742 4494 Virgilianum
1790 4421 1935 4476 illud
1973 4437 2005 4476 e
2036 4421 2142 4476 lib.

464 4498 590 4570 jam
622 4499 797 4553 citato
832 4513 844 4552 :

562 4586 942 4648 Concussaque
973 4588 1160 4634 famem
1189 4585 1244 4633 in
1269 4583 1422 4633 silvis
1459 4583 1699 4632 solabere
1731 4594 1950 4642 quercu.

540 4667 656 4737 (39)
686 4667 854 4740 Virg.
887 4666 989 4721 lib.
1036 4665 1134 4720 cit.
1173 4680 1186 4720 :

621 4756 937 4818 Exspectata
963 4768 1117 4818 seges
1137 4753 1324 4802 vacuis
1349 4751 1508 4800 elusit
1533 4749 1744 4800 avenis.

537 4833 651 4906 (40)
682 4836 762 4894 Ita
792 4851 941 4890 mss.
971 4851 986 4906 ;
1017 4835 1153 4889 edit.
1187 4835 1400 4906 autem,
1455 4854 1477 4878 «
1507 4831 1760 4906 oracula
1811 4829 2049 4884 habitae.
2105 4849 2127 4876 ι

469 4901 670 4976 utique
701 4922 776 4960 ex
807 4901 984 4977 Virg.
1005 4906 1108 4960 lib.
1142 4921 1180 4957 ιι
1217 4904 1432 4975 Georg.
1469 4902 1568 4956 ubi
1599 4901 1818 4973 legitur
1849 4915 1861 4954 :

568 5028 582 5042 .
621 5029 633 5042 .
673 5031 684 5042 .
715 5027 728 5042 .
767 5028 780 5042 .
811 4996 982 5054 Atque
1003 4993 1192 5042 habita:
1222 4991 1404 5052 Grajis
1442 4990 1656 5038 oracula
1681 5001 1933 5049 quercus.

473 5074 556 5128 De
587 5074 894 5128 dodonaeis
934 5089 1110 5143 porro
1140 5071 1482 5143 quercubus
1515 5070 1611 5124 hic
1642 5069 1739 5139 agi
1771 5069 2038 5143 constat;
2071 5067 2143 5122 de

475 5145 693 5216 quibus
732 5139 953 5215 praeter
983 5139 1221 5216 Virgil—ii,
1255 5143 1748 5216 commentatores
1788 5139 1861 5192 ad
1899 5153 2146 5216 versum

475 5207 753 5286 citatum;
791 5207 1122 5270 consulerev
1151 5215 1324 5269 etiam
1362 5214 1500 5266 licet
1550 5211 1860 5265 Erasmum
1904 5209 2041 5263 chil.
2087 5207 2136 5277 1,

476 5291 630 5342 cent.
675 5287 726 5352 Ἰ,
750 5286 967 5358 adagio
997 5286 1050 5358 7.

545 5358 658 5430 (4t)
687 5353 906 5412 Omnes
954 5356 1116 5424 edit.,
1155 5377 1178 5430 ιι
1223 5355 1502 5430 pabulum
1539 5355 1710 5430 tristc
1759 5353 1916 5408 sacri
1947 5367 2145 5406 nemo-

471 5429 590 5494 ris;
629 5427 649 5476 »ἃ
687 5445 892 5483 omnes
926 5444 1072 5482 mss.
1109 5429 1170 5482 ut
1200 5444 1311 5481 nos
1342 5427 1402 5480 in
1429 5428 1612 5481 textu.

545 5501 658 5570 )42)
715 5499 1216 5564 Quemadmodum
1269 5499 1455 5570 Roma
1511 5513 1618 5570 per
1673 5495 2143 5570 antonomasiam

475 5565 656 5640 Urbs,
689 5572 768 5625 ita
806 5575 863 5625 et
896 5572 1196 5626 Romanos
1228 5565 1570 5622 sacerdotes
1594 5567 1706 5620 hoc
1729 5566 1860 5620 loco
1886 5565 2141 5620 Urbicos

479 5643 651 5694 vocat
682 5641 1063 5695 Ambrosius.

549 5711 660 5780 (43)
690 5710 970 5765 Nonnulli
999 5725 1169 5776 mss.,
1217 5729 1239 5754 «ι
1273 5721 1384 5761 nec
1415 5705 1586 5760 cibus
1618 5705 1690 5762 de
1721 5705 1991 5762 sentibus
2035 5722 2138 5762 sa-

1931 295 1997 358 S.
2042 294 2484 360 AMBROSII.

2162 4571 2218 4632 D

3766 294 3922 360 1020

2253 512 2389 552 nam
2427 513 2560 568 quae
2599 496 2828 552 solebat
2863 495 3044 552 tutior
3081 511 3220 552 esse
3257 495 3513 568 jejunio,
3555 495 3915 552 fecunditate

2255 585 2487 642 hostem
2535 586 2597 640 in
2651 601 2718 640 se
2766 584 3043 640 excitavit
3093 601 3105 639 :
3160 585 3462 657 Liguriam
3519 585 3920 658 Venetiasque

2254 675 2512 730 autumni
2553 674 2843 730 frumenta
2891 677 3196 744 paverunt.
3241 674 3399 745 Ergo
3445 689 3556 730 nec
3603 673 3703 728 ille
3737 675 3921 730 sacri-

2254 763 2411 836 legio
2450 779 2644 818 annus
2683 763 2954 832 exaruitt,
2993 765 3050 817 et
3082 762 3195 817 iste
3226 762 3362 817 fidei
3393 762 3688 817 fructibus
3729 778 3922 818 annus

2253 851 2528 907 effloruit.
2571 852 2806 923 Negent
2833 851 3008 906 etiam
3045 850 3203 922 quod
3231 851 3400 922 largo
3437 850 3560 905 fetu
3589 851 3786 906 vineae
3829 868 3925 907 re-

2255 941 2664 996 dundaverint.
2689 940 2836 1004 839
2877 939 3078 1010 Itaque
3106 942 3161 994 et
3181 955 3445 994 messem
3474 941 3808 994 feneratam
3837 956 3925 996 re-

2254 1031 2550 1102 cepimus,
2601 1031 2658 1084 et
2693 1028 3049 1084 liberalioris
3085 1027 3398 1084 vindemiae
3444 1027 3740 1083 beneﬁcia
3788 1045 3927 1100 pos-

2251 1121 2537 1176 sidemus.

2319 1209 2408 1264 22.
2443 1209 2787 1264 Postremus
2817 1209 3094 1277 superest
3122 1206 3487 1261 etmaximus
3510 1205 3706 1275 locus,
3723 1209 3916 1260 utrum

2252 1314 2320 1354 ea
2351 1313 2485 1369 quae
2524 1296 2698 1352 vobis
2745 1295 3095 1366 profuerint,
3156 1295 3564 1364 imperatores,
3608 1296 3922 1349 restituere

2252 1386 2520 1442 subsidia
2542 1383 2840 1454 debeatis;
2871 1383 2950 1438 ait
2969 1384 3124 1438 enim
3151 1399 3164 1438 :
3192 1383 3314 1438 Vos
3335 1382 3674 1454 defendant,
3697 1399 3732 1436 a
3755 1383 3925 1438 nobis

2257 1476 2544 1530 colantur.
2579 1474 2708 1528 Hoc
2737 1475 2846 1542 est,
2879 1471 3212 1526 fidelissimi
3241 1471 3562 1542 principes,
3596 1471 3760 1542 quod
3781 1471 3929 1526 ferre

2249 1579 2368 1618 non
2405 1577 2765 1634 possumus;
2795 1560 2932 1632 quia
2978 1560 3337 1630 exprobrant
3376 1559 3551 1614 nobis
3598 1571 3810 1615 vestro
3863 1576 3924 1614 se

2250 1651 2632 1707 nominediis
2667 1650 2794 1704 suis
2827 1649 3183 1719 supplicare,
3209 1651 3265 1703 et
3294 1648 3468 1703 vobis
3500 1665 3620 1703 non
3650 1649 3924 1703 mandan-

2249 1742 2430 1808 tibus,
2455 1739 2835 1810 sacrilegium
2858 1738 3110 1792 immane
3151 1737 3538 1804 committunt,
3574 1737 3924 1792 dissimula-

2173 1853 2219 1912 Β
2251 1832 2469 1886 tionem
2501 1844 2608 1900 pro
2647 1843 2950 1883 consensu
3006 1827 3482 1896 interpretantes.
3516 1825 3643 1880 Sibi
3675 1825 3930 1880 habeant

2251 1918 2527 1990 przesidia
2559 1933 2665 1972 sua
2692 1932 2704 1971 :
2739 1931 2885 1970 suos
2914 1915 2966 1969 si
2996 1917 3270 1986 possunt,
3290 1915 3390 1968 illa
3411 1914 3758 1969 defendant.
3780 1915 3925 1969 Nam

2251 2009 2305 2063 si
2333 2009 2410 2062 iis
2441 2023 2475 2060 a
2513 2006 2730 2078 quibus
2761 2004 3050 2074 coluntur,
3075 2004 3295 2058 auxilio
3327 2018 3466 2059 esse
3497 2019 3617 2058 non
3635 2007 3923 2074 possunt;

2251 2095 2546 2168 quomodo
2569 2096 2822 2166 possunt
2851 2109 2963 2148 vos
2991 2091 3332 2162 defendere,
3364 2107 3398 2146 a
3435 2091 3656 2163 quibus
3693 2107 3816 2148 non
3844 2108 3932 2147 co-

2250 2184 2454 2240 luntur
2477 2185 2506 2238 ‘?

2325 2275 2415 2329 23.
2451 2273 2570 2328 Sed
2601 2271 2928 2342 majorum,
2969 2269 3196 2342 inquit,
3241 2263 3576 2324 servandus
3627 2271 3728 2324 est
3763 2270 3925 2338 ritus,

2248 2361 2401 2427 Quid
2431 2361 2590 2432 quod
2629 2359 2824 2416 omnia
2859 2359 3064 2429 postea
3107 2359 3170 2412 in
3213 2357 3427 2413 melius
3480 2355 3911 2428 profecerunt?

2249 2451 2508 2506 Mundus
2537 2451 2688 2520 ipse,
2731 2449 2832 2520 qui
2863 2448 2956 2502 vel
2974 2447 3228 2518 primum
3245 2447 3468 2502 coactis
3497 2447 3921 2502 elementorum

2251 2556 2359 2611 per
2387 2539 2560 2594 inane
2611 2537 2946 2592 seminibus
2975 2537 3116 2608 (45),
3145 2538 3351 2591 tenero
3391 2534 3556 2604 orbe,
3610 2549 3926 2590 concreve-

2248 2632 2357 2699 rat,
2391 2629 2484 2682 vel
2515 2626 2767 2683 confuso
2806 2625 3001 2680 adhuc
3047 2624 3328 2696 indigesti
3389 2624 3590 2694 operis
3640 2623 3928 2696 caligabat

2247 2717 2531 2786 horrore;
2578 2730 2774 2770 nonne
2811 2717 3018 2784 postea
3049 2713 3327 2768 distincio
3359 2711 3514 2782 coeli,
3559 2713 3767 2782 maris,
3811 2715 3926 2768 ter-

2249 2821 2567 2878 rarumque
2599 2803 2962 2873 discrimine,
3011 2817 3210 2858 rerum
3249 2801 3472 2856 formas
3513 2799 3738 2872 quibus
3787 2816 3925 2870 spe-

2249 2895 2454 2951 ciosus
2486 2894 2737 2962 videtur,
2770 2891 3041 2961 accepit?
3090 2879 3300 2945 Ex'utm
3330 2889 3717 2944 humentibus
3765 2892 3932 2944 tene-

2246 2985 2375 3040 bris
2407 2998 2626 3040 novum
2653 2984 2829 3036 terrae
2859 2983 3140 3051 stupuere
3172 2979 3382 3034 solem.
3407 2976 3549 3033 Dies
3583 2977 3646 3031 in
3674 2978 3922 3032 exordio

2249 3089 2369 3130 non
2389 3071 2667 3144 refulget,
2703 3069 2810 3124 sed
2836 3070 2898 3124 in
2924 3082 3218 3139 processu
3248 3065 3533 3136 temporis
3561 3065 3930 3122 incremento

2247 3161 2490 3216 luminis
2529 3159 2724 3228 micat,
2757 3161 2816 3213 et
2844 3157 3062 3212 caloris
3101 3157 3413 3212 exaestuat.

2317 3250 2407 3306 42.
2444 3251 2610 3304 Luna
2643 3249 2798 3318 ipsa,
2832 3262 2946 3318 qua
2984 3245 3351 3316 propheticis
3399 3243 3660 3298 oraculis
3695 3244 3934 3314 species

2249 3339 2538 3394 Ecclesiae
2603 3337 2926 3409 figuratur,
2989 3349 3124 3388 cum
3180 3333 3438 3404 primum
3492 3346 3831 3404 resurgens
3879 3333 3934 3386 in

2248 3431 2588 3484 menstruas
2633 3427 2940 3496 reparatur
2979 3425 3206 3493 aetates,
3259 3419 3524 3476 tenebris
3569 3419 3750 3475 nobis
3801 3420 3933 3474 abs-

2249 3517 2522 3573 conditur
2552 3515 2666 3586 (46)
2701 3530 2714 3570 :
2747 3512 3146 3584 paulatimque
3180 3526 3404 3566 cornua
3437 3522 3546 3564 sua
3583 3501 3930 3580 complens,

2248 3607 2343 3662 vel
2373 3621 2404 3660 e
2432 3605 2679 3678 regione
2707 3603 2856 3658 solis
2885 3601 3231 3671 absolvens,
3265 3599 3411 3654 clari
3437 3597 3764 3669 splendore
3803 3597 3918 3652 ful-

2249 3695 2418 3769 goris
2439 3693 2710 3749 irrutilat.

2319 3783 2408 3840 25.
2441 3781 2727 3838 Exercori
2781 3780 2844 3834 in
2887 3778 3116 3834 fructus
3146 3780 3324 3833 terrae
3360 3778 3494 3832 ante
3534 3773 3929 3830 nesciebant:

2247 3875 2385 3945 post
2411 3872 2514 3928 ubi
2543 3871 2832 3940 imperare
2881 3868 3044 3922 arvis
3094 3865 3390 3921 sollicitus
3447 3863 3628 3934 coepit
3666 3862 3930 3936 agricola

2251 3962 2384 4034 (74).
2417 3963 2475 4015 et
2503 3959 2760 4014 informe
2799 3957 2995 4012 solum
3048 3955 3275 4010 vestire
3320 3952 3560 4022 vinetis,
3615 3952 3932 4006 silvestres

2251 4051 2484 4106 animos
2512 4046 2858 4104 domesticis
2890 4044 3130 4100 mollitae
3161 4043 3420 4098 cultibus
3464 4046 3785 4096 exuerunt.

2323 4139 2411 4195 26.
2455 4137 2610 4192 Anni
2637 4135 2830 4208 ipsius
2853 4137 2997 4189 aetas
3031 4134 3236 4204 prima,
3288 4147 3421 4203 quis
3456 4145 3568 4186 nos
3617 4145 3735 4184 usu
3763 4127 3934 4200 parili

2253 4227 2537 4285 coloravit
2567 4229 2710 4281 nutu
2739 4222 3108 4297 giguentium
3129 4221 3241 4292 (48)
3283 4237 3296 4276 :
3321 4219 3430 4276 sed
3457 4218 3518 4274 in
3545 4233 3813 4290 poeessu
3842 4217 3926 4272 la-

2251 4372 2352 4498 pgit.
2385 4394 2404 4419 »
2430 4369 2919 4442 Sequentiautem
2937 4381 3123 4422 sensu
3143 4364 3386 4436 parodia
3406 4365 3499 4418 est
3526 4378 3605 4418 ex
3635 4362 3738 4418 illo
3757 4360 3931 4433 Virg.

2310 4458 2478 4498 eam.
2501 4459 2521 4496 ι
2555 4457 2567 4495 :

2310 4458 2416 4498 eor
2463 4484 2478 4496 .
2501 4459 2521 4496 1
2555 4458 2567 4495 :

2407 4459 2470 4579 gt
2498 4529 2614 4592 ipsa
2649 4542 2776 4578 suas
2797 4527 3054 4576 mirantur
3077 4525 3311 4589 Gargara
3340 4535 3572 4583 messes,

2322 4610 2434 4683 (44)
2465 4610 2682 4666 Omnes
2713 4608 2876 4683 edit.,
2897 4629 2962 4683 _¢_
2981 4605 3310 4683 etfecunda
3336 4603 3682 4683 Bhetiaih-
3721 4618 3931 4658 omnes

2249 4673 2426 4760 mss.,
2463 4705 2485 4732 υ
2513 4684 2570 4736 et
2601 4673 2871 4760 secunda
2896 4677 3126 4760 Rhetia.
3159 4697 3188 4757 ρ
3225 4675 3414 4730 Hodie
3446 4673 3814 4760 dividiturea
3849 4689 3936 4728 re-

2251 4755 2350 4826 gio
2382 4746 2444 4808 in
2492 4751 2863 4822 superiorem
2909 4752 2965 4803 et
2999 4747 3339 4802 inferiorem
3375 4761 3387 4800 :
3425 4761 3501 4799 an
3531 4749 3730 4798 autem
3783 4746 3930 4798 Am-

2249 4825 2439 4880 brosii
2469 4826 2637 4878 aetate
2666 4823 2726 4876 in
2742 4822 2993 4896 primam
3009 4822 3066 4896 et
3083 4817 3405 4896 secundam
3428 4816 3922 4896 distingueretur,

2253 4896 2426 4951 nobis
2477 4909 2596 4950 non
2627 4886 2876 4948 constat.
2926 4890 3073 4944 Vide
3106 4890 3284 4944 situm
3340 4886 3476 4958 ejus
3517 4886 3676 4958 apud
3729 4886 3926 4940 Ptolo-

2254 4982 2449 5033 meum
2487 4965 2590 5020 lib.
2622 4982 2684 5033 ιι,
2717 4967 2775 5018 et
2803 4957 3784 5033 apudgeographosrecentiores.

2327 5032 2439 5108 (45)
2469 5027 2876 5108 Compo_ne,_si
2905 5027 3312 5108 lub'et,_'totum
3353 5029 3512 5108 hunc
3570 5027 3768 5082 locum
3788 5041 3931 5108 _c_um

2257 5098 2434 5163 simili
2467 5098 2636 5178 apudj
2651 5098 2964 5178 Virgilium
2989 5098 3122 5158 Ecl.
3158 5101 3210 5171 6,
3244 5103 3302 5156 et
3347 5100 3596 5154 alterum
3644 5115 3721 5154 ex
3752 5098 3930 5152 altero

2257 5177 2748 5250 petitumfdiffiteb
2757 5177 2898 5231 eris.

2327 5250 2439 5320 )46)
2460 5249 2608 5304 Mss.
2630 5248 2871 5318 aliquot,
2909 5243 3230 5320 «tenebris
3253 5241 3444 5320 noctis
3465 5240 3873 5320 absconditur.
3899 5255 3918 5284 ι

2325 5313 2439 5389 (4'7)
2470 5313 2766 5374 Mutuatus
2789 5313 2880 5372 est
2911 5317 3083 5371 etiam
3114 5315 3271 5370 hunc
3301 5314 3497 5368 locum
3527 5313 3807 5368 Ambros.
3848 5323 3918 5361 ex

2255 5392 2356 5448 illo
2387 5392 2552 5462 Virg.
2581 5392 2798 5461 Georg.
2826 5389 2851 5442 1
2892 5403 2903 5442 :
2947 5429 2950 5432 .

2316 5483 2638 5541 Exercetquo
2669 5481 2919 5539 frequens
2946 5475 3201 5532 tellurem,
3233 5480 3389 5535 atque
3419 5473 3644 5541 imperat
3673 5469 3831 5522 arvis.

2251 5563 2367 5616 Alii
2397 5576 2642 5633 quoque
2662 5574 2879 5633 versus
2903 5557 3052 5633 elib.
3089 5573 3130 5610 ιι
3143 5555 3257 5633 _liic
3279 5555 3732 5624 expressisunt,
3765 5561 3912 5621 quos

2251 5635 2381 5705 ipse
2412 5627 2518 5702 per
2539 5627 2594 5686 te
2620 5631 2792 5705 facile
2823 5627 3265 5705 deprehendes.

2320 5691 2432 5775 (48)
2468 5705 2636 5759 Rom.
2673 5703 2834 5769 edit.,
2873 5691 2918 5748 α’
2938 5699 3092 5754 nuda
3141 5696 3515 5770 gignentium
3547 5712 3561 5764 ς
3628 5718 3651 5744 ιι
3712 5691 3926 5764 Optimo
