3942 6168
72 291 201 360 1021

1152 275 1767 343 EPISTOLARUM
1812 276 2151 343 CLASSIS
2191 278 2239 341 Ι.

3269 274 3430 345 1022

64 489 228 565 psuris
259 480 476 541 ﬂoribus
514 479 743 548 vernat,
776 476 1097 548 postremis
1128 477 1417 533 adolescit
1452 477 1652 534 fructi-
1679 461 1722 525 λ
1758 479 1857 533 tia.
1890 478 2105 552 Magna
2134 479 2315 553 igitur
2344 479 2473 551 dea,
2499 496 2675 552 quam
2696 480 2945 537 militum
2966 479 3275 537 multitudo
3307 480 3428 536 sibi

79 581 193 721 mg.
219 662 326 717 Nos
352 671 566 731 quoque
595 656 711 711 aevi
742 656 946 727 rudes,
988 671 1209 712 sensus
1239 657 1531 721 habemus
1562 659 1650 713 in-

70 753 257 810 fantiam
297 748 399 819 (47)
433 762 444 801 :
484 744 587 800 sed
634 746 839 799 mutati
886 746 947 800 in
989 761 1180 801 annos
1226 745 1452 818 ingenii
1482 748 1650 802 rudi-

71 844 216 898 menta
240 837 582 909 deponimus.

117 930 183 984 28.
209 927 389 981 Dicant
413 924 590 995 igitur
617 924 679 977 in
706 914 1062 978 suis'omnia
1092 938 1332 978 manere
1363 923 1648 979 debuisse

66 1015 309 1090 principiis
331 1030 344 1084 ;
365 1012 637 1067 mundum
657 1012 921 1067 tenebris
942 1012 1280 1082 obductum,
1305 1014 1443 1084 quia
1459 1014 1650 1083 splen-

64 1109 170 1162 dore
207 1103 335 1159 solis
379 1101 651 1171 illuxerit,
703 1101 1041 1171 displicere.
1070 1101 1141 1155 Et
1169 1105 1386 1173 quanto
1416 1104 1647 1174 gratius

68 1198 136 1249 est
156 1191 301 1247 animi
328 1190 594 1245 tenebras
624 1188 949 1261 depulisse,
970 1206 1146 1262 quam
1163 1191 1453 1260 corporis,
1487 1190 1651 1245 ﬁdei-

67 1298 152 1354 que
184 1280 337 1351 jubar
376 1278 713 1348 emicuisse,
764 1294 940 1349 quam
989 1278 1137 1334 solis
1158 1280 1186 1334 ε)
1226 1278 1386 1350 Ergo
1417 1279 1565 1343 840
1597 1282 1655 1334 et

66 1369 219 1426 mundi
244 1369 380 1422 sicut
409 1366 668 1421 omnium
688 1382 886 1421 rerum
907 1367 1188 1436 primava
1205 1370 1500 1422 mutarunt
1515 1369 1649 1438 (50),

63 1462 108 1512 ut
130 1456 436 1511 venerabilis
459 1471 624 1511 canae
646 1455 783 1511 fidei
803 1458 1154 1527 sequeretur
1174 1459 1474 1511 senectus.
1490 1456 1653 1521 Quos

56 1547 141 1600 hoc
176 1547 356 1615 movet,
404 1544 842 1615 reprehendant
889 1560 1191 1615 messem;
1237 1545 1374 1616 quia
1410 1561 1547 1599 sera
1580 1545 1656 1600 fe-

56 1633 269 1688 cunditas
310 1635 436 1702 est;
487 1633 927 1704 reprehendant
972 1633 1365 1703 vindemiam;
1408 1634 1547 1705 quia
1593 1634 1654 1689 in

52 1737 222 1776 occasu
263 1721 388 1776 anni
435 1724 528 1776 est
564 1737 579 1777 :
632 1721 1068 1793 reprehendant
1099 1722 1353 1793 olivam;
1385 1723 1522 1793 quia
1551 1738 1654 1792 po-

52 1812 257 1864 stremus
284 1812 369 1864 est
392 1809 650 1865 fructus.

101 1898 168 1952 29.
210 1897 354 1971 Ergo
401 1901 458 1953 et
494 1899 721 1954 messis
754 1901 956 1954 nostra
987 1899 1136 1953 fides
1166 1899 1495 1954 animorum
1525 1902 1651 1970 est;

47 1985 275 2043 Ecclesia
302 1988 485 2059 gratia
515 1988 635 2059 (51)
665 1989 1008 2043 meritorum
1047 1988 1341 2043 vindemia
1373 1991 1484 2059 est,
1519 2004 1652 2060 qua

44 2074 96 2129 ab
120 2077 225 2129 ortu
252 2076 441 2130 mundi
473 2076 708 2131 virebat
736 2078 797 2131 in
826 2078 1072 2147 sanctis,
1107 2078 1216 2131 sed
1245 2079 1541 2147 postrema
1574 2093 1655 2132 a-

43 2166 128 2215 tate
153 2178 209 2217 se
234 2162 453 2219 diffudit
497 2166 563 2220 in
610 2166 889 2236 populos,
930 2168 994 2220 ut
1038 2166 1415 2220 adverterent
1444 2181 1651 2221 omnes

39 2266 127 2305 non
153 2251 374 2307 rudibus
403 2254 625 2309 animis
656 2254 980 2324 irrepsisse
1011 2254 1187 2309 ﬁdem
1216 2254 1434 2308 Christi
1469 2254 1653 2325 (nulla

36 2340 156 2392 enim
180 2341 297 2394 sine
325 2341 680 2397 adversario
705 2358 924 2397 corona
945 2341 1256 2414 victoria),
1280 2343 1386 2398 sed
1407 2344 1654 2414 explosa

38 2427 279 2499 Opinione,
309 2445 441 2501 qua
473 2434 614 2486 ante
649 2431 967 2501 convaluit,
999 2432 1157 2503 quod
1188 2434 1313 2487 erat
1340 2447 1569 2502 verum,
1591 2431 1656 2487 fit

28 2513 131 2583 jure
155 2518 443 2586 pralatum
475 2520 619 2588 (52).

79 2603 152 2659 80.
190 2604 247 2660 Si
289 2607 439 2662 ritus
492 2611 736 2664 veteres
775 2608 1164 2679 delectabant,
1198 2624 1306 2664 cur
1334 2609 1395 2664 in
1425 2609 1654 2664 alienos

26 2690 141 2746 ritus
167 2694 360 2750 eadem
392 2697 592 2752 Roma
622 2698 969 2753 successit?
997 2697 1210 2752 Omitto
1245 2698 1655 2752 absconditam

24 2781 172 2848 pretio
197 2781 456 2855 humum,
492 2789 556 2841 et
582 2786 915 2856 pastorales
947 2801 1122 2841 casas
1173 2802 1318 2841 auro
1366 2786 1652 2858 degeneri

23 2869 314 2927 renitentes.
348 2871 527 2945 Quid,
564 2877 630 2929 ut
658 2875 731 2929 de
760 2874 893 2945 ipso
923 2875 1320 2946 respondeam
1341 2875 1499 2947 quod
1519 2890 1657 2946 que-

23 2960 203 3027 runtur,
222 2965 529 3031 captarum
552 2963 875 3019 simulacra
894 2964 1151 3034 urbium,
1175 2964 1484 3036 victosque
1507 2964 1653 3019 deos

23 3047 58 3098 et
77 3050 411 3121 peregrinos
440 3052 604 3107 ritus
635 3068 945 3107 sacrorum
965 3053 1173 3108 aliena
1205 3052 1652 3123 superstitionis

25 3136 172 3189 amuli
218 3140 632 3210 receperunt?
679 3141 848 3196 Unde
896 3142 1081 3213 igitur
1108 3142 1463 3212 exemplum,
1497 3142 1653 3213 quod

25 3234 187 3280 :urrus
214 3195 379 3282 suos;
394 3229 517 3300 (53)
551 3195 831 3285 simulato
862 3195 1132 3285 Almonis
1155 3195 1214 3284 in
1235 3195 1473 3293 ﬂumine
1501 3195 1656 3285 lavat
1682 3195 1734 3260 Ο

25 3306 233 3380 beele?
265 3316 440 3373 Unde
472 3319 730 3391 Phrygii
761 3322 950 3389 vates,
984 3321 1041 3373 et
1068 3334 1306 3390 semper
1324 3319 1518 3373 invisa
1538 3320 1655 3374 Ro-

25 3401 164 3455 nanis
190 3419 307 3459 non
338 3422 542 3479 aqua
575 3407 957 3480 Carthaginis
988 3408 1227 3462 numina
1247 3409 1276 3461 ?
1304 3405 1490 3471 Quam
1518 3407 1654 3462 Ca-

25 3492 178 3545 estem
204 3493 358 3566 Afri,
394 3496 686 3551 Mithram
713 3498 937 3562 Persa,
959 3496 1226 3567 plerique
1244 3496 1538 3552 Venerem
1555 3512 1654 3551 co-

26 3580 102 3629 unt
128 3579 253 3651 (54),
285 3599 398 3653 pro
417 3585 776 3640 diversitate
807 3585 1086 3656 nominis,
1118 3600 1237 3639 non
1257 3600 1363 3655 pro
1392 3584 1654 3640 numinis

26 3666 260 3725 arietata.
296 3671 403 3728 Sic
436 3673 621 3729 deam
650 3689 789 3729 esse
821 3674 1215 3729 etvictoriam
1253 3673 1650 3744 crediderunt,

25 3766 106 3820 ῖῑιω
132 3758 328 3831 utique
359 3778 598 3818 munus
628 3765 740 3834 est,
772 3778 891 3818 non
911 3764 1177 3834 potestas
1204 3777 1215 3818 :
1243 3763 1513 3833 donatur,
1534 3778 1652 3817 non

28 3844 313 3922 ominatur,
347 3850 675 3925 legionum
703 3853 913 3925 gratia,
934 3867 1052 3907 non
1072 3851 1428 3924 religionum
1448 3853 1653 3922 poten-

27 4016 164 4085 anp,
195 4010 306 4066 sed
339 4028 506 4083 mss,
545 4015 724 4085 atque
753 4013 896 4085 edit.
922 4014 1040 4066 vct.
1073 4011 1376 4085 prasidiis
1408 4011 1653 4085 destitu-

27 4094 51 4128 ι.
79 4077 408 4157 ldem‘vero
445 4077 587 4157 est,
608 4077 646 4131 α’
668 4088 811 4139 nutu
840 4077 1210 4157 gignentium
1244 4104 1265 4132 ι
1300 4098 1368 4137 ac
1394 4082 1651 4155 gignen-

28 4151 381 4227 utlnmarkbitrio
416 4170 540 4209 seu
555 4151 562 4154 ’
575 4155 731 4227 lege.

41 4218 137 4288 (49)
166 4222 398 4281 Omnes
433 4227 612 4294 edit.,
637 4218 673 4275 ’ἆ
708 4226 996 4281 habemus
1027 4224 1329 4295 infantia;
1358 4244 1386 4274 »
1439 4239 1649 4279 omnes

27 4304 137 4369 rage
166 4309 345 4369 mss.,
389 4319 414 4346 α
454 4297 756 4352 habemus
787 4297 1130 4369 infantiam._
1154 4319 1175 4343 ι»

42 4360 137 4430 (50)
169 4360 515 4439 Εάίιξγουηι
546 4370 756 4439 paucis
785 4384 957 4435 mss.,
996 4388 1018 4418 ι
1046 4367 1327 4439 primava
1348 4366 1501 4420 viam
1532 4382 1652 4422 mu-

28 4439 177 4503 ruut;
211 4460 234 4484 ι»
274 4438 385 4492 alii
417 4438 584 4493 mss.
618 4455 833 4510 magno
865 4454 1130 4505 numero,
1188 4460 1209 4485 α
1244 4438 1524 4510 primaeva
1555 4438 1648 4491 ni-

30 4511 222 4561 erunt:
256 4532 280 4555 ιι
316 4510 438 4564 reli
493 4511 559 4565 ui
589 4509 822 4580 melius,
861 4532 883 4557 «ι
918 4511 1213 4578 nutarunt,
1242 4532 1264 4556 ιο
1299 4509 1357 4562 id
1389 4512 1500 4578 est,
1525 4524 1649 4579 Pl‘iB

30 4571 287 4634 firmitate
320 4526 722 4635 vacﬁlarunt.

30 4571 287 4649 firmitate
320 4571 722 4649 vacillarunt.

36 4647 133 4707 Γδι)
166 4650 346 4723 Rom.
411 4647 592 4723 edit.,
645 4675 667 4699 α
701 4652 850 4707 ﬁdes
880 4652 1230 4721 animarum,
1265 4652 1322 4705 et
1350 4650 1409 4705 in
1440 4650 1650 4705 Eccle-

30 4721 280 4790 a_gratia,
316 4726 446 4777 etc.
495 4747 520 4768 ιο

30 4787 140 4872 (δέ).
176 4787 420 4848 omnes
479 4793 647 4859 edit.,
701 4818 737 4872 ξι-
762 4794 817 4848 id
866 4794 1025 4872 quod
1073 4796 1197 4872 erat
1245 4790 1650 4872 verumjljure

30 4859 251 4935 alatum
278 4879 295 4931 ς
322 4888 346 4911 n
390 4880 560 4919 mss.
592 4866 822 4934 partim,
844 4859 1001 4935 quod
1019 4868 1144 4920 erat
1172 4879 1398 4933 verum,
1433 4859 1650 4935 fitjure

30 4929 328 5004 aetatum,»
368 4929 671 5005 partim...
711 4960 731 4982 α
760 4929 995 5006 injuria
1028 4936 1352 5006 pralatum,
1384 4929 1652 5006 {partita

30 5014 176 5057 am...
239 5028 263 5053 α
304 5004 385 5060 ἰαί
421 5006 575 5076 jure
621 5004 943 5076 pralatum.
983 5030 1005 5055 η
1030 5004 1183 5062 “Νθο
1223 5007 1370 5060 male
1401 5004 1651 5059 forsitan

29 5084 366 5148 geremus...
411 5099 438 5148 «ς
487 5077 550 5129 id
576 5076 710 5147 jure
741 5079 1068 5148 pralatum.
1107 5101 1129 5125 η

40 5142 122 5201 5‘3)
167 5146 327 5200 Mss.
388 5142 650 5217 aliquot,
704 5142 979 5203 (cursus
1025 5165 1191 5203 suos.
1232 5167 1255 5198 ι
1309 5147 1414 5202 Est
1456 5149 1649 5201 autem

32 5230 125 5291 rio,
160 5222 226 5271 ut
252 5219 565 5291 Nannius
588 5221 885 5285 observat,
910 5221 1126 5274 ﬂuvius
1156 5220 1360 5275 Roma
1383 5219 1441 5291 in
1462 5219 1649 5291 prima

31 5288 201 5361 pone,
237 5290 421 5358 apud
459 5305 643 5361 quem
673 5290 811 5345 olim
844 5291 1093 5346 Romani
1115 5307 1286 5345 sacra
1307 5288 1544 5361 Cybelis
1567 5288 1650 5343 fa-

32 5354 166 5432 bapt
186 5354 441 5432 eodem
481 5354 620 5429 ritu,
652 5378 769 5432 quo
797 5363 943 5417 Galli
984 5363 1327 5417 sacerdotes
1359 5354 1425 5415 in
1456 5361 1648 5430 l’hry-

37 5468 45 5476 .
80 5429 236 5483 Tum
270 5430 608 5500 subjectis
639 5429 710 5486 d'e
740 5433 949 5487 eodem
980 5434 1157 5487 ﬂuvio
1177 5432 1476 5487 nonnullis
1507 5429 1648 5485 Ovi-

41 5512 105 5576 ac
135 5500 495 5576 Jirvcnalis
529 5504 863 5571 versiculis,
884 5505 1052 5576 idem
1082 5504 1384 5575 adjungit:
1421 5502 1511 5576 Ad
1543 5519 1648 5555 cu-

54 5571 560 5643 similitudinem
592 5590 724 5628 cum
755 5575 895 5629 alibi
918 5591 1089 5629 sacra
1118 5571 1297 5639 fiunt;
1316 5574 1650 5643 proximum

32 5640 168 5696 rium
187 5645 569 5718 _Almon_em
597 5661 734 5718 esse
765 5647 997 5718 fingunt
1017 5662 1031 5716 ;
1055 5645 1115 5718 si
1132 5640 1367 5718 quidem
1387 5659 1516 5698 mos
1534 5647 1646 5718 est,

32 5725 150 5780 {ua
183 5714 252 5769 in
276 5714 513 5770 sacris
532 5714 735 5771 haberi
756 5714 1048 5791 nequeant
1070 5714 1454 5772 simulentur:
1493 5714 1651 5788 quod

1674 1837 1722 1897 Β

1758 569 2036 638 vindicat,
2067 569 2162 623 vel
2190 569 2529 640 praliorum
2557 570 2733 625 donat
2765 573 3014 626 eventus
3038 571 3068 625 ?

1828 655 1917 712 31.
1950 657 2147 729 Hujus
2177 673 2338 712 aram
2370 659 2519 713 strui
2550 659 2609 712 in
2638 659 2807 713 urbis
2858 660 3063 714 Roma
3112 658 3274 713 curia
3323 674 3426 729 pe-

1756 747 1902 816 tunt,
1958 746 2071 801 hoc
2117 750 2228 817 est,
2279 763 2395 818 quo
2440 748 2643 817 plures
2690 748 3048 803 conveniunt
3077 746 3418 803 Christiani.

1757 834 2044 890 Omnibus
2075 836 2135 889 in
2165 836 2399 906 templis
2428 852 2568 906 ara,
2600 852 2701 890 ara
2732 836 2906 891 etiam
2954 837 3013 890 in
3046 836 3262 907 templo
3292 836 3421 891 vic-

1757 924 2059 979 toriarum.
2093 923 2378 989 Quoniam
2408 940 2653 980 numero
2683 925 3076 996 delectantur,
3127 925 3422 979 sacriﬁcia

1760 1028 1865 1067 sua
1913 1013 2131 1091 ubique
2180 1013 2617 1067 concelebrant.
2668 1012 2818 1078 Quid
2862 1017 2954 1068 est
2983 1013 3100 1068 nisi
3130 1012 3415 1068 insultare

1758 1102 1915 1172 fidei,
1950 1102 2127 1156 unius
2156 1117 2276 1155 ara
2300 1101 2660 1156 sacrificium
2676 1102 2978 1157 vindicare
2999 1103 3027 1157 ‘2
3058 1101 3423 1157 Ferendum-

1757 1205 1831 1244 ne
1860 1190 2040 1258 istud,
2076 1192 2137 1244 ut
2163 1190 2405 1261 gentilis
2437 1190 2752 1260 sacriﬁcet,
2801 1194 2857 1245 et
2905 1190 3278 1245 Christianus
3325 1192 3421 1245 in-

1756 1279 1976 1333 tersit?
2006 1279 2309 1347 Hauriant,
2344 1279 2553 1349 inquit,
2588 1279 2859 1335 hauriant
2888 1279 2984 1333 vel
3005 1279 3172 1334 inviti
3194 1279 3420 1333 fumum

1761 1368 1971 1437 oculis,
2021 1368 2432 1438 symphoniam
2477 1368 2744 1437 auribus,
2811 1370 3071 1423 cinerem
3127 1367 3422 1437 faucibus,

1757 1457 1896 1511 thus
1927 1456 2193 1526 naribus,
2241 1459 2298 1511 et
2341 1457 2742 1511 aversantium
2784 1458 2897 1527 (55)
2946 1457 3084 1511 licet
3128 1473 3231 1511 ora
3260 1456 3427 1511 exci-

1756 1547 1870 1598 tata
1902 1545 2054 1600 focis
2104 1546 2328 1600 nostris
2380 1544 2581 1599 favilla
2629 1548 2960 1618 respergat.
2999 1545 3133 1600 Non
3161 1544 3243 1599 illi
3275 1546 3423 1599 satis

1758 1637 1898 1689 sunt
1940 1634 2194 1703 lavacra,
2247 1650 2364 1688 non
2411 1634 2698 1705 porticus,
2731 1650 2849 1688 non
2884 1634 3093 1704 platea
3125 1636 3427 1704 occupata

1758 1722 2096 1777 simulacris
2118 1723 2147 1777 ε>
2178 1721 2444 1777 Etiamne
2476 1722 2864 1777 in'communi
2892 1723 2993 1777 illo
3024 1722 3277 1776 concilio
3308 1736 3428 1776 non

1758 1812 1870 1866 erit
1898 1810 2229 1865 communis
2262 1810 2519 1865 conditio
2540 1811 2568 1865 ‘2
2605 1810 3024 1883 Obstringetur
3051 1812 3147 1881 pia
3176 1812 3422 1864 senatu

1755 1901 1947 1972 portio
1999 1900 2421 1954 obtestantium
2467 1898 2744 1969 vocibus,
2794 1898 3192 1971 adjurantium
3222 1913 3429 1953 sacra-

1755 1989 1991 2044 mentis.
2026 1988 2090 2043 Si
2120 1987 2353 2057 refutet,
2384 1988 2684 2042 videbitur
2720 1989 3092 2043 mendacium
3121 1987 3375 2058 prodere
3410 2002 3422 2043 :

1757 2070 1897 2134 841
1936 2078 1989 2131 si
2019 2076 2377 2147 acquiescat,
2412 2076 2796 2148 sacrilegium
2825 2076 3111 2131 conﬁteri.

1827 2165 1916 2220 82.
1950 2165 2086 2234 Ubi,
2119 2165 2327 2236 inquit,
2362 2164 2423 2218 in
2453 2164 2625 2236 leges
2654 2166 2891 2219 vestras
2934 2167 2991 2218 et
3034 2163 3217 2218 verba
3255 2163 3429 2234 jura-

1758 2255 2005 2310 bimus?
2036 2252 2193 2324 Ergo
2242 2268 2413 2307 mens
2456 2255 2678 2322 vestra,
2732 2268 2865 2323 qua
2916 2251 3155 2324 legibus
3195 2253 3431 2306 tenetur

1759 2345 2010 2412 inclusa,
2044 2341 2419 2396 caremoniis
2472 2340 2742 2413 gentium
2789 2338 3139 2411 suffragium
3182 2339 3428 2411 colligit,

1762 2432 1938 2488 ﬁdem
1983 2431 2268 2504 stringit?
2313 2429 2443 2485 Jam
2487 2445 2606 2484 non
2649 2428 2842 2483 solum
2881 2428 3284 2499 prasentium,
3326 2428 3435 2484 sed

1763 2522 2098 2579 absentium
2127 2520 2321 2589 etiam,
2356 2521 2413 2574 et
2451 2518 2606 2589 quod
2652 2520 2744 2571 est
2785 2516 3059 2588 amplius,
3103 2518 3420 2587 imperato-

1760 2627 1881 2679 res,
1916 2611 2066 2665 ﬁdes
2096 2611 2297 2664 vestra
2324 2608 2632 2678 pulsatur;
2663 2622 2774 2660 vos
2796 2606 2951 2660 enim
2983 2606 3219 2678 cogitis,
3252 2607 3306 2661 si
3328 2605 3427 2678 ju-

1758 2700 1935 2755 betis.
1968 2697 2351 2753 Constantius
2381 2695 2496 2767 (56)
2526 2697 2798 2767 augusta
2829 2694 3130 2749 memoria
3158 2695 3426 2750 nondum

1761 2788 1953 2843 sacris
1982 2788 2244 2841 initiatus
2274 2784 2597 2857 mysteriis,
2633 2783 3017 2838 contaminari
3067 2798 3134 2838 se
3182 2784 3426 2854 putavit,

1763 2878 1818 2933 si
1867 2893 2030 2931 aram
2071 2876 2231 2930 illam
2276 2874 2522 2928 videret.
2573 2873 2767 2927 Jussit
2811 2872 3053 2943 auferri,
3099 2887 3219 2927 non
3240 2872 3430 2944 jussit

1761 2967 1990 3037 reponi.
2039 2965 2188 3019 Illud
2236 2963 2642 3018 auctoritatem
2687 2961 2825 3015 facti
2875 2960 3083 3029 habet,
3128 2961 3242 3017 hoc
3270 2978 3431 3032 pra-

1762 3056 1912 3126 cepti
1944 3070 2061 3109 non
2093 3053 2290 3108 habet.

1829 3145 1918 3199 33.
1950 3143 2138 3198 Nemo
2161 3142 2276 3196 sibi
2300 3141 2371 3195 de
2390 3140 2661 3195 absentia
2677 3139 3032 3194 blandiatur.
3060 3138 3431 3194 Praesentior

1760 3236 1852 3289 est
1896 3230 2027 3303 (57),
2081 3232 2181 3302 qui
2227 3246 2294 3285 se
2344 3230 2557 3284 animis
2596 3230 2826 3297 inserit,
2860 3243 3036 3299 quam
3087 3227 3186 3298 qui
3233 3227 3425 3283 oculis

1759 3324 2137 3393 protestatur.
2170 3319 2314 3373 Plus
2348 3318 2505 3373 enim
2550 3321 2644 3372 est
2689 3320 2882 3372 mente
2930 3316 3221 3385 connecti,
3253 3331 3430 3388 quam

1763 3427 2009 3482 corpore
2067 3409 2351 3479 copulari.
2403 3407 2527 3461 Vos
2576 3408 2820 3460 senatus
2879 3405 3132 3476 cogendi
3192 3405 3433 3460 concilii

1760 3500 2056 3572 praesules
2086 3498 2282 3567 habet,
2314 3496 2488 3551 vobis
2520 3495 2637 3549 coit
2670 3493 2784 3564 (58)
2818 3508 2830 3548 :
2884 3494 3058 3548 vobis
3109 3494 3428 3548 conscien-

1761 3591 1902 3645 tiam
1933 3604 2122 3657 suam,
2155 3602 2275 3641 non
2305 3585 2421 3640 diis
2451 3584 2715 3655 gentium
2745 3583 2990 3652 prastat
3023 3596 3037 3637 :
3083 3596 3195 3637 vos
3224 3582 3432 3639 liberis

1762 3679 1914 3748 suis,
1945 3692 2065 3732 non
2094 3680 2288 3730 tamen
2320 3673 2455 3727 ﬁdei
2485 3688 2612 3727 sua
2643 3670 2906 3742 prafert.
2941 3671 3086 3726 Hac
3116 3673 3209 3726 est
3237 3671 3428 3726 chari-

1759 3770 1851 3823 tas
1882 3765 2230 3836 expetenda,
2264 3763 2394 3818 hac
2424 3767 2517 3817 est
2547 3760 2805 3816 cbaritas
2837 3758 3030 3831 major
3072 3759 3338 3832 imperio,
3373 3760 3426 3816 si

1760 3856 1910 3912 ﬁdes
1943 3856 2062 3910 tuta
2091 3854 2187 3924 sit,
2222 3866 2355 3924 qua
2388 3851 2590 3906 servat
2615 3848 2949 3920 imperium.

1760 4016 2004 4143 perindde
2061 4013 2382 4085 accipitur,
2432 4026 2501 4065 ac
2548 4010 2602 4065 si
2645 4025 2786 4065 vera
2836 4011 3067 4065 essent.
3119 4008 3284 4084 Virg.
3334 4026 3425 4082 IV,

1762 4088 1953 4143 fE'nei
2018 4107 2033 4141 :

1762 4088 1995 4144 Eneid
2018 4107 2033 4141 :

1947 4211 2225 4274 Sparserat
2249 4213 2299 4257 et
2317 4207 2499 4257 latices
2530 4206 2806 4256 simulatos
2830 4205 2992 4254 fontis
3023 4205 3237 4255 Averni.

1762 4329 1906 4383 Haec
1936 4326 2227 4383 Nannius.
2260 4327 2445 4380 Porro
2478 4322 2549 4379 de
2573 4323 2765 4377 sacris
2781 4322 3291 4394 peregrinis,qua
3315 4321 3432 4377 Ro-

1760 4416 1872 4473 ma
1904 4400 2174 4473 adoptato
2201 4396 2378 4452 tradit
2406 4395 2785 4473 Ambrosius,
2835 4393 3149 4473 eleganter
3188 4405 3423 4462 quoque

1760 4472 1881 4527 Leo
1910 4460 2072 4541 pon-t.
2108 4471 2278 4525 Rom.
2313 4483 2557 4541 serm._x,
2584 4465 2660 4541 de
2680 4460 2985 4541 Apostolis
3008 4482 3026 4517 .·
3062 4460 3252 4541 guCum
3272 4460 3423 4530 pene

1676 4532 2115 4619 Domnibus”
2169 4540 2457 4619 inquit,.«_
2488 4532 2889 4619 dominaretur
2939 4532 3241 4619 gentibu‘s,
3295 4546 3424 4585 om-

1757 4616 1918 4669 nium
1950 4602 2213 4685 gentium
2243 4602 3116 4685 serviebaterroribusmetc:.u
3169 4602 3421 4685 Verum-

1756 4672 2151 4739 tamenvfacta
2199 4682 2423 4751 sapius
2471 4676 2780 4751 edicta-de
2829 4673 3121 4744 pellendis
3152 4688 3229 4727 ex
3258 4672 3418 4728 Urbe

1756 4755 2150 4826 re1;gionibus
2182 4748 2513 4823 peregrinis
2537 4748 3057 4826 _n_on_i_gnoramus_.

1829 4816 1940 4896 (5V4)
1972 4816 2279 4893 Sumptum
2307 4816 2400 4877 e'st
2429 4836 2505 4874 ex
2533 4819 2634 4873 illo
2666 4816 2971 4885 Herodoti,
3018 4822 3423 4897 ἐπιμεμαθήκασι

1755 4908 1915 4966 δὲκαὶ
1950 4917 2011 4970 τῆ
2038 4910 2263 4989 Οὐρανίῃ
2300 4910 2433 4989 ei?ch
2467 4907 2611 4989 ποιρά
2650 4924 2704 4959 τι
2736 4902 3290 4989 ’ᾼσςυρίωχῄμαθόνῖξς
3328 4906 3415 4958 καὶ

1758 4990 2033 5067 ’Λραϐἰων,
2068 4979 2303 5042 italicae:
2332 4982 2384 5040 δὲ
2416 4979 2682 5067 Ἀσσέὺριγοι
2832 4979 3124 5067 Ἀφρῷἰςζῑν
3158 4982 3413 5067 Mida-rrec,

1758 5057 1997 5147 ’ApoiStot
2030 5067 2081 5124 δὲ
2112 5068 2316 5147 Aditur,
2359 5072 2553 5142 Περσαι
2578 5057 2643 5119 ήδὲ
2674 5057 2907 5139 Μίθραν,
2928 5058 3006 5147 με)
3039 5057 3331 5147 Nannius.

1828 5140 1941 5216 (55)
1967 5142 2220 5216 (Amerb:
2246 5156 2378 5194 cum
2427 5137 2579 5216 mss.
2618 5154 2736 5216 non
2779 5137 3009 5216 paucis,
3065 5157 3087 5183 α
3123 5139 3180 5191 et
3208 5137 3423 5216 adver-

1759 5208 2053 5283 santium;
2091 5234 2112 5262 »
2148 5212 2278 5266 alia
2310 5227 2443 5266 cum
2475 5210 2744 5283 reliquis,
2779 5210 2878 5262 «et
2907 5208 3368 5283 adversantium.
3394 5229 3417 5255 ιι

1830 5288 1943 5372 (56)
1972 5278 2339 5372 Cod.‘Lon‘g.
2374 5278 2626 5372 et‘Laetf,
2665 5278 3419 5372 Co‘nstahtinus.ASe:d—om:

1757 5349 1897 5413 nino
1923 5349 2244 5428 legendum
2274 5349 2676 5428 Constantius,
2707 5352 2795 5428 de
2845 5349 3021 5428 cujus
3068 5349 3418 5419 baptismate

1758 5428 1967 5483 scribit
1992 5422 2273 5481 Socrates
2301 5425 2401 5479 lib.
2438 5443 2498 5493 ιι,
2530 5441 2655 5493 cap.
2692 5422 2780 5491 47,
2817 5426 2873 5493 et
2902 5422 3023 5474 alii.

1830 5500 1942 5572 (5'7)
1974 5498 2328 5551 Ambrosius
2359 5487 2741 5572 supraniSt.
2768 5487 3065 5572 ’14,Λῐιιι.ῐηο.ι
3086 5490 3158 5555 6;
3198 5512 3219 5533 «ε
3243 5487 3413 5572 ¹(ξιιοέ

1759 5558 1888 5625 rum
1921 5558 2259 5641 frequenter
2287 5558 2640 5641 pras'entio-r
2667 5558 2948 5641 absentia
2966 5562 3110 5641 fuit,“
3129 5578 3150 5605 ι
3204 5561 3262 5641 et
3290 5558 3417 5638 hac

1759 5627 2046 5696 sententia
2077 5627 2561 5709 sancto'prasuli
2590 5638 2714 5709 erat
2742 5627 3413 5709 admodumfamiliaris.

1828 5712 1940 5785 (58)
1983 5711 2162 5768 Vobis
2192 5697 2388 5768 coit‘in
2409 5726 2557 5765 mss.
2583 5708 2707 5762 fere
2738 5704 3011 5762 omnibus
3045 5697 3417 5757 desideratur
