4072 6174
498 283 656 352 1023

1972 288 2037 353 S.
2085 284 2528 356 AMBROSII.

3774 297 3939 364 .1024

569 482 659 538 84.
693 481 809 539 Sed
842 483 1100 542 fortasse
1119 486 1373 560 aliquem
1390 491 1623 544 moveat
1638 488 1715 544 ita
1747 489 2160 546 ﬁdelissimum
2193 490 2481 566 Areligio
2510 494 2777 549 veterum
2805 509 2925 551 non
2956 493 3115 568 facit,
3157 495 3333 552 faciat
3369 496 3765 553 dissimulatio
3796 514 3936 569 pro-

497 571 825 642 principem
856 573 1197 630 destitutum
1229 576 1343 647 (59)
1375 593 1387 632 :
1420 578 1669 648 proinde
1699 579 1870 650 quasi
1919 579 2162 633 merito-

497 675 630 714 rum
660 662 911 732 pretium
942 664 1183 719 caducis
1216 667 1541 721 mstimetur
1569 668 1972 737 praesentium.
2014 667 2159 732 Quis

499 750 656 804 enim
687 750 927 821 sapiens
959 769 1078 807 non
1126 754 1185 807 in
1234 754 1376 809 orbe
1424 756 1679 826 quodam
1707 759 1881 829 atque
1913 756 2162 811 circuitu

497 836 686 894 locata
716 839 1106 897 humanarum
1136 858 1334 898 rerum
1363 845 1527 899 novit
1554 845 1791 916 negotia
1817 860 1831 915 ;
1869 845 2006 916 quia
2043 859 2162 899 non

497 926 742 981 eosdem
776 944 1026 1000 semper
1069 946 1398 987 successus
1446 933 1665 989 habent
1712 949 1725 989 :
1778 934 1886 989 sed
1931 933 2162 990 variant

498 1016 709 1085 status,
743 1019 799 1071 et
831 1022 1054 1073 mutant
1082 1020 1247 1075 vices
1268 1022 1298 1076 ‘2

564 1103 654 1159 35.
698 1104 882 1170 Quem
926 1107 1249 1164 beatiorem
1305 1109 1486 1166 Cneio
1556 1111 1835 1182 Pompeio
1896 1112 2162 1167 Romana

496 1192 713 1263 templa
742 1195 1079 1252 miserunt?
1106 1198 1181 1251 At
1222 1198 1275 1252 is
1316 1214 1448 1253 cum
1479 1198 1671 1254 tribus
1702 1200 2017 1271 triumphis
2048 1202 2163 1255 ter-

499 1296 697 1335 rarum
729 1282 1020 1339 cinxisset
1050 1285 1274 1357 orbem,
1308 1288 1523 1358 pulsus
1554 1288 1702 1359 acie,
1751 1288 1908 1343 bello
1954 1288 2162 1359 profu-

498 1384 635 1441 gus,
669 1373 726 1425 et
754 1372 849 1426 sui
877 1374 1146 1429 terminis
1196 1376 1367 1431 exsul
1414 1376 1664 1447 imperii,
1699 1377 1958 1449 (Zanopei
1988 1394 2163 1433 manu

502 1459 785 1528 Spadonis
815 1462 1096 1518 occubuit
1125 1462 1257 1535 (60).

568 1546 657 1603 36.
714 1546 899 1613 Quem
955 1551 1306 1607 nobiliorem
1371 1551 1524 1625 Cyro
1594 1555 1914 1611 Persarum
1981 1555 2163 1611 totius

498 1634 755 1691 Orientis
802 1640 981 1694 terrae
1023 1656 1229 1713 regem
1278 1642 1609 1698 dederunt?
1654 1643 1712 1697 Is
1761 1659 1997 1715 quoque
2028 1660 2162 1699 cum

502 1723 805 1796 principes
833 1728 1281 1797 potentissimos
1313 1724 1697 1786 adversantes
1734 1732 2001 1801 vicisset,
2034 1733 2163 1787 vic-

499 1813 595 1867 tos
653 1820 1030 1871 reservasset
1084 1816 1236 1889 (61),
1295 1818 1690 1874 muliebribus
1749 1821 1931 1875 armis
1989 1820 2163 1875 fusus

495 1900 733 1957 interiit.
786 1904 857 1959 Et
903 1905 1001 1959 ille
1046 1921 1153 1960 rex
1201 1907 1304 1978 qui
1349 1910 1662 1977 superatos
1694 1910 1869 1962 etiam
1918 1925 2163 1964 conses-

498 2004 606 2044 sus
667 1991 890 2048 honore
949 1995 1301 2065 donaverat,
1363 1999 1604 2051 exsecto
1653 1998 1859 2067 capite
1899 2001 1956 2052 et
2012 1998 2164 2052 intra

495 2081 687 2133 utrem
715 2081 953 2150 plenum
986 2085 1237 2153 cruoris,
1271 2085 1474 2139 satiari
1497 2084 1712 2156 jussus
1742 2085 1880 2156 (6‘2),
1908 2086 2159 2157 incluso,

499 2167 775 2224 femineis
805 2170 1071 2241 imperiis
1102 2173 1358 2228 ludibrio
1389 2173 1517 2228 fuit.
1552 2174 1717 2229 Adeo
1765 2176 1825 2229 in
1871 2176 2045 2229 istius
2075 2176 2162 2229 vi-

495 2258 573 2312 tae
605 2259 901 2315 curriculo
932 2277 1051 2317 non
1083 2263 1247 2333 paria
1277 2262 1541 2333 paribus,
1576 2264 1685 2318 sed
1716 2263 1896 2337 longe
1926 2264 2163 2319 diversa

495 2346 853 2404 referuntur.

569 2434 659 2491 3'7.
690 2436 876 2502 Quem
904 2438 1079 2494 etiam’
1111 2440 1304 2513 magis
1333 2441 1647 2496 sacrificiis
1679 2441 1959 2511 deditum,
1987 2458 2162 2513 quam

498 2524 1056 2597 Carthaginensium
1084 2529 1293 2584 ducem
1346 2530 1737 2585 Hamilcarem
1784 2532 2164 2601 reperimus?

494 2612 607 2679 Qui
655 2630 788 2668 cum
829 2617 950 2670 toto
996 2618 1187 2687 praelii
1234 2621 1497 2688 tempore
1547 2621 1702 2674 inter
1735 2621 1897 2674 acies
1928 2621 2161 2690 positus

496 2701 867 2774 dimicantes,
890 2704 1246 2761 sacrificium
1266 2707 1486 2762 faceret
1506 2723 1519 2777 ;
1552 2708 1653 2762 ubi
1674 2710 1896 2778 partem
1916 2724 2162 2763 suorum

496 2789 712 2845 victam
742 2807 880 2848 esse
912 2795 1211 2866 cognovit,
1260 2795 1320 2850 in
1367 2797 1536 2866 ipsos
1585 2811 1737 2868 quos
1769 2796 2059 2867 adolebat,
2093 2812 2160 2852 se

495 2880 888 2951 praecipitavit
917 2883 1091 2956 ignes
1125 2899 1139 2940 :
1170 2886 1233 2939 ut
1259 2899 1365 2941 eos
1397 2885 1491 2940 vel
1523 2901 1770 2957 corpore
1804 2901 1916 2941 suo
1947 2887 2161 2941 restin-

496 2972 708 3040 gueret
736 2968 868 3041 (63),
902 2986 1056 3043 quos
1085 2972 1204 3027 sibi
1233 2973 1379 3028 nihil
1407 2974 1710 3044 profuisse
1742 2978 2124 3047 cognoverat.

575 3048 727 3114 842
757 3058 847 3115 38.
878 3059 1030 3114 Nam
1058 3061 1131 3116 de
1159 3061 1395 3117 Juliano
1427 3063 1570 3134 quid
1599 3063 1853 3134 loquar?
1896 3063 1997 3134 qui
2030 3078 2164 3118 cum

496 3146 811 3217 responsis
841 3147 1225 3219 harupiscum
1253 3150 1404 3205 male
1436 3151 1709 3205 credulas
1739 3153 1921 3222 esset,
1947 3151 2164 3206 ademit

2188 1881 2240 1943 Β
2344 1878 2745 1951 tiaturuinire
2798 1881 3069 1951 conjugia
3120 1900 3139 1934 .-

2267 581 2596 652 ximorum;
2630 582 2934 640 evidenter
2960 584 3160 640 docuit
3206 586 3348 657 quid
3397 588 3453 641 et
3501 586 3635 641 ﬁdei
3688 588 3811 642 tuae
3843 587 3940 641 de-

2268 669 2436 741 beas,
2469 674 2533 725 ut
2561 673 2834 743 gentilitii
2872 674 3023 728 ritus
3074 689 3194 729 non
3242 674 3517 746 sequaris
3547 675 3893 745 exemplum
3924 694 3936 731 :

2270 762 2326 812 et
2353 760 2571 831 pietati,
2605 764 2668 815 ut
2697 761 2897 817 fratris
2930 764 3143 818 statuta
3174 778 3292 817 non
3312 764 3522 819 violes.
3543 764 3605 819 Si
3636 764 3799 819 enim
3832 781 3934 835 pro

2272 847 2402 902 suis
2455 849 2736 903 duntaxat
2789 851 3057 920 partibus
3120 867 3323 906 eorum
3399 852 3935 908 dissimulationem

2271 937 2603 1008 principum
2631 939 3047 1010 praedicarunt,
3080 940 3179 1011 qui
3209 955 3345 995 cum
3366 944 3572 995 essent
3591 939 3940 1013 Christiani,

2273 1025 2507 1081 decreta
2563 1031 2757 1083 tamen
2814 1029 3124 1100 gentilium
3178 1027 3418 1084 minime
3490 1035 3880 1085 removerunt
3931 1049 3945 1085 :

2268 1117 2487 1184 quanto
2516 1116 2709 1187 magis
2740 1116 2927 1172 amori
2956 1118 3142 1172 debes
3170 1117 3404 1172 deferre
3434 1118 3717 1183 fraterno,
3742 1121 3811 1173 ut
3839 1120 3941 1190 qui

2269 1203 2645 1259 dissimulare
2702 1204 2990 1277 deberes,
3036 1207 3268 1262 etiamsi
3326 1207 3468 1278 quid
3517 1206 3774 1262 forsitan
3824 1224 3940 1263 non

2268 1291 2576 1363 probares,
2608 1309 2683 1348 ne
2715 1293 2992 1350 fraternis
3023 1295 3349 1368 derogares
3396 1295 3648 1361 statutis,
3695 1299 3757 1350 et
3782 1312 3942 1351 nunc

2268 1383 2474 1435 teneas
2502 1383 2660 1453 quod
2692 1385 2748 1438 et
2775 1383 2913 1438 ﬁdei
2941 1387 3078 1455 tuae,
3124 1388 3181 1439 et
3222 1384 3632 1457 germanitatis
3678 1385 3944 1440 necessi-

2269 1469 2457 1525 tudini
2480 1469 2718 1542 judicas
2749 1473 3088 1528 convenire.

2760 1578 3134 1634 EPISTULA
3172 1578 3309 1634 xrx
3345 1578 3459 1651 (65)

2271 1665 2674 1739 Aunnosmsa
2703 1665 2934 1739 Vieruo
2965 1668 3041 1722 ad
3079 1668 3473 1739 episcopatum
3511 1683 3738 1739 recens
3772 1668 3938 1724 allec—

2345 1742 2420 1806 to,
2462 1743 2521 1790 ut
2558 1737 2681 1809 sibi
2714 1737 2964 1792 formam
2998 1737 3398 1793 institutionis
3436 1738 3735 1809 traderet,
3774 1740 3940 1794 οἱ)εὼ

2342 1815 2562 1881 oratus,
2600 1808 2876 1881 admonet
2914 1825 2990 1863 ne
3023 1809 3236 1864 ﬁdeles
3270 1825 3396 1863 cum
3434 1808 3791 1881 infidelibus
3843 1827 3940 1881 pa-

3211 1881 3522 1935 deterreat
3570 1880 3857 1951 populum
3906 1898 3934 1934 a

2341 1948 2658 2023 fraudibus
2709 1948 3299 2023 a_tque'fdenoribus:
3338 1950 3431 2023 ad,
3468 1948 3937 2023 hospitalitatem

2349 2035 2489 2076 vero
2526 2019 2689 2093 illum
2726 2019 3042 2093 uertatur:
3072 2023 3185 2077 sed
3213 2019 3592 2093 potissimum
3627 2028 3691 2075 ut
3725 2036 3933 2076 memo-

2340 2097 2473 2164 rata
2515 2091 2994 2164 Christianorum
3032 2108 3160 2146 eum
3198 2091 3528 2164 gentilibus
3559 2094 3935 2147 matrimonia

2343 2162 2658 2217 efficacius
2698 2163 3038 2233 pro/libeat,
3091 2162 3406 2218 historiam
3453 2163 3771 2218 Samsonis
3811 2164 3933 2218 uni-

2349 2249 2581 2289 versam
2617 2234 2888 2289 decurrit
2923 2241 3097 2307 atque
3125 2234 3434 2290 edisserit.

2707 2341 3045 2396 Auenosws
3085 2340 3316 2396 Viaimo
3354 2338 3489 2411 (66).

2341 2427 2395 2483 1.
2445 2428 2783 2500 Poposcisti
2829 2444 2864 2482 a
2912 2444 3006 2484 me
3050 2429 3441 2485 institutionis
3490 2431 3605 2483 tum
3650 2428 3929 2501 insignia,

2268 2518 2546 2589 quoniam
2576 2533 2769 2573 novus
2798 2519 3024 2573 accitus
3055 2533 3124 2575 es
3153 2518 3227 2572 ad
3256 2517 3678 2573 sacerdotium.
3704 2516 3778 2572 Et
3798 2533 3935 2588 quo-

2268 2607 2426 2662 niam
2453 2608 2511 2662 te
2540 2606 2735 2676 ipsum
2764 2606 3091 2677 aedificasti,
3128 2610 3191 2661 ut
3240 2607 3516 2677 oportuit,
3566 2606 3671 2677 qui
3719 2606 3933 2678 dignus

2267 2694 2506 2750 habitus
2533 2710 2603 2750 es
2633 2697 2791 2750 tanto
2822 2710 3067 2750 munere
3092 2710 3107 2764 ;
3157 2696 3453 2767 quomodo
3484 2697 3541 2749 et
3570 2693 3726 2749 alios
3755 2693 3935 2749 aditi-

2269 2799 2393 2853 ces,
2435 2783 2894 2856 significandum
2931 2784 3182 2840 videtur.

2339 2873 2392 2927 2.
2424 2872 2687 2927 Primum
2716 2873 2979 2928 omnium
3009 2887 3312 2946 cognosce
3336 2871 3668 2928 Ecclesium
3699 2871 3933 2927 Domini

2267 2960 2371 3016 tibi
2420 2962 2836 3031 commissam;
2881 2962 3136 3034 ideoque
3184 2962 3489 3017 vitandum
3534 2975 3814 3032 semper,
3869 2978 3938 3017 ne

2271 3050 2413 3123 quid
2454 3050 2699 3122 obrepat
2746 3049 3127 3121 offensionis,
3178 3053 3236 3106 et
3279 3051 3379 3105 ﬁat
3418 3050 3582 3105 velut
3625 3065 3941 3105 commune

2269 3155 2487 3210 corpus
2519 3138 2654 3211 ejus
2683 3139 2993 3212 gentilium
3022 3139 3396 3195 admistione.
3430 3138 3601 3194 Unde
3630 3138 3937 3210 Scriptura

496 3235 615 3290 sibi
664 3236 935 3292 subsidia
980 3240 1315 3294 revertendi
1360 3239 1492 3311 (6t).
1551 3239 1712 3313 Ergo
1759 3241 1817 3294 in
1865 3239 2233 3302 communiC
2267 3227 2375 3283 tibi
2406 3228 2546 3283 dicit
2576 3243 2590 3284 ε
2625 3228 2714 3284 ΝΘ
2745 3229 3004 3299 δοθίρίαε
3036 3244 3286 3284 “xorem
3319 3228 3393 3284 de
3431 3228 3672 3284 ﬁliabus
3721 3229 3944 3285 Cham‘

497 3339 643 3380 casu
672 3341 790 3380 non
819 3329 913 3381 est
943 3328 1274 3384 communis
1306 3328 1570 3400 offensa;
1619 3329 1915 3385 neminem
1945 3330 2162 3386 etenim

493 3414 791 3485 promissa
824 3418 1025 3470 nostra
1053 3417 1343 3472 luserunt.

565 3501 654 3557 89.
690 3503 995 3574 Respondi
1023 3505 1461 3561 lacessentibus
1490 3508 1768 3578 tanquam
1808 3522 1927 3562 non
1970 3506 2161 3564 laces-

495 3589 680 3663 situs;
703 3591 1043 3648 refellendae
1060 3594 1274 3649 etenim
1294 3595 1644 3666 Relationis,
1660 3611 1779 3651 non
1796 3597 2164 3667 exponendas

496 3681 940 3752 superstitionis
968 3683 1111 3737 mihi
1142 3683 1402 3738 studium
1456 3683 1587 3739 fuit.
1624 3685 1706 3739 Te
1735 3688 1948 3756 tamen,
1982 3687 2165 3757 impe-

494 3773 673 3839 rator,
698 3771 829 3840 ipsa
850 3786 1054 3826 eorum
1075 3772 1282 3828 relatio
1307 3773 1482 3828 faciat
1504 3773 1845 3829 cautiorem.
1862 3774 2011 3830 Nam
2030 3791 2164 3830 cum

495 3859 567 3912 de
598 3859 1013 3928 superioribus
1062 3861 1435 3932 principibus
1489 3864 1798 3934 texuisset,
1837 3864 1971 3936 quia
2002 3866 2166 3935 prior

496 3959 702 4000 eorum
731 3963 1013 4003 numerus
1046 3952 1435 4005 caeremonias
1462 3955 1692 4022 patrum
1724 3952 1923 4022 coluit,
1950 3968 2162 4008 recen-

494 4033 609 4090 tior
637 4050 755 4091 non
784 4038 1035 4092 removit
1060 4053 1075 4108 ;
1124 4038 1453 4094 addidisset
1483 4040 1657 4094 etiam
1691 4055 1705 4096 :
1745 4041 1799 4095 si
1828 4041 2162 4112 exemplum

568 4196 682 4271 (59)
710 4196 1025 4271 Gratianus
1050 4198 1263 4271 dubio,
1294 4197 1502 4271 prpcul
1545 4197 1642 4253 hic
1690 4198 2056 4271 designatur,
2088 4200 2161 4255 de

495 4267 670 4342 cujus
701 4272 888 4342 morte
918 4270 1013 4323 adi
1048 4267 1314 4341 Exposit.
1351 4270 1507 4326 Psal.
1528 4287 1625 4324 1.x:
1658 4274 1714 4325 et
1744 4267 1876 4342 quae
1907 4286 2019 4326 nos
2043 4267 2162 4326 ibi—

492 4340 624 4395 dem
654 4340 1149 4397 annotabamus...

565 4412 677 4483 (60)
700 4413 1072 4485 Pompeium,
1097 4413 1319 4467 amissa
1341 4412 1684 4467 Pharsalica
1713 4428 1932 4485 pugna,
1966 4413 2039 4468 ad
2069 4428 2160 4468 re-

491 4484 909 4557 gemAEgypti
942 4485 1393 4557 pel-fugientem,
1428 4501 1562 4557 cum
1591 4499 1623 4539 ο
1654 4486 1789 4557 navi
1812 4484 1929 4538 'sua
1960 4486 2020 4538 in
2049 4485 2162 4557 ΑΒ-

492 4556 754 4680 gyptiam
786 4557 1103 4627 ingressus
1127 4556 1309 4622 esset,
1338 4556 1599 4610 Achillas
1620 4556 1826 4637 regius
1848 4556 2158 4637 eunuchus

494 4642 569 4680 ne
597 4627 719 4680 arie
775 4626 1108 4680 trucidavit.
1170 4629 1232 4680 ut
1289 4627 1640 4680 Plutarchus
1689 4644 1748 4680 in
1797 4626 1955 4680 illius
2007 4627 2157 4680 Vita.

494 4625 719 4682 nefarie
775 4625 1108 4697 trucidavit,
1170 4629 1232 4681 ut
1289 4627 1640 4682 Plutarchus
1689 4625 1748 4681 in
1797 4625 1955 4680 illius
2007 4627 2157 4697 Vita,

492 4697 812 4753 Suetonius
845 4698 904 4752 in
938 4698 1069 4752 Vita
1100 4697 1217 4752 Jul.
1251 4697 1531 4767 Caasaris,
1565 4700 1741 4768 atque
1770 4697 1868 4751 alii
1897 4712 2160 4752 comme-

495 4771 747 4824 morant.
791 4768 1130 4840 Canopeum
1172 4771 1365 4824 autem
1410 4769 1742 4840 spadonem,
1778 4772 1953 4840 vocat
1983 4785 2015 4822 a
2047 4768 2160 4823 Ca-

496 4840 936 4963 gosgotASgypti
955 4838 1132 4911 urbe,
1166 4855 1301 4912 qum
1329 4840 1404 4895 ab
1429 4838 1787 4895 Alexandria
1816 4838 1920 4896 120
1950 4840 2160 4895 stadiis

538 4926 556 4962 1
633 4927 649 4963 1
676 4926 707 4963 8
738 4927 837 4963 6P8
869 4952 882 4963 .

538 4909 707 4964 issita
738 4909 882 4965 erat.

566 4980 681 5051 (61)
713 4981 795 5055 De
825 4980 978 5052 Cyro
1008 4983 1328 5055 Persarum
1355 4998 1522 5055 rege,
1556 4982 1658 5055 qui
1679 4981 1977 5036 devictum
2006 4979 2162 5036 Croe-

496 5067 632 5125 sum
674 5053 1115 5125 perhumaniter
1156 5053 1452 5125 planeque
1496 5054 1663 5125 regie
1704 5055 2074 5125 tractaverat,
2127 5068 2161 5106 a

496 5122 778 5194 Thomyri
828 5128 994 5194 capto
1044 5130 1102 5179 et
1150 5122 1498 5180 obtruncato
1546 5122 1790 5193 scripsit
1825 5123 2162 5178 Herodotus

492 5192 647 5249 libro
677 5192 918 5264 I‘Hist.,_
945 5196 1216 5250 Justinus
1247 5197 1348 5252 lib.
1381 5196 1555 5251 etiam
1584 5212 1623 5265 ι,
1658 5192 1832 5264 atque
1861 5194 1979 5248 alii.

568 5266 681 5335 (62)
730 5266 963 5321 Satiari
1009 5266 1214 5338 jussus
1262 5269 1430 5323 deest
1460 5269 1519 5321 in
1553 5282 1699 5321 mss.
1732 5266 1856 5320 fere
1885 5265 2160 5321 omnibus

497 5338 554 5390 at
587 5340 789 5391 contra
820 5338 880 5392 in
911 5340 1141 5393 cunctis
1173 5339 1310 5394 edit.
1344 5339 1660 5393 invenitur.

569 5408 681 5480 (63)
710 5410 789 5462 lta
820 5426 1027 5464 omnes
1060 5427 1207 5464 mss.
1242 5411 1448 5480 paucis
1481 5408 1791 5479 exemplis,
1835 5410 1897 5462 in
1941 5407 2158 5479 quibus

494 5494 601 5547 pro
622 5480 1033 5549 restingueret
1055 5482 1303 5536 habetur
1317 5482 1727 5551 restringeret
1752 5500 1767 5534 :
1787 5495 1993 5535 omnes
2015 5494 2157 5534 vero

497 5550 634 5623 edit.
674 5574 695 5597 ‹‹
732 5552 824 5606 vel
858 5567 1069 5606 cruore
1101 5569 1212 5606 suo
1241 5550 1720 5623 restinguerent»

567 5622 680 5691 (64)
739 5623 905 5676 Hanc
960 5624 1180 5678 Juliani
1232 5622 1534 5693 Apostatae
1591 5622 1810 5676 bellum
1866 5623 2157 5678 adversus

493 5690 715 5745 Persas
760 5693 1083 5747 adorientis
1132 5690 1612 5762 imprudentiam,
1665 5707 1779 5761 qua
1829 5694 2157 5747 combustis

497 5762 750 5815 navibus
782 5763 898 5816 sibi
929 5779 998 5816 ac
1031 5761 1296 5818 Romano
1327 5761 1615 5815 exercitui
1658 5761 1944 5817 redeundi
1992 5780 2159 5835 spem

2269 3332 2556 3388 umorum,
2591 3318 2701 3373 sed
2731 3317 2878 3373 vade
2920 3317 2983 3372 in
3023 3317 3528 3389 Mesopotamiam,
3583 3317 3647 3372 in
3695 3318 3932 3373 domum

2269 3406 2538 3475 Bathuel,
2591 3406 2651 3461 id
2698 3409 2809 3477 est,
2860 3407 3099 3462 domum
3144 3406 3493 3478 sapientiae;
3541 3409 3600 3462 et
3644 3404 3786 3477 ejus
3836 3407 3935 3461 tibi

2272 3495 2514 3567 acquire
2545 3495 2815 3567 copulam
2841 3495 2956 3568 (6'7)
2999 3495 3172 3566 (Gen.
3205 3512 3415 3566 xxvm,
3447 3494 3500 3563 1,
3531 3494 3608 3565 2).
3661 3495 3936 3567 Mesopo-

2271 3585 2448 3638 tamia
2475 3586 2670 3639 autem
2700 3585 2869 3657 regio
2913 3586 3008 3640 est
3052 3584 3113 3639 in
3158 3584 3428 3655 partibus
3473 3582 3758 3655 Orientis,
3805 3600 3935 3655 qum

2271 3672 2506 3728 duobus
2553 3674 2829 3728 maximis
2869 3688 2978 3744 per
3023 3688 3093 3729 ea
3140 3673 3408 3728 locorum
3458 3672 3759 3743 Euphrate
3789 3673 3937 3738 843

2271 3765 2328 3817 et
2374 3763 2541 3835 Tigri
2584 3763 2929 3818 fluminibus
2982 3762 3444 3818 circumvenitur
3485 3766 3502 3816 (
3523 3761 3663 3831 68),
3718 3761 3936 3833 quibus

2271 3852 2441 3925 origo
2473 3855 2566 3907 est
2596 3852 2657 3907 in
2684 3852 2982 3908 Armeniae
3003 3851 3176 3908 locis.
3201 3850 3456 3906 Inﬂuunt
3474 3852 3672 3905 autem
3693 3851 3934 3905 diverso

2270 3945 2466 3999 meatu
2490 3942 2552 3996 in
2574 3958 2734 3997 mare
2757 3941 3029 3997 Rubrum
3057 3939 3171 4012 (69)
3197 3956 3212 4011 ;
3243 3941 3302 3995 et
3328 3939 3461 3995 ideo
3491 3939 3937 4010 Mesopotamiae

2270 4031 2506 4088 nomine
2553 4031 2825 4104 signatur
2871 4030 3062 4104 figura
3105 4028 3433 4100 Ecclesiae,
3477 4043 3614 4100 qum
3660 4028 3937 4083 maximis

2271 4192 2597 4264 intercepit,
2631 4191 2987 4264 descriptam
3002 4191 3196 4264 habes
3221 4188 3817 4264 apud.__Sozomenum
3831 4187 3933 4243 lib.

2268 4282 2349 4333 v1,
2386 4258 2515 4335 cap;
2547 4258 2600 4331 ’1,
2633 4258 3057 4335 Theod'orJib.
3093 4280 3174 4333 ιιι,
3209 4258 3338 4334 cap.
3369 4258 3459 4332 25,
3492 4263 3551 4316 et
3574 4259 3754 4315 alios.

2341 4332 2717 4405 (65)_Scripta
2745 4350 2899 4390 anno
2929 4332 3056 4389 385.

2343 4400 2455 4477 (66)
2490 4400 2660 4462 Roni.
2696 4406 2858 4477 edit.,
2895 4427 2916 4456 α
2950 4404 3459 4477 Vigiliofratrirn
3495 4406 3553 4459 et
3582 4400 3762 4477 infra,
3797 4424 3822 4449 ι
3858 4402 3936 4477 inf

2272 4474 2631 4549 sinuandum
2670 4474 2920 4532 videtur.
2954 4497 2990 4549 ῃ
3033 4474 3307 4549 Vigilium
3362 4474 3651 4549 adquam
3673 4475 3818 4549 data
3847 4475 3935 4549 est

2270 4549 2400 4604 haec
2430 4548 2699 4619 epistola,
2751 4564 2871 4602 non
2917 4545 3359 4619 alium'esseia
3404 4545 3625 4619 Vigilio
3652 4545 3934 4619 rTridenti

2270 4617 2551 4703 episcopo
2580 4619 2704 4691 jam
2735 4619 3123 4703 inﬁdmonit.
3158 4619 3232 4673 ad
3263 4617 3365 4699 li_b.
3400 4617 3474 4672 de
3512 4617 3693 4703 Topia
3726 4617 3941 4703 indica-

2269 4688 2496 4768 vimus;
2522 4688 2633 4745 nec
2661 4706 2694 4744 a
2725 4690 2899 4768 nobis
2922 4690 3032 4768 h_ac
3054 4691 3115 4744 in
3136 4705 3200 4768 re
3221 4690 3533 4768 quisquam
3557 4688 3935 4768 dissenserit.

2270 4761 2421 4832 Ejus
2451 4776 2630 4844 porro
2660 4764 2908 4816 mortem
2940 4762 3110 4816 Rom.
3144 4758 3444 4843 Martyrol.
3468 4775 3551 4813 vn
3581 4759 3714 4841 Kal,
3748 4758 3936 4837 Julias

2271 4835 2666 4911 annuntians,_
2701 4848 2835 4911 eum
2877 4848 2909 4886 a
2957 4847 3209 4911 paganis
3247 4846 3382 4911 cum
3405 4829 3763 4911 idololatria:
3793 4827 3937 4911 reip

2271 4904 2442 4975 quias
2501 4901 2856 4975 exscindere
2913 4901 3246 4970 conaretur,
3303 4901 3622 4975 lapidibus
3662 4901 3935 4975 obrutum

2269 4971 2464 5041 tradit,
2497 4974 2558 5029 in
2587 4989 2703 5045 quo
2736 4974 2820 5028 illi
2852 4974 3212 5045 concinnant
3258 4972 3527 5027 collectio
3568 4971 3853 5045 Usuardi,
3882 4971 3935 5023 et

2271 5045 2418 5099 Acta
2449 5046 2511 5099 in
2544 5043 2867 5099 Mabillonii
2901 5043 3135 5099 Prmfat.
3160 5045 3240 5099 in.
3265 5061 3305 5098 x
3326 5059 3497 5098 suum
3515 5043 3805 5098 saeculum
3824 5054 3934 5095 me-

2270 5119 2514 5171 morata.
2550 5116 2719 5170 Unde
2747 5117 2807 5169 in
2838 5119 3111 5186 promptu
3141 5118 3252 5183 est,
3296 5131 3401 5169 cur
3443 5130 3477 5167 a
3524 5111 3929 5186 permittendigs

2269 5188 2528 5242 ﬁdelium
2557 5188 2731 5258 atque
2762 5182 3132 5242 ethnicorum
3161 5182 3313 5258 inter
3334 5201 3400 5240 se
3423 5182 3743 5258 con—nubiis
3776 5182 3927 5252 Vigi-

2267 5256 2755 5332 lium_ta_ntopere
2773 5259 3117 5332 dehortatus
3151 5257 3328 5332 fuerit
3357 5256 3738 5332 ambrosius:
3867 5322 3900 5332 __

2266 5329 2452 5455 b_(6'7)
2480 5325 2657 5454 tRom.
2693 5330 2830 5383 edit.
2864 5329 3013 5398 sola,
3069 5349 3090 5376 α
3126 5332 3183 5384 et
3230 5328 3301 5384 de
3349 5326 3587 5401 ﬁliabus
3634 5326 3832 5382 Laban
3862 5325 3925 5376 ti-

2311 5419 2348 5455 ι.
2387 5421 2410 5452 ι
2444 5416 2474 5455 e
2505 5418 2555 5455 c.

2311 5401 2348 5456 i.
2387 5421 2410 5452 ι
2444 5404 2555 5456 etc.

2335 5441 2905 5542 ,(6'8)Vlt‘iesopotamia
2936 5486 3081 5542 ergo
3108 5471 3419 5541 propterea
3448 5467 3665 5524 dicitur
3694 5468 3789 5524 hic
3818 5469 3929 5521 ter-

2275 5559 2361 5624 ra;
2379 5546 2637 5624 tractus,
2672 5543 2827 5624 quod
2856 5544 2934 5597 sit
2959 5548 3123 5623 μέσος-
3143 5553 3403 5624 ποτᾳμῶνγ.

2342 5621 2456 5697 (69)
2489 5624 2658 5679 Rom.
2692 5623 2853 5697 edit,
2892 5645 2914 5673 α
2945 5620 3006 5677 in
3034 5638 3195 5677 mare
3223 5620 3566 5697 Persicum;
3594 5641 3618 5671 ι
3656 5620 3765 5697 sed
3792 5632 3931 5697 ρι’φο

2277 5692 2391 5767 stat
2419 5694 2476 5748 in
2508 5694 2933 5767 geographiam
2965 5710 3229 5767 errorem
3258 5695 3396 5766 pati,
3427 5707 3604 5765 quam
3634 5692 3711 5747 ab
3741 5692 3928 5746 omni-

2271 5766 2388 5821 bus
2420 5765 2569 5821 mss.
2605 5768 2779 5836 atque
2810 5766 2946 5822 edit.
2982 5765 3257 5820 deiicere.
