4072 6174
86 325 270 392 1025

1262 314 1876 385 EPISTOLARUM
1921 317 2260 382 CLASSIS
2303 315 2351 381 Ῑ.

3421 321 3581 386 1026

108 525 488 580 ﬂuentorum
507 520 834 592 prudentiae
853 519 1097 592 irriguis
1123 522 1297 591 atque
1314 519 1562 590 justitiaa
1586 517 1793 574 fecun-
1812 499 1869 563 Α
1901 518 2265 574 necessitate
2296 533 2435 573 esse
2465 520 2760 590 oportere,
2793 535 2867 576 ne
2896 521 2956 576 in
2978 521 3234 592 hospitio
3253 522 3575 578 deferendo

118 615 229 668 dat
244 614 478 666 mentes
497 609 775 678 fidelium,
792 609 1010 680 quibus
1032 609 1187 662 sacri
1209 608 1600 678 baptismatis,
1618 607 1791 678 cujus

108 706 302 773 typus
333 699 650 771 praecessit
677 699 738 752 in
789 698 990 752 Rubro
1041 697 1189 751 mari
1237 697 1489 751 infundit
1519 698 1788 768 gratiam,

108 792 476 860 culpamque
506 787 710 842 abluit.
745 787 902 840 Doce
950 803 1094 858 ergo
1138 786 1392 856 plebem,
1445 789 1508 840 ut
1555 801 1675 840 non
1715 801 1792 839 ex

109 879 501 950 alienigenis,
549 877 658 931 sed
706 892 781 931 ex
826 876 1102 930 domibus
1140 875 1495 930 Christianis
1528 874 1796 946 conjugii

105 970 422 1040 quaeratur
451 965 681 1036 copula.

185 1057 243 1110 3.
278 1056 470 1110 Nemo
513 1053 746 1109 fraudet
793 1053 1224 1108 mercenarium
1281 1052 1553 1108 mercede
1603 1051 1798 1106 debita

107 1145 350 1216 (Lavit.
384 1161 506 1213 xix,
533 1142 618 1212 13)
646 1157 660 1210 ;
693 1142 829 1212 quia
861 1145 918 1196 et
949 1157 1062 1196 nos
1086 1143 1435 1196 mercenarii
1459 1155 1668 1195 sumus
1693 1139 1799 1193 Dei

113 1234 334 1302 nostri,
369 1236 424 1287 et
454 1232 526 1285 ab
562 1246 633 1286 eo
665 1230 998 1284 mercedem
1028 1230 1252 1284 laboris
1275 1231 1467 1284 nostri
1489 1230 1798 1298 exspecta-

112 1339 276 1377 mus.
321 1321 394 1376 Et
430 1325 492 1375 tu
531 1319 789 1391 quidem,
832 1334 866 1373 ο
921 1318 1261 1390 quicunque
1319 1335 1387 1373 es
1439 1319 1793 1390 negotiator,

116 1410 495 1466 mercenario
525 1411 626 1462 tuo
674 1407 1007 1461 mercedem
1050 1407 1451 1477 pecuniariam
1497 1422 1706 1478 negas,
1741 1405 1799 1458 id

115 1502 240 1569 est,
276 1499 474 1566 vilem,
507 1497 786 1551 caducam
813 1511 825 1550 :
864 1496 965 1550 tibi
994 1500 1190 1550 autem
1221 1496 1536 1567 negabitur
1566 1508 1800 1549 merces

114 1589 562 1658 promissorum
592 1584 922 1640 caelestium
951 1599 961 1638 :
1005 1609 1024 1630 ‹‹
1055 1584 1187 1639 Non
1220 1583 1528 1638 fraudabis
1549 1597 1715 1654 ergo,
1740 1585 1803 1636 ut

119 1677 255 1730 Lex
289 1675 448 1746 dicit,
480 1673 910 1728 mercenarium
940 1673 1212 1728 mei-code
1261 1689 1372 1728 sua
1404 1672 1598 1742 (Deut.
1634 1686 1799 1740 xxxv,

121 1766 236 1834 ιιι).
280 1789 302 1812 ι.

1902 608 2318 677 inhospitalem
2366 607 2640 662 allectum
2689 609 2867 663 animi
2899 611 2993 665 sui
3032 610 3259 681 prodat,
3283 614 3340 665 et
3369 611 3428 665 in
3448 612 3578 683 ipsa

1904 697 2162 767 hospitis
2195 697 2578 766 susceptione
2610 713 2715 767 per
2744 698 3021 769 injuriam
3052 699 3305 754 violetur
3351 701 3576 772 gratia:

1905 786 2013 840 sed
2036 786 2229 856 magis
2253 785 2905 841 excolaturofﬁciorum
2928 805 3064 858 usu,
3085 792 3142 842 et
3161 788 3358 859 aliquo
3376 789 3580 844 huma-

1907 875 2104 929 nitatis
2135 874 2486 929 ministerio.
2512 875 2646 929 Non
2667 877 2822 930 enim
2853 894 2885 931 a
2907 881 2962 931 te
2984 893 3227 931 munera
3256 878 3576 948 exiguntur

1909 963 2069 1030 ditia,
2103 963 2208 1016 sed
2243 953 2396 1018 844
2441 963 2637 1017 ofﬁcia
2665 964 2994 1019 voluntaria
3023 965 3156 1036 ('75),
3192 965 3361 1035 plena
3391 967 3576 1037 pacis,

1910 1055 1967 1106 et
2021 1051 2430 1106 convenientis
2489 1053 2866 1121 concordiae;
2927 1053 3168 1107 meliora
3225 1057 3363 1108 sunt
3420 1055 3576 1109 enim

1912 1140 2073 1195 olera
2104 1155 2236 1194 cum
2275 1140 2530 1194 amicitia
2586 1144 2642 1195 et
2697 1142 2906 1212 gratia,
2943 1157 3120 1212 quam
3179 1143 3233 1194 si
3265 1143 3581 1213 exquisitis

1911 1228 2164 1298 dapibus
2197 1228 2518 1283 adornetur
2549 1230 2907 1300 convivium,
2931 1231 2984 1284 si
3006 1231 3159 1284 desit
3174 1229 3421 1285 aﬂ'ectus
3447 1247 3580 1301 gra-

1912 1318 2008 1372 tiis
2040 1317 2249 1387 (Prov.
2285 1334 2382 1385 xv,
2420 1318 2528 1386 17).
2559 1318 2844 1390 Legimus
2889 1322 3225 1388 peremptos
3277 1319 3446 1390 gravi
3476 1334 3581 1388 po-

1911 1405 2084 1476 pulos
2109 1405 2341 1460 excidio
2355 1409 2596 1475 propter
2606 1407 2819 1462 violata
2837 1405 2974 1478 jura
2986 1407 3226 1477 hospitii
3239 1407 3456 1477 (Judi'c.
3476 1424 3578 1478 xx,

1911 1494 2024 1563 44).
2085 1495 2336 1563 Propter
2389 1494 2695 1548 libidinem
2750 1511 2988 1567 quoque
3045 1495 3366 1550 commissa
3421 1495 3578 1551 bella

1911 1582 2133 1637 atrocia
2164 1582 2339 1652 (Gen.
2368 1599 2574 1651 xxxiv,
2607 1583 2717 1652 25).

1983 1669 2036 1724 "l.
2070 1670 2186 1726 Sed
2217 1686 2400 1741 prope
2431 1670 2577 1724 nihil
2607 1671 2852 1742 gravius
2885 1687 3061 1742 quam
3093 1673 3354 1742 ecpulari
3375 1674 3585 1729 alieni-

1915 1775 2109 1829 genae,
2144 1759 2245 1814 ubi
2275 1762 2333 1813 et
2370 1759 2636 1813 libidinis
2693 1762 2751 1813 et
2806 1759 3124 1814 discordiae
3179 1761 3496 1832 incentiva,
3529 1766 3588 1816 et

194 1854 251 1908 4.
286 1853 421 1908 Non
453 1851 624 1906 dabis
654 1852 966 1922 pecuniam
994 1853 1153 1905 tuam
1197 1851 1270 1905 ad
1310 1865 1586 1919 usuram;
1650 1863 1800 1920 quo-
1829 1869 1884 1934 Β
1918 1849 2220 1920 sacrilegii
2250 1848 2470 1919 ﬂagitia
2501 1849 2847 1902 conflantur.
2882 1849 3031 1902 Nam
3055 1865 3188 1903 cum
3220 1851 3416 1920 ipsum
3447 1866 3587 1906 con-

120 1943 285 1998 niam
316 1941 604 2012 scriptum
633 1943 726 1994 est
756 1940 915 2011 quod
945 1941 999 1993 is
1032 1940 1132 2011 qui
1152 1939 1462 2009 pecuniam
1491 1954 1661 1993 suam
1684 1952 1804 1992 non

127 2031 295 2087 dedit
345 2030 420 2084 ad
479 2045 744 2099 usuram,
803 2029 1090 2083 habitabit
1143 2029 1206 2082 in
1263 2027 1641 2083 tabernaculo
1700 2025 1805 2081 Dei

121 2118 319 2189 (Psal.
361 2135 484 2189 xiv,
533 2119 663 2188 51);
708 2133 844 2172 nam
896 2116 994 2170 ille
1053 2116 1463 2188 supplantatur
1516 2115 1650 2186 (71),
1705 2115 1806 2185 qui

131 2223 457 2263 usurarum
490 2209 680 2276 captat
709 2205 1121 2260 emolumenta.
1155 2205 1354 2276 Itaque
1385 2206 1479 2260 vir
1516 2204 1808 2259 Christia-

127 2315 253 2354 nus
287 2298 340 2351 si
370 2295 566 2364 habet,
603 2295 699 2350 det
729 2296 1038 2365 pecuniam
1068 2295 1240 2365 quasi
1279 2309 1398 2349 non
1420 2296 1805 2364 recepturus:

125 2391 233 2442 aut
273 2387 430 2440 certe
479 2387 722 2452 sortem,
757 2399 932 2454 quam
983 2382 1162 2453 dedit,
1211 2386 1586 2453 recepturus.
1619 2383 1812 2438 Habet

125 2478 193 2531 in
250 2492 322 2530 ea
377 2490 494 2529 non
552 2473 913 2527 mediocrem
963 2471 1173 2542 gratiae
1221 2487 1488 2527 usuram.
1530 2471 1812 2543 Alioquin

127 2566 411 2635 decipere
451 2562 609 2616 istud
649 2564 759 2631 est,
802 2577 920 2616 non
959 2560 1302 2614 subvenire.
1345 2559 1494 2624 Quid
1527 2561 1683 2615 enim
1715 2562 1816 2616 du-

123 2656 263 2711 rius
295 2652 430 2722 (72),
463 2667 637 2722 quam
668 2653 733 2704 ut
762 2650 870 2704 des
900 2651 1211 2720 pecuniam
1230 2653 1390 2703 tuam
1411 2665 1530 2704 non
1550 2649 1791 2704 habenti

126 2748 190 2799 et
222 2744 351 2812 ipse
384 2741 626 2811 duplum
657 2738 867 2810 exigas
888 2739 916 2792 ‘?
963 2737 1074 2802 Qui
1133 2739 1412 2808 simplum
1459 2753 1577 2796 non
1611 2726 1817 2812 habui;

130 2832 294 2888 unde
322 2829 602 2898 solveret,
633 2826 1128 2898 quemadmodum
1159 2826 1401 2896 duplum
1433 2826 1671 2883 solvet?

211 2920 264 2973 5.
302 2917 586 2987 Exemplo
615 2916 790 2971 nobis
821 2915 900 2970 sit
930 2914 1171 2982 Tobias,
1225 2915 1325 2986 qui
1369 2932 1670 2987 nunquam
1717 2934 1815 2974 re-

135 3007 391 3080 quisivit
429 3007 779 3077 pecuniam,
822 3019 998 3075 quam
1043 3004 1323 3075 dederat,
1384 3005 1502 3060 nisi
1547 3008 1814 3063 extremo

131 3097 278 3151 vitae
301 3111 428 3150 suae
449 3099 711 3165 tempore
733 3093 903 3164 (T012.
930 3111 1008 3162 IV,
1031 3093 1122 3164 2-1)
1148 3110 1162 3151 :
1194 3094 1386 3166 magis
1419 3110 1493 3151 ne
1513 3095 1816 3152 fraudaret

133 3185 441 3242 haeredem
469 3183 601 3254 (73),
639 3199 814 3255 quam
843 3187 906 3238 ut
935 3183 1262 3254 depositam
1293 3185 1604 3254 pecuniam
1636 3201 1814 3258 coge-

139 3279 240 3330 ret
268 3290 338 3328 ac
365 3275 762 3344 recuperaret.
791 3272 1000 3342 POpuli
1025 3287 1186 3343 saepe
1206 3273 1590 3328 conciderunt
1621 3274 1814 3330 foeno-

137 3380 211 3420 re
239 3363 373 3434 (74),
407 3366 464 3417 et
492 3377 561 3416 ea
589 3361 810 3432 publici
843 3361 1006 3415 exitii
1035 3377 1214 3415 causa
1237 3362 1481 3418 exstitit.
1508 3363 1677 3418 Unde
1710 3380 1815 3419 no-

138 3452 242 3508 bis
272 3450 687 3506 sacerdotibus
715 3449 776 3504 id
806 3450 1106 3521 praecipue
1157 3466 1318 3505 curae
1359 3451 1458 3522 sit,
1491 3455 1552 3506 ut
1579 3467 1648 3507 ea
1677 3452 1818 3508 vitia

139 3555 512 3609 resecemus,
548 3555 680 3611 quae
714 3539 774 3593 in
804 3539 1092 3610 plurimos
1122 3539 1398 3595 videntur
1426 3555 1689 3611 serpere.

218 3630 273 3686 6.
309 3629 616 3700 Hospitem
645 3629 792 3684 doce
839 3627 1237 3684 voluntarium
1287 3630 1480 3702 magis
1529 3646 1706 3702 quam
1745 3645 1821 3685 ex

224 3769 338 3841 ('70)
396 3769 616 3826 Eadem
645 3770 1028 3841 praecipiebat
1082 3771 1173 3824 vir
1203 3774 1445 3826 sanctus
1476 3771 1820 3828 Constantio

224 3787 338 3841 μυ)
396 3787 616 3826 nauem
645 3787 1028 3896 praecipiebat
1082 3787 1173 3824 Vll‘
1203 3787 1445 3826 sanctus
1476 3787 1820 3828 UODStanth

146 3843 324 3913 epist.
358 3843 414 3911 2,
452 3857 610 3896 num.
679 3841 732 3896 2.
766 3842 887 3896 Imo
919 3843 1094 3896 etiam
1143 3841 1496 3898 Christianis
1545 3845 1820 3899 omnibus

146 3916 256 3970 lib.
290 3914 366 3968 de
414 3913 608 3977 Tobia,
647 3929 774 3982 cap.
807 3914 896 3983 24,
931 3929 1091 3968 num.
1124 3913 1214 3968 92.

223 3985 338 4055 (7i)
368 3984 450 4038 Ita
487 4000 635 4039 mss.
670 3984 904 4039 duobus
945 3986 1358 4057 tantummodo
1398 3986 1684 4057 exceptis,
1719 3986 1822 4041 ubi

147 4058 340 4129 prima
388 4071 562 4129 manu
619 4057 888 4129 positum
936 4055 1144 4129 fuerat,
1189 4055 1615 4129 supplantatur,
1667 4059 1825 4129 quod

151 4125 370 4200 legitur
401 4127 460 4180 in
492 4127 767 4200 omnibus
799 4126 936 4200 edit.
965 4125 1089 4200 Sed
1117 4125 1505 4200 verisimilius
1557 4125 1649 4182 eet
1683 4125 1826 4200 sup-

148 4197 460 4270 plantatur
488 4199 681 4270 activo
699 4212 885 4270 sensu
901 4197 1014 4270 hic
1037 4199 1334 4267 usurpari.
1355 4198 1645 4254 Caeterum
1664 4197 1823 4269 quod

157 4268 470 4340 pecuniam
503 4269 642 4322 dare
658 4268 830 4338 jubet
859 4269 990 4340 sine
1019 4284 1142 4340 ispe
1185 4270 1528 4339 recipiendi,
1562 4271 1623 4323 id
1652 4268 1828 4340 quam

157 4339 524 4411 Simillimum
553 4342 648 4411 est
675 4340 771 4407 iis,
807 4355 940 4409 quae
971 4339 1073 4393 lib.
1107 4339 1182 4411 de
1230 4340 1406 4394 Tobia
1431 4357 1558 4410 cap.
1591 4342 1644 4411 2,
1669 4339 1735 4395 ιι.
1768 4342 1821 4411 8,

157 4410 415 4482 689311,
442 4427 498 4482 ιι.
534 4408 622 4479 49,
658 4413 715 4463 et
745 4408 882 4482 cap.
909 4411 994 4482 16,
1028 4426 1096 4482 n.
1118 4410 1210 4482 51,
1241 4408 1685 4482 praecipiuntur.

228 4480 592 4552 (72)7Eodem
624 4480 928 4535 sensulib.
953 4480 1027 4535 de
1064 4481 1242 4535 Tobia
1274 4498 1400 4552 cap.
1428 4480 1489 4552 li,
1523 4499 1683 4537 num.
1716 4481 1821 4538 13:

162 4576 183 4598 ιι
219 4551 372 4615 Quid
404 4551 576 4605 vobis
609 4552 890 4621 iniquius,
921 4574 943 4598 η
978 4555 1088 4606 etc.
1119 4552 1260 4606 Item
1293 4551 1418 4622 cap.
1453 4555 1505 4620 3,
1538 4571 1698 4609 num.
1722 4553 1782 4608 11
1813 4569 1825 4608 :

161 4643 184 4672 ι
221 4623 417 4696 Minus
446 4623 598 4696 dati_s
612 4623 814 4692 etplus
831 4623 1094 4694 exigitis,
1117 4643 1138 4672 ι
1159 4627 1269 4678 etc.
1297 4625 1561 4696 Denique
1593 4625 1824 4696 cap.i4,

159 4709 322 4748 num.
354 4694 455 4764 48:
495 4716 515 4740 «
553 4694 777 4748 Durum
806 4697 899 4747 est
930 4698 1214 4764 repetere,
1253 4717 1274 4741 ιι
1312 4699 1422 4749 etc.

231 4764 346 4833 ('73)
376 4762 560 4817 Citato
591 4764 692 4818 lib.
727 4765 800 4817 de
841 4762 1038 4833 Tobia,
1074 4762 1207 4835 cap.
1233 4764 1286 4834 2,
1321 4783 1480 4820 num.
1518 4766 1588 4820 6:
1643 4789 1664 4813 ιι
1700 4767 1832 4821 Non

165 4839 284 4906 tam
317 4835 565 4902 cupiens
600 4836 1069 4889 commendatum
1099 4851 1438 4906 reposcere,
1477 4860 1499 4885 ι)
1535 4839 1647 4891 etc.

230 4905 346 4975 (71)
380 4906 568 4976 Long.
603 4907 758 4973 cod.,
799 4927 820 4956 σι
861 4906 1066 4975 Populi
1097 4908 1214 4960 sibi
1247 4908 1635 4962 condiderunt
1668 4908 1837 4962 feno-

161 4992 261 5032 ra:
301 5001 322 5023 ιι
358 4976 456 5028 alii
508 4981 681 5049 atque
727 4976 864 5030 edit.
914 4983 976 5049 ut
1019 4977 1078 5032 in
1125 4981 1308 5045 textu,
1359 4979 1476 5032 nisi
1521 4980 1680 5049 quod
1728 4995 1835 5049 pro

161 5063 320 5118 saape
360 5048 766 5118 conciderunt,
803 5048 975 5116 pauci
1019 5064 1165 5102 mss.
1202 5049 1420 5103 habent
1450 5066 1517 5104 se
1538 5048 1836 5105 iconcide-

163 5117 494 5193 runt._N_on
525 5119 623 5193 alii
656 5134 831 5193 porro
871 5119 1071 5193 populi
1132 5120 1624 5193 h_ic_indicantur,
1661 5137 1837 5193 quam

161 5189 352 5262 tribuni
386 5189 492 5262 illi.
525 5189 596 5262 de
630 5189 848 5262 quibus
879 5191 982 5262 lib.
1017 5190 1090 5244 de
1148 5191 1326 5245 Tobia
1377 5209 1503 5262 cap.
1554 5192 1639 5260 11,
1675 5189 1835 5247 num.

165 5259 253 5332 39,
291 5260 438 5332 dixit
469 5260 825 5332 Ambrosius
861 5283 882 5310 α
916 5261 1119 5331 plures
1152 5263 1281 5315 suis
1312 5259 1488 5332 quam
1517 5264 1838 5318 hostilibus

159 5331 426 5402 jactibus
459 5331 717 5385 interire.
758 5353 778 5380 η

234 5401 363 5475 (Ἷὸ)
382 5402 516 5475 Non
545 5404 659 5456 alio
691 5403 861 5472 plane
893 5419 1078 5458 sensu
1108 5404 1264 5459 idem
1293 5403 1670 5475 Ambrosius,
1695 5404 1798 5460 lib.
1819 5423 1838 5459 ι

168 5473 239 5545 de
279 5473 590 5527 Abraham
623 5491 750 5545 cap.
782 5477 836 5543 5,
885 5491 1045 5530 num.
1077 5476 1184 5531 35:
1241 5497 1263 5523 ιι
1317 5475 1452 5530 Non
1499 5473 1662 5545 opes
1701 5492 1734 5530 a
1783 5480 1838 5531 te

167 5543 406 5625 hospes
418 5543 749 5625 εᾳίιμὶνὶιξ-ι»
785 5550 897 5601 etc.

235 5615 350 5689 (76)
383 5615 546 5689 Nihil
575 5617 768 5689 magis
799 5617 1077 5673 omnibus
1107 5620 1330 5688 notum,
1365 5633 1542 5689 quam
1582 5617 1837 5674 feminas

169 5687 322 5763 apud
354 5687 625 5745 ethnicos
657 5687 830 5767 caput
862 5691 1058 5748 crocei
1090 5687 1322 5749 coloris
1356 5687 1666 5768 velamine,
1701 5690 1840 5748 dum

1844 3226 1900 3297 Ο

1912 1937 2150 2010 jugium
2188 1936 2480 1991 velamine
2521 1935 2874 1990 sacerdotali
2905 1934 3038 2007 ('76),
3074 1941 3131 1992 et
3173 1938 3586 1996 benedictione

1919 2026 2283 2082 sanctificari
2322 2027 2627 2096 oporteat;
2676 2026 2969 2095 quomodo
3017 2029 3212 2095 potest
3242 2027 3589 2100 conjugium

1923 2117 2060 2186 dici,
2094 2115 2195 2170 ubi
2227 2129 2344 2169 non
2375 2116 2468 2168 est
2495 2113 2628 2167 fidei
2659 2114 3020 2168 concordia?
3051 2113 3196 2168 Cum
3218 2116 3404 2170 oratio
3427 2131 3586 2170 com-

1923 2205 2120 2260 munis
2153 2219 2292 2258 esse
2323 2202 2551 2270 debeat,
2586 2202 2880 2272 quomodo
2911 2201 3067 2256 inter
3096 2203 3369 2273 dispares
3401 2205 3588 2261 devo-

1922 2295 2082 2350 tione
2136 2293 2331 2364 potest
2385 2305 2523 2344 esse
2581 2289 2847 2362 conjugii
2907 2291 3236 2346 communis
3285 2293 3590 2351 charitas?

1922 2383 2094 2455 Saepe
2127 2383 2391 2453 plerique
2424 2379 2574 2450 capti
2606 2395 2804 2433 amore
2835 2378 3183 2434 feminarum
3214 2380 3388 2436 ﬁdem
3419 2399 3589 2438 suam

1923 2472 2348 2545 prodiderunt;
2397 2473 2460 2523 ut
2506 2471 2734 2539 patrum
2765 2469 3018 2538 populus
3076 2468 3136 2523 in
3193 2470 3584 2544 Beelphegor.

1927 2563 2096 2618 Unde
2133 2560 2406 2628 Phinees,
2439 2561 2672 2628 arrepto
2704 2558 2924 2629 gladio,
2947 2557 3241 2612 interfecit
3271 2560 3590 2617 Hebraeum

1927 2654 1984 2706 et
2011 2648 2364 2704 Madianiten
2393 2646 2672 2702 feminam
2701 2646 2898 2715 (Nam.
2932 2663 3072 2717 xxv,
3106 2648 3182 2718 8),
3217 2651 3274 2703 et
3301 2650 3592 2722 mitigavit

1926 2739 2392 2810 indignationem
2412 2736 2689 2806 divinam,
2713 2750 2786 2790 ne
2807 2738 2963 2791 totus
2980 2737 3234 2807 p0pulus
3249 2739 3593 2811 exstingue-

1925 2833 2108 2886 retur.

1997 2918 2052 2975 8.
2085 2916 2235 2983 Quid
2264 2915 2336 2972 de
2367 2914 2639 2986 pluribus
2672 2913 2962 2985 exemplis
2990 2914 3243 2987 loquar?
3273 2916 3362 2971 Ex
3392 2919 3592 2975 multis

1928 3024 2111 3064 unum
2138 3005 2456 3077 proferam,
2492 3007 2548 3060 et
2576 3003 2710 3074 ejus
2751 3006 3309 3061 commemoratione
3347 3007 3588 3080 liqueat,

1928 3113 2103 3170 quam
2115 3096 2517 3167 perniciosum
2529 3093 2605 3147 sit
2617 3093 2968 3165 alienigenae
2980 3095 3247 3148 mulieris
3261 3095 3596 3152 adscivisse

1931 3186 2220 3258 copulam.
2265 3183 2409 3250 Quis
2460 3181 2684 3252 fortior,
2720 3185 2776 3236 et
2821 3182 2894 3235 ab
2938 3183 3314 3238 incunabulis
3361 3185 3488 3239 suis
3541 3188 3599 3241 et

1929 3275 2208 3330 munitior
2238 3273 2342 3328 Dei
2374 3271 2604 3342 spiritu,
2637 3285 2812 3341 quam
2842 3270 3162 3326 Nazaraeus
3192 3272 3444 3328 Samson
3465 3275 3494 3328 ‘?
3527 3272 3601 3328 Et

1929 3367 2058 3436 ipse
2087 3363 2355 3434 proditus
2388 3363 2499 3429 est,
2534 3363 2591 3415 et
2619 3360 2748 3430 ipse
2778 3375 2884 3430 per
2913 3359 3219 3416 mulierem
3265 3377 3382 3416 non
3412 3362 3602 3432 potuit

1930 3470 2100 3509 suam
2140 3456 2341 3507 tenere
2387 3449 2636 3521 gratiam
2681 3449 2894 3518 (Judic.
2927 3466 3046 3518 xvr,
3082 3449 3169 3520 18,
3203 3452 3378 3522 seq.).
3411 3451 3601 3523 Cujus

1933 3539 2338 3616 generationis
2369 3542 2426 3593 et
2454 3538 2590 3592 vitae
2620 3538 2800 3592 totius
2832 3537 3050 3592 seriem
3083 3538 3370 3594 historico
3398 3540 3599 3618 diges-

1931 3635 2049 3686 tam
2081 3629 2233 3698 ston
2263 3626 2671 3682 enarrabimus
2703 3625 3032 3681 secundum
3062 3628 3219 3681 sacri
3251 3628 3388 3682 libri
3419 3629 3600 3684 conti-

1932 3774 2004 3829 ad
2045 3770 2318 3827 maritum
2375 3769 2760 3836 ducebantur,
2822 3767 3126 3824 obnubere
3181 3770 3596 3828 consuevisse.

1934 3847 2062 3900 Hoc
2092 3843 2266 3898 etiam
2301 3841 2453 3910 apud
2503 3839 2875 3894 Christianos
2907 3856 2941 3894 a
2970 3841 3180 3910 primis
3230 3843 3598 3912 temporibus

1932 3933 2050 3972 usu
2081 3914 2386 3982 receptum
2415 3927 2553 3965 esse
2585 3912 2874 3966 discimus
2921 3928 2954 3964 a
2987 3913 3382 3983 scriptoribus
3415 3916 3604 3969 eccle-

1934 3985 2239 4043 siasticis:
2289 3985 2398 4040 sed
2429 3983 2562 4053 ejus
2596 3983 2681 4056 rei
2740 3982 3056 4056 originem,
3079 3982 3498 4056 Tertullianus,
3531 3986 3607 4042 de

1949 4057 2191 4114 Veland.
2237 4061 2401 4128 Virg.
2436 4070 2562 4128 cap.
2597 4053 2683 4123 11,
2716 4057 2908 4128 atque
2931 4055 3310 4128 Ambrosius,
3346 4057 3447 4111 lib.
3483 4053 3502 4110 ι
3533 4057 3607 4112 de

1935 4130 2167 4185 Abrali.
2208 4125 2421 4202 cap.'9,
2458 4125 2723 4202 referunt
2752 4127 2824 4202 ad
2874 4125 3602 4202 Rebeccaeimitationem,

1938 4218 2071 4272 quae
2096 4196 2424 4274 consp'ecto
2455 4198 2684 4265 marito,
2718 4196 2792 4249 ad
2835 4212 3011 4274 quem
3054 4199 3464 4274 contendebat,
3498 4196 3607 4274 exé

1935 4269 2152 4342 templo
2183 4269 2402 4329 velavit
2432 4283 2590 4342 sese,
2625 4269 3119 4342 quemadmodum
3163 4269 3483 4342 Scripturae
3515 4269 3607 4322 di-

1939 4338 2095 4398 vina:
2125 4343 2470 4400 memorant.
2508 4339 2631 4392 Hac
2661 4342 2855 4410 autem
2883 4338 3176 4410 velatione
3208 4341 3608 4410 significatum

1940 4415 2112 4468 docet
2141 4415 2498 4471 Ambrosius
2530 4409 2751 4478 nuptiis
2783 4408 2993 4478 praeire
3054 4408 3291 4463 debere
3315 4424 3609 4464 verecun-

1941 4486 2116 4540 diam.
2153 4489 2420 4542 Isidorus
2451 4485 2643 4535 autem
2675 4479 2776 4532 lib.
2807 4497 2846 4532 ιι
2894 4479 2968 4533 de
3005 4480 3362 4534 Ecclesiast.
3409 4479 3606 4549 01110.,

1851 4591 1908 4656 Β
1945 4573 2072 4627 cap.
2107 4558 2192 4627 19,
2229 4554 2663 4626 subjectioncm
2695 4550 2902 4603 uxoris
2937 4565 3079 4621 erga
3109 4551 3378 4604 maritum
3411 4552 3612 4622 signa-

1943 4634 2055 4656 ιηη.
2087 4631 2259 4656 4-...,ιει
2319 4631 2499 4656 nam".
2533 4622 2683 4656 mma
2728 4621 3072 4656 Amlnr-neina
3113 4622 3292 4656 ntihm
3340 4622 3433 4656 ιπςα
3468 4637 3607 4656 που-

1943 4621 2060 4683 tam
2087 4621 2280 4683 tradit.
2318 4621 2689 4692 Porroquod
2717 4621 3074 4692 Ambrosius
3113 4622 3292 4674 utitur
3340 4622 3435 4675 his
3468 4621 3607 4674 ver-

1943 4701 2038 4754 bis
2078 4701 2365 4755 relaminc
2387 4691 2768 4759 sacerdotali,
2791 4691 3026 4744 videtur
3046 4692 3307 4745 indicare
3338 4693 3483 4746 illud
3513 4707 3608 4746 ve-

1944 4771 2137 4824 lamen
2169 4788 2203 4824 a
2231 4768 2539 4824 sacerdote
2584 4764 2714 4831 ipso
2745 4763 2967 4831 imponi
3008 4764 3269 4832 solitum,
3302 4765 3460 4834 quod
3491 4779 3610 4818 non

1945 4841 2118 4895 facile
2151 4842 2306 4911 apud
2337 4839 2514 4892 alium
2549 4834 3162 4911 auctoreirrinvenias.
3186 4834 3611 4911 Quodveroad

1945 4903 2440 4977 benedictionem,
2472 4922 2589 4960 non
2620 4904 2794 4977 modo
2827 4903 2990 4977 illius
3022 4907 3272 4960 usumin
3292 4907 3479 4975 prima
3502 4907 3611 4977 Ec:

1949 4984 2130 5036 clesia
2180 4975 2452 5055 viguisse
2499 4975 2818 5055 ostendunt
2858 4975 3236 5055 Innocentius
3269 4975 3612 5055 I_epist.__ad

1949 5055 2212 5120 Victric.,
2247 5046 2602 5123 synodusiv
2631 5046 3070 5123 Carthagcan,
3095 5047 3180 5116 13,
3207 5046 3473 5123 Isidorus
3504 5048 3608 5123 lib.

1948 5143 1988 5178 ιι
2039 5126 2113 5180 de
2155 5117 2392 5191 Eccies,
2432 5119 2634 5188 0f1ic.,
2671 5134 2722 5171 c.
2758 5117 2934 5191 l9,et_
2961 5119 3093 5188 alii;
3139 5121 3244 5173 sed
3264 5121 3447 5191 etiam
3481 5122 3614 5176 ante

1949 5197 2061 5252 hos
2110 5188 2508 5250 Tertullianus
2553 5191 2654 5244 lib.
2695 5205 2736 5241 ιι
2774 5190 2849 5243 ad
2881 5188 3139 5244 Uxorem
3171 5207 3220 5244 c.
3255 5190 3310 5260 9,
3342 5192 3610 5261 Syricius

1949 5270 2120 5338 epist.
2172 5284 2211 5320 ιι
2261 5266 2334 5338 ad
2371 5262 2722 5338 Himcrium,
2770 5277 2896 5329 cap.
2941 5261 2995 5338 4,
3042 5261 3139 5315 ubi
3187 5263 3275 5315 sic
3311 5262 3606 5338 loquitur:

1954 5333 2113 5393 «'llla
2141 5336 2574 5401 benedictione,
2610 5347 2786 5402 quam
2815 5336 3084 5401 nupturae
3118 5333 3402 5387 sacerdos
3435 5334 3611 5402 impof

1951 5413 2053 5479 nit,
2089 5409 2241 5479 apud
2271 5407 2479 5461 fideles
2513 5400 2824 5479 cujusdam
2865 5400 3382 5479 sectilegiiuinstar
3410 5405 3519 5479 est,
3556 5400 3609 5453 si

1949 5475 2067 5536 ulla
2097 5475 2580 5550 transgressione
2613 5475 2884 5550 violetur.
2923 5495 2963 5550 gr
2989 5475 3382 5529 Tertullianus
3415 5475 3608 5550 autem

1949 5542 2348 5607 benedictio'ni
2377 5547 2733 5617 oblationem
2770 5545 3004 5617 jungit;
3050 5559 3338 5617 necsane
3367 5542 3604 5617 mirum,

1952 5641 2085 5679 cum
2114 5623 2267 5693 apud
2297 5620 2616 5693 plerosque
2646 5613 2918 5693 inﬁdeles
2952 5613 3457 5692 cenjugiumsine
3506 5627 3608 5671 sa-

1951 5690 2173 5755 criﬁcio
2205 5690 2326 5752 non
2357 5690 2777 5754 celebraretur.
