3942 6168
489 290 646 357 1027

1933 285 1997 355 S.
2030 283 2473 356 AMBROSII.

3708 308 3820 374 1028

494 490 772 561 nentiam,
807 504 940 561 quae
988 489 1051 545 in
1090 489 1249 546 hunc
1291 493 1384 546 est
1410 490 1668 561 modum,
1701 506 1820 547 non
1848 473 2236 548 verborumA
2274 492 2655 564 tribueretur,
2712 492 2959 550 dicens:
3013 516 3036 541 α
3088 495 3177 550 Ad
3222 511 3329 568 me,
3372 497 3612 572 Domine,
3640 507 3822 576 angelus

497 578 674 649 serie,
701 577 809 633 sed
839 594 1045 634 sensu.

562 667 617 723 9.
649 667 870 723 Multos
901 684 1009 739 per
1040 685 1230 725 annos
1255 668 1645 726 Hebraeorum
1664 671 1947 741 populum
1970 671 2168 726 subdi-

492 760 615 812 tum
653 757 961 812 Palastini
1016 774 1086 813 ac
1144 758 1482 830 subjectum
1522 759 1856 829 habebant;
1888 760 2166 831 quoniam

494 845 628 900 ﬁdei
659 847 1446 918 prarogativam'amiserat,
1483 864 1597 918 qua
1627 848 1933 902 victoriam
1965 851 2163 918 patres

492 934 687 1005 adepti
709 934 895 989 fuere.
917 935 1048 990 Non
1064 937 1298 1006 penitus
1315 940 1509 991 tamen
1527 937 1907 991 interciderat
1926 938 2162 1009 insigne

491 1022 803 1078 electionis
833 1024 988 1093 apud
1018 1027 1318 1079 auctorem
1349 1040 1543 1093 suum,
1579 1028 1635 1079 et
1656 1025 1958 1079 funiculus
1981 1025 2164 1080 hare-

492 1111 721 1167 ditatis:
745 1112 854 1165 sed
876 1111 1012 1183 quia
1034 1128 1231 1167 rerum
1254 1114 1650 1169 secundarum
1670 1113 1983 1169 insolentia
2001 1130 2161 1184 sape

491 1199 943 1269 extollebantur,
977 1201 1151 1255 dabat
1198 1217 1304 1256 eos
1345 1202 1693 1273 plerumque
1723 1203 1785 1257 in
1813 1205 2161 1272 potestatem

483 1287 772 1357 hostium,
805 1290 868 1343 ut
896 1303 1059 1342 more
1105 1289 1331 1361 ingenii
1375 1290 1616 1344 humani
1658 1291 1986 1345 remedium
2027 1307 2156 1345 ma-

489 1378 684 1433 lorum
716 1377 787 1431 de
835 1376 985 1432 calo
1033 1377 1150 1431 sibi
1198 1381 1552 1449 quaererent.
1619 1380 1783 1433 Tunc
1833 1380 1989 1434 enim
2038 1379 2161 1434 Deo

491 1466 714 1521 subditi
745 1481 975 1536 sumus,
1010 1481 1144 1521 cum
1202 1467 1477 1522 adversis
1507 1467 1807 1539 aliquibus
1837 1484 2159 1539 urgemur:

492 1554 773 1610 secunda
805 1570 903 1610 res
934 1557 1189 1610 mentem
1210 1556 1517 1611 extollunt.
1540 1555 1707 1621 Quod
1731 1572 1864 1611 cum
1881 1557 2028 1611 alias
2047 1573 2162 1612 usu

490 1643 801 1716 probatum
822 1643 919 1713 sit,
942 1646 1065 1698 tum
1085 1644 1340 1699 maxime
1359 1644 1421 1699 in
1434 1660 1503 1699 ea
1522 1660 1722 1699 rerum
1743 1646 2158 1717 conversione,

490 1749 605 1805 qua
634 1748 848 1788 rursus
879 1732 949 1787 ad
983 1732 1275 1788 Hebraeos
1294 1749 1327 1787 a
1353 1733 1685 1788 Palaestinis
1714 1749 1891 1788 versa
1907 1734 2037 1789 vice
2059 1750 2159 1790 res

490 1824 746 1878 mutata.

566 1911 653 1966 10.
685 1911 956 1983 Namque
990 1926 1123 1965 cum
1152 1910 1427 1966 diuturna
1456 1910 1675 1983 injuria
1722 1912 1920 1984 longae
1951 1911 2162 1984 subje-

493 2001 707 2056 ctionis
774 2000 853 2053 ita
921 2001 1130 2054 essent
1192 2000 1480 2070 depressa
1552 2000 1942 2055 Hebraorum
2011 1992 2161 2056 845

488 2093 750 2162 pectora,
775 2091 837 2144 ut
857 2089 1057 2144 nullus
1068 2088 1227 2143 virili
1242 2090 1483 2162 ingenio
1501 2090 1917 2145 adlibertatem
1929 2092 2161 2145 animos

488 2179 698 2235 tollere
726 2178 989 2249 auderet,
1022 2181 1189 2233 ortus
1221 2181 1313 2232 est
1342 2178 1460 2233 illis
1493 2178 1746 2233 Samson
1792 2179 1991 2236 divino
2025 2195 2162 2234 ora-

492 2268 625 2324 culo
667 2267 1148 2338 pradestinatus,
1182 2283 1436 2339 magnus
1485 2268 1601 2339 vir,
1640 2284 1749 2323 nec
1788 2269 1848 2322 in
1887 2268 2161 2339 pluribus

491 2356 915 2426 numerandus,
971 2356 1081 2410 sed
1139 2356 1198 2409 in
1246 2356 1455 2426 paucis
1499 2356 2054 2427 praestantissimus,
2106 2360 2164 2413 et

489 2445 648 2517 quod
678 2444 809 2499 sine
856 2444 975 2498 ulla
1025 2444 1433 2499 controversia
1454 2442 1570 2515 'sit,
1603 2446 1834 2501 viribus
1868 2445 2158 2517 corporis,

492 2534 752 2590 omnium
781 2532 955 2587 facile
983 2532 1231 2604 primus.
1265 2532 1469 2605 quue
1509 2533 1736 2606 ingenti
1774 2534 2161 2589 admiratione

490 2623 666 2678 nobis
699 2621 1057 2692 spectandus
1088 2637 1122 2675 a
1149 2621 1461 2692 principio,
1498 2638 1616 2677 non
1645 2623 1743 2677 illa
1772 2639 1905 2694 quae
1934 2628 2161 2694 tempe-

488 2713 696 2768 rantiae
727 2714 784 2766 et
812 2710 1156 2767 sobrietatis
1180 2708 1305 2781 jam
1336 2710 1472 2764 inde
1501 2727 1534 2764 a
1562 2712 1811 2781 pueritia
1860 2712 1982 2767 vini
2015 2712 2161 2766 abs-

486 2801 706 2856 temius
740 2799 851 2871 ('77)
883 2798 1171 2870 praclara
1209 2799 1471 2871 insignia
1512 2800 1691 2871 dedit,
1724 2817 1833 2855 nec
1878 2801 1979 2855 illa
2027 2817 2160 2873 qua

483 2892 721 2946 intenso
752 2888 940 2958 capite
968 2888 1290 2943 Nazaraus
1323 2903 1494 2942 sacra
1525 2888 1627 2943 diu
1658 2889 1919 2944 servavit
1960 2893 2159 2945 custo-

489 2979 616 3036 dia:
651 2978 759 3034 sed
779 2977 852 3032 ab
875 2976 1295 3046 adolescentia,
1316 2976 1533 3048 quain
1554 2976 1687 3031 aliis
1725 2981 1870 3033 atas
1901 2978 2155 3049 mollior,

489 3069 551 3124 in
581 3069 695 3124 hoc
725 3065 989 3139 egregia,
1021 3068 1195 3136 atque
1215 3081 1397 3135 supra
1417 3064 1737 3121 humanum
1758 3067 1997 3122 modum
2018 3082 2158 3138 per-

487 3158 660 3214 fecta
709 3156 946 3210 virtutis
997 3154 1288 3225 stupenda
1335 3154 1600 3211 facinora
1653 3154 1880 3212 effecit:
1938 3156 2159 3227 quibus

490 3242 674 3303 divini
721 3243 945 3299 oraculi
998 3259 1139 3298 mox
1185 3244 1416 3315 aperuit
1462 3244 1657 3315 ﬁdem,
1690 3246 1848 3317 quod
1879 3260 1997 3299 non
2027 3260 2159 3315 per-

488 3333 781 3391 functorie
799 3335 958 3387 tanta
980 3347 1114 3387 eum
1144 3333 1432 3387 anteisset
1460 3333 1668 3405 gratia,
1688 3338 1751 3388 ut
1768 3334 2160 3389 descenderet

486 3423 761 3495 angelus,
794 3438 901 3493 per
928 3436 1104 3493 quem
1135 3423 1300 3477 ortus
1333 3421 1467 3493 ejus
1498 3425 1715 3492 prater
1746 3439 1913 3493 spem
1943 3439 2158 3493 paren-

486 3512 648 3569 tibus
678 3512 1142 3582 annuntiaretur,
1176 3510 1437 3575 futurum
1465 3513 1734 3583 regimen
1770 3510 1882 3581 (78)
1915 3515 1969 3566 et
2000 3529 2157 3582 pra-

488 3603 706 3658 sidium
745 3602 875 3656 suis
900 3618 911 3656 :
963 3617 1098 3655 nam
1129 3601 1416 3672 gravibus
1441 3599 1671 3673 jamdiu
1702 3601 2156 3656 Palastinorum

486 3690 755 3762 imperiis
783 3689 1239 3745 afflictabantur.

560 3780 646 3833 11.
689 3778 863 3833 Pater
900 3776 984 3832 illi
1023 3780 1148 3833 erat
1200 3779 1271 3833 de
1325 3778 1484 3834 tribu
1536 3779 1662 3834 Dan
1718 3780 1932 3835 timens
1973 3778 2160 3835 Deum

488 3867 704 3938 (Judic.
752 3881 879 3933 xm,
913 3866 946 3919 2
997 3866 1167 3938 seq.),
1203 3866 1358 3921 haud
1416 3867 1665 3938 ignobili
1714 3870 1951 3940 genitus
2000 3869 2154 3940 loco,

484 3957 783 4028 praestans
815 3955 1083 4008 cateris:
1129 3958 1315 4009 mater
1344 3959 1513 4009 utero
1560 3956 1804 4027 sterilis,
1840 3958 1948 4012 sed
1974 3957 2157 4012 animi

483 4044 803 4099 virtutibus
835 4042 990 4096 haud
1036 4041 1385 4112 infecunda;
1434 4059 1567 4114 quae
1613 4045 1867 4114 propriae
1899 4045 2157 4117 hospitio

488 4134 706 4189 mentis
737 4133 1003 4202 recipere
1025 4130 1237 4185 meruit
1265 4131 1559 4186 visionem
1579 4133 1796 4204 angeli,
1822 4134 2158 4190 mandatum

485 4223 692 4292 tenuit,
736 4221 1038 4277 oraculum
1076 4218 1360 4291 implevit.
1402 4219 1528 4275 Nec
1578 4225 1770 4276 tamen
1806 4238 1986 4292 passa
2026 4224 2156 4279 sine

481 4312 613 4368 viro
633 4313 791 4367 scire
802 4311 897 4366 vel
916 4309 1244 4366 divinitatis
1267 4312 1585 4381 secretum,
1612 4310 1934 4367 insinuavit
1949 4314 2157 4369 marito

480 4403 680 4457 visum
714 4401 832 4456 sibi
864 4400 1163 4455 hominem
1194 4399 1318 4469 Dei,
1351 4399 1636 4470 praeclara
1689 4400 1910 4471 specie,
1944 4401 2157 4457 futura

490 4491 721 4547 sobolis
753 4490 1042 4545 ferentem
1086 4488 1360 4543 oracula:
1415 4504 1530 4560 qua
1560 4488 1981 4558 pollicitatione
2020 4506 2158 4545 sese

2188 1845 2240 1909 Β

2272 581 2475 636 venint
2505 584 2663 637 tuus.
2702 603 2724 632 ι

2345 670 2431 725 12.
2464 670 2633 726 Unde
2674 686 2788 743 ego
2825 672 3100 743 arbitror,
3153 689 3268 729 non
3309 675 3427 730 zelo
3470 677 3717 751 mulieris,
3739 699 3823 753 qua

2275 762 2438 813 esset
2468 759 2815 829 spectabilis
2847 761 3319 831 pulchritudinis,
3343 763 3547 835 aliquid
3561 781 3673 820 eum
3688 785 3825 841 suspe.

2275 850 2432 901 ctum
2480 847 2788 917 habuisse,
2823 852 2885 903 ut
2933 850 3168 920 quidam
3216 851 3553 907 existimavit
3594 854 3717 925 (19):
3761 861 3824 913 sed

2272 937 2467 1008 magis
2498 937 2713 992 divina
2742 937 2867 992 zelo
2899 939 3108 1008 gratia
3143 942 3530 1012 provocatum,
3559 950 3823 1014 conspectus

2275 1025 2433 1078 sacri
2445 1025 2713 1079 voluisse
2725 1026 3063 1096 participari
3088 1043 3348 1083 munere.
3370 1029 3564 1100 Neque
3580 1031 3709 1086 enim
3722 1034 3824 1089 vitiis

2276 1112 2456 1166 animi
2482 1128 2663 1182 prave
2694 1112 2963 1183 affectus,
2993 1117 3211 1171 tantam
3242 1116 3396 1186 apud
3424 1117 3697 1174 Dominum
3717 1121 3824 1176 inve-

2275 1200 2468 1255 nisset
2495 1203 2764 1274 gratiam,
2795 1206 2858 1257 ut
2887 1204 3140 1276 angelus
3168 1205 3230 1259 in
3259 1204 3390 1276 ejus
3420 1205 3636 1261 domum
3650 1213 3824 1265 reverte-

2271 1291 2468 1343 retur:
2522 1290 2620 1360 qui
2652 1292 2892 1346 monitis
2937 1292 3013 1347 iis
3056 1309 3191 1363 quae
3230 1309 3377 1348 usus
3407 1295 3613 1349 oraculi
3636 1298 3818 1366 postula-

2273 1378 2482 1447 visset,
2518 1378 2716 1434 subito
2747 1379 2996 1435 ﬂamma
3026 1381 3395 1437 vehementis
3426 1383 3664 1438 elevatus
3680 1387 3823 1455 specie,

2275 1481 2413 1521 sese
2434 1467 2674 1536 recepit.
2693 1467 2757 1521 Id
2774 1467 3228 1524 formidolosum
3238 1470 3387 1540 viro,
3405 1471 3602 1525 mulier
3618 1472 3824 1527 salubrius

2273 1553 2672 1626 interpretata,
2707 1557 2768 1610 in
2798 1558 3081 1629 gaudium
3108 1560 3304 1629 vertit,
3338 1562 3504 1630 atque
3523 1559 3707 1615 ademit
3728 1562 3825 1616 solli-

2276 1643 2634 1715 citudinem;
2684 1660 2754 1699 eo
2804 1646 2963 1716 quod
3006 1662 3433 1718 prosperorum
3475 1648 3729 1719 indicium,
3757 1665 3825 1703 non

2273 1731 2714 1787 adversantium
2746 1733 2825 1788 sit
2853 1735 3049 1789 visere
3081 1735 3290 1790 Deum.

2347 1814 2433 1875 13.
2470 1821 2714 1875 Talibus
2745 1836 2776 1876 e
2809 1822 2959 1878 calo
2990 1825 3440 1880 commendatus
3467 1825 3752 1899 insignibus
3771 1828 3829 1881 ubi

2271 1909 2527 1979 primum
2570 1909 2846 1982 adolevit,
2885 1911 3169 1985 conjugio
3221 1916 3476 1969 mentem
3511 1915 3732 1985 intendit,
3754 1916 3829 1968 sive

2273 1997 2432 2068 quod
2461 2012 2674 2070 vagam
2702 2015 2773 2052 ac
2804 1998 3155 2056 familiarem
3187 2003 3634 2058 adolescentulis
3652 2004 3833 2059 abhorre

2273 2088 2363 2141 ret
2390 2087 2584 2142 animo
2622 2087 2869 2143 lubrica
2916 2089 3183 2145 libidinis
3240 2093 3724 2147 consuetudinem:
3754 2094 3830 2146 sive

2273 2175 2409 2246 quia
2435 2175 2561 2246 jam
2589 2191 2772 2231 causa
2800 2178 3196 2250 quaerebatur,
3234 2180 3697 2252 quemadmodum
3720 2197 3743 2235 a
3765 2196 3834 2235 cer-

2272 2263 2508 2318 vicibus
2538 2264 2731 2334 plebis
2762 2281 2890 2321 suae
2920 2271 3215 2323 averteret
3251 2269 3679 2325 Palastinorum
3700 2274 3833 2339 poten-

2271 2352 2431 2423 tiam,
2467 2353 2732 2425 duraque
2758 2353 3024 2424 imperia.
3058 2357 3336 2429 Pergens
3368 2357 3555 2429 itaque
3572 2357 3835 2429 (Jadic.xrv,

2273 2440 2301 2495 1
2328 2446 2387 2496 et
2414 2444 2564 2514 seq.)
2592 2443 2654 2496 in
2675 2443 3058 2499 Thamnatam
3086 2445 3247 2517 (urbi
3266 2446 3383 2502 hoc
3403 2462 3605 2502 nomen
3625 2450 3699 2502 est
3715 2446 3836 2500 inillis

2272 2530 2484 2602 posita
2508 2530 2678 2601 locis,
2703 2546 2836 2602 qua
2853 2535 2991 2587 tunc
3010 2534 3297 2604 temporis
3322 2535 3839 2590 Palastinorumince

2270 2618 2348 2673 lis
2387 2618 2913 2691 frequentabatur),
2946 2622 3243 2693 virginem
3285 2613 3432 2678 846
3482 2624 3703 2695 aspexit,
3739 2626 3842 2694 grata

2274 2707 2497 2779 specie,
2530 2710 2585 2763 et
2614 2709 2783 2764 vultu
2811 2710 3049 2780 decoro,
3084 2714 3143 2765 et
3168 2714 3451 2781 parentes
3479 2714 3734 2783 preprios,
3758 2726 3843 2782 qua

2273 2812 2403 2851 rum
2436 2797 2713 2851 comitatu
2743 2797 2929 2853 fultus
2962 2799 3371 2871 gradiebatur,
3405 2802 3587 2856 oravit
3624 2804 3677 2855 ut
3700 2816 3791 2854 eam
3810 2799 3844 2849 in

2272 2884 2617 2957 conjugium
2665 2885 2784 2941 sibi
2814 2890 3151 2957 poscerent.
3189 2889 3415 2945 Verum
3465 2890 3546 2944 illi
3587 2890 3841 2961 ignorantes

2271 2974 2429 3045 quod
2460 2988 2530 3029 eo
2559 2974 2804 3031 intentio
2834 2980 3131 3050 vergeret,
3163 2980 3233 3032 ut
3252 2978 3586 3034 Palaestinis
3601 2981 3685 3033 aut
3698 2992 3847 3048 negan-

2270 3062 2429 3117 tibus
2461 3062 2738 3119 infestior
2768 3063 2940 3135 foret,
2975 3068 3074 3121 aut
3117 3068 3650 3138 acquiescentibus,
3677 3064 3845 3120 affectus

2270 3150 2595 3207 inferendae
2624 3152 2684 3207 in
2715 3154 2990 3209 subditos
3023 3155 3264 3227 injuria
3294 3157 3650 3227 demeretur;
3686 3170 3784 3210 cum
3803 3166 3847 3205 ex

2272 3240 2690 3312 conjunctione
2719 3243 3026 3315 aequalitas
3056 3260 3183 3315 par,
3218 3248 3279 3300 et
3298 3247 3488 3319 gratia
3509 3240 3847 3312 consortiijure

2269 3333 2661 3399 accresceret,
2695 3335 2794 3386 aut
2844 3333 2897 3387 si
2936 3332 3078 3404 quid
3128 3332 3428 3390 offensum
3474 3336 3642 3404 esset,
3684 3329 3845 3401 longius

2267 3418 2575 3474 ultinionis
2592 3420 2786 3475 studia
2808 3423 3219 3493 procederent,
3247 3425 3424 3496 quasi
3444 3418 3846 3495 alienigenamde-

2269 3508 2600 3563 clinandam
2631 3509 3086 3566 arbitrabantur.
3120 3511 3241 3567 Sed
3272 3512 3377 3568 ubi
3422 3512 3644 3567 ﬂectere
3670 3509 3847 3564 animum
3894 3508 3895 3568 ξ

2268 3597 2540 3669 pignoris
2587 3598 2989 3671 legitimorum
3032 3600 3277 3672 objectu
3321 3602 3543 3657 frustra
3585 3598 3782 3670 experti,
3814 3594 3847 3647 in

2269 3686 2577 3742 arbitrium
2607 3686 2743 3759 ejus
2774 3688 3045 3743 volentes
3077 3697 3462 3746 concessere.

2342 3777 2429 3831 14.
2467 3777 2726 3847 Recepta
2771 3777 2967 3849 itaque
3013 3779 3320 3850 petitione,
3355 3779 3602 3835 Samson
3637 3793 3746 3832 cum
3772 3772 3846 3827 sibi

2269 3865 2629 3936 promissam
2650 3866 2962 3937 reviseret,
2979 3866 3236 3938 divertit,
3253 3868 3848 3939 etpaulisperdeaggere
3894 3865 3895 3931 ξ

2270 3954 2509 4009 deﬂexit
2533 3971 2547 4024 ;
2580 3956 2976 4027 continuoque
3002 3957 3263 4012 occurrit
3293 3958 3349 4011 ei
3379 3957 3474 4013 leo
3492 3957 3644 4012 ferus
3662 3955 3720 4009 de
3735 3951 3848 4012 silva,
3894 3942 3895 4005 ξ

2269 4043 2492 4114 agresti
2532 4043 2800 4099 libertate
2851 4045 3091 4100 savior.
3133 4044 3353 4101 Comes
3402 4046 3612 4115 nullus,
3648 4043 3787 4097 telum
3812 4038 3849 4088 in
3894 4042 3895 4095 ἰ

2268 4132 2543 4203 manibus
2558 4132 3010 4205 haudquaquam
3034 4135 3479 4205 suppeditabat:
3505 4134 3693 4190 cedere
3704 4128 3848 4202 pudori

2270 4225 2327 4276 et
2376 4221 2619 4276 conscia
2663 4222 2853 4277 virtus
2896 4223 3172 4277 fiduciam
3220 4223 3385 4279 dare.
3438 4225 3702 4280 Ruentem
3735 4220 3778 4272 in
3809 4228 3849 4266 se

2268 4309 2533 4366 brachiis
2564 4310 2873 4381 amplexus
2903 4314 3092 4381 necat,
3125 4315 3183 4367 et
3209 4312 3566 4369 lacertorum
3606 4310 3735 4367 nodo
3756 4318 3849 4359 exa-

2270 4398 2554 4470 ninatum,
2588 4403 2805 4471 prater
2833 4415 3117 4473 aggerem
3147 4417 3330 4472 supra
3353 4402 3640 4457 silvestria
3659 4393 3849 4471 germina

2269 4490 2523 4560 projecit
2552 4505 2621 4568 ac
2653 4489 2983 4560 dereliquit.
3020 4490 3216 4546 Locus
3249 4495 3376 4546 erat
3405 4492 3570 4546 latus
3587 4484 3750 4560 pabuli
3764 4482 3850 4536 her-

492 4578 770 4635 ﬁdentem
802 4595 936 4634 cum
984 4577 1242 4649 conjuge
1274 4578 1448 4633 ﬁdem
1480 4578 1915 4648 promissorum
1947 4579 2159 4634 cales-
2179 4567 2229 4631 D
2272 4578 2424 4632 boso
2446 4578 2731 4650 gramine,
2756 4578 2971 4633 vinetis
2986 4578 3648 4652 consitus.ltaqueapud
3664 4570 3851 4629 dilectis.

490 4669 634 4722 tium
655 4668 1031 4738 participare.
1055 4659 1345 4732 Quod-ubi
1379 4667 1682 4737 comperit,
1702 4667 1795 4737 pie
1820 4668 2003 4722 Deum
2022 4683 2160 4737 pre-

494 4763 659 4811 catus
690 4757 915 4811 oravit:
971 4760 1035 4811 ut
1078 4756 1196 4811 sibi
1245 4771 1480 4828 quoque
1521 4756 1774 4811 visionis
1804 4755 1938 4828 ejus
1969 4758 2160 4829 gratia

563 4896 676 4965 (7'7)
705 4897 857 4953 Edit.
893 4901 949 4953 et
997 4914 1145 4954 mss.
1195 4897 1481 4969 nonnulli,
1520 4922 1541 4945 (ι

490 4981 660 5021 nens.
699 4991 720 5016 η

561 5038 676 5108 ('78)
727 5038 884 5114 Edit.
926 5055 1167 5114 omnes,
1220 5061 1242 5091 α
1306 5040 1487 5114 futuri
1543 5042 1831 5114 regimen,
1869 5063 1889 5089 υ
1943 5057 2091 5096 mss.
2126 5058 2157 5096 e

492 5109 808 5182 contrario,
849 5132 869 5158 α
920 5110 1179 5182 futurum
1234 5112 1543 5182 regimen;
1580 5109 1716 5167 n'si
1745 5116 1938 5167 tamen
1978 5128 2159 5166 unum

486 5181 811 5255 alterumve
826 5181 1111 5255 excipias,
1129 5181 1227 5235 ubi
1243 5182 1509 5255 habetur,
1530 5181 1551 5231 ie
1574 5184 1807 5238 futurus
1823 5184 2110 5255 regimen,
2131 5206 2153 5232 υ

489 5254 594 5307 sed
629 5253 1188 5324 incongruql’prro
1223 5254 1377 5321 quod
1407 5277 1428 5299 α
1451 5255 1803 5309 Palaestinos
1826 5280 1848 5303 υ
1885 5253 2155 5324 appellat,

489 5340 641 5395 quos
665 5322 833 5396 LXX
857 5325 912 5377 et
944 5322 1127 5396 Vulg:
1156 5324 1354 5396 versio
1386 5325 1588 5379 dicunt
1621 5349 1641 5372 α
1694 5322 2002 5396 ΡΙιίΙίειὶιιι,
2045 5348 2065 5372 η
2098 5326 2160 5378 in

492 5394 563 5451 eo
623 5395 892 5466 sequitur
936 5409 1054 5448 non
1098 5394 1424 5463 Josephum
1473 5396 1667 5463 modo,
1726 5412 1932 5450 verum
1987 5394 2158 5451 etiam

490 5471 714 5521 textum
754 5466 1134 5535 Hebraicum,
1179 5466 1271 5519 cui
1312 5469 1510 5523 versio
1550 5480 1786 5537 quoque
1825 5467 2067 5536 Syriaca
2105 5470 2162 5522 et

493 5538 748 5592 Arabica
788 5538 1184 5593 consentiunt.

563 5608 675 5683 ('79)
706 5610 841 5666 Non
865 5609 1017 5667 alius
1050 5609 1145 5666 his
1176 5609 1378 5668 verbis
1411 5607 1759 5685 designatur
1786 5622 1962 5681 quam
1990 5610 2162 5669 Jose-

1596 4915 1629 4953 a
1677 4900 1925 4970 pueritia
1968 4899 2158 4954 absti-

2272 4667 2482 4721 simam
2504 4666 2619 4721 sibi
2642 4682 2925 4736 sponsam
2948 4669 3195 4722 exuvias
3218 4667 3363 4724 fera
3387 4668 3625 4724 credidit
3640 4665 3745 4719 sine
3764 4660 3851 4711 ino-

2273 4758 2468 4810 mento
2519 4754 2787 4826 futuras;
2837 4771 2970 4810 cum
3013 4757 3215 4812 talium
3258 4774 3461 4813 rerum
3506 4761 3735 4825 tempora
3770 4759 3849 4800 non

2267 4898 2459 4974 phus;
2505 4899 2558 4974 is
2595 4899 2761 4974 enim
2788 4897 2891 4974 lib.
2925 4914 2964 4952 v
2991 4899 3196 4974 Antig.
3234 4916 3364 4971 cap.
3401 4899 3485 4969 10,
3515 4897 3609 4974 ubi
3646 4888 3852 4974 eaimiagn‘l

2269 4966 2474 5025 inatris
2520 4970 2734 5025 futurae
2785 4971 3075 5025 Sansonis
3133 4966 3382 5048 formam
3419 4966 3851 5048 pradicavjt,n91{

2269 5050 2450 5129 multo
2517 5052 2653 5129 post
2722 5049 3083 5129 subjungit‘:
3164 5043 3222 5108 ἧν
3281 5044 3333 5102 δὲ
3536 5037 3750 5120 μανιώδης

2269 5120 2451 5209 ignaro;
2507 5127 2589 5181 ἐπὶ
2652 5134 2715 5209 τῇ
2774 5120 2979 5209 γυναιξῖ
3035 5123 3122 5209 διὰ
3162 5133 3313 5209 refrte
3353 5127 3609 5192 ζηλότυπος
3633 5120 3848 5209 "expetis.

2268 5196 2354 5255 Ac
2421 5196 2869 5270 demum'pest
2934 5201 3146 5255 factam
3222 5203 3427 5272 pxima
3490 5196 3665 5272 angeli
3718 5201 3849 5257 appa-

2267 5281 2500 5335 ritionis
2578 5282 2937 5335 mentionem
3013 5270 3275 5336 addidit:
3354 5275 3454 5337 ἡδὲ
3512 5270 3667 5346 τάνδρὶ
3720 5283 3848 5337 παρα-

2263 5358 2504 5432 γενομένῳ
2570 5361 2638 5412 τὰ
2696 5360 2841 5433 παρὰ
2900 5363 2991 5413 τοῦ
3053 5358 3264 5432 ἀγγέλου
3333 5355 3658 5434 ἕκδιηγὴσατξο,
3699 5347 3845 5434 ⁸ἐπέπλευ-

2264 5427 2501 5513 ελάζὸυσά
2533 5444 2650 5492 οτοῦ
2704 5427 2782 5491 τε.
2817 5437 2875 5492 τό
2937 5427 3141 5503 uitulae,
3199 5440 3257 5492 τὸ
3315 5439 3532 5512 μέγεθος,
3692 5427 3841 5520 ἐκείνων

2265 5512 2319 5573 ἐκ
2400 5524 2499 5571 τῶν
2573 5519 2789 5573 ἐπαὶνων
2814 5560 2827 5583 ,
2916 5522 2995 5572 εἰσ
3078 5516 3307 5584 ἕητληξιν
3378 5519 3503 5571 κατὰ
3567 5512 3843 5601 ζηλοτυξςανν

2265 5604 2597 5675 περιστῆναι,
2675 5601 2764 5658 καὶ
2846 5596 3088 5660 ὑπόνοιαν
3148 5599 3239 5662 τήν
3310 5599 3362 5655 ἐκ
3432 5593 3639 5655 τοιούτω
3692 5585 3842 5643 πάθαις

2266 5679 2575 5767 κινουμένην.
