3942 6168
84 340 222 404 1029

81 536 398 595 terribilibus
428 533 652 604 spoliis,
703 533 812 588 sed
843 532 1087 588 mitibus
1133 533 1390 604 gaudiis,
1439 535 1495 587 et
1544 517 1766 588 festaA
1801 534 1986 589 cessit
2041 533 2315 603 nuptias;

84 626 255 682 fronde
277 624 404 678 ﬁant
423 623 779 677 venustiora.
807 623 1072 694 Denique
1094 625 1229 690 post
1257 623 1461 676 eadem
1483 638 1692 693 regre-

83 717 220 770 diens
268 713 372 780 via,
407 711 598 765 favum
656 711 714 764 in
766 713 934 764 utero
984 711 1176 765 leonis
1209 709 1467 778 oll'endit,
1517 714 1689 781 atque

81 802 298 868 abstulit,
320 801 526 854 donum
548 800 894 869 parentibus
913 815 980 852 ac
1013 799 1229 870 puellae
1253 799 1368 869 (80)
1392 799 1648 853 futurum
1675 816 1688 869 ;

82 892 187 945 talia
217 890 358 944 enim
388 905 665 958 sponsam
713 904 955 942 munera
1005 889 1234 957 decent,
1278 905 1345 942 ac
1377 889 1688 958 degustato

81 981 238 1048 melle,
279 979 466 1032 favum
522 978 824 1048 praedictis
882 979 1174 1032 edendum
1219 978 1395 1047 dedit,
1451 994 1690 1032 causam

76 1068 336 1140 repressit.

130 1159 201 1210 15.
225 1156 328 1210 Sed
351 1154 499 1209 forte
523 1156 773 1226 quadam
797 1155 890 1209 die
932 1155 1212 1225 nuptialis
1254 1154 1388 1209 festi
1423 1155 1690 1210 celebra-

76 1247 217 1300 batur
258 1243 604 1312 convivium,
639 1244 772 1298 laeta
821 1245 881 1297 in
913 1244 1105 1313 epulis
1130 1243 1419 1314 juventus
1470 1245 1690 1298 mutuis

72 1350 123 1388 se
148 1335 206 1386 ad
233 1333 422 1386 ludum
453 1331 741 1386 invitabat
791 1332 1172 1387 sermonibus
1224 1332 1337 1402 (81)
1371 1348 1505 1386 cum
1537 1333 1689 1386 alius

74 1423 215 1475 alium
266 1419 513 1474 salsiore
564 1420 870 1475 dicacitate
911 1422 1361 1492 perstringeret,
1410 1422 1565 1474 sicut
1624 1436 1690 1475 se

70 1509 362 1580 hujusmodi
395 1525 548 1562 usus
572 1508 767 1578 habet,
790 1514 1086 1563 certamen
1106 1510 1322 1563 laetitiae
1335 1509 1693 1563 accendeba-

69 1603 159 1652 tur.
206 1597 302 1651 Ubi
358 1601 479 1650 tum
541 1600 927 1668 quaestionem
979 1597 1324 1668 hujusmodi
1385 1599 1692 1667 proposuit

68 1687 272 1741 Samson
286 1685 613 1756 juvenibus
633 1687 1082 1756 coepulantibus
1106 1703 1116 1740 :
1149 1708 1170 1736 (
1195 1687 1277 1740 De
1299 1687 1688 1740 manducante

66 1776 208 1828 exivit
237 1790 384 1843 esca,
421 1777 482 1828 et
514 1775 586 1829 de
618 1774 754 1828 forti
773 1775 1070 1844 processit
1100 1775 1319 1844 (Judic.
1355 1792 1478 1840 xxx,
1506 1773 1630 1845 14);
1661 1799 1682 1822 υ

69 1863 467 1918 absolventibus
535 1865 824 1933 pollicens
887 1865 1215 1934 praemium,
1264 1865 1435 1934 quasi
1467 1879 1762 1956 merce-B

68 1953 168 2006 dem
187 1953 503 2022 sapientiae,
527 1953 768 2024 triginta
801 1953 1105 2017 sindones,
1139 1956 1194 2005 et
1217 1952 1457 2006 totidem
1480 1953 1685 2022 stolas,

69 2041 343 2094 secundum
385 2057 703 2099 numerum
749 2042 1012 2095 virorum
1061 2042 1544 2112 comessantium,
1592 2045 1691 2096 aut

67 2129 294 2183 muletam
322 2130 761 2202 ignorantibus.

118 2217 186 2270 16.
215 2217 313 2282 Qui
372 2235 515 2273 cum
545 2219 800 2274 enodare
859 2218 1134 2293 implexa,
1197 2223 1254 2274 et
1309 2221 1686 2292 distinguere

67 2307 295 2378 ambigua
338 2308 677 2378 nequirent,
730 2307 1038 2363 mulierem
1081 2308 1214 2378 ejus
1260 2311 1470 2380 partim
1513 2309 1688 2362 minis

67 2396 388 2466 exagitanda,
406 2397 626 2467 partim
648 2397 950 2468 fatigando
963 2398 1266 2466 precibus,
1291 2413 1361 2452 eo
1381 2397 1686 2467 impulere,

64 2485 296 2539 utaviro
322 2489 606 2556 posceret
651 2487 1004 2556 quaestionis
1053 2485 1186 2557 ejus
1231 2487 1686 2557 absolutionem,

68 2573 260 2644 insigne
307 2575 572 2629 futurum
624 2575 962 2646 conjugalis
1012 2576 1220 2647 gratiae
1264 2577 1324 2629 in
1356 2576 1690 2629 mercedem

67 2664 260 2717 amoris.
305 2665 501 2735 Atque
532 2680 600 2718 ea
644 2680 752 2718 seu
798 2665 977 2718 animi
1006 2665 1226 2732 territa,
1280 2680 1389 2718 seu
1416 2664 1689 2718 muliebri

65 2749 256 2819 ingenio
301 2752 543 2821 inflexa,
595 2753 774 2806 veluti
825 2754 920 2822 pio
973 2757 1206 2824 quaestu
1254 2753 1538 2806 maritalis
1571 2753 1687 2806 odii

67 2837 280 2894 dolorem
310 2844 646 2910 praetexere
677 2840 792 2896 hoc
827 2843 1019 2911 coepit,
1065 2842 1223 2912 quod
1252 2845 1547 2896 secretum
1578 2843 1690 2895 viri

67 2942 272 2982 consors
293 2931 468 2984 totius
495 2932 633 2984 vitae
653 2933 710 2984 et
727 2931 968 2985 conscia
988 2931 1099 3001 (8“2)
1124 2946 1239 2984 non
1265 2931 1676 3000 comperisset,

66 3017 346 3089 similisque
395 3019 640 3074 caeteris
691 3019 889 3074 habita
919 3018 1086 3084 foret,
1133 3019 1227 3073 cui
1269 3035 1546 3074 arcanum
1577 3019 1689 3072 viri

65 3107 240 3176 proprii
262 3099 401 3162 847
425 3125 554 3162 non
575 3109 948 3162 crederetur:
987 3130 1008 3157 «
1045 3107 1232 3162 Odisti
1251 3125 1363 3176 me,
1398 3109 1606 3179 inquit,
1633 3111 1690 3162 et

72 3208 161 3246 non
179 3198 388 3267 amasti,
416 3214 599 3268 quam
633 3197 1054 3267 celastiusque
1093 3196 1284 3251 adhuc
1307 3197 1482 3267 (Ibid.
1515 3198 1623 3265 16).
1662 3219 1683 3245 υ

120 3282 420 3356 ﬁliisque
457 3290 525 3339 et
559 3285 798 3339 caeteris
833 3286 1051 3339 talibus
1090 3286 1344 3339 invictus
1367 3286 1440 3338 ad
1474 3289 1688 3340 caetera

67 3371 252 3426 animus
272 3374 403 3444 (83),
425 3375 786 3428 mulieribus
809 3374 1102 3428 emollitus
1116 3375 1442 3444 blanditiis;
1459 3377 1687 3446 aperuit

71 3459 252 3516 dilectae
273 3464 643 3534 propositam
673 3464 1085 3534 quaestionem,
1129 3466 1185 3518 et
1213 3463 1310 3517 illa
1350 3463 1602 3518 civibus.
1639 3467 1686 3518 A

69 3549 242 3616 quibus
261 3553 354 3605 vix
374 3553 620 3607 tandem
643 3553 893 3622 septimo
915 3553 1030 3621 die,
1055 3554 1155 3624 qui
1178 3553 1564 3622 praescriptus
1587 3554 1688 3608 ab-

66 3638 316 3695 solvendas
333 3641 640 3712 parabolae
665 3641 874 3710 fuerat,
898 3644 1030 3696 ante
1055 3657 1336 3696 occasum
1361 3643 1509 3696 solis
1525 3658 1688 3696 com-

68 3731 192 3792 perta
219 3730 400 3784 soluta
449 3733 616 3800 sunt,
652 3733 826 3802 atque
876 3731 934 3785 in
980 3731 1138 3784 hunc
1187 3731 1424 3785 modum
1473 3731 1690 3786 relata:

72 3835 84 3858 ιε
102 3812 221 3878 Quid
246 3817 450 3874 fortius
467 3819 690 3874 leone?
719 3819 870 3884 Quid
893 3819 1127 3874 dulcius
1152 3819 1322 3873 melle
1338 3819 1642 3890 (lbid.l8)?
1665 3845 1686 3868 η

69 3899 120 3954 Et
144 3905 224 3960 ille
280 3909 622 3979 respondit:
675 3924 786 3963 nec
834 3909 1080 3963 muliere
1138 3908 1360 3980 aliquid
1408 3909 1677 3979 perfidio-

70 3991 164 4046 sius
185 3995 284 4064 (8i)
308 4013 318 4052 :
357 4019 378 4046 ι
407 3998 564 4051 Nam
589 3998 641 4051 si
665 4014 783 4051 non
807 3998 1192 4052 domuissetis
1215 3997 1454 4052 vitulam
1477 4014 1686 4067 meam,

68 4095 314 4152 nunquam
335 4087 757 4158 intelligeretis
775 4086 1114 4156 parabolam
1138 4103 1326 4141 meam
1347 4087 1549 4156 (Ibid)
1577 4109 1596 4136 η
1634 4091 1690 4142 et

72 4171 224 4226 statim
269 4174 579 4229 descendit
607 4175 666 4228 in
723 4175 1078 4229 Ascalonem
1126 4177 1182 4229 et
1238 4175 1478 4247 triginta
1524 4176 1688 4230 viros

69 4263 284 4332 peremit,
308 4281 562 4335 quorum
583 4265 830 4319 exuvias
853 4265 1152 4333 auferens,
1187 4280 1292 4319 eos
1345 4265 1444 4336 qui
1476 4280 1690 4334 propo-

70 4346 200 4402 Sitam
226 4352 612 4423 quaestionem
646 4353 962 4419 solverant,
998 4354 1296 4423 promisso
1329 4368 1570 4408 munere
1589 4354 1690 4408 do-

73 4439 212 4492 navit.

127 4525 192 4579 18.
215 4529 508 4586 Abstinuit
532 4533 726 4586 autem
753 4529 1034 4602 conjugio
1058 4531 1289 4601 puellae,
1315 4530 1490 4602 cujus
1512 4531 1689 4601 perfl-

1191 326 1804 399 EPISTOLARUM
1849 333 2191 398 CLASSIS
2235 331 2292 398 I.

3303 340 3463 404 1030

2373 548 2548 604 quem
2593 535 2788 589 tamen
2844 536 3308 608 paranymphum
3340 538 3458 594 sibi

1799 623 2052 677 Samson
2093 623 2264 693 quasi
2312 623 2492 676 fidum
2541 624 2823 694 sodalem,
2877 642 3008 679 cum
3060 626 3299 681 duceret
3329 643 3458 682 eam

1799 726 2064 779 nxorem,
2122 712 2437 766 asciverat.
2489 713 2612 766 Nec
2647 714 2699 766 si
2748 717 2959 784 tamen,
3009 719 3292 784 praetenta
3322 716 3460 771 licet

1801 799 2104 870 conjugio,
2161 798 2507 854 offensionis
2557 802 2882 870 periculum
2932 804 3158 857 avertit.
3193 804 3458 876 Namque

1797 889 2012 958 (Judic.
2047 906 2144 957 xv,
2180 889 2205 941 1
2257 889 2406 960 seq.)
2442 890 2542 942 ubi
2594 906 2691 944 res
2722 891 2972 960 prodita,
3018 893 3352 964 volentique
3383 896 3457 947 ad

1799 976 2118 1048 conjugem
2140 977 2332 1031 redire
2362 979 2684 1032 interclusa
2719 980 2906 1049 copia,
2950 981 3106 1051 quod
3137 984 3300 1050 pater
3329 998 3458 1037 eam

1796 1065 1893 1118 alii
1924 1082 2065 1119 vero
2126 1067 2410 1135 nupsisse
2471 1067 2695 1122 diceret
2755 1085 3023 1124 sororem
3054 1086 3196 1124 sane
3240 1071 3372 1142 ejus
3407 1073 3461 1126 si

1794 1153 1991 1223 vellet,
2017 1155 2233 1208 ducere
2254 1155 2460 1208 liceret
2485 1171 2498 1223 ;
2533 1157 2771 1211 stimulo
2791 1157 3028 1228 injuriae
3061 1159 3458 1231 exulceratus,

1792 1242 2088 1311 publicam
2109 1243 2469 1314 excogitavit
2483 1245 2760 1298 ultionem
2784 1261 3100 1316 capessere
3115 1247 3458 1304 domesticae

1794 1331 2162 1386 contumeliae
2218 1333 2656 1404 indignatione:
2709 1335 3115 1406 correptisque
3175 1337 3456 1391 trecentis

1793 1419 2090 1489 vulpidus,
2113 1421 2306 1474 adulta
2331 1425 2553 1492 aestate,
2594 1438 2726 1476 cum
2758 1423 2880 1493 jam
2905 1427 3132 1478 matura
3166 1428 3370 1480 essent
3397 1426 3459 1480 in

1792 1507 1956 1578 agris
2010 1509 2320 1573 frumenta,
2383 1511 2554 1564 binas
2617 1511 2732 1565 sibi
2779 1513 3031 1566 invicem
3083 1514 3328 1568 caudam
3383 1513 3458 1567 ad

1793 1597 2039 1649 caudam
2071 1597 2296 1668 ligavit,
2323 1601 2496 1669 atque
2536 1600 2596 1652 in
2627 1600 2884 1654 medium
2917 1617 3116 1655 earum
3149 1603 3453 1658 ardentem

1793 1683 2045 1739 inseruit
2078 1685 2286 1755 facem,
2325 1687 2610 1756 nodoque
2642 1688 2917 1742 astrinxit
2965 1689 3369 1761 inexsolubili,
3403 1695 3461 1746 et

1793 1773 1949 1827 ultor
1982 1773 2220 1844 injuria
2252 1790 2433 1844 super
2474 1775 2805 1844 manipulos
2837 1779 3057 1830 messis
3088 1779 3308 1832 dimisit
3335 1778 3458 1834 fru-

1792 1863 2116 1931 mentariae,
2149 1879 2324 1934 quam
2374 1867 2688 1918 secuerant
2730 1864 2940 1919 incolae
2975 1865 3452 1924 Palaestinorum.

1793 1952 1869 2004 At
1896 1951 2012 2005 illae
2042 1951 2166 2022 igni
2199 1952 2514 2020 exterritae,
2551 1968 2900 2024 quacunque
2942 1955 3277 2024 praecipites
3311 1971 3458 2011 con-

1795 2039 2200 2105 volvebantur,
2236 2041 2597 2111 spargebant
2654 2043 3012 2110 incendium,
3045 2047 3100 2096 et
3131 2045 3460 2100 exurebant

1793 2129 1992 2198 Spicas
2016 2144 2241 2183 eorum.
2265 2128 2390 2193 Quo
2414 2129 2725 2199 dispendio
2749 2131 3044 2200 commoti,
3066 2132 3224 2201 quod
3248 2147 3455 2188 omnes

1792 2217 1908 2271 sibi
1930 2217 2194 2271 locorum
2219 2217 2447 2271 fructus
2465 2218 2826 2286 inter-ierant,
2852 2217 3070 2272 factum
3085 2220 3454 2290 principibus

1791 2307 1920 2360 suis
1958 2306 2394 2360 intimaverunt.
2425 2306 2494 2360 Et
2533 2306 2616 2359 illi
2641 2307 2928 2360 miserunt
2949 2307 3112 2362 viros
3137 2309 3194 2362 in
3235 2309 3454 2364 Tham-

1791 2397 2004 2463 natam,
2039 2395 2140 2464 qui
2179 2395 2486 2450 mulierem
2525 2410 2658 2465 quae
2691 2395 2913 2449 variato
2964 2395 3138 2450 ﬁdem
3171 2397 3456 2470 conjugio

1790 2486 2135 2552 mutaverat,
2167 2499 2235 2538 ac
2265 2486 2445 2538 totam
2477 2482 2611 2553 ejus
2643 2483 2879 2538 domum
2909 2487 3306 2556 parentesque
3329 2488 3456 2558 igni

1792 2572 2131 2643 involvere;
2164 2573 2321 2644 quod
2353 2588 2422 2627 ea
2451 2587 2630 2626 causa
2661 2589 2788 2626 suae
2811 2573 3100 2628 vastitatis
3131 2578 3188 2629 et
3217 2574 3453 2646 injuriae

1794 2661 1975 2716 foret:
2029 2677 2139 2716 nec
2188 2661 2526 2730 oportuisse
2570 2661 2706 2715 laedi
2736 2661 2930 2716 virum
2977 2665 3447 2734 pronuntiantes,

1794 2750 1891 2820 qui
1917 2753 2122 2819 posset
2153 2750 2305 2804 malo
2337 2749 2576 2819 publico
2608 2765 2674 2803 se
2704 2749 2935 2806 ulcisci.

1868 2839 1952 2892 19.
1991 2839 2114 2892 Nec
2173 2843 2366 2892 tamen
2421 2838 2671 2892 Samson
2715 2840 2950 2910 populis
3003 2841 3456 2901 Palaestinorum

1796 2927 1990 2980 delicti
2024 2928 2273 2998 gratiam
2319 2925 2476 2997 fecit,
2511 2931 2685 2999 atque
2734 2944 2803 2983 eo
2834 2929 3110 2986 vindictae
3145 2933 3259 2988 ﬁne
3309 2951 3455 2990 con-

1795 3017 1992 3070 tentus
2016 3016 2161 3071 fuit:
2197 3016 2303 3070 sed
2337 3017 2591 3070 concidit
2622 3033 2727 3072 eos
2750 3021 2950 3091 strage
2980 3023 3254 3093 maxima,
3275 3024 3455 3094 pluri-
3491 3061 3501 3069 -

1794 3106 1994 3175 mique
2011 3120 2216 3160 eorum
2236 3105 2394 3160 ferro
2436 3107 2733 3162 interiere.
2761 3107 2893 3177 Ipse
2931 3113 3124 3164 autem
3155 3115 3459 3167 concessit

1795 3193 1853 3246 in
1899 3194 2082 3262 Etam,
2117 3195 2188 3248 ad
2236 3197 2556 3248 torrentem
2593 3196 2652 3249 in
2697 3197 2952 3251 deserto.
2981 3199 3150 3253 Petra
3181 3200 3302 3254 illic
3333 3205 3458 3256 erat

1795 3283 2039 3336 munitio
2061 3283 2251 3337 tribus
2275 3284 2306 3336 J
2315 3284 2445 3338 uda.
2467 3284 2768 3338 Palmstini
2786 3299 2950 3356 vero,
2974 3289 3037 3341 ut
3054 3289 3155 3358 qui
3174 3303 3308 3342 eum
3338 3305 3456 3346 non

1795 3375 2076 3428 auderent
2099 3373 2418 3442 lacessere,
2440 3389 2548 3427 nec
2571 3374 2910 3428 munitionis
2929 3380 3223 3446 praerupta
3255 3378 3460 3434 ardua-

1796 3479 1908 3534 que
1927 3477 2230 3532 superare,
2255 3461 2470 3515 tribum
2488 3461 2519 3516 ,Ι
2527 3461 2638 3516 uda
2656 3461 2993 3518 denuntiato
3015 3463 3214 3519 adorsi
3237 3482 3455 3538 urgere

1794 3551 2020 3622 praelio,
2083 3567 2215 3604 cum
2257 3550 2420 3621 justa
2480 3550 2689 3606 referri
2749 3556 3062 3608 cernerent
3107 3554 3240 3625 (85),
3299 3557 3458 3627 quod

1797 3650 2068 3704 subditos
2099 3639 2248 3704 848
2280 3649 2393 3702 sibi
2429 3651 2485 3703 et
2533 3649 2876 3704 tributarios
2923 3652 3216 3720 perditum
3246 3653 3318 3706 iri
3347 3670 3455 3708 ne-

1797 3754 2089 3810 quaquam
2118 3753 2324 3791 verum
2356 3741 2413 3792 et
2440 3754 2673 3808 aequum
2701 3739 2818 3810 (86)
2849 3743 3021 3811 atque
3046 3757 3122 3795 ex
3150 3758 3264 3796 usu
3295 3743 3461 3798 vide-

1795 3831 1958 3882 retur
2012 3826 2281 3896 publico,
2340 3842 2447 3896 pro
2504 3827 2696 3882 alieno
2763 3829 3096 3898 praesertim
3153 3830 3456 3888 facinore:

1798 3916 2179 3970 consulentes
2226 3916 2285 3968 in
2315 3915 2592 3986 medium,
2652 3918 2803 3970 tradi
2855 3919 2972 3973 sibi
3017 3919 3462 3992 designatorem

1796 4007 1938 4059 tanti
1970 4005 2175 4076 flagitii
2203 4004 2670 4075 postulaverunt,
2717 4010 2890 4078 atque
2922 4008 3000 4062 ita
3030 4008 3148 4063 illis
3195 4010 3353 4080 quod
3384 4011 3458 4065 ab

1798 4109 1867 4149 eo
1901 4096 2305 4163 commissum,
2344 4093 2601 4148 futurum
2631 4095 2759 4150 sine
2791 4112 2945 4151 noxa
2977 4101 3160 4152 esset.

1865 4185 1953 4238 ‘20.
1985 4183 2128 4249 Quae
2157 4185 2503 4256 praescripta
2536 4186 2653 4240 sibi
2685 4187 3038 4258 conditione,
3065 4189 3176 4243 viri
3200 4189 3270 4244 de
3303 4189 3460 4245 tribu

1794 4273 1945 4327 Juda
1971 4275 2082 4326 tria
2115 4275 2295 4328 millia
2324 4290 2398 4328 ex
2430 4276 2558 4328 suis
2593 4279 3029 4347 congregantes
3061 4278 3459 4332 ascenderunt

1795 4363 1868 4416 ad
1886 4378 2039 4432 eum,
2067 4365 2122 4416 et
2138 4363 2383 4432 praefato
2403 4365 2559 4434 quod
2583 4369 2787 4419 essent
2807 4366 3093 4419 subdititii
3113 4366 3460 4420 Palaestino-

1795 4465 1945 4522 rum,
1969 4451 2186 4522 quibus
2209 4451 2326 4506 sibi
2352 4452 2684 4506 necessitas
2709 4453 3022 4507 obediendi
3053 4470 3169 4507 non
3202 4470 3275 4508 ex
3297 4453 3459 4508 arbi-

1794 4541 1928 4610 trio,
1965 4541 2072 4594 sed
2103 4557 2177 4594 cx
2207 4541 2454 4610 periculi
2495 4541 2811 4597 formidine
2865 4546 3126 4597 maneret
3182 4541 3320 4596 facti
3369 4542 3466 4600 sui

71 4608 187 4667 diam
204 4617 686 4687 deprehenderat,
711 4619 966 4690 atquein
989 4620 1234 4689 patriam
1274 4620 1520 4674 domum
1551 4636 1688 4674 sese
1719 4618 1771 4682 Ι)
1797 4608 2076 4683 invidiam
2113 4608 2531 4701 retorquebant
2560 4629 2619 4682 in
2650 4646 2754 4684 eos
2786 4630 2884 4701 qui
2929 4630 3034 4701 jus
3067 4633 3319 4702 cogendi
3353 4633 3461 4686 ha-

68 4706 654 4779 recepit.'l‘urbataque
673 4708 1208 4778 animijuvencula,
1248 4725 1380 4779 quae
1413 4709 1688 4779 indigna—

71 4787 241 4847 tionem
264 4796 411 4864 laesi,
440 4798 722 4852 ferociam
748 4797 1057 4850 fortissimi
1082 4797 1272 4851 fraudi
1296 4798 1411 4850 sibi
1435 4797 1689 4851 futuram

65 4873 188 4942 justa
206 4883 511 4940 formidine
533 4887 1038 4956 perhorresceret,
1065 4887 1121 4940 in
1143 4885 1386 4940 alterius
1417 4885 1526 4938 viri
1551 4901 1685 4940 con-

121 5022 210 5091 (80)
239 5026 382 5082 Mss.
415 5028 658 5100 aliqnot,
699 5052 720 5074 «
759 5029 973 5084 donum
1006 5029 1349 5099 parentibus
1381 5029 1613 5098 puellae.

121 5101 213 5171 (81)
244 5105 543 5181 Josephus
576 5109 705 5163 loco
739 5110 932 5179 citato,
978 5112 1068 5160 τοῦ
1108 5113 1266 5161 ποτοῦ
1306 5106 1683 5181 προϐαίνοντος,

163 5179 357 5246 παιδίας
399 5182 572 5249 οἵα-ης,
599 5184 682 5240 οἷα
723 5185 851 5259 φιλεῖ
871 5190 1010 5261 παρὰ
1032 5195 1137 5249 τοῖς
1177 5188 1426 5249 τοιούτοις
1469 5195 1682 5262 καιροῖς.

74 5247 186 5330 Uine
212 5247 622 5330 animadverte
672 5247 846 5330 qnam
890 5247 1060 5314 vetus
1119 5247 1297 5314 fuerit
1370 5247 1689 5315 miscendae

74 5325 362 5400 genialibus
394 5330 585 5398 epulis
627 5325 944 5385 verborum
990 5332 1252 5385 lasciviae
1299 5334 1684 5400 consuetudo,

72 5394 110 5472 fl
135 5397 267 5472 unde
299 5394 682 5455 thalassionis
718 5401 1316 5472 fescenninorumque
1363 5394 1686 5456 carminum

73 5457 262 5538 licentia
293 5475 484 5523 ortum
518 5473 767 5528 duxerit.

128 5534 460 5614 (8:2)0mnes
485 5544 617 5598 edit.
654 5547 711 5597 et
739 5545 912 5614 pauci
956 5560 1126 5612 mss.,
1163 5565 1185 5593 ι
1222 5546 1277 5597 et
1309 5547 1622 5614 consocia;
1659 5569 1680 5592 ι»

78 5610 378 5684 “itemqui
411 5617 469 5667 et
502 5610 760 5669 melioris
788 5618 964 5683 notae,
1004 5639 1024 5662 α
1063 5610 1120 5668 et
1149 5615 1410 5668 conscia.
1450 5637 1471 5665 ι

125 5676 460 5750 (83)Ofnnes
512 5687 670 5760 edit.,
711 5709 731 5735 ι(
772 5686 880 5741 His
924 5676 1097 5763 atque
1154 5685 1372 5741 talibus
1430 5687 1686 5742 invictus

1792 4719 2029 4772 bebant.
2066 4719 2209 4772 Tum
2250 4719 2380 4772 ille:
2433 4718 2503 4771 Et
2534 4734 2687 4788 quae,
2721 4719 2927 4790 inquit,
2969 4719 3216 4790 justitiae
3269 4720 3458 4774 forma

1795 4812 1906 4878 est,
1928 4823 2120 4878 genus
2139 4807 2686 4876 Abrahamidarum,
2713 4811 2772 4860 ut
2789 4807 3254 4878 circumscriptae
3268 4810 3456 4880 primo

1798 4895 2097 4968 conjugis,
2132 4895 2341 4949 deinde
2373 4895 2641 4950 abductae
2671 4896 3007 4966 perniciosa
3030 4897 3172 4951 mihi
3201 4899 3460 4953 vindicta

1799 5043 1955 5094 certe
1986 5039 2216 5093 animus
2242 5055 2270 5111 :_
2295 5063 2315 5086 »
2352 5042 2408 5092 at
2440 5054 2644 5093 omnes
2677 5055 2826 5094 mss.
2861 5044 2921 5094 ut
2951 5057 3061 5095 nos
3092 5042 3154 5095 in
3182 5043 3466 5111 textu,ni-

1800 5112 1850 5166 si
1875 5111 2034 5181 quod
2056 5109 2320 5164 nonnulli
2343 5126 2455 5163 non
2481 5115 2704 5179 ponunt
2730 5135 2750 5155 α
2777 5111 2850 5164 ad
2891 5135 2912 5159 »ι
2939 5118 3071 5166 ante
3099 5137 3119 5159 ‹‹
3162 5109 3394 5168 caetera.
3433 5136 3453 5162 ιο

1869 5191 1980 5258 (84)
2041 5189 2362 5266 J_osephus_,
2409 5184 2791 5266 ορδὲγυναικος
2833 5192 2962 5266 siveet
3002 5211 3054 5266 ac
3095 5186 3456 5266 δολερώτερονε

1802 5278 1934 5332 quae
1959 5261 2139 5333 verba
2164 5277 2295 5312 cum
2319 5261 2512 5314 desint
2532 5262 2586 5314 in
2613 5263 2802 5315 sacris
2820 5264 3147 5333 codicibus,
3169 5261 3240 5318 ab
3263 5261 3469 5319 eodem

1802 5332 2085 5386 historico
2117 5333 2414 5385 transtulit
2445 5339 2688 5386 sanctus
2721 5333 2944 5388 doctor.

1871 5403 1981 5470 (85)
2011 5427 2029 5448 α
2059 5406 2200 5456 Cum
2228 5402 2389 5471 justa
2423 5403 2630 5458 referri
2658 5409 2986 5472 cernerent,
3036 5429 3055 5452 υ
3093 5405 3462 5459 desideratur

1797 5475 1857 5527 in
1891 5475 2119 5527 cunctis
2155 5475 2289 5528 edit.
2326 5475 2433 5528 sed
2465 5492 2494 5529 e
2527 5477 2755 5529 cunctis
2789 5495 2936 5531 mss.
2970 5477 3314 5530 restituitur.

1871 5546 1984 5618 (86)
2012 5545 2160 5599 Edit.
2195 5549 2250 5598 ct
2282 5547 2518 5616 quidam
2548 5564 2718 5617 mss.,
2757 5571 2777 5592 α
2810 5548 3036 5618 justum
3055 5549 3108 5597 et
3131 5561 3395 5618 aequum.
3433 5565 3453 5590 ιι

1798 5615 1956 5671 Infra
1978 5632 2119 5673 vero
2139 5633 2284 5673 mss.
2301 5614 2592 5690 nonnulli,
2625 5643 2645 5665 α
2673 5614 3023 5692 patratorem
3040 5616 3180 5670 tanti
3195 5614 3420 5692 flagitii.
3435 5637 3456 5663 ‹‹
