4072 6174
479 268 632 337 1031
1922 260 1996 330 is.
2044 260 2487 331 AMBROSII.
2619 232 2623 245 ί
3738 274 3861 340 1032

483 472 674 542 sit,.et
704 469 835 524 sine
875 467 1142 539 periculo
1191 467 1578 523 domesticam
1625 466 1904 539 injuriam
1936 481 2054 522 non
2084 465 2153 520 li-
2190 446 2249 505 Α
2341 466 2429 522 23.
2493 467 2610 523 Sed
2657 467 2882 523 utinam
2935 483 3110 540 quam
3168 469 3340 525 fortis
3399 469 3458 524 in
3502 470 3734 541 hostem,
3779 477 3866 531 tam

488 560 675 614 cuerit
694 557 947 613 ulcisci?
978 557 1304 612 Tantumne
1326 556 1625 611 inclinatis
1644 556 1873 611 animos
1895 555 1969 609 ad
1986 559 2156 625 turpe
2268 556 2608 612 moderatus
2637 557 2699 611 in
2728 558 2976 613 victoria
3023 557 3257 614 fuisset.
3304 558 3521 615 Verum
3565 562 3706 631 quod
3731 562 3862 620 facile

486 648 867 704 vernularum
889 646 1240 718 obsequium
1268 661 1283 717 ;
1314 649 1378 700 ut
1407 648 1791 700 exsecutores
1813 661 1923 699 vos
1945 645 2153 699 alienae
2266 660 2384 700 usu
2439 647 2618 717 venit,
2682 646 2951 713 insolens
3009 662 3209 702 rerum
3253 648 3641 703 secundarum
3683 652 3865 706 animus

487 737 790 810 prebeatis
813 736 1171 806 insolentiae,
1197 737 1371 807 atque
1402 736 1462 789 in
1491 736 1725 790 vosmet
1753 734 1921 803 ipsos
1953 735 2152 787 verta-
2267 732 2366 803 qui
2389 732 2591 788 debuit
2611 739 2885 790 eventum
2906 752 3125 809 pugnae
3149 737 3349 791 divino
3372 736 3557 791 favori
3578 739 3630 792 et
3642 739 3863 807 praesidio

482 830 562 884 tis
578 842 789 882 manus
809 827 838 880 ‘2
869 825 931 881 Si
947 824 1312 896 pereundum
1352 826 1464 894 est,
1508 823 1646 894 quia
1676 822 1943 877 dolorem
1974 820 2155 875 habui
2267 820 2522 892 deferre,
2555 822 2671 877 sibi
2702 825 3023 896 arrogavit,
3056 825 3265 879 dicens
3292 839 3304 880 :
3345 847 3369 872 «
3402 824 3467 879 In
3494 826 3713 881 maxilla
3726 828 3864 883 asinae

482 914 944 986 liberum,juvat
963 914 1157 984 perire
1178 912 1457 966 manibus
1496 910 1968 965 Palmstinorum.
2003 910 2153 964 Ten-
2267 909 2460 964 delevi
2490 911 2648 965 mille
2684 912 2846 967 viros
2905 913 3078 984 (ibid.
3116 912 3226 982 16).
3264 936 3286 961 »ι
3349 913 3476 967 Nec
3531 928 3680 968 aram
3731 918 3865 970 statui

483 1008 601 1061 tata
618 1005 852 1074 domus,
888 1002 1200 1057 sollicitata
1238 1015 1429 1055 uxor:
1465 999 1514 1054 si
1548 1014 1666 1056 non
1697 999 1861 1053 licuit
1889 998 2032 1052 mihi
2060 997 2153 1051 vi-
2268 997 2391 1052 Deo
2424 1014 2533 1052 nec
2564 1000 2821 1055 hostiam
2853 1001 3214 1072 immolavit;
3245 1002 3356 1063 sed
3388 1001 3690 1074 negligens
3721 1004 3863 1057 sacri-

485 1110 626 1151 vere
659 1093 789 1148 sine
844 1106 1052 1146 eorum
1081 1090 1308 1160 fraude,
1360 1088 1573 1144 saltem
1621 1088 1799 1142 liceat
1842 1088 1992 1141 mori
2023 1087 2153 1141 sine
2268 1085 2407 1156 ﬁcii,
2439 1090 2780 1158 assumptor
2808 1089 3037 1157 gloriae.
3083 1092 3147 1143 ut
3190 1089 3554 1159 triumphum
3597 1105 3750 1145 suum
3770 1107 3863 1163 per-

436 1246 445 1257 _
486 1198 754 1240 meorum
771 1180 1020 1236 scelere.
1039 1179 1234 1234 Retuli
1262 1193 1375 1250 ego
1398 1175 2011 1248 acceptaminjuriam,
2034 1191 2154 1231 non
2266 1176 2444 1244 petuo
2477 1180 2857 1233 consecraret
2885 1177 3142 1249 nomine,
3174 1179 3414 1234 vocavit
3454 1178 3641 1234 locum
3669 1179 3861 1235 Maxilla

486 1273 701 1329 intuli?
730 1271 853 1325 Vos
884 1268 1171 1325 aestimate
1219 1282 1295 1321 an
1341 1267 1521 1338 digna
1571 1264 1924 1319 vicissitudo
1954 1263 2150 1318 fuerit.
2268 1263 2761 1320 interfectionem.

491 1362 581 1418 Illi
611 1362 683 1416 de
713 1360 926 1414 damno
957 1356 1254 1410 fructuum
1270 1358 1616 1427 queruntur,
1642 1369 1755 1426 ego
1779 1354 1850 1408 de
1873 1352 2153 1424 conjugis
2338 1352 2425 1407 24.
2463 1352 2532 1407 Et
2562 1369 2701 1409 mox
2730 1354 2828 1409 siti
2857 1356 3119 1427 graviter
3147 1355 3325 1426 coepit
3341 1355 3705 1412 inardescere
3730 1359 3776 1411 et
3797 1373 3862 1427 po-

489 1450 850 1518 amissione;
896 1445 1163 1501 conferte
1202 1444 1539 1514 manipulos
1568 1442 1811 1512 messis,
1844 1444 1901 1496 et
1930 1441 2154 1496 sociam
2266 1442 2363 1496 tus
2396 1441 2614 1513 deerat,
2646 1459 2757 1498 nec
2778 1442 2903 1514 jam
2933 1443 3090 1499 ferre
3120 1460 3189 1499 ac
3209 1445 3469 1500 tolerare
3488 1448 3716 1516 poterat.
3744 1445 3861 1500 Unde

485 1540 664 1597 thori.
689 1537 967 1593 Dolorem
988 1549 1183 1590 meum
1199 1534 1317 1603 ipsi
1339 1533 1683 1603 probarunt,
1701 1531 1878 1602 cujus
1896 1529 2151 1601 injurias
2268 1530 2613 1602 intelligens
2645 1532 2805 1603 quod
2850 1532 3017 1586 mihil
3045 1535 3164 1587 tam
3215 1532 3394 1588 facile
3424 1537 3620 1605 esset,
3657 1534 3861 1588 humane

488 1625 960 1684 vindicaverunt.
984 1622 1191 1677 Videte
1209 1636 1326 1692 quo
1348 1637 1460 1675 vos
1473 1619 1799 1675 ministerio
1821 1618 2035 1690 dignos
2047 1633 2153 1688 pu-
2270 1620 2403 1689 epis
2432 1620 2566 1691 (90).
2601 1620 2758 1691 quod
2788 1620 2920 1675 sine
2949 1620 3150 1676 divino
3180 1620 3524 1692 adjumento
3555 1637 3666 1678 non
3685 1621 3862 1676 difﬁcile

489 1718 632 1775 tant.
666 1716 718 1769 Α
760 1711 937 1767 vobis
971 1725 1103 1765 cum
1151 1709 1213 1763 in
1243 1710 1489 1764 mortem
1519 1708 1677 1763 afﬁci
1723 1708 1947 1777 volunt,
1977 1722 2154 1778 quem
2269 1707 2442 1778 foret,
2475 1708 2826 1764 exclamavit
2880 1711 3055 1780 atque
3103 1710 3469 1780 obsecravit,
3517 1727 3588 1765 ne
3617 1710 3721 1766 sibi
3752 1711 3861 1765 Deus

492 1805 609 1877 ipsi
638 1801 861 1858 ultione
890 1799 1137 1870 dignum
1166 1797 1338 1866 deiis,
1382 1797 1482 1868 qui
1512 1797 1814 1865 laeserant,
1840 1795 2154 1867 judicave-
2195 1814 2250 1880 Β
2271 1797 2643 1867 omnipotens
2672 1797 2734 1851 in
2764 1796 3053 1853 offensam
3081 1801 3362 1870 verteret,
3405 1799 3561 1871 quod
3598 1798 3862 1869 impruden-

489 1894 647 1962 runt,
682 1892 740 1946 et
768 1888 870 1960 qui
913 1885 1189 1941 vindictae
1230 1885 1541 1956 praebuere
1592 1884 2005 1940 ministerium.
2039 1882 2155 1938 Sed
2268 1888 2359 1941 ter
2403 1885 2639 1941 incauto
2697 1901 2973 1942 sermone
3029 1886 3146 1941 sibi
3202 1887 3432 1959 aliquid
3479 1887 3858 1959 assignavisset.

490 1983 546 2039 si
573 1980 721 2036 adeo
751 1976 990 2032 subdita
1034 1974 1336 2045 superbis,
1378 1973 1530 2028 colla
1559 1974 1789 2045 geritis,
1820 1973 2029 2028 tradite
2060 1987 2154 2026 me
2268 1972 2421 2039 Quin
2448 1974 2622 2028 etiam
2651 1974 2814 2029 illam
2843 1975 3156 2031 victoriam
3189 1976 3312 2032 Deo
3344 1976 3653 2047 deputabat
3676 1976 3858 2030 dicens:

490 2064 1040 2128 hostiummanibus
1066 2078 1081 2134 ;
1103 2078 1215 2118 vos
1237 2062 1416 2117 nolite
1439 2062 1730 2117 occidere.
1751 2061 1884 2116 Non
1906 2063 2154 2117 mortem
2275 2083 2297 2112 ι
2332 2062 2420 2118 Tu
2454 2062 2666 2117 dedisti
2698 2063 2759 2117 in
2813 2079 2993 2118 manu
3024 2064 3186 2120 servi
3230 2065 3320 2119 tui
3366 2065 3613 2120 salutem
3655 2078 3859 2141 magnam

490 2161 709 2227 abnuo,
746 2154 855 2210 sed
883 2155 1151 2207 vestrum
1188 2150 1355 2223 fugio
1404 2150 1742 2222 contagium
1772 2149 1902 2221 (87).
1937 2150 2157 2205 Verum
2198 2172 2201 2175 λ
2271 2150 2446 2221 hanc,
2477 2153 2535 2205 et
2563 2167 2722 2206 nunc
2751 2152 3028 2207 subvenit
3055 2154 3194 2224 quia
3223 2168 3369 2208 ecce
3391 2155 3608 2208 morior
3636 2153 3738 2221 siti,
3764 2155 3805 2206 et
3825 2152 3861 2203 in

504 2250 561 2305 si
588 2243 904 2302 formidine
937 2240 1146 2297 ceditis
1168 2239 1586 2309 insolentibus,
1636 2238 1871 2311 alligate
1900 2237 2157 2293 vinculis
2268 2242 2619 2310 potestatem
2640 2255 2845 2295 eorum
2876 2240 2949 2295 de
2970 2241 3189 2312 quibus
3218 2244 3448 2296 tantum
3479 2241 3696 2296 donasti
3719 2240 3862 2295 trium-

490 2349 741 2394 manus:
778 2333 1037 2387 inermes
1085 2329 1244 2398 licet,
1283 2328 1586 2382 invenient
1627 2327 1745 2382 sibi
1791 2343 1953 2382 arma
1982 2327 2156 2382 nodis
2267 2329 2478 2401 phum,
2506 2329 2641 2383 sitis
2664 2330 3021 2384 necessitate
3050 2329 3372 2400 adjudicor
3391 2330 3565 2399 (Ibid.
3594 2330 3691 2399 18).
3723 2327 3863 2392 »ρηο-

493 2426 726 2482 solutaa.
757 2421 928 2476 Certe
980 2416 1303 2473 conditioni
1350 2416 1645 2486 impositae
1704 2417 1850 2470 satis
1895 2416 2158 2470 futurum
2269 2419 2443 2473 modo
2472 2418 2581 2472 Dei
2609 2418 3039 2489 misericordia,
3066 2433 3198 2473 cum
3221 2419 3684 2491 projecissetille
3709 2414 3862 2471 maxil-

494 2512 761 2570 arbitrati
791 2511 951 2578 sunt,
1005 2507 1059 2561 si
1088 2505 1386 2560 viventem
1426 2505 1486 2559 in
1517 2507 1865 2575 potestatem
1913 2504 2153 2560 daretis.
2268 2507 2404 2578 1am,
2437 2506 2665 2577 aperuit
2692 2508 3025 2562 scissuram
3055 2506 3209 2578 ejus,
3242 2512 3303 2563 et
3333 2507 3470 2564 fons
3519 2509 3697 2578 erupit
3723 2521 3782 2560 ex
3803 2518 3861 2569 ea,

563 2601 655 2658 21.
687 2599 915 2665 Quibus
945 2595 1032 2649 illi
1061 2592 1297 2663 auditis,
1332 2593 1603 2663 quamvis
1641 2595 1755 2648 tria
1786 2593 1967 2647 millia
1993 2592 2156 2647 viro-
2271 2598 2329 2651 et
2356 2596 2505 2650 bibit
2525 2594 2797 2665 Samson,
2830 2599 2888 2650 et
2912 2597 3237 2666 resumpsit
3278 2597 3570 2667 spiritum,
3615 2599 3666 2651 et
3691 2591 3863 2649 vocavit

495 2706 628 2748 rum
648 2685 1059 2751 ascenderant,
1084 2685 1517 2737 sacramentum
1539 2683 1825 2737 dederunt
1855 2681 2064 2753 quoda
2091 2696 2157 2736 se
2270 2684 2467 2740 locum
2496 2684 2928 2740 invocationem
2957 2684 3138 2740 fontis
3187 2685 3324 2758 (9i),
3360 2702 3431 2741 eo
3479 2685 3628 2757 quod
3662 2680 3863 2737 victoriae

489 2782 628 2836 vitae
651 2774 891 2849 ejusvis
908 2770 1068 2827 nulla
1085 2769 2158 2843 irrogaretur;tantummodOpatiens
2263 2772 2608 2846 jactantiam
2655 2774 3051 2829 invocationis
3095 2774 3381 2845 precibus
3429 2770 3862 2830 emendassetzita

492 2866 867 2924 vinculorum
913 2864 1094 2931 esset,
1145 2862 1208 2915 ut
1257 2860 1614 2915 deditionem
1647 2859 1782 2933 ejus
1834 2861 2155 2930 patrarent,
2271 2862 2509 2917 diversa
2532 2862 2760 2933 judicia
2790 2865 3015 2918 mature
3038 2864 3397 2934 edita,quod
3414 2867 3469 2918 et
3488 2860 3783 2934 arrogantia
3805 2857 3863 2909 ci—
3942 2880 3943 2883 η

493 2973 612 3032 quo
641 2953 814 3010 vacui
842 2952 1051 3007 fierent
1078 2949 1235 3021 ejus,
1270 2948 1451 3021 cujus
1482 2949 1905 3022 arguebantur,
1940 2948 2159 3003 facino-
2269 2954 2327 3006 to
2350 2949 2635 3006 dﬁ‘ensam
2656 2951 3006 3023 incurreret,
3040 2955 3098 3007 et
3127 2953 3432 3009 humilitas
3455 2953 3581 3009 sine
3601 2950 3705 3007 ulla
3728 2945 3863 3003 otl'en-
3942 2960 3943 3032 ἦ

493 3050 582 3104 ris
613 3044 833 3117 (Judir.
866 3058 969 3111 xx,
1004 3039 1092 3111 13,
1128 3040 1302 3111 seq.).
1642 3062 1647 3067 ί
2270 3040 2362 3095 sio
2394 3056 2467 3095 ne
2498 3055 2639 3096 sese
2670 3040 3103 3096 reconciliaret.

562 3136 654 3191 22.
674 3134 932 3202 Accepta
949 3129 1145 3200 itaque
1167 3128 1303 3198 fide,
1323 3126 1547 3199 spelaao
1561 3142 1872 3200 egressus,
1898 3126 2163 3182 deseruit
2199 3167 2251 3202 η
2340 3130 2430 3185 25.
2464 3129 2682 3184 Verum
2696 3130 2797 3184 ubi
2810 3130 3063 3185 decursa
3077 3131 3234 3186 serie
3244 3130 3470 3187 bellum
3489 3127 3861 3185 Palaestinorum

491 3227 677 3299 petrae
724 3220 1142 3278 munitionem:
1190 3232 1261 3271 ac
1308 3217 1542 3282 duobus
1593 3217 1848 3271 innexus
1891 3215 2157 3286 funibus,
2200 3210 2623 3291 vcomposuit,
2648 3221 2964 3274 etsuorum
2987 3219 3295 3276 declinans
3317 3222 3625 3294 ignaviam,
3656 3220 3706 3271 et
3730 3210 3863 3269 hostio

492 3315 597 3372 ubi
616 3310 1088 3384 appropinquare
1126 3307 1353 3361 accitos
1385 3306 1458 3360 ad
1489 3305 1937 3376 suscipiendum
1967 3305 2158 3359 l’alae-
2268 3308 2385 3363 lem
2416 3307 2758 3378 despiciens
2795 3324 3051 3379 manum,
3082 3308 3300 3365 Gazam
3342 3325 3479 3365 sese
3510 3305 3731 3363 contulit
3762 3318 3773 3357 :
3812 3313 3858 3352 ea

494 3404 787 3460 stinorum
829 3397 1064 3453 validos
1090 3395 1271 3466 videt,
1322 3393 1627 3449 infremuit
1657 3394 1887 3464 spiritu,
1939 3397 1996 3449 et
2024 3394 2161 3448 uni-
2271 3397 2482 3453 civitas
2512 3400 2638 3452 erat
2665 3397 2889 3453 inlocis
2919 3397 3379 3470 Palestinorum,
3403 3402 3459 3453 et
3488 3394 3757 3452 habitabat
3780 3387 3860 3442 illic

490 3507 671 3549 versa
720 3487 919 3559 diripit
958 3484 1232 3540 vincula:
1292 3487 1469 3556 atque
1519 3483 1814 3554 arripiens
1864 3483 2161 3538 maxillam
2270 3488 2331 3543 in
2361 3487 2714 3542 diversorio.
2738 3486 2904 3552 Quod
2936 3487 3241 3558 cognitum
3278 3488 3455 3544 Gazei
3482 3485 3679 3557 (Judic.
3714 3495 3808 3546 1m,
3843 3472 3859 3525 1

493 3581 650 3638 asini
673 3578 992 3652 jacentem,
1016 3574 1319 3646 percussit
1350 3572 1510 3627 mille
1531 3572 1717 3642 viros,
1751 3572 1981 3644 fugavit
2009 3572 2160 3627 alios
2271 3580 2326 3633 et
2346 3578 2506 3648 seq.)
2544 3575 2996 3647 haudquaquam
3019 3576 3491 3632 dissimulatione
3529 3563 3861 3646 praeterierint

495 3670 708 3743 grandi
723 3666 960 3723 virtutis
985 3663 1325 3735 spectaculo
1348 3678 1361 3717 ε
1399 3677 1533 3716 cum
1549 3662 1759 3716 inermi
1784 3665 1840 3716 et
1859 3662 1959 3716 uni
1984 3660 2162 3716 cede-
2271 3668 2379 3722 sed
2394 3666 2746 3721 festinantes
2765 3665 3284 3720 circumdederunt
3304 3664 3676 3721 diversorium
3687 3657 3809 3728 ejus,
3824 3652 3862 3704 el

497 3761 630 3815 rent
646 3759 1004 3813 armatorum
1041 3751 1300 3824 agmina.
1336 3751 1410 3805 Et
1438 3751 1542 3822 qui
1573 3751 1843 3807 cominus
1871 3750 2001 3805 ausi
2031 3749 2165 3804 fue-
2272 3755 2637 3812 obsederunt
2666 3754 2987 3809 universos
3019 3755 3215 3809 aditus
3254 3755 3486 3824 domus,
3517 3768 3586 3808 ne
3636 3749 3799 3818 fugam
3820 3739 3860 3792 in

497 3849 631 3903 rant
689 3843 995 3916 congredi,
1046 3840 1206 3896 facili
1263 3840 1524 3911 negotio,
1583 3840 1746 3894 nullo
1802 3839 2004 3894 labore
2055 3838 2165 3894 ob-
2272 3847 2443 3900 nocte
2475 3845 2875 3913 componeret.
2906 3843 3107 3914 Itaque
3135 3842 3389 3900 Samson
3409 3842 3633 3915 cognito
3659 3832 3772 3908 quid
3795 3842 3861 3898 ρει·

498 3935 793 4004 truncati;
826 3932 960 3987 aliis
990 3930 1133 4002 fuga
1162 3928 1407 3984 exitium
1435 3928 1709 3997 dempsit.
1742 3927 1913 3984 Unde
1959 3927 2166 3984 hodie-
2271 3934 2521 4002 reratur,
2554 3932 2915 4003 compositas
2944 3932 3195 3987 insidias
3227 3935 3422 3989 noctis
3454 3929 3631 3987 medio
3656 3932 3856 3996 praever-

499 4039 616 4097 que
673 4024 849 4095 Agon
906 4019 1018 4091 (88)
1075 4019 1206 4073 loco
1236 4007 1384 4072 849
1429 4030 1643 4071 nomen
1698 4019 1810 4088 est,
1869 4007 2041 4088 quod-
2085 4017 2169 4073 ibi
2270 4026 2438 4094 tens,
2500 4020 2806 4076 columnas
2855 4021 3067 4076 domus
3124 4023 3401 4078 manibus
3446 4017 3723 4090 amplexus
3760 4004 3854 4097 (9'2).

499 4114 754 4170 Samson
783 4110 1117 4184 gloriosum
1166 4108 1465 4161 certamen
1493 4105 1708 4160 virtute
1747 4107 1990 4178 egregia
2022 4121 2167 4162 con-
2270 4091 2575 4166 materiam
2610 4113 2791 4165 totam
2820 4113 2878 4165 et
2906 4110 3182 4165 culminis
3229 4111 3443 4166 molem
3484 4105 3692 4163 cervice
3719 4091 3855 4152 valida

502 4200 887 4261 summaverit
917 4197 1050 4269 (89).
2273 4203 2640 4269 sustentans,
2671 4200 2733 4255 in
2763 4200 3046 4255 verticem
3077 4200 3294 4256 montis
3325 4197 3585 4255 altissimi
3616 4195 3854 4255 transpor-

538 4366 547 4375 ·
574 4345 691 4424 (87)
737 4341 1081 4424 {Vestrum
1112 4338 1279 4412 fugio
1332 4336 1689 4409 contagium,
1728 4357 1750 4386 »
1778 4335 1899 4424 .hoc
1930 4338 2061 4394 loco
2091 4339 2171 4393 ita
2314 4340 2458 4424 (99)
2484 4341 2579 4424 ita
2603 4344 2721 4397 vet.
2757 4341 2898 4424 edit.
2929 4356 2998 4396 ac
3036 4356 3187 4397 mss.
3230 4357 3470 4424 omnes,
3502 4353 3609 4422 uno
3649 4326 3850 4424 θξίξςιξίξζ

503 4395 1028 4488 interpretandum,
1078 4395 1260 4488 caveo
1290 4425 1363 4488 ne
1394 4395 1614 4464 vosvex
1644 4395 1830 4464 morte
1862 4426 1991 4465 mea
2021 4426 2166 4466 con-
2272 4395 2388 4488 ubi.
2408 4395 3367 4488 hebetati,"«’hamgnd'dimriﬁ
3378 4395 3631 4488 minime.
3641 4400 3765 4488 311816
3780 4395 3851 4488 ἦξε

504 4468 983 4565 tagiuimLpeccati‘
997 4468 1384 4565 contrahatis.
1425 4551 1440 4565 ‘
1929 4556 1940 4565 ‘
2090 4550 2101 4564 ⁸

2240 4468 2448 4565 |Rom.
2482 4485 2621 4565 edit.
2654 4468 3008 4565 emendavit,
3047 4506 3069 4533 α
3104 4468 3376 4565 hiima'nae
3407 4484 3515 4565 opi.
3552 4468 3848 4565 {verum}:

574 4524 690 4630 E(588)
716 4524 886 4614 Brom.
918 4555 1080 4630 ed_it.,
1117 4575 1137 4603 α
1174 4553 1396 4630 Singon
1425 4551 1557 4607 loco
1607 4567 1833 4630 nomen
1847 4556 1977 4630 _est._
1976 4594 2012 4630 ._.
2046 4550 2171 4607 vir-
2198 4524 2256 4592 Β
2276 4524 2410 4630 man
2435 4525 2468 4603 ἀ
2483 4524 3705 4630 Ἦ.υῆιέηέι’θέῑέωξξιῖυνεῖιῖἶῇοιθξίη
3723 4534 3847 4630 ωείξο

502 4615 627 4686 tute
645 4615 890 4702 egregia
910 4615 1338 4702 asinimaxilla.
1362 4625 1879 4702 consummaverit.
1907 4648 1928 4673 η
1956 4625 2173 4702 V_erum
2276 4627 2366 4681 sic
2399 4629 2797 4702 construatur,
2831 4615 2976 4680 nihil
3002 4615 3282 4702 humanae
3315 4628 3460 4697 opis,
3572 4622 3667 4702 est,
3694 4615 3847 4667 huma-

502 4693 741 4756 tametsi
765 4693 826 4754 et
842 4700 901 4752 in
927 4696 1119 4769 sacris
1142 4694 1377 4769 paginis
1396 4695 1625 4769 etapud
1646 4695 1974 4769 Josephum
2002 4695 2172 4750 locus
2275 4715 2484 4753 narum
2512 4698 2748 4769 virium,
2783 4693 2809 4769 ξι
2844 4702 2963 4751 tam
2993 4697 3166 4753 facile
3199 4693 3380 4765 esset,
3411 4693 3573 4769 quod,
3603 4693 3743 4769 e‘tc.‘

507 4772 607 4826 ille
636 4795 657 4818 α
681 4770 912 4824 Maxilla
934 4771 990 4822 et
1008 4758 1257 4822 elevatio
1289 4758 1592 4839 maxilla—ef)
1631 4758 1942 4839 vocitatur,
1978 4768 2172 4839 tamen
2347 4770 2460 4839 (61)
2512 4770 2681 4824 Rom.
2731 4758 2869 4823 edit.
2924 4769 3085 4838 sola,
3139 4792 3161 4816 α
3196 4758 3571 4824 ίηνοοὶηῖοῃίέ
3613 4758 3842 4839 fontem:

508 4858 643 4897 cum
664 4842 721 4894 in
748 4840 1024 4895 omnibus
1046 4853 1194 4892 mss.
1216 4839 1272 4891 et
1290 4837 1475 4911 antiq.
1495 4837 1638 4911 edit.
1662 4828 2170 4911 scribaturg‘igon,
2276 4828 2453 4895 nam;
2480 4855 2658 4909 porro
2688 4855 2808 4894 non
2859 4854 2935 4893 ex
2973 4828 3105 4910 ipsa
3133 4840 3388 4911 maxilla,
3420 4852 3516 4893 sec
3542 4849 3571 4887 e
3596 4828 3752 4883 vicina
3775 4829 3845 4886 p8-

510 4917 567 4968 et
595 4910 1052 4980 nuncupationis
1090 4924 1271 4982 causa
1302 4907 1581 4982 reddatur
1630 4910 1924 4982 certamen
1956 4908 2174 4961 ibidem
2277 4916 2368 4965 tra
2400 4907 3020 4982 scaturivissenarrat
3048 4911 3370 4982 Josephus.

513 4969 1007 5053 consummatum,
1038 4980 1334 5053 mentione
1361 4979 1611 5053 asinina;
1640 4978 2141 5053 maxillaepiaeter
2350 4982 2463 5053 (92)
2496 4982 2714 5036 Eadem
2744 4981 2880 5035 edit.
2918 4982 3114 5052 Rom.,
3152 5005 3174 5030 α
3195 4969 3566 5052 praeveniens,
3589 4971 3727 5053 fores
3747 4969 3843 5053 pg}:

505 5038 695 5110 missa
712 5069 829 5108 non
844 5038 1179 5124 dubitamus
1194 5049 1335 5120 quin
1349 5049 1737 5124 nostralectip
1751 5050 1828 5103 sit
1841 5038 2013 5124 etiam
2028 5050 2171 5124 Am-
2278 5038 2371 5108 tm‘
2388 5038 2553 5107 urbis
2576 5056 2633 5106 et
2650 5056 2935 5122 utrosque
2956 5038 3161 5124 postes
3183 5038 3446 5108 manibus
3466 5038 3842 5124 amplex‘n‘sdl‘lf:

503 5107 806 5182 briosiana.
826 5121 1162 5177 Verisimile
1193 5107 1338 5191 ergo
1356 5123 1447 5174 est
1468 5120 1529 5173 in
1550 5120 1669 5194 illis
1683 5120 2167 5190 Josephiverbis,
2280 5126 2485 5179 teriem
2515 5127 2695 5178 totam
2725 5127 2782 5179 et
2799 5107 2995 5178 seram
3017 5107 3320 5194 cervice,»
3347 5126 3473 5189 etc.;
3496 5107 3594 5194 ve't.
3615 5107 3839 5194 edit.“ng

505 5172 806 5182 ...πη-η-
851 5172 1155 5177 .--η-μη--
1200 5172 1327 5191 νυ-
1366 5172 1414 5174 η
1518 5172 1527 5173 κ
1654 5172 1703 5173 η
1732 5172 1743 5174 -

505 5204 532 5259 ὸ
576 5204 773 5277 Σιαγὼν
804 5199 1160 5274 καλεϊραιανῦν
1180 5200 1268 5257 τὴν
1292 5196 1562 5272 Σαμψῶνος
1584 5192 1927 5272 ἀνδραγαθίαν
1948 5198 2113 5252 ἐπάὼ

2282 5211 2429 5249 mss.
2465 5195 2760 5263 omnibus,
2794 5199 2857 5248 ut
2887 5172 3575 5277 in_contextu:_nisiq110d
3594 5193 3681 5277 PES

505 5239 532 5259 ν
577 5239 678 5258 ...ων
702 5239 772 5256 υ...
807 5239 945 5255 ..ηιμ
980 5239 1158 5253 νην..--
1188 5239 1267 5257 ...υ
1293 5239 1361 5251 ..π
1443 5239 1558 5259 ...η
1584 5239 1671 5251 ...υ
1709 5239 1740 5251 ν.
1778 5239 1925 5252 κη...
1948 5239 2001 5252 ..,.
2031 5239 2112 5252 ν.-.

504 5239 783 5360 ηις-νομέων,
826 5239 1207 5360 Ambrosium
1260 5239 1535 5360 legi-8:806
1575 5239 1725 5360 A'yfiiv
1753 5239 2018 5360 Ικᾳλείτᾳι,
2055 5284 2110 5360 et

2279 5282 2433 5320 mem
2465 5283 2618 5321 unus
2636 5239 2782 5360 ms‘s.
2810 5267 3052 5321 exhibet
3070 5239 3403 5360 maceriijeijn.
3430 5239 3830 5360 ᾇοηξξιῑξῑηέἒθέξξ

2280 5354 2406 5360 “”“
2445 5354 2551 5360 ““’“”“
2633 5354 2719 5360 ’⁸⁸-
2758 5338 2930 5360 ’“·’²Α-*
2957 5341 3130 5360 Α-ι--α
3166 5359 3171 5360 γ
3223 5354 3281 5360 μ-
3369 5351 3435 5360 .-..
3464 5345 3561 5360 η...
3605 5339 3627 5360 ιι

507 5316 783 5360 γινυμιινην,
826 5316 1207 5338 ηιιιυιυῠιιιιιι
1261 5316 1486 5351 Iusto-3v
1511 5316 1535 5331 ν
1575 5316 1724 5351 ΔιιΙυυν
1767 5316 2018 5343 Ανδηιιινιθ,
2055 5316 2110 5336 UL

507 5361 696 5413 Porro
727 5356 885 5429 quod
918 5353 1236 5425 subjicitur
1266 5352 1364 5429 de__
1397 5351 1705 5429 Samsonis
1736 5353 1931 5429 animo
1962 5354 2023 5407 in
2051 5353 2112 5406 vi

2280 5354 2416 5429 nam
2445 5354 2552 5427 pe’r
2583 5359 2605 5385 «ι
2633 5338 2936 5429 materiem
2957 5341 3139 5429 totam
3164 5359 3185 5385 ι»
3222 5338 3526 5393 redduntur
3544 5316 3832 5429 22:23:33:

509 5389 696 5413 “mu
727 5389 885 5429 quau
918 5389 1223 5425 ουυδιυηυ.
1266 5389 1337 5406 μυ
1398 5389 1705 5405 “unus”...
1736 5389 1931 5408 ...μων
1962 5389 2023 5407 ..ι
2063 5389 2112 5406 η

509 5430 660 5485 toria
693 5444 800 5483 sua
825 5427 994 5493 elato,
1030 5440 1140 5478 nec
1170 5438 1287 5478 non
1311 5422 1492 5495 divini
1515 5422 2115 5495 beneﬁciiimmemor

2279 5389 2480 5479 verbei,
2513 5410 2606 5476 ὅση
2627 5435 2680 5470 τε
2702 5415 2962 5495 αλλη-περί
2984 5412 3180 5495 fingi?
3210 5422 3268 5495 ἦν
3299 5389 3829 5495 ξύλωσίῗϊϐωίθῗιῗιὲἷ

514 5456 660 5485 ιυιία
693 5456 800 5483 sua
825 5456 994 5493 σιυιυ,
1030 5456 1140 5478 μου
1170 5456 1287 5478 μυιι
1311 5456 1492 5475 υινιιιι
1515 5456 1791 5477 υῠιιῠιιυιι
1807 5456 2103 5480 ιιιιιιιυιυυι
2118 5456 2170 5495 υ,
2294 5456 2303 5461 -
2322 5456 2480 5479 --σσ-ι
2513 5456 2567 5469 νυ
2580 5456 2605 5476 υ,
2635 5456 2678 5470 ,υ
2702 5456 2824 5475 unm,
2848 5456 2962 5491 ".r.
2984 5456 3165 5481 νιυινιω,
3213 5456 3267 5475 ι..
3299 5456 3493 5482 ..πη--.ν
3805 5456 3813 5460 τ

507 5501 569 5555 id
600 5516 675 5555 ex
696 5500 903 5555 eodem
933 5496 1219 5551 historico
1252 5494 1496 5564 petitum
1527 5493 1652 5547 fuit.
2277 5494 2481 5564 vectes
2510 5493 2696 5560 portae
2729 5491 2938 5564 omittit
2968 5489 3344 5561 Ambrosius,
3376 5488 3445 5543 ita
3471 5479 3616 5539 etiam
3639 5493 3655 5516 α
3686 5456 3816 5520 cum”

580 5571 696 5641 (89)
730 5572 899 5626 Rom.
934 5567 1096 5695 edtit.,
1131 5586 1155 5618 α
1188 5562 1404 5622 virtute
1435 5564 1699 5640 egregia,
1733 5564 1883 5623 asini
1935 5566 2175 5627 maxilla
2278 5563 2374 5625 nis
2407 5564 2623 5627 molem
2659 5585 2679 5610 υ
2716 5562 2885 5623 solus
2916 5564 3223 5645 memorat.

580 5654 985 5695 insummaveri
1017 5678 1031 5695 .
1070 5657 1092 5691 π

513 5654 1031 5702 consummaverit.
1070 5657 1092 5691 π
