4072 6174
270 395 439 461 1033
1273 344 1286 353 ’
1484 385 2097 459 EPISTOLARUM
2130 387 2472 456 CLASSIS
2503 393 2553 456 1.
3554 389 3720 460 1034

271 596 433 666 lavit,
467 595 570 668 qui
616 594 959 650 imminebat
1002 593 1134 650 urbi
1179 593 1476 666 Chebron,
1527 610 1660 667 quae
1704 578 2018 667 p0pulisK
2053 592 2290 650 invictae
2318 593 2392 648 ad
2421 593 2479 648 id
2522 593 2755 665 tempus
2797 584 3156 651 fortitudinis
3201 591 3354 664 viro,
3403 592 3466 649 ut
3505 607 3724 650 terum-

271 685 550 740 Hebraeis
582 685 969 740 incolebatur.
2053 699 2188 738 nam
2202 683 2512 754 incideret,
2535 683 2777 738 saucius
2800 684 2979 738 animi
3001 682 3503 754 secretum'aperlt
3536 698 3548 739 :
3581 697 3727 754 prm-

336 773 427 829 26.
463 773 582 828 Sed
613 789 746 828 cum
776 773 962 828 libero
993 775 1048 828 et
1088 788 1242 844 vago
1284 775 1446 828 motu
1493 772 1945 843 transgredere-
2053 772 2294 827 tendere
2327 772 2386 827 in
2416 788 2482 827 se
2513 773 2785 828 virtutem
2816 774 2941 844 Dei,
2978 775 3034 828 et
3064 789 3200 828 esse
3230 773 3477 828 Domino
3509 772 3729 829 sancti-

276 867 371 918 tur
390 878 510 918 non
534 863 728 917 solum
749 861 1015 933 regionis
1036 863 1297 932 paternae
1313 861 1619 932 terminos,
1644 861 1750 915 sed
1771 862 1946 916 etiam
2057 861 2313 931 ﬁcatum,
2347 862 2676 916 secundum
2697 861 2832 933 ejus
2863 865 3225 933 praeceptum
3255 867 3482 918 co‘mam
3512 878 3728 934 pasce-

271 968 504 1008 morum
535 952 772 1021 limites,
809 954 865 1005 et
893 949 1184 1022 majorum
1218 951 1630 1006 observatione
1662 949 1945 1020 praescri-
2056 966 2141 1021 re,
2177 967 2309 1022 quae
2325 950 3462 1023 siattonderetur,desineretNazarzeus
3491 965 3652 1022 esse,
3673 954 3732 1008 et

271 1045 429 1112 ptos,
469 1057 594 1095 eam
629 1040 746 1094 sibi
792 1039 1006 1094 futurae
1037 1055 1177 1094 mox
1207 1039 1393 1094 cladis
1437 1042 1665 1109 pestem
1700 1039 1942 1092 invenit.
2058 1040 2315 1109 preprize
2337 1041 2572 1095 virtutis
2609 1056 2786 1096 usum
2825 1039 3449 1096 amitteret.Palaestini
3468 1056 3575 1112 per
3603 1057 3731 1097 mu-

279 1131 548 1202 Namque
570 1145 777 1200 parum
801 1129 914 1183 ﬁda
934 1121 1216 1198 expertus
1234 1129 1584 1200 alienigenae
1602 1130 1808 1182 uxoris
1830 1127 1948 1197 pri-
2061 1128 2266 1183 lierem
2280 1132 2578 1199 comperta
2608 1129 2942 1184 inﬁrmitate
2971 1129 3102 1200 viri,
3124 1129 3375 1184 sceleris
3395 1130 3732 1187 mercedem

269 1235 364 1273 ma
397 1219 713 1286 connubia,
747 1217 847 1288 qui
871 1217 1179 1271 debuisset
1211 1233 1421 1271 cavere
1452 1217 1547 1271 vel
1575 1219 1800 1288 postea,
1827 1231 1950 1269 rur—
2061 1215 2329 1289 afferunt,
2363 1221 2426 1272 ut
2455 1219 2644 1289 pretio
2674 1219 2950 1290 obnoxia,
2985 1218 3182 1274 dolum
3213 1221 3489 1290 patraret.

270 1323 378 1362 sus
413 1308 616 1362 Dalilte
647 1306 912 1360 mulieris
945 1305 1282 1361 fornicariae
1314 1305 1584 1376 copulam
1613 1321 1732 1360 non
1761 1304 1878 1359 dcc?

2131 1323 2220 1379 30.
2255 1324 2329 1378 At
2355 1323 2455 1379 illa
2487 1325 2839 1381 meretriciis
2879 1324 3276 1381 delinimentis
3308 1323 3540 1381 fessum
3569 1340 3732 1381 amo-

271 1396 470 1467 ηθνίις
505 1399 563 1486 ei
592 1412 724 1486 07‘1"}
756 1395 1207 1486 earl}__din89ret
1237 1395 1544 1486 impense,
1578 1393 1852 1486 -ῖθυίίδηίίί
1875 1409 1948 1486 μεθ
2062 1413 2147 1468 ris
2178 1413 2238 1467 in
2266 1429 2542 1485 seporem
2574 1415 2873 1486 compulit,
2905 1418 2963 1470 et
2993 1418 3238 1471 tonsore
3269 1412 3555 1484 adhibito,
3589 1429 3734 1486 sep-

272 1501 516 1576 gaesa!!!
536 1485 690 1576 dolis
706 1483 1025 1576 hostilibus
1043 1484 1338 1576 Ρναῖἓξίξίέ·
1358 1483 1770 1576 Αεθέηάθηίεῗε
1793 1482 1948 1576 en“?
2061 1503 2179 1556 tem
2211 1482 2408 1558 crines
2440 1503 2647 1574 capitis
2680 1482 2815 1576 eius
2859 1482 3091 1560 admota
3121 1501 3410 1559 novacula
3457 1482 3732 1574 abscidit,

276 1575 576 1665 Palaestini
608 1575 756 1638 850
789 1573 864 1665 ξᾷ
896 1589 1045 1644 θεων
1077 1573 1324 1665 ΡΟῙῙίθίξί
1357 1575 1497 1665 ΒυηΑῑ
1523 1571 1837 1665 Ρθθιξηίδπι
1864 1569 1951 1665 Ῡί-
2066 1590 2463 1663 continuoque
2495 1569 2791 1648 interdicti
2826 1593 3316 1665 praevaricatione
3345 1590 3508 1648 vires
3536 1569 3734 1648 mian

276 1663 444 1755 ritim‘
463 1664 700 1755 daturos
730 1663 978 1755 mille-et
1007 1664 1239 1755 senium
1270 1661 1576 1755 denarios.
1629 1661 1683 1716 Si
1734 1660 1950 1755 Prode-
2063 1681 2159 1735 ιω.
2192 1660 2457 1751 Denique
2490 1697 2565 1736 ex
2596 1697 2806 1737 somno
2827 1660 3185 1755 expergitus
3217 1699 3231 1736 :
3283 1703 3305 1728 α
3357 1679 3617 1752 Faciam,
3650 1679 3739 1738 in-

275 1755 366 1807 ret
393 1752 482 1806 eis
512 1753 572 1806 in
604 1768 720 1824 quo
752 1751 851 1806 ille
873 1752 1150 1807 ﬁduciam
1167 1752 1402 1806 virtutis
1425 1767 1552 1806 suae
1576 1751 1951 1805 constitutam
2065 1768 2210 1840 quit,
2243 1769 2399 1823 sicut
2427 1769 2593 1824 soleo
2630 1785 2642 1825 ε
2675 1773 2733 1824 et
2761 1751 3056 1826 θχουίίαης
3101 1785 3197 1826 me
3240 1783 3423 1840 super
3451 1751 3739 1826 adversa-

272 1839 523 1896 haberet
555 1858 568 1897 :
604 1857 720 1914 quo
750 1841 1008 1913 cognito,
1031 1841 1454 1896 circumveniri
1484 1842 1542 1895 et
1559 1839 1688 1910 capi
1717 1854 1880 1910 pess¢

2131 1873 2191 1912 os
2222 1856 2396 1922 (Ibid.
2421 1857 2513 1929 20)
2538 1873 2552 1929 ;
2585 1859 2692 1914 sed
2721 1874 2834 1914 nec
2864 1859 3045 1914 animi
3072 1859 3170 1915 sui
3206 1839 3587 1930 alacritatem,
3628 1875 3739 1916 nec

341 1947 430 2002 27.
478 1950 553 2002 At
592 1947 691 2002 illa
731 1963 865 2019 quae
914 1947 1100 2002 semel
1141 1963 1208 2002 se
1237 1949 1507 2018 pecuniae
1536 1946 1946 2017 prostituerat,
1980 1959 2029 2021 Β
2065 1945 2342 2000 virtutem
2370 1948 2615 2019 agnovit
2646 1963 2659 2004 :
2693 1964 2804 2003 nec
2834 1948 3009 2022 vigor
3057 1953 3202 2029 erat,
3233 1947 3376 2012 851
3414 1965 3526 2009 nec
3551 1949 3744 2022 gratia

271 2035 488 2106 (Judic.
522 2055 642 2108 xvx,
675 2035 708 2092 6
738 2037 910 2110 seq.),
943 2039 1134 2092 astute
1167 2037 1314 2091 satis
1344 2035 1458 2107 (93)
1481 2038 1538 2090 et
1551 2035 1760 2090 callide
1793 2035 1946 2089 inter
2064 2033 2358 2089 manebat.
2410 2035 2610 2106 Itaque
2657 2039 2941 2107 reputans
2985 2053 3194 2094 secum
3221 2043 3383 2113 quod
3412 2039 3743 2113 improvide

280 2126 496 2196 pocula
527 2130 583 2181 et
614 2127 928 2181 illecebras
977 2126 1198 2181 amoris
1241 2126 1414 2196 quasi
1458 2124 1758 2178 admirans
1788 2123 1954 2178 forti-
2068 2139 2135 2178 se
2165 2123 2516 2179 mulieribus
2551 2125 2927 2197 credidisset,
2942 2129 2999 2183 et
3015 2127 3168 2183 calvi
3197 2133 3362 2187 ratus
3390 2133 3616 2187 tentare
3645 2127 3741 2184 ul-

210 2276 221 2284 _
273 2215 498 2269 tudinis
531 2214 664 2286 ejus
701 2215 1095 2284 eminentiam,
1127 2229 1398 2286 quaerere
1430 2213 1543 2268 hoc
1575 2214 1783 2283 coepit,
1834 2228 1952 2283 quo
2064 2213 2252 2267 terius
2285 2213 2504 2284 aliquid
2519 2213 3228 2274 damnatuminﬁrmitatis
3251 2220 3504 2276 cmcitati
3532 2216 3741 2274 oculos

272 2304 509 2358 tandem
541 2319 760 2376 genere
782 2306 1003 2359 tantum
1032 2305 1343 2374 praestaret
1372 2302 1737 2373 reliquorum
1768 2301 1950 2356 virtu-
2070 2299 2202 2372 (96),
2236 2301 2494 2356 vinculis
2535 2318 2745 2358 manus
2790 2304 3066 2376 praebuit,
3116 2310 3175 2362 et
3220 2308 3609 2382 compedibus
3646 2307 3741 2362 in-

275 2393 472 2464 tibus;
525 2393 701 2448 simul
731 2396 788 2448 et
827 2392 997 2464 quasi
1026 2392 1236 2463 pavida
1267 2395 1441 2463 atque
1473 2391 1726 2445 sollicita
1759 2405 1950 2460 orare,
2067 2405 2260 2445 nexus
2307 2406 2610 2447 carcerem
2654 2393 2894 2448 intravit
2948 2394 3150 2451 multis
3208 2398 3328 2454 sibi
3369 2396 3742 2472 incognitum

273 2484 336 2536 ut
387 2481 618 2537 dilectae
638 2499 764 2537 suae
816 2481 1231 2551 committeret,
1275 2480 1377 2551 qui
1414 2495 1606 2534 nexus
1646 2479 1953 2534 astrictum
2066 2481 2540 2551 tempestatibus.

275 2570 486 2665 alienae
517 2571 793 2665 potestati
825 2571 1260 2665 substernerct.
1300 2570 1615 2665 micantem
1636 2569 1828 2665 ﬂ{dium
1861 2584 1955 2623 80-
2136 2587 2226 2642 31.
2281 2587 2352 2642 Et
2390 2587 2513 2660 jam
2558 2603 2853 2659 processu
2891 2592 3177 2663 temporis
3235 2594 3450 2665 (Judic.
3509 2609 3633 2665 χιιι,
3673 2591 3745 2648 se

276 2659 448 2714 ιπίιιε
479 2663 536 2714 ει
567 2660 739 2715 foras
768 2660 946 2714 animi
991 2659 1284 2714 adversus
1332 2658 1709 2713 ἀειίηίπηεηω
2068 2634 2514 2749 seq,
2548 2634 3748 2757 gem“00;,“1;;;';;;,;;;;‘;;m;‘j;;,;;

274 2749 448 2845 ίνίοξξξ
465 2748 669 2845 ἀοῙυῐξι.
696 2747 851 2845 (1010-
869 2748 1084 2818 mium:
1106 2747 1330 2845 _d.i_cenf_
1356 2747 1498 2845 (ἰυίὲ
1523 2747 1577 2801 εί
1606 2746 1953 2845 Υίίξδυεξινξ·
2068 2746 2302 2821 celebre
2335 2767 2690 2838 convivium,
2725 2746 3180 2828 Falsast-morum
3202 2746 3748 2845 conventuiproduc

275 2837 548 2933 Γθοίίδιῆε
579 2838 771 2933 “dilue
803 2841 858 2892 et
887 2853 1005 2933 n9“
1034 2837 1218 2933 {ridis
1236 2835 1953 2933 alligafﬁim'zinﬁrmi?“
2067 2855 2220 2910 citur
2262 2855 2336 2911 de
2382 2871 2620 2911 carcere
2658 2835 2940 2931 Samson,
2997 2876 3066 2916 ac
3123 2863 3399 2918 statuitur
3435 2861 3498 2917 in
3535 2835 3751 2933 populi

283 2928 554 2998 corporis
613 2929 950 2998 adaequaret
1009 2925 1259 2980 aliorum
1317 2925 1780 2980 similitudinem.
1827 2924 1891 2990 Q1

2144 2947 2413 3015 nspectu.
2450 2945 2631 3001 Erant
2660 2947 2771 3002 tria
2791 2924 2972 3004 millia
3001 2949 3187 3006 ferme
3223 2951 3528 3007 hominum
3545 2924 3747 3006 virilis

281 3017 589 3110 P313331}?
621 3033 727 3086 P3P
767 3015 1954 3110 9311131113321COPPePtoifu‘f‘Vitea?”
2066 3049 2137 3090 ac
2168 3034 2476 3090 muliebris
2523 3051 2731 3106 sexus,
2786 3039 2843 3092 et
2889 3039 3177 3110 gravibus
3222 3056 3358 3097 eum
3384 3039 3750 3097 insultabant

279 3104 1601 3201 Ρονξξηίίοίξόυηξάξθάίεεθοίνίηοξιθνβαθείάέ
1632 3103 1954 3201 ίωξηόγξὲο
2069 3123 2380 3194 conviciis,
2416 3103 3224 3200 circumagebant'ludibriis,
3264 3129 3424 3201 quod
3453 3128 3662 3184 durius
3690 3129 3750 3182 et

278 3195 558 3290 Ῡκέξξυῐξξν
593 3195 750 3290 ἦθυά
781 3195 1138 3290 ἀθεθηθτέξη
1171 3192 1468 3290 οίῩθῐῆξῙθΓθ
1503 3197 1654 3290 “of?
1685 3195 1740 3247 et
1763 3192 1953 3290 ἔξωθε
2067 3213 2220 3268 ultra
2249 3192 2440 3284 ipsam
2472 3192 2826 3284 captivitatis
2856 3215 3120 3286 speciem
3148 3192 3594 3290 viro-ingenita
3620 3216 3748 3272 vir-

277 3283 684 3354 fortitudinis;
747 3300 880 3339 cum
929 3283 1140 3339 solutis
1195 3283 1472 3353 nexibus,
1531 3284 1722 3337 virtus
1769 3282 1885 3337 libe

2137 3303 2209 3356 tis
2241 3303 2486 3358 conscio
2518 3302 2902 3359 tolerabatur.
2937 3305 3087 3360 Nam
3116 3306 3320 3362 vivere
3371 3282 3428 3362 ἐι
3457 3306 3608 3361 mori
3637 3321 3745 3361 na-

282 3372 484 3428 multis
513 3373 672 3443 licet,
705 3373 1015 3428 resisteret
1043 3388 1112 3426 ac
1140 3374 1520 3444 repugnaret.

2138 3408 2216 3446 rae
2247 3391 2492 3462 functio,
2525 3391 2783 3446 ludibrio
2815 3407 2952 3449 esse
2973 3395 3194 3465 probro
3211 3394 3464 3452 ducitur.
3485 3393 3746 3467 Cupiens

352 3479 440 3535 28.
475 3480 591 3536 Sed
622 3479 725 3534 ubi
755 3495 963 3551 parum
989 3481 1307 3550 processit,
1341 3493 1556 3534 rursus
1580 3477 1763 3532 Dalila
1785 3479 1955 3549 quasi
2069 3481 2252 3553 igitur
2278 3483 2496 3535 tantam
2544 3482 2980 3552 contumeliam,
3011 3484 3108 3538 vel
3140 3484 3362 3540 ultione
3401 3484 3604 3556 solari,
3649 3483 3748 3540 vel

281 3569 484 3625 derisa
511 3573 569 3625 et
597 3585 972 3642 conquerens
1005 3569 1116 3640 (94)
1139 3572 1405 3639 repetere
1428 3571 1586 3623 artes
1617 3583 1781 3637 suas,
1815 3570 1871 3622 et
1891 3567 1956 3622 ﬁ-
2070 3572 2255 3625 morte
2273 3569 2346 3623 .in
2376 3569 2670 3640 reliquum
2699 3573 3080 3641 praevertere,
3123 3573 3400 3628 simulato
3430 3573 3590 3645 quod
3617 3588 3748 3643 pro-

281 3659 416 3714 dem
447 3659 666 3714 amoris
695 3674 946 3730 poscere
978 3664 1097 3712 non
1124 3657 1624 3728 praetermittebat.
1656 3655 1765 3711 Cui
1794 3656 1958 3711 Sam-
2069 3662 2199 3730 pter
2225 3658 2621 3713 inﬁrmitatem
2654 3659 2923 3730 corporis
2955 3662 3012 3715 et
3029 3663 3220 3718 nodos
3243 3662 3596 3733 compedum
3615 3677 3746 3717 susa

283 3763 397 3802 son
427 3748 661 3802 validus
692 3747 886 3802 adhuc
910 3747 1166 3817 consilii,
1188 3746 1388 3801 dolum
1407 3745 1632 3816 ridens,
1657 3745 1958 3817 signiﬁca-
2068 3751 2293 3804 tentare
2324 3763 2461 3802 sese
2494 3747 2762 3819 nequiret
2796 3763 2809 3803 :
2852 3750 3126 3820 poposcit
3158 3767 3193 3805 a
3229 3765 3436 3822 puero,
3471 3750 3573 3822 qui
3603 3749 3748 3806 diri.

280 3838 367 3891 vit
396 3836 641 3909 ligatum
673 3851 740 3892 se
772 3840 1002 3907 septem
1030 3835 1294 3906 funibus,
1337 3834 1437 3907 qui
1467 3835 1659 3890 adhuc
1691 3835 1820 3890 sine
1843 3851 1957 3890 usu
2069 3837 2249 3911 gebat
2278 3836 2407 3891 vias
2446 3835 2604 3907 ejus,
2647 3838 2710 3891 ut
2746 3837 3089 3893 admoveret
3138 3855 3274 3894 eum
3317 3839 3392 3894 ad
3439 3839 3748 3896 columnas

282 3925 500 3996 forent,
552 3931 867 3982 venturum
916 3926 976 3980 in
1019 3928 1370 3996 potestatem
1411 3924 1672 3979 hostium
1706 3940 1718 3979 :
1753 3925 1860 3978 sed
1903 3927 1960 3978 et
2068 3927 2394 3997 proximas,
2428 3925 2648 3996 quibus
2680 3925 2893 3981 domus
2940 3927 3135 3983 omnis
3175 3925 3642 3984 suffulciebatur.
3675 3927 3750 3982 Et

282 4015 400 4070 hoc
432 4015 652 4070 frustra
681 4015 809 4070 fuit.
841 4014 1040 4069 Tertio
1072 4029 1308 4084 quoque
1338 4017 1614 4085 tanquam
1647 4013 1718 4067 de
1739 4015 1959 4083 myste-
2071 4017 2366 4085 admotus,
2399 4017 2647 4086 utraque
2675 4029 2852 4070 manu
2882 4015 3072 4071 fulcra
3096 4018 3278 4072 totius
3301 4015 3751 4088 comprehendit

279 4106 372 4159 rio
404 4105 788 4175 deprompsit,
813 4102 1010 4174 etjam
1039 4102 1282 4172 lapsuro
1313 4102 1555 4172 propior
1583 4102 1717 4172 (95),
1751 4102 1803 4155 si
1837 4102 1958 4156 dis-
2074 4104 2330 4173 aediﬁcii,
2361 4105 2536 4174 atque
2558 4103 2801 4158 intentis
2819 4105 2892 4159 ad
2912 4105 3063 4160 festa
3086 4105 3364 4161 sacriﬁcii
3384 4105 3747 4176 Palaestinis,

281 4194 465 4249 soluti
495 4197 700 4248 essent
733 4192 929 4246 crines
961 4194 1188 4262 septem
1220 4192 1428 4262 capitis
1459 4191 1574 4263 sui,
1609 4194 1666 4245 et
1694 4190 1866 4262 quasi
1896 4190 1957 4244 in
2073 4194 2231 4266 quod
2263 4192 2492 4266 Dagoni
2523 4192 2633 4248 deo
2647 4208 2759 4248 suo
2791 4193 3156 4266 deferebant,
3187 4212 3294 4266 per
3315 4211 3490 4267 quem
3505 4195 3623 4250 sibi
3652 4194 3748 4248 ad-

287 4282 550 4338 cubitum
581 4282 806 4352 intexti,
827 4281 1162 4336 discederet
1183 4280 1256 4335 ab
1288 4295 1358 4335 eo
1381 4281 1570 4335 virtus
1593 4295 1721 4335 sua.
1754 4279 1825 4334 Et
1844 4279 1958 4334 hoc
2071 4283 2403 4338 versarium
2415 4297 2590 4337 suum
2619 4282 2816 4336 datum
2835 4283 2895 4337 in
2907 4286 3257 4354 potestatem
3279 4283 3744 4352 arbitrabantur,

282 4387 522 4444 quoque
551 4371 692 4425 lusit
711 4370 1062 4425 insidiarum
1084 4369 1492 4424 fabricatores.
2073 4371 2385 4428 muliebris
2413 4371 2678 4442 perﬁdiae
2708 4371 2880 4426 dolos
2936 4371 3246 4426 beneﬁciis
3290 4373 3752 4427 annumerantes

355 4461 446 4515 29.
479 4463 554 4514 At
583 4463 948 4531 postremum
979 4458 1365 4513 cumillusum
1396 4457 1511 4512 sibi
1534 4458 1708 4512 toties
1737 4471 1960 4528 procax
2075 4461 2444 4530 coelestibus,
2476 4459 2829 4514 exclamavit
2875 4459 2949 4512 ad
2997 4459 3309 4514 Dominum
3337 4459 3544 4514 dicens
3579 4473 3594 4513 :
3627 4458 3751 4513 Do-

289 4550 506 4604 mulier
536 4548 990 4620 deploravisset,
1024 4547 1327 4619 indignam
1347 4563 1413 4601 se
1435 4546 1695 4601 habitam
1726 4547 1956 4616 dolens,
2073 4553 2252 4621 mine,
2287 4549 2481 4604 adhuc
2528 4548 2712 4603 semel
2755 4562 2982 4602 memor
3026 4547 3194 4617 pueri
3236 4547 3321 4602 tui
3350 4549 3501 4617 esto,
3548 4547 3613 4600 ut
3639 4560 3751 4617 pro

291 4639 390 4694 cui
422 4639 883 4694 committeretur
911 4653 1192 4692 arcanum
1217 4637 1414 4690 dilecti
1436 4653 1451 4705 ;
1486 4639 1543 4690 et
1578 4636 1637 4691 id
1665 4636 1823 4708 quod
1852 4651 1958 4706 pro
1993 4694 2034 4708 ἢ
2075 4641 2309 4696 duobus
2333 4639 2524 4694 oculis
2543 4637 2692 4692 meis
2705 4635 3023 4690 vindictam
3038 4635 3267 4689 tribuas
3281 4635 3354 4690 de
3376 4634 3747 4690 nationibus:

288 4729 556 4785 remedio
589 4730 902 4799 quaereret,
934 4727 1007 4780 ad
1028 4726 1419 4797 proditionem
1436 4694 1771 4795 suspectari
1800 4694 1960 4779 vide-
1989 4694 2040 4754 D
2075 4694 2150 4786 ne
2169 4694 2328 4784 vdent
2357 4727 2607 4800 gloriam
2638 4726 2768 4780 suis
2800 4724 2936 4793 diis,
2983 4723 3139 4795 quod
3189 4723 3339 4794 ipsis
3376 4723 3748 4796 iuvantibus,

292 4821 408 4889 ret,
441 4818 722 4890 lacrymis
751 4817 926 4871 ﬁdem
957 4817 1155 4888 coegit
1189 4831 1201 4871 :
1236 4815 1412 4869 simul
1457 4815 1594 4885 quia
1641 4814 1964 4869 debebatur
2074 4835 2166 4874 me
2198 4819 2257 4872 in
2287 4819 2638 4888 potestatem
2669 4811 3008 4883 acceperint
3040 4827 3052 4866 :
3089 4826 3199 4866 nec
3219 4812 3399 4868 vitam
3418 4827 3608 4868 meam
3628 4811 3752 4884 plu-

359 4959 476 5032 (93)
506 4960 634 5015 Vet.
669 4960 829 5030 epit.,
870 4982 890 5008 α
925 4960 1078 5032 inter
1098 4958 1304 5029 epulas
1319 4961 1374 5012 et
1398 4957 1711 5032 illecebras
1737 4957 1957 5032 ;__l_lom.
2075 4955 2982 5032 adversariorum_credidisset,_
3000 4956 3058 5010 et
3092 4953 3370 5032 salvatus
3400 4956 3624 5032 tentare
3655 4953 3752 5032 ul_-

291 5026 429 5088 cum
457 5026 608 5086 mss.
646 5026 824 5085 multo
855 5026 1153 5101 pluribus,
1188 5054 1208 5077 ‹‹
1255 5033 1406 5083 inter
1435 5029 1645 5099 pocula
1676 5032 1737 5101 et
1762 5029 1963 5081 illece-
2073 5035 2261 5087 terius
2295 5029 2517 5100 aliquid
2547 5027 3246 5101 damnatusjnﬁrmitatis
3269 5027 3561 5101 nequiret,
3586 5026 3753 5101 caeci-

288 5105 467 5174 bras;
507 5127 528 5149 »
564 5104 822 5174 quinque
856 5097 998 5172 ius,
1046 5124 1066 5151 α
1102 5097 1524 5174 ὶῄίθνροιειιξβι
1552 5099 1901 5169 illecebras;
1939 5123 1960 5147 ι»
2073 5105 2176 5158 tati
2207 5097 2416 5157 oculos
2453 5118 2466 5155 :
2504 5122 2525 5147 ιι
2563 5099 2734 5153 Eras.
2769 5102 2826 5152 et
2843 5097 3009 5174 _Gil_t_.,
3039 5117 3064 5147 α
3087 5098 3752 5174 emeatusoculos,__vin-:

290 5167 466 5246 quos
489 5167 746 5244 qui-dem'
797 5190 914 5246 non
962 5167 1364 5246 repugnantes
1419 5172 1514 5225 hic
1556 5167 1963 5246 sequeremur,
2076 5175 2226 5230 culis
2257 5197 2278 5220 ι
2303 5177 2414 5227 etc.
2451 5187 2464 5226 :
2497 5187 2646 5225 mss.
2677 5185 2821 5246 vero
2843 5169 3156 5246 lectionem
3183 5172 3448 5246 nostram
3469 5167 3754 5246 exhibent

289 5241 410 5300 nisi
443 5241 576 5300 cum
607 5245 869 5314 Josepho
901 5241 1093 5316 magis
1121 5241 1219 5298 alii
1259 5245 1676 5314 congruerent.
2073 5262 2290 5316 magno
2341 5259 2662 5316 consensu,
2710 5241 2824 5316 nisi
2857 5241 3015 5316 quod
3063 5255 3244 5295 voces
3281 5264 3302 5290 α
3339 5242 3744 5316 calvi‘ratus}

367 5319 482 5386 (94)
517 5318 685 5371 Ilom.
729 5307 888 5385 e-dit.,
930 5307 1160 5388 «quasi
1209 5307 1464 5388 derisam
1507 5329 1901 5388 conquerens.
1939 5337 1960 5360 ιο
2075 5307 2343 5388 plerique
2367 5307 2831 5388 compinguntin
2852 5307 3198 5388 c—alviratqs,
3232 5327 3364 5388 quae
3383 5312 3560 5365 dictio
3591 5307 3750 5388 nnlla

365 5382 477 5457 (95)
511 5389 671 5441 Belv.
710 5382 923 5456 cod.,'«
959 5382 1153 5456 la'psui
1192 5387 1451 5458 propior.
1506 5408 1533 5458 »γ
1560 5382 1742 5458 Quod
1774 5389 1965 5438 autem
2077 5382 2169 5443 est
2201 5382 2354 5458 apud
2387 5382 2649 5458 Latinos.
2702 5384 2776 5438 Ut
2818 5387 3012 5458 autem
3043 5383 3315 5458 ultimam
3346 5383 3497 5458 hanc
3524 5382 3751 5458 partem

295 5453 714 5528 infra'ponitur
749 5481 770 5504 α
808 5453 867 5511 in
891 5453 1171 5526 cubitum,
1194 5453 1232 5505 “ιν
1266 5453 1500 5510 videtur
1523 5457 1675 5509 idem
1696 5457 1806 5510 hoc
1826 5471 1964 5510 esse
2076 5453 2257 5513 facile
2306 5455 2687 5528 assequeris,
2740 5469 2886 5528 eam‘
2916 5454 3045 5528 hoc
3077 5454 3267 5528 modo,
3302 5453 3687 5528 interpretare
3731 5461 3746 5502 :

295 5550 363 5586 ac
396 5523 534 5584 licio
564 5532 692 5582 sive
725 5530 962 5598 licium,
997 5535 1059 5583 ut
1088 5523 1469 5596 in’Scriptura
1500 5528 1754 5598 legitur;
1801 5531 1964 5600 iatte-
2081 5553 2102 5577 «
2143 5531 2294 5584 calvi
2325 5523 2525 5600 ratus,
2554 5550 2586 5600 ⁸»ι
2623 5526 2689 5600 id_
2711 5529 2824 5594 est,
2857 5524 3047 5600 decipi
3081 5539 3148 5600 se
3185 5523 3361 5600 ratus
3397 5537 3408 5576 :
3465 5542 3488 5570 ε
3509 5523 3750 5600 tentare

296 5620 431 5658 men
482 5605 605 5656 erat
663 5603 836 5655 etiam
886 5591 1104 5654 vinculi
1166 5591 1379 5670 genus,
1438 5591 1593 5670 quod
1647 5591 1970 5652 vocabatur
2077 5601 2320 5655 alterius
2352 5591 2594 5670 aliquid,
2632 5591 3462 5670 xhocest,si‘tentaret,_etc.;
3494 5591 3752 5659 denique

297 5677 687 5757 ἀρμφγὸδξσμος,
716 5689 872 5757 quos
901 5664 1200 5742 respicere
1232 5664 1419 5757 potuit
1447 5664 1875 5757 ambrosius."

2145 5664 2474 5757 damnatum
2520 5664 2910 5757 inﬁrmitatis,
2951 5688 2974 5715 ι)
3017 5664 3174 5720 idem
3220 5665 3312 5719 est
3359 5665 3554 5740 atque,
3613 5672 3753 5748 cui!)

371 5754 482 5828 (96)
509 5743 921 5825 omnesieditq
956 5775 979 5800 ιι
1017 5767 1191 5825 quam
1239 5749 1567 5824 improvide
1613 5763 1682 5808 se
1738 5748 1970 5806 mulieri
2077 5745 2386 5800 damnatus
2418 5743 2600 5815 esset,
2636 5743 2749 5797 etc.

579 5960 841 6044 ΡΑπιοι.
878 5957 1037 6026 XVI.
1191 5950 1196 5954 ’
