3942 6168
371 339 536 406 1039

365 555 574 596 verum
604 554 672 594 ea
701 554 835 612 quae
866 539 1006 595 sunt
1052 539 1270 610 divina,
1316 539 1710 612 imperatoriae
1758 541 2035 612 potestati
2065 547 2106 614 Α

365 645 484 685 non
501 645 640 684 esse
663 628 956 702 subjecta.
979 627 1040 683 Si
1055 630 1471 700 patrimonium
1491 631 1725 701 petitur,
1742 631 2029 685 invadite:

366 717 421 774 si
433 734 674 790 corpus,
691 734 1023 775 occurram.
1049 718 1240 774 Vultis
1264 719 1323 774 in
1336 720 1569 800 vincula
1590 735 1795 791 rapere
1807 721 1835 774 ἱ)
1855 719 2034 773 vultis

366 807 425 863 in
448 809 744 862 mortem?
773 807 1055 878 voluptati
1085 810 1179 862 est
1207 808 1350 862 mihi
1381 808 1513 879 (16).
1546 808 1683 864 Non
1714 824 1826 881 ego
1848 807 2033 862 valla-

361 896 476 952 bor
493 895 960 952 circumfusione
982 897 1353 968 populorum,
1371 913 1480 952 nec
1497 897 1701 952 altaria
1722 897 1934 952 tenebo
1959 897 2038 951 vi-

361 987 478 1041 tam
493 986 844 1058 obsecrans,
867 986 974 1040 sed
989 1001 1096 1057 pro
1114 986 1400 1041 altaribus
1419 987 1646 1060 gratius
1661 986 2029 1040 immolabor.

434 1071 487 1130 9.
539 1071 870 1130 Horrebam
919 1074 1134 1146 quippe
1183 1075 1412 1146 animo,
1476 1092 1608 1130 cum
1658 1079 1915 1131 armatos
1959 1075 2034 1129 ad

361 1163 669 1222 basdicam
695 1163 984 1220 Ecclesiae
1016 1165 1417 1235 occupandam
1448 1165 1670 1219 missos
1704 1179 2033 1237 cognosce-

363 1269 490 1308 rem
516 1269 531 1324 ;
565 1269 638 1308 ne
670 1252 809 1308 dum
837 1253 1147 1308 basilicam
1176 1254 1499 1324 vindicant,
1551 1253 1748 1326 aliqua
1795 1256 2032 1326 strages

363 1339 549 1414 fieret,
583 1359 716 1416 quae
746 1343 807 1398 in
835 1341 1161 1414 perniciem
1209 1343 1390 1399 totius
1436 1346 1714 1416 vergeret
1753 1341 2030 1398 civitatis.

361 1429 615 1486 Orabam
646 1431 720 1486 ne
753 1434 928 1486 tantae
958 1431 1129 1493 urbis
1159 1431 1255 1487 vel
1281 1431 1464 1486 totius
1493 1431 1674 1487 Italiae
1705 1432 1882 1486 busto
1931 1447 2032 1485 su-

358 1520 752 1592 perviverem.
788 1519 1140 1576 Detestabar
1169 1519 1452 1576 invidiam
1480 1519 1765 1574 fundendi
1797 1518 2030 1575 cruoris

359 1607 496 1680 (I7),
530 1608 853 1665 offerebam
875 1607 1155 1682 jugulum
1183 1625 1399 1665 meum.
1431 1609 1580 1674 855
1619 1609 1880 1663 Aderant
1909 1607 2030 1663 Go-

358 1697 445 1752 thi
475 1698 716 1771 tribuni,
748 1697 1063 1754 adoriebar
1093 1713 1219 1767 eos,
1253 1697 1461 1752 dicens
1503 1713 1517 1753 :
1569 1697 1890 1767 PrOpterea
1918 1709 2030 1750 vos

357 1788 678 1860 possessio
711 1785 977 1844 Romana
1006 1787 1293 1858 suscepit,
1329 1789 1392 1842 ut
1427 1784 1888 1857 perturbationis
1917 1800 2030 1856 pu-

355 1875 533 1932 blicae
562 1892 675 1932 vos
704 1876 1026 1949 prmbeatis
1052 1875 1408 1931 ministros?
1433 1874 1561 1940 Quo
1590 1873 1943 1945 transibitis,
1976 1872 2028 1928 si

359 1964 492 2020 haec
523 1934 727 2020 deleta
744 1963 1012 2021 fuerint?
1457 1934 1482 1940 ν
1928 1934 1940 1945 ⁷
2059 1934 2110 1997 Β

434 2053 522 2108 10.
557 2052 927 2126 Exigebatur
953 2069 988 2107 a
1017 2068 1133 2124 me,
1167 2055 1231 2108 ut
1251 2067 1697 2124 compescerem
1725 2051 2028 2124 populum.

363 2141 722 2199 Referebam
750 2141 813 2198 in
842 2158 974 2198 meo
997 2141 1138 2214 jure
1169 2158 1328 2214 esse,
1382 2145 1446 2198 ut
1493 2157 1613 2198 non
1658 2143 1981 2196 excitarem
2014 2155 2027 2196 :

363 2232 426 2287 in
453 2231 563 2286 Dei
588 2248 786 2304 manu,
818 2232 902 2288 uti
932 2231 1249 2305 mitigaret.
1281 2219 1592 2286 Postremo
1615 2231 1671 2286 si
1699 2245 1791 2286 me
1821 2231 2030 2286 inccn-

362 2324 554 2378 torem
584 2323 816 2393 putaret
858 2320 992 2394 (18),
1033 2320 1160 2393 jam
1201 2321 1260 2376 in
1292 2336 1384 2376 me
1414 2320 1705 2375 vindicari
1735 2322 2028 2391 oportere,

359 2410 458 2466 vel
487 2410 702 2466 abduci
729 2426 822 2466 me
852 2410 913 2465 in
945 2427 1094 2483 quas
1124 2409 1304 2465 vellet
1333 2412 1623 2464 terrarum
1652 2409 2026 2464 solitudines.

357 2500 476 2556 .His
506 2501 705 2572 dictis,
735 2500 824 2555 illi
847 2499 1124 2556 abierunt
1155 2515 1168 2556 :
1200 2514 1314 2572 ego
1345 2499 1406 2553 in
1435 2499 1685 2554 basxlica
1718 2498 1907 2553 veteri
1935 2501 2028 2552 to-

358 2594 486 2646 tum
517 2589 695 2663 exegi
726 2589 903 2646 diem.
946 2589 1087 2644 Inde
1129 2588 1368 2644 domum
1395 2588 1656 2644 cubitum
1685 2603 1776 2642 me
1807 2587 2026 2658 recepi,

360 2681 426 2735 ut
453 2681 508 2734 si
537 2679 674 2752 quis
705 2677 1002 2734 abducere
1036 2678 1230 2748 vellet,
1262 2678 1556 2733 inveniret
1582 2681 1870 2750 paratum.

434 2767 524 2824 11.
558 2767 711 2824 Ante
743 2768 936 2824 lucem
962 2767 1067 2823 ubi
1091 2767 1302 2840 pedem
1323 2768 1522 2822 limine
1542 2767 1745 2838 extuli,
1779 2765 2031 2821 circum-

363 2859 502 2916 fuso
533 2857 716 2913 milite
749 2862 1074 2928 occupatur
1118 2857 1387 2912 basilica.
1434 2857 1615 2929 quue
1660 2872 1695 2910 a
1741 2855 2029 2910 militibus

361 2947 704 3020 imperatori
750 2947 1087 3002 mandatum
1123 2945 1354 3018 dicitur,
1385 2948 1449 3001 ut
1478 2946 1533 3001 si
1562 2945 1800 3017 prodire
1828 2943 2027 3014 vellet,

362 3037 610 3093 haberet
641 3037 870 3109 c0piam
896 3052 910 3109 ;
941 3052 1008 3092 se
1035 3039 1230 3091 tamen
1260 3037 1481 3108 praesto
1512 3035 1766 3106 futuros,
1799 3033 1856 3088 si
1873 3032 2034 3088 vide-

360 3129 494 3186 rent
523 3144 659 3184 eum
689 3143 824 3183 cum
853 3126 1164 3182 catholicis
1187 3125 1504 3182 convenire
1529 3141 1541 3180 :
1575 3124 1836 3196 alioquin
1867 3138 1934 3178 se
1956 3123 2030 3177 ad

363 3233 500 3274 eum
521 3221 760 3288 coetum,
785 3233 962 3290 quem
981 3217 1339 3272 Ambrosius
1361 3217 1624 3286 cogeret,
1649 3215 2026 3268 transituros.

435 3308 523 3364 12.
553 3307 802 3363 Prodire
835 3308 908 3362 de
938 3306 1177 3361 Arianis
1208 3305 1408 3360 nullus
1429 3303 1720 3374 audebat;
1751 3302 1888 3374 quia
1919 3317 2030 3356 nec
2061 3305 2109 3370 C

364 3398 680 3472 quisquam
721 3397 793 3452 de
835 3397 1069 3452 civibus
1102 3399 1246 3466 erat,
1285 3395 1458 3466 pauci
1488 3394 1560 3448 de
1591 3392 1810 3447 familia
1840 3391 2027 3464 regia,

364 3486 633 3544 nonnulli
665 3487 840 3542 etiam
869 3487 1066 3542 Gothi.
1113 3485 1342 3550 Quibus
1373 3488 1435 3538 ut
1469 3483 1609 3538 olim
1634 3482 1897 3552 plaustra
1929 3496 2030 3535 se-

361 3579 474 3634 des
521 3579 648 3632 erat
692 3576 846 3649 (19),
893 3577 974 3634 ita
1021 3591 1179 3630 nunc
1225 3575 1554 3646 plaustrum
1602 3571 1874 3626 Ecclesia
1917 3572 2028 3626 est.

361 3666 731 3739 Quocunque
777 3665 996 3720 femina
1044 3666 1158 3719 ista
1203 3662 1588 3736 processerit,
1631 3677 1840 3718 secum
1883 3675 2029 3716 suos

365 3770 574 3811 omnes
607 3755 798 3810 coetus
828 3754 1007 3810 vehit.

437 3843 528 3898 13.
572 3842 1010 3898 Circumfusam
1052 3841 1361 3897 basilicam
1409 3859 1548 3898 esse
1578 3843 1803 3915 gemitu
1831 3838 2035 3912 populi

366 3931 680 3988 intellexi:
732 3931 842 3986 sed
890 3932 1032 3987 dum
1079 3932 1358 4004 leguntur
1395 3932 1704 4004 lectiones,
1736 3931 2036 3986 intimatur

367 4021 515 4076 mihi
565 4021 801 4092 plenam
828 4020 1032 4092 populi
1060 4035 1200 4076 esse
1229 4021 1537 4076 basilicam
1568 4022 1741 4076 etiam
1771 4034 1986 4076 novam
2017 4035 2031 4074 ε

369 4109 660 4184 majorem
690 4109 880 4164 videri
907 4109 1161 4180 plebem,
1207 4125 1383 4181 quam
1428 4126 1561 4166 cum
1592 4114 1798 4166 essent
1825 4123 2034 4164 omnes

367 4200 589 4258 liberi:
639 4199 924 4255 lectorem
969 4197 1302 4271 efflagitari.
1344 4198 1514 4264 Quod
1557 4199 1772 4270 plura?
1819 4198 2035 4252 Milites

367 4291 506 4364 ipsi,
555 4290 656 4362 qui
693 4289 1044 4344 videbantur
1073 4303 1404 4359 occupasse
1433 4289 1763 4358 basilicam,
1795 4287 2034 4360 cognito

369 4380 530 4454 quod
543 4377 992 4453 praecepissem,
1010 4381 1074 4433 ut
1092 4377 1532 4433 abstinerentur
1547 4394 1581 4431 a
1602 4376 2034 4432 communionis

369 4471 710 4542 censortio,
761 4469 837 4524 ad
885 4471 1241 4524 conventum
1291 4467 1449 4524 hunc
1504 4470 1775 4522 nostrum
1831 4466 2036 4521 venire

371 4563 696 4632 cmperunt.
731 4557 959 4624 Quibus
975 4557 1150 4628 visis,
1173 4557 1484 4612 turbantur
1502 4557 1812 4612 mulierum
1834 4555 2034 4625 animi,

369 4652 622 4722 proripit
651 4665 719 4705 se
749 4665 885 4704 una.
909 4647 1032 4720 Ipsi
1051 4650 1246 4703 tamen
1264 4648 1481 4702 milites
1513 4663 1578 4702 se
1611 4647 1682 4701 ad
1715 4646 2038 4702 orationem
2063 4683 2108 4742 D

448 4791 559 4862 (16)
590 4792 738 4846 Mss.
771 4807 954 4864 pr0pe
985 4791 1058 4846 ad
1088 4808 1289 4864 unum,
1329 4814 1350 4840 α
1376 4791 1660 4848 voluntati
1691 4793 1784 4846 est
1804 4788 1983 4860 mihi;
2011 4811 2034 4837 η

374 4864 827 4936 ωθιίνιιεᾼοωηθε
858 4865 1020 4935 edit.,
1050 4864 1356 4936 voluptati,
1391 4869 1501 4919 etc.

445 4935 560 5059 (Π)
589 4934 651 4987 Id
683 4939 794 5003 est,
819 4931 1013 5006 magis
1035 4931 1370 5005 horrebam,
1405 4952 1476 4990 ne
1510 4934 1729 4990 invidia
1765 4937 1821 4988 et
1850 4931 2039 4988 offen-

445 5023 468 5059 ο
498 5022 528 5058 a
558 5005 672 5059 ieni
705 5007 1018 5059 sanguinis
1046 5007 1108 5059 in
1137 5023 1230 5059 me
1270 5007 1507 5059 rediret.
1559 5023 1734 5059 uuam
1765 5022 1838 5059 ne
1871 5019 2039 5058 meus

373 5007 672 5079 siogalieni
705 5007 1018 5079 sanguinis
1046 5007 1108 5061 in
1137 5023 1230 5062 me
1270 5007 1507 5078 rediret,
1559 5023 1734 5079 quam
1765 5022 1838 5060 ne
1871 5019 2039 5058 meus

374 5077 568 5151 ipsius
590 5076 966 5151 funderetur.

443 5149 556 5222 (18)
577 5147 796 5202 Omnes
814 5148 974 5219 edit.,
1004 5171 1026 5197 π
1052 5149 1412 5206 incentorem
1435 5151 1774 5222 putarent...
1803 5148 1866 5204 in
1888 5163 2038 5219 quas

370 5223 591 5278 vellent
614 5237 635 5296 _:
680 5241 702 5269 ιι
741 5235 946 5296 omnes
979 5237 1152 5296 mss.,
1180 5230 1438 5294 putaret,
1474 5240 1685 5296 nempe
1723 5225 2042 5293 imperator

373 5301 477 5350 aut
505 5293 706 5365 potius
727 5292 973 5365 iJustina
1003 5292 1196 5363 ipsius
1227 5299 1431 5350 mater.

447 5362 561 5438 (19)
609 5364 784 5421 Gothi
824 5362 1098 5436 Scythica
1131 5382 1281 5437 gens
1312 5368 1590 5436 creditur,
1623 5367 1722 5438 qui
1757 5367 1816 5420 in
1847 5362 2038 5438 curri-

371 5440 489 5496 bus
521 5437 764 5510 degunt,
799 5442 1154 5519 apagéetozet
1185 5443 1494 5519 ἀμαξοϐίται
1523 5437 1910 5519 appellantur.
1935 5437 2042 5490 Go-

368 5521 610 5576 thorum
640 5515 974 5572 sedes'tum
1005 5515 1394 5586 orientalium,
1445 5519 1577 5587 hoc,
1610 5515 2040 5587 est,ﬂOostgoe-

371 5589 516 5645 ιιιθη
543 5589 728 5660 vulgo
765 5588 1164 5660 Ostrrogotlien
1186 5605 1205 5654 ;
1231 5591 1372 5660 tum
1415 5585 1889 5660 occidentalium,
1907 5585 2040 5660 '_hoc

373 5663 486 5730 est,
531 5657 988 5730 Kuestgoetlien,
1012 5659 1194 5730 vulgo
1229 5657 1635 5730 Visogottlzen,
1657 5657 1719 5710 in
1739 5659 1886 5730 mari
1907 5658 2039 5714 Bal-

372 5728 492 5786 tico
521 5727 597 5780 ad
623 5727 903 5784 Suediam
929 5727 1428 5788 demonstrantur.
1471 5729 1746 5787 Arbitror
1774 5727 1894 5786 illis
1923 5746 2034 5790 no-

1040 5961 1060 5974 .
1103 5944 1117 5974 ι

1857 340 1923 402 S.
1971 338 2412 404 AMBROSII.

3592 355 3717 422 1040

2155 541 2422 612 venisse,
2470 555 2589 596 non
2635 541 2711 597 ad
2756 539 3032 614 praelium
3077 541 3460 614 loquebantur.
3499 548 3722 613 Clamavit

2154 630 2352 702 aliqua
2380 630 2658 701 populus.
2691 629 2876 696 Quam
2907 631 3225 703 moderate,
3250 648 3405 704 quem
3431 644 3717 714 constanter,

2156 735 2332 790 quam
2363 720 2611 774 fideliter
2640 721 2944 791 poscebat,
2997 725 3060 776 ut
3101 723 3174 776 ad
3222 722 3369 778 illam
3410 742 3724 801 pergeremus

2153 807 2465 862 basilicam
2489 806 2502 863 ι
2536 809 2600 863 In
2630 809 2728 863 illa
2758 825 2995 881 quoque
3025 811 3272 866 basilica
3301 811 3465 870 fertur
3494 821 3626 889 quod
3647 838 3728 892 po-

2153 897 2330 968 pulus
2362 899 2747 968 praesentiam
2779 899 3080 970 flagitabat
3111 917 3316 956 meam.

2226 985 2311 1041 14.
2347 987 2512 1041 Tunc
2543 1002 2658 1060 ego
2690 987 2849 1041 hunc
2881 989 3136 1044 adorsus
3155 1006 3468 1048 sermonem
3495 1011 3622 1052 sum.
3648 1001 3730 1054 Au-

2155 1074 2350 1146 distis,
2384 1076 2510 1146 ﬁlii,
2543 1075 2758 1131 librum
2791 1076 2904 1131 Job
2935 1077 3057 1149 legi
3085 1079 3220 1149 (ΞΟ),
3274 1081 3368 1151 qui
3395 1082 3612 1139 solemni
3632 1102 3729 1142 mu-

2152 1178 2295 1218 nere
2328 1165 2420 1217 est
2450 1163 2746 1218 decursus
2774 1167 2830 1218 et
2857 1166 3142 1234 tempore.
3176 1166 3355 1222 Scivit
3391 1184 3459 1224 ex
3494 1187 3593 1226 usu
3616 1172 3731 1230 hunc

2153 1251 2370 1306 librum
2403 1251 2576 1306 etiam
2609 1251 2884 1308 diabolus
2915 1253 3318 1325 intimandum,
3341 1273 3447 1328 quo
3467 1259 3630 1316 virtus
3652 1277 3734 1316 om-

2152 1340 2248 1395 nis
2279 1357 2406 1396 suae
2435 1341 2775 1397 tentationis
2805 1342 3066 1414 aperitur
3087 1346 3144 1398 et
3167 1345 3459 1417 proditur;
3487 1351 3537 1403 et
3561 1351 3668 1406 ideo
3690 1368 3734 1406 se

2153 1428 2330 1485 hodie
2387 1433 2549 1486 motu
2605 1429 2833 1502 majore
2884 1433 3210 1489 concussit.
3255 1435 3366 1490 Sed
3403 1439 3602 1508 gratias
3650 1439 3736 1495 Deo

2153 1520 2381 1589 nostro,
2427 1520 2532 1590 qui
2575 1534 2688 1575 vos
2736 1521 2815 1575 ita
2855 1521 3110 1576 ﬁrmavit
3155 1521 3270 1578 ﬁde
3317 1527 3478 1596 atque
3503 1527 3736 1596 patientia.

2153 1606 2350 1662 Unum
2378 1607 2410 1662 τ]
2417 1607 2491 1663 ob
2521 1609 2842 1664 miraturus
2862 1608 3274 1682 ascenderam,
3301 1629 3492 1670 omnes
3515 1615 3612 1670 Joh
3628 1632 3736 1688 quos

2151 1696 2418 1768 mirarer,
2451 1697 2673 1753 invent’.
2721 1698 2788 1754 In
2831 1699 3090 1772 singulis
3139 1701 3314 1756 vobis
3344 1702 3451 1758 Job
3479 1704 3678 1774 revixit,
3698 1706 3740 1760 in

2153 1785 2414 1858 singulis
2457 1787 2650 1841 sancti
2695 1785 2856 1843 illius
2910 1788 3188 1860 patientia
3231 1794 3290 1846 et
3332 1792 3512 1846 virtus
3543 1792 3738 1848 refulsit.

2153 1871 2304 1939 Quid
2333 1875 2490 1930 enim
2518 1877 2877 1946 praesentius
2897 1877 3012 1948 (21)
3042 1878 3157 1933 dici
3187 1879 3375 1949 potuit
3400 1896 3432 1934 a
3458 1879 3744 1937 Christianis

2151 1963 2320 2036 viris,
2355 1979 2530 2036 quam
2559 1965 2620 2019 id
2649 1966 2809 2036 quod
2839 1966 3014 2022 hodie
3044 1968 3106 2022 in
3134 1969 3312 2024 vobis
3341 1969 3576 2040 Spiritus
3612 1985 3743 2024 sanc-

2153 2055 2248 2106 tus
2281 2056 2372 2108 est
2399 2053 2634 2108 locutus
2656 2055 2686 2108 ‘?
2716 2055 3044 2128 Rogamus,
3085 2057 3378 2130 Auguste,
3419 2074 3532 2114 non
3567 2073 3744 2131 pugna-

2152 2157 2322 2212 mus;
2357 2157 2475 2196 non
2503 2143 2801 2213 timemus,
2835 2143 2945 2200 sed
2965 2160 3274 2217 rogamus.
3301 2146 3426 2203 Hoc
3445 2145 3746 2203 Christianos

2153 2229 2342 2302 decet,
2379 2233 2442 2286 ut
2471 2234 2530 2286 et
2559 2231 2954 2303 tranquillitas
2980 2234 3148 2304 pacis
3179 2237 3428 2307 optetur,
3461 2240 3516 2292 et
3541 2235 3657 2292 ﬁdei
3677 2251 3748 2290 ve-

2153 2320 2462 2392 ritatisque
2495 2321 2824 2376 constantia
2846 2338 2958 2376 nec
2973 2325 3182 2378 mortis
3204 2328 3513 2381 revocetur
3525 2325 3748 2396 periculo.

2155 2407 2263 2462 Est
2293 2409 2450 2464 enim
2478 2409 2624 2473 856
2677 2410 2901 2480 praesul
2937 2411 3248 2484 Dominus,
3282 2413 3384 2486 qui
3413 2413 3597 2469 salvos
3623 2413 3752 2468 faciet

2153 2500 2466 2567 sperantes
2495 2497 2558 2552 in
2589 2513 2656 2553 se
2687 2499 2900 2570 (PsaI..
2933 2517 3057 2573 xvx,
3087 2501 3165 2572 '7).

2227 2585 2314 2642 15.
2349 2585 2465 2641 Sed
2494 2587 2805 2643 veniamus
2834 2588 2906 2642 ad
2936 2591 3280 2661 pr0positas
3309 2591 3598 2648 lectiones.
3620 2590 3754 2645 Vide-

2152 2676 2230 2730 tis
2261 2675 2496 2730 diabolo
2526 2676 2788 2730 tentandi
2834 2677 3131 2734 licentiam
3180 2680 3309 2736 dari
3353 2681 3504 2752 (Job.
3534 2697 3570 2750 ι,
3601 2681 3690 2748 f2),
3715 2683 3756 2734 ut

2152 2764 2292 2820 boni
2321 2765 2666 2836 probentur.
2699 2765 2928 2822 Invidet
2953 2767 3198 2840 iniquus
3227 2768 3344 2840 (22)
3376 2771 3545 2825 bonis
3571 2768 3756 2840 profec-

2153 2854 2334 2924 tibus,
2367 2855 2549 2908 tentat
2577 2854 2836 2910 diversis
2867 2857 3084 2912 modis.
3104 2858 3381 2913 Tentavit
3410 2863 3656 2914 sanctum
3679 2855 3760 2912 Job

2153 2942 2215 2997 in
2243 2942 2614 3014 patrimonio,
2645 2945 2890 3000 tentavit
2937 2946 3000 3000 in
3043 2945 3205 3018 ﬁliis,
3257 2948 3500 3003 tentavit
3527 2948 3582 3002 in
3606 2947 3760 3001 dolore

2157 3032 2448 3104 corporis.
2482 3031 2716 3088 Fortior
2748 3032 2809 3088 in
2829 3049 2940 3090 suo
2963 3050 3212 3106 corpore
3235 3039 3509 3108 tentatur,
3532 3033 3764 3091 infirmior

2155 3122 2217 3177 in
2245 3121 2459 3176 alieno.
2492 3121 2564 3176 Et
2592 3122 2733 3176 mihi
2762 3138 2927 3178 meas
2958 3124 3217 3197 divitias,
3253 3142 3405 3198 quas
3433 3126 3492 3180 in
3511 3124 3662 3181 vobis
3686 3123 3764 3176 ha-

2155 3211 2291 3280 beo,
2325 3211 2562 3266 volebat
2588 3211 2846 3284 auferre,
2881 3216 2939 3268 et
2966 3213 3080 3269 hoc
3117 3215 3556 3288 tranquillitatis
3597 3213 3765 3267 vestra:

2155 3300 2572 3372 patrimonium
2603 3301 2898 3373 dissipare
2929 3303 3222 3374 cupiebat.
3249 3305 3375 3361 Vos
3394 3318 3615 3377 quoque
3640 3302 3766 3372 ipsos

2155 3389 2299 3444 mihi
2328 3389 2520 3444 bonos
2551 3391 2708 3446 ﬁlios
2737 3392 3028 3464 gestiebat
3057 3394 3308 3464 eripere,
3331 3410 3439 3466 pro
3459 3393 3660 3466 quibus
3683 3402 3766 3459 ego

2158 3479 2418 3550 quotidie
2445 3479 2712 3536 instauro
2741 3481 3103 3536 sacriﬁcium
3143 3498 3156 3538 :
3211 3499 3324 3539 vos
3353 3483 3540 3538 ruinis
3569 3479 3769 3552 quibus-

2157 3568 2292 3623 dam
2336 3569 2590 3640 publicae
2634 3570 3093 3641 perturbationis
3138 3573 3467 3628 conabatur
3495 3569 3765 3625 involvere.

2159 3658 2286 3713 Duo
2316 3659 2498 3730 igitur
2519 3658 2652 3730 jam
2675 3675 2898 3732 genera
2924 3661 3266 3718 tentationis
3319 3660 3546 3732 excepi.
3590 3657 3652 3713 Et
3686 3654 3772 3710 for-

2158 3750 2321 3803 tasse
2353 3749 2492 3820 quia
2519 3749 2906 3804 inﬁrmiorem
2955 3765 3047 3804 me
3095 3751 3390 3806 Dominus
3437 3751 3589 3804 Deus
3629 3742 3770 3810 novit,

2157 3837 2351 3892 adhuc
2383 3838 2444 3892 in
2475 3853 2694 3909 corpus
2723 3854 2920 3893 meum
2950 3854 3069 3894 non
3100 3840 3261 3895 dedit
3298 3841 3654 3912 potestatem.
3681 3829 3775 3888 Etsi

2158 3926 2290 3998 ipse
2323 3927 2576 3999 cupiam,
2610 3927 2724 3982 etsi
2753 3919 3016 3999 offeram,
3049 3929 3243 3985 adhuc
3274 3945 3370 3984 me
3403 3929 3647 3984 fortasse
3672 3920 3772 3976 huic

2163 4017 2468 4072 certamini
2496 4017 2782 4088 imparem
2805 4017 3052 4090 judicat,
3089 4021 3145 4072 et
3174 4018 3443 4074 diversis
3475 4015 3691 4072 exercet
3711 4009 3774 4064 la-

2159 4107 2432 4162 boribus.
2483 4107 2609 4162 Nec
2643 4107 2758 4163 Job
2792 4107 2865 4161 ab
2897 4107 3013 4163 isto
3046 4108 3224 4178 coepit
3254 4107 3593 4176 certamine,
3624 4099 3710 4157 sed
3732 4099 3775 4151 in

2163 4195 2276 4252 hoc
2309 4197 2759 4252 consummavit.

2234 4285 2320 4340 16.
2356 4285 2636 4341 Tentatus
2667 4289 2760 4341 est
2787 4288 2982 4342 autem
3027 4287 3140 4344 Job
3191 4289 3423 4344 nuntiis
3467 4276 3776 4342 coacervatis

2163 4375 2470 4446 malorum,
2503 4378 2758 4430 tentatus
2809 4380 2900 4431 est
2945 4377 3118 4432 etiam
3167 4393 3278 4448 per
3319 4376 3640 4442 mulierem,
3678 4379 3776 4440 qua?

2163 4465 2242 4520 ait
2275 4480 2288 4520 :
2341 4486 2363 4512 «
2400 4464 2506 4518 Dic
2547 4465 2786 4536 aliquod
2827 4466 3078 4522 verbum
3123 4466 3183 4522 in
3233 4468 3448 4538 Deum,
3496 4466 3556 4518 et
3596 4467 3779 4516 morere

2162 4553 2317 4625 (Job.
2363 4570 2426 4624 ιι,
2475 4554 2532 4626 9)
2567 4569 2579 4608 :
2615 4574 2642 4604 ››
2697 4554 2922 4610 Videtis
2963 4559 3180 4627 quanta
3228 4556 3433 4612 subito
3463 4550 3778 4610 moveantur:

2163 4643 2358 4714 Gothi,
2409 4659 2591 4714 arma,
2642 4643 2918 4716 gentiles,
2969 4645 3148 4700 multa
3190 4648 3605 4710 mercatorum,
3647 4645 3781 4709 pmna
3879 4705 3881 4728 ἓ

2163 4803 2298 4841 men
2344 4787 2593 4841 inditum
2640 4787 2998 4861 agbonitate,
3049 4788 3164 4844 hoc
3197 4790 3295 4844 est
3321 4785 3614 4861 goetb,_ut
3641 4778 3783 4861 altera

2165 4875 2319 4932 gens
2369 4874 2435 4912 se
2485 4875 2519 4912 a
2565 4859 2800 4932 malitia,
2849 4861 2962 4914 hoc
2983 4848 3088 4914 'est
3118 4848 3358 4932 quaet/3',
3393 4848 3781 4932 appellaverunt

2164 4919 2402 5002 Quados
2439 4946 2450 4984 :
2484 4935 2548 4984 ut
2579 4919 2798 4985 Franci
2820 4931 2958 4985 dicti
2988 4919 3181 4986 sunt}
3218 4919 3608 5002 urii'anc'hen,
3641 4945 3660 4970 υ
3695 4919 3781 5002 μου

2166 5005 2278 5070 est,
2305 5001 2564 5072 juvenes
2597 5003 2860 5072 caelibes,
2895 5003 3155 5057 nondum
3185 5003 3404 5057 mariti.
3428 5002 3509 5054 Ita
3537 4997 3780 5072 Nannius.

2164 5068 2434 5152 Innuitux-
2474 5089 2639 5152 ergo
2667 5074 2740 5152 ab
2790 5068 3109 5129 Ambrosio
3168 5089 3436 5152 synaxes
3481 5068 3782 5124 Arianorum

2164 5144 2355 5198 fuisse
2387 5144 2829 5200 ambulatorias.

2235 5217 2348 5286 (ΞΟ)
2385 5217 2554 5270 Rom.
2589 5217 2752 5287 edit.,
2791 5240 2812 5264 «
2848 5217 3063 5272 librum
3094 5216 3207 5273 Job
3238 5215 3419 5272 hodie
3450 5211 3582 5282 legi-
3611 5231 3640 5288 _".

2237 5273 2350 5358 (21)
2384 5289 2554 5342 Hom.
2587 5273 2906 5357 edit.'sola,
2945 5311 2966 5334 α
2993 5290 3140 5354 Quid
3165 5289 3326 5343 enim
3356 5273 3706 5359 praestantius
3724 5273 3776 5359 '2’}.

2166 5343 2506 5414 At‘minime
2542 5343 3311 5430 mutandum'praeseutius;
3356 5343 3518 5430 idem
3553 5351 3689 5430 et}qu
3713 5343 3783 5430 εξί

2167 5445 2235 5484 ac
2273 5431 2326 5484 si
2355 5432 2588 5486 scribas
2624 5447 2635 5486 :
2667 5420 2973 5494 Quodnam
3003 5433 3221 5486 dictum
3253 5420 3330 5486 ab
3361 5429 3550 5482 animo
3567 5420 3670 5494 sibi
3689 5428 3782 5494 niti;
3877 5439 3879 5468 τ

2163 5481 2606 5574 aggressus,
2624 5481 3550 5574 'a‘aranea;amarciem
3589 5481 3782 5574 Ροίιιὲἒῗ

2235 5567 2348 5646 (272)
2388 5567 2614 5649 phines
2661 5575 2833 5649 ediit.,_
2880 5595 2903 5622 ιι
2936 5567 3526 5649 Ιηνίὰθι-ἱηξῐξιὶρᾳεβ
3559 5586 3580 5614 υ
3611 5567 3780 5649 0111395

2160 5641 2527 5704 mssfnihilo
2560 5641 2840 5707 deteriori
2870 5660 3076 5722 sensu,
3114 5669 3135 5695 α
3173 5644 3403 5703 Invidet
3429 5641 3669 5714 iniquus.
3699 5650 3720 5682 ι
