3942 6168
226 316 349 386 1041

1311 301 1928 367 EPISTOLARUM
1971 292 2310 367 CLASSIS
2352 304 2403 368 Ι.

3450 278 3637 368 1οη
3688 300 3691 303 ‘

207 520 522 575 sanctorum.
555 511 873 567 Advertitis
906 509 1048 582 quid
1075 509 1378 583 jubeatur,
1413 525 1547 564 cum
1577 490 1822 565 manda-
1849 484 1907 549 Α
1936 524 2165 579 perare,
2201 512 2330 565 esto
2360 510 2482 565 Deo
2513 508 2809 565 subditus.
2844 509 3141 580 Scriptum
3172 494 3297 565 est;
3329 507 3473 574 Quae
3499 507 3608 564 Dei

207 614 313 663 tur:
333 604 505 660 Trade
521 601 844 669 basilicam,
866 601 982 655 hoc
1004 602 1121 655 est:
1152 620 1175 649 α
1203 600 1306 654 Dic
1320 598 1556 670 aliquod
1576 597 1823 652 verbum

203 699 254 752 in
279 696 462 762 Deum,
498 694 551 745 et
578 706 826 745 morere.
874 713 895 737 η
949 689 1073 743 Nec
1124 689 1318 743 solum
1367 688 1460 742 die
1507 688 1825 741 adversum

206 786 381 851 Deum,
412 782 511 835 sed
544 780 712 834 etiam
754 779 845 833 fac
883 778 1176 835 adversus
1226 779 1432 833 Deum.
1479 777 1820 832 Mandatur:

202 873 362 927 Trade
390 869 580 924 altaria
611 869 737 923 Dei.

256 978 332 1032 17.
363 976 647 1049 Urgemur
668 976 849 1048 igitur
870 977 1184 1046 praeceptis
1209 975 1535 1048 regalibus,
1562 975 1667 1029 sed
1688 991 1821 1030 con-

193 1068 458 1122 firmamur
484 1064 802 1135 Scripturm
853 1066 1254 1135 sermonibus,
1289 1081 1422 1137 quae
1472 1067 1811 1136 respondit:

196 1180 213 1208 ι
234 1157 509 1226 Tanquam
529 1169 641 1209 una
654 1155 1161 1225 exinsipientibus
1174 1156 1369 1210 locuta
1382 1171 1449 1210 es
1465 1154 1646 1225 (Ibid.
1665 1155 1773 1226 10).
1795 1179 1816 1203 »

191 1245 303 1300 Non
336 1243 645 1298 mediocris
685 1244 868 1316 igitur
897 1244 1011 1299 ista
1044 1245 1322 1313 tentatio;
1356 1259 1610 1317 namque
1641 1260 1821 1315 aspe-

189 1334 351 1388 riores
378 1333 728 1387 tentationes
760 1333 869 1387 has
901 1350 1040 1389 esse
1075 1333 1487 1405 cognovimus,
1521 1350 1653 1405 quae
1676 1334 1822 1389 ﬁunt

186 1438 274 1494 per
301 1422 589 1476 mulieres.
622 1422 887 1494 Denique
918 1440 1024 1493 per
1054 1423 1238 1477 Evam
1272 1424 1444 1478 etiam
1477 1423 1662 1477 Adam
1680 1439 1821 1493 sup-

183 1512 443 1581 plantatus
474 1513 569 1565 est
598 1511 772 1581 (Gen.
806 1529 889 1581 ιιι,
918 1512 972 1582 6)
1000 1528 1014 1581 ;
1048 1527 1236 1583 eoque
1259 1510 1497 1581 factum,
1518 1514 1627 1567 uta
1660 1528 1822 1566 man-

182 1600 308 1653 datis
361 1599 707 1655 coelestibus
770 1601 1050 1655 deviaret.
1110 1600 1235 1666 Quo
1296 1616 1497 1656 errore
1558 1602 1817 1673 cognito,

178 1688 644 1760 praevaricatricis
680 1690 1062 1745 conscientiae
1107 1706 1246 1745 reus
1294 1690 1475 1745 latere
1525 1690 1817 1762 cupiebat,

176 1777 266 1832 sed
284 1776 454 1832 latere
474 1793 599 1832 non
620 1780 881 1849 poterat;
921 1781 977 1833 et
999 1779 1128 1834 ideo
1148 1780 1225 1833 ait
1247 1780 1301 1834 ei
1332 1780 1492 1834 Deus
1517 1796 1528 1834 :
1558 1801 1580 1829 α
1606 1780 1814 1851 Adam,

173 1866 256 1920 ubi
285 1882 347 1921 es
390 1866 573 1938 (Ibid.
606 1868 707 1937 9)?
755 1890 777 1915 ι»
828 1868 942 1923 hoc
988 1871 1097 1938 est,
1150 1870 1249 1940 qui
1299 1885 1433 1923 cras
1482 1871 1666 1924 ante?
1713 1869 1814 1925 ubi
1844 1862 1898 1925 Β

170 1970 306 2009 nunc
334 1971 469 2011 esse
505 1956 745 2027 coepisti
766 1958 795 2011 ε)
827 1957 926 2011 ubi
956 1960 1010 2012 te
1041 1958 1506 2013 constitueram?
1536 1974 1653 2030 quo
1685 1959 1815 2029 ipse

167 2047 571 2117 transgressus
585 2061 652 2100 es
663 2047 692 2100 ‘?
704 2047 747 2099 A
758 2046 1004 2117 gnoscis
1020 2062 1157 2101 esse
1171 2050 1227 2100 te
1241 2047 1358 2101 nud
1368 2048 1627 2119 um,quia
1639 2048 1814 2103 bonae

164 2133 476 2189 indumenta
507 2135 653 2189 fidei
685 2135 1014 2205 perdidisti.
1050 2135 1216 2190 Folia
1250 2140 1389 2191 sunt
1424 2137 1559 2209 ista,
1593 2137 1812 2209 quibus

164 2237 302 2275 nunc
346 2223 548 2278 velare
590 2226 647 2278 te
690 2224 932 2295 quaeris.
983 2224 1327 2295 Repudiasti
1374 2225 1650 2297 fructum,
1701 2226 1814 2281 sub

159 2311 302 2365 foliis
334 2312 517 2385 Legis
554 2313 739 2368 latere
773 2313 964 2384 cupis,
998 2314 1106 2368 sed
1137 2314 1431 2384 proderis.
1461 2316 1764 2371 Recedere
1784 2333 1818 2370 a

157 2398 383 2456 Domino
417 2402 543 2457 Deo
580 2404 681 2458 tuo
725 2404 966 2473 propter
996 2419 1174 2456 unam
1221 2404 1534 2459 mulierem
1582 2404 1816 2459 deside-

155 2490 302 2560 rasti,
333 2494 656 2562 prepterea
688 2492 850 2564 fugis
883 2507 1059 2563 quem
1079 2492 1281 2547 videre
1307 2493 1642 2564 quaerebas.
1668 2494 1816 2549 Cum

155 2592 255 2632 una
276 2579 522 2635 muliere
543 2582 603 2635 te
626 2581 996 2636 abscondere
1020 2582 1297 2652 maluisti,
1322 2581 1657 2654 relinquere
1681 2599 1817 2653 spe-

150 2666 329 2722 culum
358 2670 594 2740 mundi,
629 2670 947 2725 incolatum
978 2670 1258 2741 paradisi,
1294 2671 1543 2742 gratiam
1570 2670 1811 2728 Christi.

210 2772 292 2831 18.
316 2774 466 2840 Quid
487 2778 687 2832 dicam
710 2779 867 2849 quod
887 2778 1061 2832 etiam
1082 2778 1270 2832 Eliam
1302 2778 1541 2833 Jezabel
1574 2782 1816 2835 cruente
1840 2804 1846 2809 -

142 2868 444 2932 persecuta
475 2869 581 2922 est
608 2867 724 2937 (III
740 2868 888 2939 Reg.
914 2867 1085 2936 x1x,1
1120 2867 1316 2940 seq)?
1346 2868 1504 2939 quod
1525 2869 1815 2924 Joannem

144 2951 455 3023 Baptistam
507 2956 810 3011 Herodias
856 2956 997 3011 fecit
1055 2957 1245 3012 occidi
1294 2958 1533 3025 (Matth.
1568 2975 1689 3030 xw,
1714 2959 1815 3031 3)?

138 3040 393 3117 Singulae
421 3049 632 3101 tamen
673 3045 972 3118 singulos,
1022 3045 1165 3100 mihi
1196 3062 1312 3118 quo
1360 3046 1589 3101 minora
1630 3048 1809 3121 longe

137 3134 351 3204 merita,
388 3151 463 3190 eo
503 3139 869 3190 tentamenta
912 3136 1208 3207 graviora.
1252 3136 1453 3190 Virtus
1500 3136 1808 3209 inﬁrmior,

134 3222 232 3277 sed
258 3224 398 3294 plus
429 3224 713 3296 periculi.
745 3224 1083 3279 Succedunt
1113 3225 1230 3279 sibi
1276 3224 1588 3280 mulierum
1618 3228 1807 3298 vices,
1841 3221 1894 3291 C

132 3312 493 3369 alternantur
545 3314 703 3383 odia,
767 3317 1094 3369 commenta
1154 3315 1472 3384 variantur,
1535 3316 1809 3373 seniores

131 3404 593 3473 convcniuntur,
624 3394 773 3458 857
803 3405 1150 3474 praetexitur
1187 3406 1352 3478 regis
1393 3404 1631 3478 injuria.
1666 3406 1810 3473 Quae

127 3493 264 3549 ratio
278 3494 471 3568 igitur
489 3497 593 3550 est
614 3494 907 3549 adversus
930 3495 1087 3548 hunc
1106 3495 1493 3551 vermiculum
1514 3497 1809 3568 gravioris

128 3584 467 3640 tentationis
504 3583 646 3656 (23),
679 3582 797 3638 nisi
828 3584 965 3656 quia
1006 3599 1124 3639 non
1170 3600 1283 3655 me,
1319 3584 1429 3640 sed
1471 3585 1805 3642 Ecclesiam

121 3677 579 3747 persequuntur
593 3675 621 3729 εν

187 3779 273 3837 19.
297 3782 630 3837 Mandatur
651 3780 936 3853 denique:
970 3782 1160 3837 Trade
1178 3781 1508 3838 basilicam.
1537 3783 1808 3855 Respon-

119 3870 223 3926 deo
252 3887 265 3925 :
314 3872 454 3927 Nec
490 3870 640 3926 mihi
672 3870 764 3925 fas
795 3874 887 3925 est
933 3871 1188 3941 tradere,
1220 3887 1331 3926 nec
1375 3872 1484 3927 tibi
1511 3874 1804 3946 accipere,

118 3957 465 4031 imperator,
488 3960 753 4030 expedit.
782 3961 1030 4015 Domum
1055 3960 1269 4031 privati
1290 3961 1452 4016 nullo
1472 3964 1643 4032 potes
1669 3962 1806 4033 jure

110 4050 428 4119 temerare,
453 4051 706 4105 domum
729 4049 831 4104 Dei
856 4049 1165 4104 existimas
1185 4049 1567 4105 auferendam
1588 4053 1617 4106 ?
1638 4053 1804 4108 Alle-

114 4142 281 4207 gatur
300 4138 668 4209 imperatori
688 4138 868 4193 licere
888 4139 1102 4209 omnia,
1126 4139 1319 4209 ipsius
1341 4155 1481 4194 esse
1500 4141 1801 4198 universa.

110 4226 531 4299 Respondeo:
569 4227 707 4282 Noli
735 4230 790 4282 te
840 4244 1110 4299 gravare,
1144 4228 1481 4300 imperator,
1527 4232 1588 4285 ut
1631 4234 1804 4301 putes

112 4318 163 4370 te
191 4318 253 4372 in
302 4334 400 4389 ea,
437 4333 587 4390 quae
631 4317 830 4372 divina
879 4319 1037 4387 sunt,
1087 4316 1389 4387 imperiale
1421 4318 1660 4391 aliquod
1698 4320 1804 4392 jus

104 4404 328 4464 habere
352 4408 510 4480 (24).
532 4407 743 4462 Nolite
775 4407 1079 4477 extollere,
1106 4407 1214 4462 sed
1246 4406 1301 4461 si
1321 4407 1414 4462 vis
1445 4408 1668 4463 diutius
1689 4410 1805 4463 im-

164 4549 281 4620 (23)
310 4553 404 4607 Ita
440 4568 602 4625 mss.
638 4552 861 4620 plures,
887 4554 942 4604 et
971 4551 1231 4625 potiores
1257 4566 1271 4606 :
1305 4550 1399 4604 alii
1424 4567 1587 4625 vero,
1618 4568 1798 4625 «gra-

94 4622 299 4679 viores
335 4624 717 4695 tentationes
745 4638 756 4677 :
795 4646 817 4671 »
861 4623 1020 4693 quod
1049 4624 1112 4676 ut
1142 4638 1472 4694 congruum
1491 4623 1647 4678 effici
1670 4622 1803 4695 pos-

96 4698 202 4766 set,
238 4696 393 4750 edit.
432 4694 867 4766 prmmiserunt
894 4695 1143 4766 verbum
1175 4694 1421 4748 moveri.

160 4763 280 4892 (24)
318 4763 812 4837 Imperatoribus
844 4766 902 4818 in
948 4764 1278 4819 Ecclesiam
1306 4780 1526 4836 resque
1565 4765 1799 4822 divinas

160 4856 164 4889 ι
194 4838 326 4892 lum
357 4838 481 4892 jus
508 4836 785 4892 esseiam
807 4852 987 4892 supra
1026 4836 1256 4890 dixerat
1289 4842 1535 4890 sanctus
1568 4837 1798 4892 doctor.

89 4836 326 4911 nullum
355 4836 481 4911 jus
508 4836 785 4911 esseja‘m
807 4852 987 4905 supra
1024 4836 1256 4911 digerat
1284 4842 1535 4911 sanctus
1568 4837 1798 4911 doctor,

91 4910 144 4981 et
194 4906 381 4964 infra'
420 4906 678 4981 quoque
718 4908 779 4961 in
821 4923 941 4981 suo
972 4907 1045 4961 ad
1088 4906 1560 4981 Valentinianum
1601 4906 1801 4964 libello

87 4976 289 5035 denuo
323 4976 592 5050 rep—etii.—
624 4980 787 5032 Hanc
818 4979 1125 5050 veritatem
1171 4978 1407 5048 plurimi
1426 4994 1508 5050 iac
1539 4980 1799 5034 sanctis-

86 5050 225 5104 simi
258 5054 385 5105 viri
413 5049 749 5104 laboribus
782 5049 1129 5115 innumeris,
1163 5052 1219 5103 et
1250 5049 1603 5120 quandoque
1621 5051 1797 5105 etiam

86 5124 407 5192 sanguine
444 5124 693 5193 preprio
728 5122 890 5175 tutati
923 5124 1080 5174 sunt.
1113 5121 1229 5174 Alii
1272 5136 1414 5193 vero
1456 5136 1588 5193 eam
1625 5121 1796 5178 libris

79 5191 261 5247 editis
307 5191 558 5247 invicte
582 5195 1050 5263 propugnarunt,
1093 5208 1245 5263 quos
1274 5191 1426 5246 inter
1456 5191 1792 5263 Facundus,

80 5271 301 5319 contra
328 5265 457 5319 lib.
483 5260 709 5319 Jiis'tin.
727 5260 984 5317 Ciesaris
1012 5285 1032 5309 ιι
1061 5260 1478 5318 adversustria
1500 5260 1789 5332 eapitulai

76 5332 148 5407 de
182 5336 726 5407 magnanimitate,
763 5351 876 5407 qua
909 5335 1182 5389 ecclesiae
1208 5335 1345 5403 jura
1386 5335 1458 5389 ab
1493 5336 1793 5404 episcopis

73 5405 496 5462 defendenda
528 5409 684 5474 sunt,
709 5405 1096 5460 validissimis
1121 5407 1379 5478 disputat
1399 5408 1786 5478 argumentis,

72 5478 180 5530 sed
218 5479 560 5547 praecipue
590 5478 692 5531 lib.
730 5495 828 5541 xu,
864 5493 1039 5549 quem
1073 5477 1339 5549 consule.

142 5549 272 5619 (:25)
316 5574 337 5597 η
388 5550 741 5618 Respondi:
779 5548 911 5603 Non
948 5550 1052 5603 tibi
1090 5548 1225 5602 licet
1264 5548 1430 5619 illam
1483 5549 1723 5618 habere,
1765 5572 1784 5595 ιι

68 5620 307 5675 desunt
340 5621 416 5674 in
480 5635 625 5674 mss.
662 5636 843 5689 prope
895 5620 1189 5674 omnibus.
1228 5618 1445 5673 Verum
1495 5635 1626 5673 cum
1673 5635 1791 5674 non

71 5692 285 5745 solum
333 5692 409 5745 in
472 5693 703 5746 cunctis
740 5691 877 5745 edit.
926 5692 1272 5760 habeantur,
1324 5691 1432 5745 sed
1473 5692 1644 5744 etiam
1696 5691 1787 5744 vi-

63 5762 347 5820 deantur
381 5764 608 5818 sensui
641 5778 757 5818 non
790 5779 995 5834 parum
1034 5762 1395 5832 necessaria,
1430 5777 1460 5817 e
1492 5764 1653 5818 textu
1683 5778 1784 5818 ex-

1824 4594 1877 4657 D

1939 604 2082 671 Deo,
2116 618 2248 673 quae
2280 600 2538 655 Caesaris
2560 598 2781 655 Caesari
2805 600 3046 668 (Matth.
3081 616 3226 669 xxn,
3250 597 3362 671 21).
3390 600 3481 654 Ad
3501 599 3610 654 im-

1936 695 2266 765 peratorem
2280 690 2490 761 palatia
2503 689 2892 761 pertinent,ad
2908 689 3278 744 sacerdotem
3292 688 3604 746 Ecclesiae.

1937 782 2317 837 Publicorum
2350 779 2456 834 tibi
2488 780 2769 834 moenium
2795 778 2899 851 jus
2931 779 3317 833 commissum
3347 781 3462 851 est,
3486 795 3607 835 non

1940 886 2270 926 sacrorum.
2302 870 2517 924 Iterum
2550 869 2764 923 dicitur
2800 868 3118 923 mandasse
3148 869 3601 940 imperatorem:

1938 961 2137 1015 Debeo
2169 962 2224 1014 et
2255 975 2367 1032 ego
2409 975 2583 1013 unam
2621 957 2933 1013 basilicam
2978 958 3218 1013 habere.
3255 958 3602 1029 Respondi:

1937 1050 2070 1105 Non
2120 1050 2226 1105 tibi
2270 1049 2414 1103 libet
2460 1048 2621 1103 illam
2667 1048 2887 1103 habere
2934 1048 3066 1118 (25).
3116 1046 3267 1112 Quid
3314 1047 3422 1102 tibi
3469 1064 3604 1104 cum

1937 1139 2240 1194 adultera?
2272 1138 2551 1193 Adultera
2584 1141 2675 1193 est
2704 1137 2880 1208 enim,
2907 1153 3039 1210 quae
3069 1153 3188 1193 non
3219 1139 3311 1192 est
3338 1136 3603 1210 legitimo

1933 1228 2155 1283 Christi
2189 1226 2472 1300 conjugio
2506 1227 2794 1299 copulata.

2006 1345 2094 1399 20.
2119 1345 2271 1399 Dum
2292 1344 2421 1399 haec
2442 1346 2651 1415 tracto,
2676 1345 3033 1416 suggestum
3057 1345 3151 1398 est
3172 1342 3315 1397 mihi
3337 1342 3599 1399 cortinas

1933 1435 2131 1505 regias
2164 1432 2279 1505 (26)
2313 1449 2451 1489 esse
2484 1434 2787 1504 collectas,
2820 1432 3100 1488 refertam
3144 1434 3339 1487 autem
3382 1431 3601 1504 populo

1932 1524 2262 1593 basilicam,
2292 1524 2674 1594 praesentiam
2702 1523 2817 1578 mei
2846 1537 3100 1593 poscere
3135 1537 3150 1593 ;
3183 1521 3498 1593 statimque
3529 1536 3600 1581 eo

1933 1612 2197 1667 converti
2237 1627 2574 1668 sermonem
2612 1628 2828 1682 meum,
2872 1611 3116 1667 dicens:
3169 1610 3355 1676 Quam
3392 1610 3509 1666 alta
3546 1612 3605 1667 et

1930 1700 2224 1771 profunda
2266 1701 2504 1755 oracula
2543 1704 2683 1755 sunt
2724 1700 2981 1770 Spiritus
3026 1698 3247 1755 sancti!
3295 1699 3600 1756 Matutinis

1931 1791 2098 1845 horis
2110 1791 2327 1845 lectum
2340 1792 2451 1859 est,
2465 1792 2529 1844 ut
2550 1789 2927 1858 meministis,
2942 1787 3179 1859 fratres,
3195 1788 3354 1859 quod
3366 1804 3601 1845 summo

1930 1880 2107 1934 animi
2130 1880 2334 1934 dolore
2356 1878 2824 1949 respondemus:
2864 1899 2886 1924 α
2922 1877 3105 1947 Deus,
3137 1879 3429 1932 venerunt
3446 1893 3600 1950 gen-

1929 1971 2020 2023 tes
2052 1969 2111 2022 in
2142 1968 2549 2022 haereditatum
2581 1970 2739 2021 tuam
2788 1966 2976 2036 (Psal.
3010 1983 3253 2037 Lxxvm,
3288 1966 3363 2038 1).
3415 1966 3487 2022 Et
3531 1982 3600 2023 re

1928 2074 2071 2113 vera
2104 2059 2395 2112 venerunt
2436 2057 2671 2129 gentes,
2707 2059 2764 2109 et
2802 2055 2938 2126 plus
2969 2055 3145 2110 etiam
3175 2071 3351 2130 quam
3381 2060 3595 2129 gentes

1930 2148 2259 2215 venerunt;
2306 2147 2597 2199 venerunt
2653 2144 2811 2199 enim
2856 2144 3059 2213 Gothi,
3099 2146 3156 2199 et
3215 2144 3594 2201 diversarum

1930 2236 2231 2291 nationum
2242 2233 2375 2288 viri:
2392 2236 2683 2288 venerunt
2696 2248 2828 2288 cum
2840 2233 3044 2302 armis,
3069 2236 3125 2287 et
3142 2232 3491 2289 circumfusi
3504 2250 3597 2291 oc-

1930 2326 2293 2396 cupaverunt
2304 2323 2633 2378 basilicam.
2654 2322 2783 2376 Hoc
2804 2336 2915 2376 nos
2928 2320 3123 2393 ignari
3137 2325 3254 2377 tute
3267 2321 3595 2379 altitudinis

1929 2414 2306 2485 dolebamus,
2332 2412 2441 2467 sed
2469 2413 2671 2466 nostra
2698 2409 3091 2481 imprudentia
3121 2411 3233 2482 (2'7)
3265 2411 3425 2468 aliud
3464 2413 3595 2484 opi-

1930 2503 2195 2559 nabatur.

1998 2619 2087 2675 21.
2123 2620 2427 2675 Venerunt
2470 2618 2704 2691 gentes,
2753 2617 2862 2672 sed
2906 2631 3047 2672 vere
3084 2616 3146 2672 in
3189 2616 3597 2675 haereditatem

1926 2712 2086 2765 tuam
2132 2709 2460 2778 venerunt;
2506 2706 2607 2779 qui
2655 2705 2811 2761 enim
2859 2708 3072 2779 gentes
3110 2710 3421 2779 venerunt,
3455 2707 3596 2764 facti

1928 2801 2068 2855 sunt
2096 2797 2405 2853 Cbistiani.
2429 2795 2541 2862 Qui
2556 2796 2629 2852 ad
2649 2795 3041 2852 invadendam
3060 2796 3466 2854 haereditatem
3482 2814 3595 2854 ve-

1927 2890 2160 2957 nerunt,
2184 2887 2321 2941 facti
2335 2888 2475 2941 sunt
2487 2885 2835 2941 cohaeredes
2850 2884 2976 2940 Dei.
2997 2885 3363 2942 Defensores
3375 2886 3590 2958 habeo,

1891 3045 1895 3050 ι
1926 2994 2080 3050 quos
2096 2978 2303 3033 hostes
2323 2975 2600 3046 putabam
2625 2990 2638 3030 :
2682 2974 2884 3030 socios
2911 2976 3108 3045 teneo,
3130 2991 3284 3047 quos
3304 2976 3594 3033 adversa-

1926 3069 2051 3123 rios
2073 3066 2460 3122 aastimabam.
2477 3064 2846 3135 Completum
2866 3064 3115 3120 estillud
3126 3064 3286 3136 quod
3302 3065 3375 3120 de
3393 3066 3593 3122 Domi-

1927 3173 2003 3213 no
2032 3157 2181 3212 Jesu
2208 3155 2394 3210 David
2416 3154 2701 3226 propheta
2723 3154 2955 3223 cecinit,
2979 3153 3117 3225 quia
3150 3173 3176 3205 ι
3208 3153 3402 3209 factus
3419 3158 3510 3210 est
3531 3155 3593 3211 in

1925 3261 2069 3317 pace
2100 3246 2270 3301 locus
2301 3244 2436 3317 ejus
2466 3243 2657 3313 (Psal.
2688 3260 2868 3313 Lxxv,
2897 3243 2975 3313 3),
3004 3265 3028 3291 υ
3063 3244 3151 3298 et:
3187 3242 3276 3297 Ibi
3296 3242 3594 3314 confregit

1926 3351 2148 3392 cornua
2177 3350 2441 3404 arcuum,
2477 3335 2731 3402 scutum,
2764 3331 3027 3405 gladium
3053 3333 3114 3387 et
3153 3332 3377 3387 bellum
3406 3332 3586 3400 (Ibid.

1921 3426 1998 3495 Ii).
2035 3446 2058 3477 »
2090 3424 2279 3497 Cujus
2301 3423 2457 3479 enim
2478 3422 2593 3478 hoc
2612 3437 2850 3491 munus,
2872 3421 3049 3492 cujus
3070 3432 3242 3492 opus,
3262 3421 3382 3477 nisi
3402 3424 3586 3493 tuum,

1922 3515 2169 3571 Domine
2192 3514 2336 3569 Jesu
2356 3515 2385 3567 εν
2414 3512 2674 3567 Videbas
2704 3510 2778 3565 ad
2805 3511 3088 3582 templum
3114 3512 3281 3567 tuum
3324 3514 3586 3567 armatos

1920 3606 2158 3661 venire:
2192 3604 2332 3658 hinc
2352 3615 2592 3673 gemere
2612 3601 2912 3671 populum,
2934 3602 2991 3655 et
3008 3599 3379 3672 frequentem
3407 3601 3587 3657 ades-

1920 3702 2008 3766 Se,
2044 3708 2117 3749 ne
2145 3691 2458 3748 basilicam
2495 3689 2603 3745 Dei
2640 3690 2873 3745 tradere
2912 3689 3215 3745 videretur
3245 3688 3395 3761 (28):
3446 3691 3586 3747 inde

1917 3784 2037 3838 vim
2067 3780 2352 3837 militibus
2383 3780 2681 3850 imperari.
2714 3779 2879 3834 Mors
2910 3780 3044 3834 ante
3068 3779 3276 3835 oculos
3295 3778 3441 3836 mihi
3465 3795 3481 3850 ;
3510 3795 3587 3836 ne

1919 3872 2060 3945 quid
2105 3872 2260 3926 inter
2305 3869 2436 3924 haec
2481 3868 2672 3923 furori
2717 3867 2959 3938 liceret;
3006 3868 3316 3924 inseruisti
3346 3871 3424 3939 te,
3460 3869 3584 3924 Do-

1916 3962 2094 4031 mine,
2126 3958 2383 4015 medium
2412 3957 2607 4012 fecisti
2626 3960 2872 4029 utraque
2890 3974 3071 4013 unum
3100 3957 3348 4030 (Eplies.
3379 3975 3442 4029 ιι,
3464 3958 3578 4028 14).

1916 4048 2331 4122 Compescusti
2357 4048 2638 4116 armatos,
2668 4048 2876 4102 dicens
2907 4047 3207 4118 profecto:
3240 4046 3305 4103 Si
3332 4048 3407 4103 ad
3423 4063 3585 4103 arma

1916 4140 2308 4210 concurritur,
2349 4128 2501 4192 858
2529 4136 2580 4191 si
2611 4136 2673 4190 in
2703 4136 2922 4206 templo
2952 4151 3084 4191 meo
3108 4136 3302 4192 clausi
3333 4151 3585 4191 commo-

1913 4232 2128 4285 ventur
2155 4228 2289 4300 (29),
2337 4250 2359 4275 α
2393 4243 2527 4298 quae
2557 4225 2779 4281 utilitas
2807 4225 2870 4280 in
2899 4226 3195 4298 sanguine
3226 4240 3357 4280 meo
3386 4224 3579 4295 (Psal.
3674 4224 3677 4229 ’

1913 4337 2080 4389 xxxx,
2140 4317 2275 4388 10)?
2331 4341 2353 4366 ιι
2406 4316 2638 4371 Gratias
2694 4316 2891 4387 itaque
2940 4314 3068 4383 tibi,
3127 4313 3383 4369 Christe.
3444 4314 3580 4369 Non

1913 4409 2182 4481 legatus,
2251 4421 2443 4478 neque
2508 4404 2789 4475 nuntius,
2849 4402 2958 4457 sed
3027 4422 3051 4453 ι
3123 4404 3224 4471 tu,
3291 4401 3577 4473 Domine,

1912 4552 2231 4626 pungenda
2260 4566 2378 4626 non
2409 4549 2766 4626 putavimus.

1984 4569 2030 4607 in
2082 4569 2231 4607 enaa
2260 4569 2378 4605 non
2409 4569 2766 4621 putavimus.

1984 4569 2099 4698 (ἓξ)
2128 4620 2599 4698 Cortinaeregiae
2630 4616 3063 4698 vel_a_quaeda_m
3091 4615 3273 4698 erant,
3308 4631 3442 4698 quae
3463 4615 3579 4698 ali-

1914 4687 2050 4750 cubi
2079 4687 2635 4764 'suSpendebantur,
2678 4691 2743 4743 ut
2770 4687 2941 4744 locus
2983 4688 3046 4743 in
3092 4688 3241 4743 fisco
3286 4687 3578 4759 principis

1911 4782 2052 4822 esse
2085 4766 2463 4820 indicaretur.

1982 4837 2070 4906 (‘27
2113 4837 2261 4891 Mss.
2318 4835 2559 4905 aliquot,
2615 4855 2637 4880 ‹‹

1910 4908 2045 4963 Νοιι
2075 4908 2221 4961 satis
2255 4908 2433 4961 recte.
3100 4950 3104 4953 _

1980 4979 2095 5048 (28)
2124 4978 2342 5032 Omnes
2374 4976 2535 5046 edit.,
2575 4998 2596 5048 ᾳ
2647 4991 2720 5030 ne
2766 4974 3017 5048 basilica
3064 4974 3170 5029 Dei
3200 4974 3571 5041 ,traderetur.

1907 5050 2047 5104 Inde
2076 5047 2195 5102 ’vim
2226 5049 2533 5116 militibus,
2568 5047 2946 5118 imperatori:
2980 5050 3229 5117 mortem
3261 5050 3396 5102 ante
3429 5063 3575 5102 ocu-

1907 5121 2021 5176 los.
2060 5141 2081 5171 ι
2137 5120 2284 5174 Mss.
2315 5124 2379 5173 ut
2428 5121 2488 5173 in
2532 5122 2833 5189 contextu,
2877 5118 2996 5174 nisi
3043 5118 3199 5190 quod
3245 5134 3355 5190 pro
3391 5140 3419 5190 γε
3453 5119 3576 5172 vim

1908 5191 2215 5259 militibus,
2250 5194 2385 5259 etc.,
2423 5191 2537 5245 duo
2571 5190 2809 5261 habent,
2848 5213 2869 5237 α
2904 5192 3026 5245 uta
3063 5189 3354 5244 militibus
3384 5189 3574 5259 impe-

1907 5264 2120 5317 ratoris
2154 5279 2315 5317 mors
2346 5265 2479 5316 ante
2510 5262 2737 5316 oculos.
2778 5286 2799 5309 η
2837 5261 3007 5316 Unus
3051 5278 3190 5328 ms.,
3230 5281 3253 5312 ι
3290 5261 3570 5329 Compes-

1908 5334 2081 5388 cuisti
2115 5336 2394 5402 armatos,
2429 5335 2613 5388 duces
2668 5336 2724 5388 et
2754 5334 3092 5404 praefectos.
3125 5332 3189 5387 Si
3229 5347 3391 5386 arma
3422 5345 3567 5384 con-

1907 5408 2168 5471 currunt,
2203 5405 2253 5459 si
2286 5406 2343 5459 in
2374 5404 2590 5475 templo
2622 5421 2751 5460 meo
2785 5405 2992 5473 clausi,
3026 5407 3136 5459 etc.

1976 5478 2088 5546 (€29)
2122 5477 2202 5530 lta
2234 5492 2424 5546 mss;
2479 5474 2615 5531 edit.
2658 5492 2822 5547 vero,
2871 5496 2894 5527 ι
2948 5476 3023 5530 lis
3080 5474 3502 5547 commovetur.
3541 5492 3563 5520 ι

1903 5542 2100 5603 Minus
2132 5542 2440 5603 concinne.
2482 5548 2764 5602 Nonnulli
2802 5542 2974 5618 mss,
3014 5569 3035 5593 ι(
3069 5542 3249 5618 gladii
3302 5557 3570 5618 commo-

1903 5623 2131 5695 ventur,
2174 5640 2195 5669 ι
2230 5620 2387 5674 Infra
2417 5636 2580 5695 vero,
2615 5620 2715 5695 ubi
2740 5614 3128 5695 omnesmss.
3151 5614 3378 5695 legunt,
3419 5614 3569 5695 «ini-

1901 5693 2065 5745 ratus
2116 5691 2530 5761 imperatoris;
2566 5684 2607 5738 ἰ»
2656 5690 2908 5747 habetur
2956 5689 3016 5744 in
3075 5684 3371 5743 omnibus
3402 5684 3565 5757 edit.,

1906 5784 1926 5812 α
1962 5766 2125 5818 ratus
2158 5763 2551 5833 imperatoris.
2589 5785 2609 5809 »

2686 4831 2796 4887 sed
2851 4834 3056 4888 nostra
3110 4830 3491 4902 impudentia.
3548 4854 3570 4881 ιι
