4072 6174
349 284 507 351 1051

1812 286 1879 350 S.
1909 283 2354 351 AMBROSII.

3617 293 3760 361 1052

354 503 414 560 v,
447 484 525 557 8).
558 483 803 556 Accepit
823 483 953 541 sine
975 485 1175 556 dubio,
1199 485 1425 558 accepit
1445 485 1586 558 (non
1609 483 1884 559 fallimur,
1911 487 2021 543 sed
2049 467 2206 559 Axx,
2239 488 2328 560 28,
2359 487 2450 560 29)
2480 506 2498 561 ι
2533 512 2553 537 ιι
2589 489 2730 561 quid
2760 489 2834 561 si,
2869 490 3128 562 inquam,
3162 489 3383 561 pullum
3413 489 3585 546 istum
3613 493 3679 548 ad
3703 511 3762 551 se

353 574 761 646 admonemur)
804 576 1067 632 tentandi
1116 575 1463 650 hujusmodi
1508 579 1895 648 potestatem;
1945 593 2019 632 ne
2125 578 2300 633 modo
2327 577 2515 649 jussit
2543 579 2776 649 adduci,
2811 580 3018 634 missis
3048 579 3335 650 apostolis
3368 580 3505 650 illis,
3538 582 3632 652 qui
3655 582 3765 653 jam

354 665 508 722 forte
539 664 809 736 corporis
840 665 957 720 mei
987 665 1334 722 vulneribus
1363 667 1593 737 possim
1622 683 1655 721 a
1677 666 1813 722 fidei
1833 668 2022 721 inten-

353 757 515 812 tione
545 755 834 810 revocari.
870 755 1132 828 Legistis
1163 759 1219 810 et
1247 772 1358 811 vos
1387 756 1525 827 quia
1548 756 1746 812 multis
1778 756 1873 810 his
1903 759 2024 810 ten-

355 846 499 902 tavit
545 844 657 915 (58)
702 846 971 899 sanctum
1019 845 1132 900 Job
1181 845 1489 901 diabolus:
1539 846 1612 900 ad
1657 849 2022 916 postremum

356 937 708 1007 potestatem
737 933 1083 1005 hujusmodi
1111 935 1292 1005 petiit,
1329 936 1387 989 et
1415 935 1661 1006 accepit,
1685 937 1748 989 ut
1776 936 2025 989 tentaret

359 1040 577 1094 corpus
609 1022 764 1095 ejus,
807 1025 964 1094 quod
993 1024 1252 1094 perfudit
1277 1024 1601 1080 ulceribus.

437 1105 585 1168 865
615 1113 668 1167 5.
703 1110 849 1167 Cum
880 1115 1044 1166 esset
1072 1113 1443 1183 propositum
1477 1116 1542 1168 ut
1564 1112 1851 1168 Ecclesiae
1880 1129 2026 1168 vasa

353 1201 481 1276 jam
526 1202 896 1256 traderemus
937 1199 1071 1272 (59),
1104 1201 1218 1256 hoc
1259 1202 1538 1273 responsi
1587 1202 1853 1258 reddidi:
1907 1219 2020 1274 me,

360 1291 418 1348 si
438 1292 510 1346 de
527 1291 677 1346 meis
690 1289 910 1362 aliquid
923 1293 1292 1361 posceretur,
1309 1295 1407 1346 aut
1420 1291 1662 1362 fundus,
1677 1294 1775 1346 aut
1789 1292 2022 1363 domus,

362 1383 465 1436 aut
491 1396 722 1450 aurum,
755 1382 854 1434 aut
882 1383 1214 1452 argentum,
1237 1371 1306 1434 id
1335 1381 1494 1452 quod
1523 1381 1807 1453 meijuris
1841 1385 2023 1453 esset,

359 1471 616 1526 libenter
637 1467 848 1524 offerre
873 1485 886 1524 :
918 1468 1136 1540 templo
1167 1470 1274 1524 Dei
1303 1469 1449 1524 nihil
1477 1486 1660 1540 posse
1682 1471 2023 1542 decerpere,

362 1575 474 1616 nec
500 1559 734 1614 tradere
764 1557 928 1629 illud,
954 1559 1111 1630 quod
1144 1559 1614 1627 custodiendum,
1642 1575 1761 1614 non
1789 1561 2028 1615 traden-

361 1649 503 1704 dum
537 1647 890 1718 acceperim.
924 1647 1148 1703 Deinde
1179 1648 1494 1704 consulere
1525 1665 1617 1704 me
1650 1649 1824 1703 etiam
1853 1649 2034 1720 impe-

361 1737 579 1794 ratoris
623 1736 838 1792 saluti:
884 1737 1022 1808 quia
1070 1752 1181 1792 nec
1226 1738 1372 1792 mihi
1421 1739 1726 1809 expediret
1772 1739 2025 1811 tradere,

2128 667 2290 721 exuti
2337 683 2584 738 corpore
2644 669 3308 740 incomprehensibilem
3349 669 3537 724 oculis
3566 672 3765 728 nostris

2129 757 2477 828 angelorum
2506 759 2770 828 speciem
2797 760 3060 830 gerunt?
3087 759 3298 814 Nonne
3320 758 3374 812 si
3403 758 3476 812 ab
3496 758 3679 830 aliquo
3695 776 3773 815 re-

2133 847 2397 916 sistatur,
2433 847 2661 902 dicent:
2719 871 2741 895 α
2792 848 3081 902 Dominus
3111 864 3348 918 operam
3379 847 3513 918 ejus
3557 847 3771 904 deside-

2133 936 2270 990 rat?
2305 957 2325 984 ι
2353 935 2415 990 Si
2435 937 2676 990 resistat
2697 937 2942 992 velvitee
2957 937 3139 1009 hujus
3157 937 3467 1008 cupiditas,
3493 937 3775 992 siresistat

2135 1039 2272 1080 caro
2303 1027 2359 1080 et
2388 1025 2658 1098 sanguis,
2692 1027 2745 1080 si
2777 1026 3020 1081 resistat
3037 1027 3412 1082 conversatio
3433 1025 3774 1097 corporalis;

2135 1114 2272 1184 quia
2301 1113 2600 1186 aliquibus
2631 1114 2880 1170 forsitan
2910 1116 3063 1188 grati
3093 1115 3384 1172 videmur.
3420 1114 3535 1169 Sed
3565 1114 3772 1185 quinos

2135 1201 2233 1257 hic
2264 1202 2475 1275 diligit,
2509 1203 2690 1258 multo
2722 1204 2975 1274 amplius
3006 1205 3236 1277 diliget,
3269 1205 3322 1259 si
3352 1203 3509 1258 sinat
3537 1202 3659 1258 ﬁeri
3686 1202 3780 1258 ho-

2137 1291 2312 1346 stiam
2340 1291 2580 1363 Christi,
2615 1315 2637 1339 ιι
2675 1293 2810 1364 quia
2843 1293 3116 1364 dissolvi,
3151 1295 3363 1348 etcum
3393 1291 3626 1347 Christo
3658 1307 3779 1347 esse

2137 1380 2319 1436 multo
2339 1381 2551 1436 melius
2577 1395 2590 1436 :
2625 1382 2738 1436 etsi
2767 1399 3006 1438 manere
3035 1382 3095 1437 in
3120 1398 3296 1436 carne
3314 1381 3510 1454 magis
3527 1396 3778 1435 necessa-

2138 1469 2290 1524 rium
2338 1473 2580 1542 propter
2617 1486 2729 1525 vos
2774 1471 3057 1544 (Philipp.
3090 1489 3128 1540 ι,
3163 1469 3251 1541 ‘23,
3285 1469 3400 1541 24).
3440 1491 3462 1520 ι
3507 1470 3663 1527 Nihil
3699 1473 3783 1525 est

2139 1573 2285 1632 ergo
2308 1559 2465 1631 quod
2485 1559 2827 1631 vereamini,
2844 1560 3059 1615 fratres
3077 1559 3488 1630 dilectissimi;
3505 1559 3628 1614 scio
3650 1559 3787 1613 enim

2139 1648 2277 1718 quia
2305 1648 2590 1720 quidquid
2620 1665 2841 1720 passus
2872 1649 3062 1718 fuero,
3097 1665 3206 1720 pro
3235 1647 3478 1704 Christo
3509 1650 3706 1719 patiar.
3728 1647 3787 1703 Et

2140 1729 2286 1792 866
2314 1737 2434 1809 legi
2455 1738 2613 1809 quod
2635 1753 2740 1792 eos
2763 1738 2967 1793 timere
2993 1754 3111 1793 non
3143 1737 3412 1808 debeam,
3438 1737 3540 1809 qui
3559 1740 3788 1808 possunt

362 1844 474 1885 nec
491 1827 574 1882 illi
597 1827 866 1898 accipere
893 1842 908 1897 ;
937 1826 1187 1898 accipiat
1213 1827 1370 1881 enim
1399 1843 1608 1882 vocem
1628 1827 1801 1882 liberi
1832 1844 2031 1883 sacer-
2068 1845 2117 1907 Β
2143 1841 2380 1881 carnem
2412 1827 2704 1882 occidere.
2735 1826 2808 1881 Et
2835 1826 3032 1881 audivi
3055 1827 3380 1882 dicentem:
3423 1844 3447 1877 ι
3480 1824 3590 1890 Qui
3618 1825 3787 1896 perdi-

363 1916 542 1989 dotis,
577 1917 630 1972 si
659 1915 786 1972 vult
812 1916 930 1972 sibi
959 1931 1098 1972 esse
1128 1917 1486 1985 consultum,
1505 1916 2032 1972 recedataChristi

363 2007 604 2078 injuria.

434 2098 490 2152 6.
523 2097 668 2153 Haec
697 2096 872 2168 plena
919 2095 1264 2152 humilitatis
1311 2097 1469 2167 sunt,
1520 2099 1596 2167 et,
1645 2098 1708 2151 ut
1751 2095 2027 2168 arbitror,

364 2187 538 2260 plena
551 2185 799 2242 affectus
817 2185 952 2259 ejus
975 2202 1149 2259 quem
1163 2185 1503 2258 imperatori
1526 2185 1701 2241 debet
1721 2186 2028 2242 sacerdos.

365 2277 485 2334 Sed
514 2277 652 2350 quia
687 2298 710 2325 α
745 2277 901 2333 lucta
931 2277 1106 2332 nobis
1130 2279 1222 2332 est
1243 2292 1362 2332 non
1381 2275 1576 2332 solum
1591 2275 1884 2332 adversus
1907 2292 2034 2330 car-

367 2383 504 2423 nem
533 2369 591 2422 et
620 2367 1015 2440 sanguinem;
1061 2367 1171 2422 sed
1201 2367 1395 2436 etiam,
1430 2366 1586 2437 quod
1635 2365 1880 2437 gravius
1920 2367 2034 2436 est,

367 2456 661 2512 adversus
679 2456 966 2528 spiritalia
983 2456 1282 2528 nequitiis,
1299 2472 1432 2527 qum
1455 2456 1594 2509 sunt
1609 2455 1670 2508 in
1689 2454 2036 2510 cmlestibus

367 2545 615 2618 (Ephes.
642 2563 724 2616 v1,
757 2544 869 2616 12),
905 2568 927 2594 ιι
961 2548 1214 2600 tentator
1242 2544 1342 2599 ille
1390 2543 1663 2598 diabolus
1713 2560 1822 2614 per
1858 2543 2038 2598 mini-

368 2639 532 2692 stros
553 2651 702 2692 suos
723 2637 1022 2691 certamen
1039 2635 1237 2707 auget,
1259 2633 1611 2688 vulneribus
1630 2634 1900 2704 corporis
1922 2633 2038 2688 mei

369 2725 796 2797 experiendum
816 2724 1151 2779 arbitratur.
1176 2723 1334 2794 Scio,
1358 2722 1593 2793 fratres,
1617 2722 1862 2778 vulnera
1884 2723 2036 2793 haec,

369 2831 506 2888 quae
534 2829 643 2886 pro
672 2812 909 2868 Christo
940 2812 1293 2884 excipimus,
1317 2828 1436 2867 non
1458 2828 1596 2867 esse
1617 2812 1884 2883 vulnera,
1908 2811 2040 2884 qui-

367 2903 487 2962 bus
513 2903 636 2958 vita
663 2918 784 2958 non
811 2901 1094 2957 amittitur
1120 2901 1255 2976 (60),
1289 2902 1398 2958 sed
1429 2904 1809 2975 propagatur.
1829 2901 2034 2971 Sinite,

372 3008 603 3066 quaeso,
625 3007 765 3048 esse
783 2994 1082 3047 certamen
1107 3006 1121 3048 :
1154 2994 1522 3064 spectatores
1542 3007 1654 3047 vos
1676 3007 1816 3047 esse
1846 2991 2035 3046 decet.

370 3081 757 3140 Considerate
787 3081 925 3154 quia
958 3081 1010 3136 si
1042 3080 1281 3153 quidem
1309 3082 1488 3137 habet
1510 3081 1718 3136 civitas
1743 3081 1833 3136 vel
1850 3080 2040 3135 athle-

370 3174 510 3244 tam,
538 3172 636 3228 vel
663 3171 908 3228 alterius
925 3172 1145 3227 nobilis
1166 3171 1312 3227 artis
1343 3171 1615 3242 peritum,
1640 3174 1799 3242 optat
1827 3169 2040 3226 offerre

372 3263 701 3319 certamini.
724 3261 844 3318 Cur
871 3262 932 3317 in
955 3261 1286 3335 majoribus
1309 3261 1492 3317 rebus
1514 3261 1858 3332 repudiatis,
1883 3261 2042 3332 quod

372 3353 470 3410 vel
498 3353 561 3408 in
591 3352 924 3408 minoribus
953 3353 1107 3407 velle
1138 3353 1480 3408 consuestis
1499 3352 1529 3406 ‘2
1558 3351 1688 3406 Non
1726 3350 1930 3405 metuit
1959 3367 2049 3404 ar-

373 3459 491 3514 ma,
522 3457 644 3499 non
670 3441 984 3513 barbaros,
1017 3442 1115 3513 qui
1147 3443 1395 3497 mortem
1418 3455 1536 3495 non
1556 3439 1740 3509 timet,
1765 3439 1868 3511 qui
1885 3439 2046 3494 nulla

378 3532 578 3588 carnis
607 3532 905 3604 voluptate
934 3532 1240 3588 retinetur.

445 3622 501 3678 7.
523 3622 696 3679 Certe
717 3623 772 3678 si
790 3622 1078 3679 Dominus
1101 3620 1239 3676 huic
1261 3635 1374 3676 nos
1396 3618 1704 3676 certamini
1725 3617 2044 3690 deputavit,

2144 1915 2295 1970 derit
2350 1916 2604 1970 animam
2663 1932 2832 1971 suam
2888 1919 3131 1988 propter
3185 1931 3301 1987 me,
3363 1916 3624 1973 inveniet
3679 1929 3788 1970 eam

2143 2004 2382 2076 (Matth.
2417 2022 2476 2076 x,
2508 2005 2620 2074 39).
2666 2029 2688 2054 ι.

2215 2095 2270 2148 9.
2304 2093 2464 2167 Ergo
2499 2095 2554 2149 si
2584 2095 2710 2150 vult
2740 2094 3050 2164 Dominus,
3084 2097 3309 2150 certum
3332 2096 3428 2148 est
3444 2094 3602 2166 quod
3617 2093 3790 2148 nullus

2146 2183 2419 2239 obsistat.
2451 2182 2620 2249 Quod
2652 2184 2708 2238 si
2762 2184 2955 2238 adhuc
3011 2187 3215 2238 nostra
3246 2182 3448 2241 differt
3478 2183 3790 2251 certamina,

2147 2272 2287 2344 quid
2319 2273 2649 2328 veremini?
2687 2271 2938 2328 Servum
2975 2272 3194 2328 Christi
3224 2289 3345 2328 non
3381 2273 3648 2328 custodia
3676 2287 3791 2326 cor-

2146 2361 2390 2433 poralis,
2427 2363 2534 2416 sed
2567 2363 2796 2417 Domini
2825 2362 3196 2432 providentia
3241 2363 3446 2432 sepire
3488 2361 3792 2417 consuevit.

2220 2449 2308 2506 10.
2343 2451 2586 2506 Turbati
2617 2451 2765 2505 estis
2784 2451 2920 2523 quia
2941 2454 3175 2522 apertas
3209 2451 3528 2522 repet-istis
3552 2451 3795 2523 geminas

2149 2539 2333 2610 fores,
2368 2555 2518 2611 quas
2551 2543 2759 2610 captus
2791 2540 2981 2596 oculis
3029 2540 3286 2611 quidam,
3323 2540 3469 2595 dum
3500 2539 3796 2610 hospitium

2148 2629 2456 2700 proprium
2475 2630 2704 2700 repetit,
2728 2629 3086 2699 patefecisse
3107 2633 3494 2684 memoratur.
3515 2629 3579 2683 In
3596 2644 3704 2700 quo
3717 2643 3799 2682 co-

2150 2718 2426 2790 gnoscite
2464 2717 2622 2788 quod
2660 2718 2808 2772 nihil
2839 2717 3202 2790 suffragetur
3238 2718 3502 2772 humana
3531 2716 3794 2772 custodia.

2152 2806 2307 2870 Ecce
2339 2823 2494 2862 unus
2524 2807 2625 2878 qui
2653 2807 2894 2862 videndi
2923 2823 3140 2861 munus
3171 2807 3393 2877 amisit,
3415 2807 3594 2862 solvit
3621 2807 3794 2861 vestra

2149 2896 2431 2952 universa
2468 2896 2812 2966 munimina,
2855 2899 2912 2951 et
2950 2896 3255 2951 custodias
3295 2897 3475 2952 lusit:
3537 2895 3795 2951 Dominus

2152 2988 2346 3040 autem
2385 3001 2513 3040 sua;
2551 2985 2980 3040 misericordiae
3041 2985 3374 3040 custodiam
3435 3001 3554 3040 non
3607 2983 3798 3038 amisit.

2152 3075 2365 3132 Nonne
2396 3078 2528 3130 ante
2559 3074 2825 3145 biduum,
2856 3077 2920 3129 ut
2949 3074 3324 3143 meministis,
3361 3075 3538 3129 etiam
3566 3072 3702 3128 illud
3729 3086 3800 3126 re-

2153 3167 2384 3235 pertum
2415 3167 2527 3234 est,
2559 3166 2718 3236 quod
2747 3180 2780 3218 a
2810 3167 2974 3235 parte
3014 3164 3163 3218 laeva
3202 3164 3478 3219 basilicae
3510 3163 3798 3236 ingressus

2155 3254 2390 3326 quidam
2424 3255 2668 3325 pervius
2701 3254 2828 3324 fuit,
2862 3268 3036 3325 quem
3066 3252 3364 3323 putabatis
3389 3253 3654 3308 clausum
3684 3263 3802 3306 esse

2155 3348 2328 3416 atque
2346 3344 2674 3400 munitum?
2693 3344 3018 3416 Sepserunt
3037 3359 3245 3414 nempe
3265 3345 3479 3400 armati
3498 3343 3801 3408 basilicam,

2157 3433 2544 3504 explorabant
2575 3434 2687 3490 hos
2717 3436 2892 3506 atque
2932 3433 3067 3487 illos
3106 3432 3343 3490 aditus:
3406 3434 3661 3488 caecitate
3687 3444 3806 3501 per-

2158 3522 2278 3578 fusi
2309 3526 2467 3593 sunt,
2488 3526 2550 3578 ut
2578 3523 2735 3596 quod
2757 3525 3024 3594 apertum
3040 3524 3164 3577 erat
3184 3522 3393 3578 videre
3413 3539 3530 3578 non
3550 3519 3802 3593 possent:

2157 3613 2354 3684 itaque
2384 3628 2492 3683 per
2517 3613 2802 3683 plurimas
2853 3614 3060 3666 noctes
3109 3611 3268 3683 quod
3315 3615 3586 3682 apertum
3631 3607 3803 3673 fuerit,

375 3713 601 3770 frustra
628 3712 956 3786 pervigiles
983 3714 1069 3767 tot
1095 3710 1373 3767 noctibus
1404 3712 1462 3766 et
1491 3709 1707 3765 diebus
1739 3708 2044 3764 custodias

378 3786 814 3861 exhibuistisi'et
835 3801 1122 3858 excubias
1139 3815 1152 3856 :
1168 3800 1507 3872 implebitur
1516 3799 1739 3855 Christi
1751 3798 2046 3854 voluntas.
2085 3801 2088 3805 '

379 3880 768 3963 Omnipotens
789 3891 947 3948 enim
968 3893 1176 3947 noster
1185 3891 1278 3946 est
1289 3891 1576 3946 Dominus
1590 3889 1624 3945 J
1629 3904 1794 3959 esus,
1815 3889 1945 3944 haec
1958 3887 2058 3943 est

381 3981 535 4038 fides
552 3983 792 4053 nostra;
823 3985 881 4038 et
901 3981 1034 4037 ideo
1055 3981 1211 4053 quod
1234 3979 1364 4036 fleri
1393 3980 1650 4051 mandat,
1674 3978 2012 4050 implebitur
2036 3992 2052 4048 ;

381 4087 495 4130 nec
524 4071 803 4128 convenit
832 4087 946 4128 nos
977 4070 1194 4126 divinae
1224 4069 1340 4143 (61)
1371 4069 1614 4126 obviare
1645 4067 1978 4124 sententiae.

453 4161 510 4219 8.
540 4161 810 4218 Audistis
841 4160 1001 4234 quod
1031 4160 1207 4216 hodie
1237 4160 1456 4216 lectum
1503 4159 1617 4213 sit:
1669 4156 1904 4212 Pullum
1935 4154 2052 4210 sibi

384 4251 573 4308 asinae
589 4251 863 4308 Salvator
876 4265 984 4323 per
1009 4250 1316 4322 apostolos
1341 4249 1529 4321 jussit
1557 4246 1789 4314 adduci,
1811 4243 2056 4298 manda-

381 4341 585 4414 vitque
614 4342 680 4397 ut
707 4340 762 4397 si
793 4340 929 4414 quis
951 4341 1262 4396 resisteret
1282 4338 1416 4409 (6‘2),
1442 4337 1771 4392 diceretur:
1808 4353 1831 4384 ι
1861 4331 2056 4388 Ι)οωί-

383 4447 502 4488 nus
534 4446 776 4504 operam
813 4430 950 4502 ejus
990 4429 1288 4485 desiderat
1317 4427 1481 4498 (Luc.
1515 4443 1641 4494 xix,
1672 4424 1803 4489 35):
1842 4446 1864 4471 η
1907 4420 2061 4486 Quid

2159 3718 2280 3757 non
2308 3702 2620 3774 ignoratis.
2656 3701 2918 3756 Desinite
2951 3716 3095 3772 ergo
3143 3701 3492 3772 sollicitari;
3549 3699 3678 3772 quia
3707 3697 3804 3751 hoc

2161 3791 2291 3860 erit,
2325 3791 2483 3863 quod
2510 3789 2789 3845 Christus
2817 3789 3008 3862 jubet,
3044 3792 3102 3844 et
3138 3789 3296 3860 quod
3326 3804 3470 3844 esse
3502 3786 3744 3858 expedit.

2235 3880 2322 3935 11.
2358 3879 2623 3951 Denique
2651 3879 2920 3950 exempla
2948 3878 3123 3933 vobis
3153 3878 3308 3950 legis
3338 3877 3656 3948 proferam.
3704 3871 3804 3928 Eli-

2166 3986 2329 4026 sieus
2342 3968 2717 4041 quaerebatur
2727 3985 2761 4022 a
2775 3983 2916 4041 rege
2930 3967 3138 4039 Syriae,
3155 3968 3384 4022 missus
3399 3970 3524 4022 erat
3537 3963 3804 4021 exercitus

2167 4059 2267 4131 qui
2300 4074 2435 4113 eum
2459 4059 2714 4128 caperet,
2739 4057 3216 4112 circumvallatus
3238 4059 3362 4110 erat
3385 4056 3677 4128 undique:
3707 4065 3805 4106 cm-

2167 4148 2251 4218 pit
2279 4148 2484 4202 timere
2515 4146 2650 4218 ejus
2683 4146 3002 4213 servulus;
3055 4145 3192 4216 quia
3221 4146 3506 4200 servulus
3545 4145 3684 4211 erat,
3712 4140 3806 4194 hoc

2168 4239 2280 4307 est,
2307 4252 2425 4291 non
2443 4240 2567 4291 erat
2583 4235 2786 4290 liberae
2809 4235 3028 4290 mentis
3057 4239 3112 4289 et
3131 4234 3338 4290 liberae
3355 4234 3679 4305 potestatis.
3708 4229 3806 4282 Pe-

2169 4326 2299 4381 tivit
2345 4325 2561 4396 aperiri
2600 4324 2735 4397 ejus
2768 4323 2976 4380 oculos
3008 4326 3254 4378 sanctus
3293 4324 3598 4394 prapheta,
3631 4322 3684 4375 et
3706 4316 3804 4370 ait:

2178 4438 2200 4463 α
2238 4416 2515 4486 Respice,
2549 4417 2606 4470 et
2634 4414 2770 4469 vide
2814 4416 3031 4485 quanto
3063 4413 3265 4483 plures
3315 4413 3435 4466 sint
3481 4426 3586 4482 pro
3631 4404 3804 4468 nobis:

385 4522 442 4578 si
472 4525 530 4578 et
545 4537 703 4577 nunc
723 4519 948 4592 pullum
981 4519 1160 4572 istum
1190 4517 1398 4585 asinae,
1423 4515 1538 4570 hoc
1560 4516 1670 4584 est,
1691 4511 1828 4584 ejus
1846 4512 2066 4566 anima-

2174 4521 2349 4576 quam
2380 4507 2582 4559 contra
2620 4518 2732 4558 nos
2772 4501 2890 4572 (IV
2913 4502 3062 4574 Reg.
3095 4518 3174 4570 vr,
3209 4500 3319 4571 16).
3359 4524 3380 4548 n
3432 4499 3502 4554 Et
3547 4491 3801 4566 respexit,

385 4576 467 4668 lis
482 4576 656 4684 quod
685 4576 931 4684 gravem
963 4607 1256 4662 sarcinam
1285 4576 1521 4676 portare
1553 4576 1885 4671 consuevit,
1907 4600 2064 4655 sicut
2087 4579 2142 4641 ο
2174 4598 2232 4650 et
2259 4593 2405 4684 vidit
2433 4591 2778 4684 angelorum
2823 4590 3024 4684 millia.
3060 4589 3417 4684 Advertistis
3452 4587 3642 4684 igitur
3663 4576 3802 4684 quod

393 4702 488 4757 est
514 4701 772 4757 humana
801 4697 1080 4768 conditio,
1115 4695 1211 4752 cui
1241 4695 1458 4751 dicitur
1489 4709 1501 4749 :
1542 4715 1566 4742 α
1600 4692 1810 4748 Venite
1839 4691 1911 4744 ad
1945 4704 2059 4760 me,

395 4805 606 4846 omnes
635 4789 737 4862 qui
765 4787 1070 4857 laboratis,
1105 4789 1164 4842 et
1204 4784 1430 4842 onerati
1473 4783 1642 4852 estis,
1691 4784 1749 4836 et
1796 4795 1910 4853 ego
1953 4794 2062 4834 vos

397 4877 700 4936 reﬁciam:
731 4878 915 4934 tollite
926 4877 1145 4951 jugum
1161 4891 1378 4947 meum,
1397 4873 1536 4947 quia
1555 4872 1686 4928 leve
1709 4873 1803 4928 est
1822 4868 2062 4942 (Matth.

475 5169 592 5244 (58)
612 5166 840 5244 __O_mnes
869 5163 1036 5244 ξᾷῇι.2
1069 5185 1094 5213 α
1127 5163 1326 5244 multis
1371 5161 1504 5244 aliis
1531 5160 1775 5244 tentavit
1785 5175 1808 5244 3
1861 5177 1884 5208 ι
1919 5172 2068 5244 mss.

407 5231 698 5310 nonnulli,
733 5259 756 5288 ι
790 5236 991 5292 multis
1016 5231 1371 5310 tentavitje
1404 5235 1504 5288 alii
1522 5233 1714 5310 multo
1746 5231 1967 5310 plures,
2003 5243 2073 5283 ac

409 5301 565 5374 notae
623 5301 894 5400 potioris,
949 5332 991 5400 τ’
1024 5308 1226 5400 multis
1274 5301 1370 5364 his
1413 5305 1742 5400 teqtavit,»
1799 5301 2075 5400 nimirum

412 5372 682 5460 corporis
740 5372 1112 5460 vulneribus.
1166 5380 1316 5460 Nam
1364 5378 1523 5460 quod
1569 5374 1965 5460 subjungit‘gi
2003 5372 2074 5460 ad

409 5447 798 5533 postremum
833 5457 1204 5533 potestatem,
1246 5447 1442 5533 etc.,__3
1497 5448 1680 5533 hujus
1738 5447 2076 5501 tentationis

411 5523 682 5604 probatio
713 5523 976 5604 est,_n9_n
1004 5525 1248 5604 alterius
1280 5523 1615 5594 explicatio.
1774 5603 1781 5604 γ
1817 5602 1851 5604 (Α
1909 5586 1920 5598 .

486 5601 601 5674 (59)
619 5601 800 5656 Erant
811 5595 1187 5674 inﬁcclesiis
1205 5595 1320 5649 duo
1343 5607 1622 5674 vasorum
1643 5602 1882 5674 genere,
1900 5595 2077 5674 infau-

462 5655 762 5728 uratorum
785 5669 1036 5738 scilicet,
1069 5685 1203 5739 quae
1236 5665 1428 5720 sacris
1457 5655 1758 5739 mysteriis
1792 5655 2081 5739 inservie-

462 5690 762 5728 uratorum
785 5690 1036 5738 εϐιιιῠθι,
1069 5690 1203 5739 qua:
1236 5690 1428 5720 sacris
1459 5690 1758 5730 Inguen-ua
1793 5690 1941 5710 Iuoun
1968 5690 2080 5708 nu-

416 5690 581 5818 Eant,
630 5745 690 5799 et
730 5757 937 5802 corum
979 5755 1115 5817 quae
1157 5739 1398 5810 prepter
1453 5730 1706 5805 pretium
1754 5731 1853 5785 aut
1895 5729 2080 5785 artem

2175 4682 2450 4738 servulos
2469 4680 2689 4734 Christi
2707 4681 2746 4734 ii
2772 4680 2962 4751 magis
2987 4679 3340 4746 custodiant,
3366 4677 3466 4749 qui
3485 4691 3598 4730 non
3623 4671 3802 4725 viden-

2175 4773 2289 4842 tur,
2313 4787 2489 4842 quam
2509 4770 2611 4840 qui
2632 4769 2923 4823 videntur.
2941 4767 3056 4822 Sed
3079 4770 3135 4822 et
3156 4767 3243 4820 illi
3265 4767 3318 4820 si
3341 4763 3680 4828 custodiant,
3697 4769 3805 4810 ves-

2175 4861 2285 4918 tris
2299 4859 2638 4916 custodiunt
2655 4857 3021 4914 orationibus
3042 4855 3343 4911 advocati:
3368 4852 3598 4928 legistis
3619 4856 3800 4914 nempe

2180 5165 2350 5205 suam
2361 5148 2514 5202 inter
2530 5147 2868 5202 ornamenta
2883 5138 3483 5200 numerabantur.Scd
3496 5137 3617 5191 haec
3632 5127 3798 5205 fusius

2181 5198 2852 5291 alibi—ix?eiiié."é}ip.'
2879 5198 3328 5291 28”,_num..-_136,
3362 5209 3638 5291 aspllicata

2253 5292 2365 5362 (60)
2399 5290 2546 5344 Edit-
2583 5282 2810 5358 omnes;
2840 5310 2862 5336 α
2898 5282 3116 5362 quibus
3139 5282 3593 5362 vita_z_m_i_iuitur:
3623 5298 3642 5321 ι»
3674 5282 3800 5362 ipsi.

2184 5380 2216 5418 e
2260 5349 2577 5429 contrario,
2616 5384 2637 5407 α
2684 5349 2807 5413 non
2844 5349 3140 5431 amittitur.
3183 5377 3204 5405 ι
3252 5349 3629 5431 Meliusihie
3669 5350 3798 5396 enim

2187 5420 2638 5504 conjunction'es
2669 5431 2883 5501 quippe
2915 5429 3008 5482 vel
3042 5430 3248 5507 utpote.
3271 5420 3697 5504 subaudiuntur.

2257 5506 2370 5557 (61)
2392 5505 2537 5557 Mss.
2563 5503 2801 5557 aliquot.
2824 5523 2846 5547 ιι
2873 5516 2980 5554 nec
3000 5495 3635 5554 convenitvosdivmae,
3660 5507 3679 5530 ι
3703 5482 3794 5557 etc;

2257 5506 2370 5576 (61)
2392 5506 2537 5559 Mss.
2563 5506 2801 5572 aliquot,
2824 5523 2846 5547 ιε
2873 5516 2980 5554 nec
3000 5506 3635 5554 convenitvosdivmae,
3660 5507 3679 5530 ι
3703 5506 3794 5534 vw-

2259 5576 2538 5649 (6‘2)Hmc
2559 5574 2796 5649 quidem
2827 5572 3002 5649 lectio
3035 5547 3798 5649 DominicaPalma13131132t

2263 5626 2371 5649 \"'—/
2399 5626 2492 5628 —_"
2520 5626 2529 5627 ί
2581 5626 2597 5644 ι
3260 5640 3269 5650 .
3420 5637 3430 5647 -
3621 5628 3629 5636 '
3765 5633 3776 5646 ο

2231 5648 2445 5719 ropria,
2467 5647 2728 5719 sedAcum
2753 5644 2956 5719 eadem
2975 5658 3119 5719 casu
3153 5643 3390 5694 recntata
3416 5634 3561 5719 infra
3581 5626 3791 5682 dicatuh

2231 5666 2445 5719 ιὀρνιθ,
2471 5666 2574 5700 860
2596 5666 2728 5699 cum
2753 5666 2956 5698 BUUUIII
2981 5666 3118 5696 casu
3156 5666 3390 5694 l‘UUIlutu
3417 5666 3561 5716 ιξιιιιι

2187 5666 2318 5777 haec
2347 5734 2419 5775 eo
2449 5717 2543 5774 die
2573 5715 2726 5772 facta
2755 5714 2944 5769 fuisse
2975 5712 3113 5768 hinc
3143 5727 3262 5768 non
3293 5708 3569 5782 sequitur.
