4072 6174
246 334 408 397 1053

1415 330 2032 396 EPISTOLARUM
2091 331 2429 396 CLASSIS
2456 333 2505 395 Ῑ.

3563 327 3720 398 1054

247 550 355 591 eos
374 533 575 608 ipsos,
618 533 718 604 qui
750 531 1033 587 Elismum
1053 532 1416 604 quaerebant,
1449 533 1772 605 ingressos
1794 547 1933 590 esse
1958 515 2008 578 Α
2042 535 2159 589 lius
2190 534 2362 589 cibus
2391 536 2536 605 erat,
2571 536 2634 589 ut
2665 533 2905 606 faceret,
2924 534 3286 591 voluntatem
3305 533 3501 589 Patris
3520 533 3714 605 (Joan.

247 623 574 680 Samariam
605 622 678 675 ad
701 637 832 675 eum
857 622 1074 692 ipsum,
1108 637 1282 694 quem
1315 622 1431 691 (63)
1459 638 1669 693 capere
1701 624 1930 695 gestie-

246 714 433 768 bant:
471 711 567 766 cui
599 728 717 765 non
767 711 961 765 solum
1002 727 1118 765 non
1161 714 1477 782 potuerunt
1529 727 1780 780 nocere;
1823 712 1930 766 sed

246 803 441 873 ipsius
464 801 758 854 adversus
781 815 957 871 quem
988 803 1293 870 venerant,
1327 792 1760 856 intercessione
1793 817 1925 856 ser-

245 891 365 944 vati
406 893 568 944 sunt.

321 981 408 1034 1‘2.
443 979 656 1034 Petrus
688 994 923 1049 quoque
955 978 1262 1048 apostolus
1294 977 1604 1048 utriusque
1633 979 1718 1032 rei
1753 977 1927 1033 vobis

247 1069 382 1125 edat
403 1069 740 1139 exemplum
768 1066 902 1135 (64).
936 1067 1084 1121 Nam
1117 1067 1219 1120 ubi
1243 1083 1374 1121 cum
1407 1067 1676 1122 Herodes
1711 1067 1928 1138 quaesi-

245 1159 328 1212 vit
358 1153 418 1213 et
447 1158 620 1227 cepit,
653 1156 877 1226 recepit
909 1156 969 1209 in
1003 1171 1303 1210 carcerem
1334 1157 1447 1226 ('15)
1474 1172 1488 1224 ;
1521 1172 1637 1210 non
1669 1156 1825 1210 enim
1844 1169 1929 1211 re'

247 1250 514 1302 cesserat
544 1246 651 1300 Dei
681 1244 982 1314 servulus,
1009 1245 1117 1299 sed
1135 1247 1378 1298 steterat
1405 1244 1634 1299 timoris
1653 1245 1920 1318 ignarus.

245 1335 461 1390 Orabat
491 1351 598 1406 pro
631 1349 701 1388 eo
734 1333 1026 1400 Ecclesia,
1080 1333 1188 1388 sed
1237 1334 1543 1404 apostolus
1591 1334 1652 1387 in
1685 1350 1922 1389 carcere

246 1424 612 1496 quiescebat,
645 1421 804 1494 quod
835 1424 929 1476 est
967 1421 1248 1475 indicium
1286 1438 1404 1476 non
1450 1422 1730 1477 timentis.
1774 1423 1922 1477 Mis-

247 1530 359 1568 sus
389 1512 740 1584 estangelus
762 1511 864 1583 qui
885 1511 1274 1565 dormientem
1291 1511 1594 1581 excitaret,
1620 1527 1726 1581 per
1747 1527 1922 1582 quem

247 1603 464 1656 Petrus
508 1601 832 1672 productus
882 1615 914 1653 e
966 1615 1226 1669 carcere,
1279 1601 1528 1654 mortem
1574 1599 1646 1653 ad
1688 1601 1921 1670 tempus

248 1691 440 1745 evasit
469 1690 578 1760 (66)
610 1691 769 1760 (Act.
803 1705 905 1758 xu,
941 1687 1120 1759 1-10).

315 1777 403 1833 13.
438 1779 597 1834 Idem
627 1779 838 1834 Petrus
870 1781 1099 1848 postea,
1132 1777 1289 1832 victo
1314 1777 1572 1847 Simone,
1607 1792 1739 1831 cum
1770 1793 1924 1846 prae-

2041 641 2119 692 xv,
2151 621 2240 693 34)
2277 640 2288 678 :
2330 648 2351 672 ιι
2390 624 2590 678 itidem
2622 624 2792 679 cibus
2821 625 2982 679 illius
3017 629 3128 696 est,
3159 627 3222 680 ut
3238 625 3463 680 nostris
3485 623 3718 695 passio-

2040 712 2218 768 nibus
2251 713 2539 783 epuletur.
2578 713 2809 782 Nonne,
2840 717 2903 769 ut
2947 715 3018 769 de
3050 715 3181 785 ipso
3233 715 3480 769 Domino
3512 729 3716 768 suma-

2039 819 2174 858 mus
2205 803 2561 874 exemplum,
2596 804 2830 874 quando
2859 804 3064 873 voluit,
3097 820 3318 874 passus
3360 807 3452 858 est
3479 805 3536 858 et
3581 819 3718 859 cum

2040 896 2426 963 quaereretur,
2459 893 2732 947 inventus
2765 895 2904 947 est?
2934 893 3167 964 quando
3199 895 3393 948 autem
3433 893 3578 947 hora
3596 907 3716 948 non

2039 984 2282 1035 venerat
2309 982 2633 1053 passionis,
2684 998 2791 1052 per
2820 983 3078 1037 medium
3125 983 3516 1054 quaerentium
3556 984 3716 1035 tran-

2040 1070 2213 1139 sibat,
2249 1073 2306 1124 et
2334 1070 2602 1125 videntes
2641 1087 2774 1125 cum
2804 1073 3006 1126 tenere
3057 1087 3173 1125 non
3204 1073 3473 1141 poterant
3518 1070 3710 1140 (Joan.

2037 1176 2138 1228 vn,
2163 1159 2253 1228 30,
2289 1159 2427 1213 Luc.
2462 1176 2541 1230 IV,
2575 1160 2714 1228 30)?
2751 1159 2918 1224 Quod
2948 1160 3147 1232 utique
3177 1161 3482 1215 evidenter
3513 1163 3712 1214 osten-

2035 1248 2118 1302 dit
2148 1249 2284 1320 quia
2315 1249 2548 1320 quando
2580 1250 2866 1304 Dominus
2897 1250 3039 1320 vult,
3089 1250 3504 1321 unusquisque
3536 1249 3711 1303 inve-

2033 1338 2192 1394 nitur
2220 1341 2276 1393 et
2308 1339 2570 1414 capitur:
2603 1341 2761 1411 quod
2791 1343 2984 1395 autem
3035 1338 3246 1409 differt,
3290 1338 3520 1393 etiamsi
3551 1353 3712 1410 quae-
3757 1331 3768 1339 ’

2033 1428 2288 1482 rentium
2321 1432 2592 1483 occurrat
2614 1429 2804 1484 oculis
2837 1429 2970 1498 (68),
3005 1445 3123 1484 non
3154 1431 3406 1482 tenetur.
3468 1421 3480 1436 '

2104 1515 2191 1572 15.
2233 1517 2393 1590 Ergo
2425 1519 2554 1588 ipse
2586 1535 2704 1573 non
2743 1518 3004 1589 quotidie
3046 1517 3142 1572 vel
3191 1516 3474 1571 visitandi
3520 1516 3712 1589 gratia

2030 1605 2362 1676 prodibam,
2395 1607 2489 1661 vel
2519 1607 2842 1680 pergebam
2873 1607 2946 1661 ad
2974 1608 3310 1677 martyres?
3339 1621 3456 1660 non
3473 1605 3703 1678 regiam

2029 1694 2228 1766 palatii
2256 1678 2663 1765 praetexebant
2692 1695 2803 1766 (69)
2832 1696 3025 1750 eundo
3050 1697 3224 1766 atque
3257 1695 3560 1749 redeundo
3581 1695 3610 1748 ‘?
3641 1678 3715 1747 Ει

2031 1787 2226 1839 tamen
2255 1799 2427 1838 nemo
2461 1801 2552 1838 me
2581 1784 2786 1854 tenuit,
2823 1800 2956 1837 cum
3000 1784 3336 1838 exturbanti
3374 1799 3467 1837 me
3519 1782 3702 1836 habe-

241 1871 410 1938 cepta
443 1869 550 1922 Dei
588 1868 804 1938 populo
833 1867 1171 1936 seminaret,
1216 1867 1456 1921 doceret
1487 1866 1919 1936 castimoniam,
1957 1894 2001 1953 Β
2034 1877 2183 1944 rent,
2217 1876 2280 1927 ut
2294 1873 2684 1944 prodiderunt
2712 1875 2939 1943 postea,
2971 1872 3355 1941 voluntatem,
3389 1871 3655 1925 dicentes
3689 1885 3703 1926 :

238 1958 518 2012 excitavit
550 1959 780 2011 animos
810 1956 1118 2029 gentilium
1151 1971 1162 2010 :
1199 1957 1418 2026 quibus
1469 1971 1604 2010 eum
1644 1970 1922 2026 quaeren-

239 2047 424 2116 tibus,
459 2045 812 2100 Christianae
843 2046 1053 2099 animae
1085 2045 1414 2115 deprecatae
1437 2046 1595 2115 sunt,
1618 2047 1681 2098 ut
1711 2043 1925 2114 paulis-

241 2152 353 2206 per
381 2136 637 2190 cederet.
675 2134 747 2189 Et
785 2134 1056 2206 quamvis
1097 2137 1262 2188 esset
1301 2133 1551 2204 cupidus
1593 2133 1919 2204 passionis,

239 2227 440 2278 tamen
471 2223 961 2293 contemplatione
983 2223 1184 2293 populi
1203 2223 1501 2292 precantis
1522 2223 1778 2276 inﬂexus
1802 2224 1922 2291 est;

240 2312 568 2384 rogabatur
597 2313 754 2367 enim
785 2315 847 2367 ut
876 2313 1023 2375 867
1055 2312 1128 2365 ad
1158 2311 1585 2365 instituendum
1616 2314 1672 2365 et
1703 2310 1926 2364 conﬁr-

239 2401 519 2456 mandum
542 2401 823 2471 populum
855 2417 920 2455 se
943 2403 1298 2456 reservaret.
1326 2400 1476 2465 Quid
1497 2400 1716 2454 multa?
1737 2400 1926 2455 Nocte

237 2506 448 2544 muros
479 2489 682 2562 egredi
717 2491 912 2559 coepit,
948 2492 1005 2543 et
1031 2489 1243 2543 videns
1277 2489 1394 2543 sibi
1425 2489 1484 2543 in
1514 2491 1683 2558 porta
1703 2487 1916 2542 Chris-

240 2582 366 2634 tum
412 2593 749 2648 occurrere,
801 2578 1129 2649 urbemque
1169 2578 1423 2650 ingredi,
1457 2578 1536 2632 ait
1569 2594 1581 2632 :
1618 2577 1866 2632 Domine
1903 2591 1920 2634 :

236 2685 358 2740 quo
390 2669 599 2723 vadis?
632 2668 962 2737 Respondit
982 2666 1257 2721 Christus
1294 2683 1305 2721 ε
1338 2667 1525 2722 Venio
1558 2667 1770 2721 iterum
1811 2667 1923 2738 (6'7)
2007 2685 2020 2694 ·

241 2757 542 2828 cruciﬁgi.
576 2756 868 2811 Intellexit
902 2756 1111 2811 Petrus
1133 2756 1206 2810 ad
1224 2772 1391 2810 suam
1408 2771 1644 2811 crucem
1665 2756 1928 2812 divinum

236 2848 544 2918 pertinere
583 2861 984 2916 responsum;
1036 2845 1310 2900 Christus
1357 2846 1512 2900 enim
1543 2862 1661 2900 non
1701 2850 1928 2916 poterat

239 2937 457 2991 iterum
510 2935 801 3006 cruciﬁgi,
851 2935 951 3005 qui
1000 2950 1237 2989 carnem
1284 2936 1568 3005 passione
1619 2939 1924 3007 suscepta)

238 3025 454 3080 mortis
484 3026 729 3078 exuerat
760 3039 772 3077 :
814 3045 834 3071 α
869 3023 1035 3088 Quod
1067 3025 1222 3078 enim
1245 3026 1516 3079 mortuus
1539 3027 1630 3078 est
1651 3028 1917 3096 peccato,

233 3115 509 3170 mortuus
528 3114 621 3168 est
636 3112 822 3167 semel
838 3127 849 3167 :
867 3113 1022 3183 quod
1046 3115 1239 3167 autem
1256 3113 1569 3182 vivit,vivit
1586 3113 1708 3168 Deo
1732 3114 1923 3183 (Rom.

234 3220 320 3272 v1,
356 3203 469 3272 10).
506 3225 528 3249 ιι
563 3201 855 3255 Intellexit
885 3217 1031 3272 ergo
1064 3201 1274 3256 Petrus
1305 3202 1462 3273 quod
1491 3202 1703 3257 iterum
1719 3202 1924 3257 Chris-

237 3295 374 3347 stus
406 3290 847 3356 crucifigendus
879 3292 1043 3344 esset
1072 3290 1132 3344 in
1162 3273 1458 3344 servulo.’
1481 3291 1679 3362 Itaque
1712 3294 1921 3361 sponte

235 3380 525 3436 remeavit
557 3395 570 3434 :
615 3379 1121 3450 interrogantibus
1163 3378 1522 3433 Christianis
1562 3395 1922 3449 responsum

234 3469 514 3538 reddidit,
565 3467 880 3538 statimque
932 3470 1262 3537 correptus,
1315 3483 1422 3538 per
1470 3483 1707 3522 crucem
1748 3486 1918 3525 suam

236 3556 656 3611 honoriﬁcavit
685 3556 998 3611 Dominum
1031 3556 1260 3610 Jesum.

312 3645 399 3699 l4.
435 3645 662 3699 Videtis
693 3644 880 3717 igitur
908 3645 1066 3715 quod
1097 3645 1157 3698 in
1179 3644 1438 3699 servulis
1469 3645 1598 3700 suis
1627 3646 1744 3716 pati
1777 3646 1918 3702 velit

239 3733 539 3789 Christus.
573 3733 724 3799 Quid
755 3733 832 3788 sit
862 3733 1000 3788 huic
1032 3734 1274 3788 servulo
1307 3734 1448 3788 dicit
1480 3749 1492 3788 :
1531 3756 1552 3781 «
1587 3734 1758 3790 Illum
1779 3736 1913 3791 volo

236 3839 501 3894 manere,
531 3826 594 3877 tu
640 3825 836 3877 autem
872 3838 964 3877 me
1016 3839 1270 3894 sequere
1321 3822 1510 3892 (Joan.
1553 3840 1675 3890 xxx,
1722 3824 1849 3895 22);
1891 3848 1912 3873 η

237 3914 298 3968 et
327 3913 400 3967 de
439 3911 550 3966 hac
581 3911 794 3967 arbore
824 3914 1069 3984 gustare
1093 3912 1216 3966 vult
1244 3911 1544 3967 fructum?
1574 3913 1726 3967 Nam
1757 3914 1811 3968 si
1842 3913 1916 3967 il-

311 4054 426 4180 (iiS)
455 4054 604 4110 Mss.
637 4053 879 4126 aliquot,
919 4075 940 4103 α
976 4054 1125 4109 duce
1174 4054 1326 4125 ipso,
1361 4071 1557 4127 quem.
1604 4076 1625 4104 ιι
1675 4054 1914 4111 Minime

311 4142 331 4180 ι
360 4142 412 4180 e.

235 4142 412 4180 male.

309 4197 423 4265 (64)
459 4198 628 4251 Rom.
665 4197 826 4260 edit.,
859 4219 882 4244 ‹‹
914 4196 1088 4250 vobis
1118 4196 1278 4251 dedit
1309 4197 1664 4267 exemplum.
1703 4218 1724 4246 ιι

313 4269 430 4339 (65)
463 4268 716 4322 Dubium
746 4283 886 4322 esse
927 4271 1089 4337 putat
1136 4268 1405 4323 Nannius
1451 4284 1526 4322 an
1556 4268 1821 4337 recipere
1851 4269 1911 4323 in

235 4354 541 4394 carcerem
572 4339 725 4393 idem
758 4340 837 4393 sit
868 4339 1024 4408 quod
1055 4340 1382 4393 recondere
1424 4355 1533 4393 seu
1582 4340 1908 4394 retrudere.

232 4413 509 4465 Attamen
540 4410 826 4464 solemnis
856 4411 916 4462 in
947 4410 1056 4463 hac
1087 4425 1149 4463 re
1176 4409 1335 4480 juris
1367 4410 1618 4464 formula
1649 4415 1740 4464 est
1773 4427 1784 4465 :
1817 4412 1904 4465 si-

234 4482 476 4552 quidem
501 4481 788 4551 Ulpianus
811 4481 879 4534 D.
904 4481 1143 4552 leg.1de
1164 4479 1402 4535 Custod.
1429 4497 1585 4536 reor.
1614 4501 1631 4534 :
1654 4503 1676 4528 ιι
1705 4482 1912 4536 Utrum

234 4554 298 4606 in
339 4568 663 4621 carcerem,
709 4553 918 4623 inquit,
946 4552 1285 4621 recipienda
1327 4552 1405 4604 sit
1433 4568 1710 4622 persona.
1763 4576 1784 4600 ιι
1840 4553 1911 4607 Et

2035 1963 2145 2017 Exi
2177 1964 2249 2017 de
2279 1964 2533 2032 civitate,
2567 1965 2624 2016 et
2653 1963 2798 2016 vade
2830 1977 2947 2032 quo
2976 1961 3091 2015 vis.
3125 1961 3580 2030 Exspectabam,
3616 1959 3709 2013 fa-

2033 2056 2181 2123 teor,
2216 2068 2495 2124 magnum
2526 2051 2767 2122 aliquid,
2801 2054 2900 2105 aut
2930 2050 3191 2122 gladium
3219 2065 3327 2120 pro
3358 2048 3578 2104 Christi
3609 2063 3715 2104 no-

2035 2143 2212 2211 mine,
2246 2144 2343 2196 aut
2375 2140 2712 2194 incendium
2745 2156 2756 2193 :
2783 2141 2840 2192 at
2869 2139 2951 2192 illi
2984 2139 3231 2192 delicias
3264 2137 3407 2190 mihi
3437 2153 3545 2207 pro
3577 2153 3712 2208 pas—

2036 2231 2312 2286 sionibus
2338 2229 2676 2286 obtulerunt
2708 2244 2720 2282 :
2759 2228 2866 2281 sed
2897 2227 3108 2281 athleta
3149 2225 3372 2280 Christi
3409 2241 3527 2280 non
3570 2225 3714 2279 deli-

2035 2321 2180 2389 cias,
2236 2320 2344 2374 sed
2391 2319 2710 2390 passiones
2759 2332 2903 2370 suas
2934 2315 3138 2387 exigit.
3191 2315 3380 2368 Nemo
3423 2331 3569 2386 ergo
3600 2330 3711 2368 vos
3814 2308 3830 2325 ⁹

2032 2410 2248 2479 turbet,
2282 2408 2438 2480 quod
2470 2409 2569 2461 aut
2601 2421 2834 2460 carrum
2861 2406 3366 2476 praeparaverunt,
3409 2407 3508 2456 aut
3539 2403 3706 2473 dura,

2035 2503 2098 2553 ut
2124 2498 2437 2552 videbatur
2465 2496 2604 2564 sibi,
2636 2494 2913 2550 Auxentii
2944 2493 3161 2564 ipsius,
3197 2492 3298 2565 qui
3319 2508 3386 2547 se
3418 2492 3561 2547 dicit
3590 2493 3714 2564 epi-

2037 2604 2306 2659 scopum,
2345 2602 2446 2641 ore
2473 2585 2712 2657 jactata.

2105 2678 2190 2732 16.
2225 2676 2501 2746 Plerique
2531 2673 2850 2729 narrabant
2886 2687 3280 2744 percussores
3323 2671 3701 2742 praemissos,

2036 2782 2271 2839 poenam
2303 2764 2510 2819 mortis
2556 2779 2695 2818 esse
2739 2763 3076 2830 decretam;
3121 2777 3231 2815 nec
3269 2761 3368 2815 illa
3398 2761 3609 2830 timeo,
3658 2761 3715 2814 et

2032 2857 2148 2912 ista
2197 2871 2315 2910 non
2347 2854 2582 2908 desero.
2616 2851 2742 2917 Quo
2774 2851 2930 2905 enim
2974 2849 3171 2919 abibo,
3206 2849 3309 2904 ubi
3354 2865 3474 2904 non
3518 2847 3713 2903 omnia

2031 2946 2206 3018 plena
2237 2943 2493 3016 gemitus
2525 2942 2644 2996 sint
2665 2943 2840 3011 atque
2870 2939 3264 3010 lacrymarum
3296 2954 3308 2993 :
3343 2937 3578 3008 quando
3607 2953 3715 3008 per

2034 3034 2305 3089 Ecclesia
2328 3032 2616 3104 jubentur
2645 3029 2787 3101 ejici
2838 3028 3112 3083 catholici
3155 3027 3522 3095 sacerdotes,
3556 3026 3713 3080 resi-

2032 3126 2259 3180 stentes
2289 3122 2488 3194 gladio
2520 3119 2705 3188 feriri,
2748 3118 3003 3173 curiales
3053 3116 3165 3185 ('70)
3214 3116 3364 3178 868
3414 3113 3713 3184 proscribi

1996 3253 2002 3283 ε
2033 3231 2263 3285 omnes,
2297 3213 2412 3267 nisi
2446 3211 2781 3265 mandatum
2820 3206 3241 3278 impleverint?
3289 3204 3360 3257 Et
3390 3203 3518 3258 haec
3551 3204 3710 3273 cpis-

2030 3306 2163 3376 copi
2193 3319 2371 3358 manu
2402 3301 2623 3371 scripta
2654 3301 2712 3353 et
2739 3313 2841 3352 ore
2865 3296 3098 3364 dictata,
3131 3293 3232 3365 qui
3261 3308 3328 3346 se
3350 3295 3413 3346 ut
3433 3291 3712 3362 probaret

2029 3393 2474 3460 doctissimum,
2520 3392 2693 3444 vetus
2739 3402 2856 3441 non
2905 3383 3106 3439 omisit
3143 3380 3518 3451 exemplum;
3559 3380 3709 3451 legi-

2027 3500 2161 3538 mus
2194 3482 2349 3538 enim
2388 3480 2448 3534 in
2487 3478 2773 3550 prepheta
2812 3474 2971 3546 quod
3008 3472 3222 3526 viderit
3261 3470 3474 3524 falcem
3502 3469 3710 3524 volan-

2024 3575 2144 3628 tem
2173 3571 2378 3643 (Zaclz.
2422 3586 2487 3637 v,
2538 3568 2632 3638 2);
2673 3567 2826 3620 hanc
2876 3563 3136 3618 imitatus
3191 3560 3526 3614 Auxentius
3575 3558 3703 3630 gla-

2025 3663 2188 3717 dium
2217 3659 2514 3714 volantem
2543 3671 2650 3727 per
2680 3669 2887 3710 omnes
2918 3652 3102 3707 urbes
3149 3649 3382 3704 direxit.
3427 3648 3500 3701 Et
3528 3647 3698 3701 Sata-

2023 3767 2133 3806 nas
2164 3748 2552 3820 transﬁgurat
2590 3760 2658 3800 se
2696 3745 2760 3798 in
2798 3742 3080 3815 angelum
3119 3738 3272 3794 lucis
3314 3736 3402 3805 (II
3437 3735 3572 3791 Cor.
3615 3753 3697 3806 x1,

2021 3840 2133 3911 14),
2167 3841 2225 3894 et
2259 3839 2321 3892 in
2362 3836 2581 3891 malum
2620 3833 2880 3888 imitatur
2919 3830 3052 3902 ejus
3092 3826 3434 3899 potentiam.

2092 3928 2179 3983 l7.
2206 3928 2316 3997 Tu,
2339 3925 2592 3981 Domine
2614 3923 2783 3992 Jesu,
2819 3936 2937 3976 uno
2975 3919 3274 3973 momento
3297 3913 3581 3969 mundum
3609 3929 3702 3969 re-

2023 4055 2216 4134 αάιμο
2397 4051 2767 4134 Pudeat.er
2795 4039 3699 4134 εξοεειγὶηρ,ἱιηξξρξξπὲἕὲτὶίὲἓέῑο

2019 4126 2329 4182 evidentiae
2360 4111 2419 4177 vi
2442 4120 2664 4177 coactis
2694 4118 2953 4192 agnitam
2971 4120 3028 4171 et
3059 4111 3397 4192 confessam
3413 4111 3689 4192 inﬁciari.

2091 4135 2329 4180 'identim
2360 4141 2419 4177 Vl
2442 4135 2664 4177 coacus
2694 4136 2725 4174 a
2775 4135 2953 4172 mtam
2971 4135 3028 4171 et
3059 4135 3689 4170 conlessuluiunumn.

2091 4198 2204 4268 (68)
2225 4197 2444 4250 Omnes
2475 4194 2636 4260 edit.,
2674 4213 2706 4268 ,ς
2733 4135 2982 4254 ἑἔὶιιιιῐιάο
3021 4191 3217 4268 autem
3246 4183 3459 4268 differt,
3495 4183 3696 4236 etiam-

2023 4269 2077 4323 si
2097 4253 2500 4339 quaerentium
2530 4253 2807 4339 manibus
2850 4261 3124 4339 occurrat
3153 4259 3210 4311 et
3246 4253 3474 4339 oeulis;
3501 4276 3548 4339 un
3584 4268 3702 4339 om-

2020 4324 2308 4394 nes‘mss.
2333 4337 2647 4392 nobiscum
2679 4333 2920 4401 faciunt,
2955 4331 3070 4384 nisi
3111 4326 3367 4405 quod
3395 4324 3696 4405 legitur‘in

2016 4392 2135 4465 uno
2157 4392 2370 4474 Colb.,.
2408 4430 2430 4456 α
2466 4405 2695 4462 etiamsi
2729 4392 3028 4475 quaeratur
3071 4392 3691 4470 quaerentium—oculis

2016 4498 2133 4537 non
2156 4485 2406 4536 tenetur.
3233 4541 3241 4545 _
3399 4534 3431 4545 η
3611 4532 3622 4543 ,

2085 4534 2202 4622 (69)
2219 4534 2680 4622 Praetcxebam,
2716 4546 2774 4600 id
2806 4546 2926 4622 est,
2940 4615 2949 4622 _
2961 4557 3080 4622 non
3107 4534 3592 4622 pertransibam,‘
3605 4534 3690 4622 in;

232 4605 611 4677 Callistratus
649 4605 860 4677 'eode‘m
891 4605 1000 4691 t'it.,
1034 4605 1150 4694 leg.
1197 4644 1220 4673 ι
1256 4623 1320 4676 In
1339 4605 1453 4677 eos
1481 4605 1496 4677 ξ
1526 4605 1982 4695 CumreceptiD
2016 4605 2463 4695 quit-Nannius,
2496 4605 2751 4695 re_giam__
2778 4605 3076 4695 pal‘a'tii‘in
3103 4605 3187 4665 itu
3231 4612 3423 4695 atque:
3437 4605 3690 4695 reditu-3:

231 4697 446 4749 essent
472 4695 535 4747 in
565 4709 888 4762 carcerem,
922 4698 1034 4749 etc.
1067 4718 1086 4740 ιι

305 4765 423 4834 (66)
455 4766 626 4819 Rom.
659 4765 819 4833 edit.,
854 4781 985 4819 cum
1018 4766 1223 4834 paucis
1242 4781 1413 4833 mss.,
1454 4787 1476 4812 α
1513 4769 1761 4820 mortem
1781 4783 1913 4821 eva-

230 4837 313 4890 sit
339 4853 354 4905 ;
392 4856 414 4884 »
448 4836 578 4890 aliae
610 4851 744 4890 cum
764 4838 996 4891 caeteris
1021 4837 1150 4891 cod.
1177 4837 1555 4905 interponunt
1582 4853 1767 4892 voces
1792 4861 1814 4887 ιι
1839 4839 1911 4893 ad

229 4912 489 4976 tempus.
527 4930 549 4954 ιι

301 4978 419 5047 (6'7)
451 4978 534 5031 Ita
570 4980 687 5032 vet.
720 4978 856 5032 edit.
909 4981 966 5032 et
987 4979 1182 5033 cuncti
1204 4994 1349 5033 mss.
1373 4979 1600 5049 paucis.
1621 4980 1908 5050 exceptis,

229 5049 337 5104 ubi
371 5050 665 5118 posterior
687 5049 887 5121 aliqua
927 5065 1140 5104 manus
1185 5051 1423 5104 Romam
1456 5051 1696 5119 addidit,
1738 5049 1912 5121 quam

227 5135 446 5175 vocem
477 5120 649 5174 etiam
682 5120 740 5173 in
772 5125 995 5174 textum
1016 5121 1252 5175 admisit
1273 5123 1442 5176 Rom.
1463 5121 1600 5176 edit.
1621 5120 1912 5176 Caeterum

229 5189 421 5265 hujus
439 5191 613 5265 Petro
635 5189 806 5244 factae
823 5191 1042 5265 Christi
1066 5193 1448 5265 apparitionis
1473 5196 1689 5265 praeter
1711 5194 1911 5265 Hege-

229 5263 474 5335 sippum
505 5262 606 5315 lib.
641 5279 722 5329 ιιι,
767 5263 1146 5316 Ambrosium
1168 5263 1281 5317 hoc
1301 5264 1452 5331 loco,
1475 5267 1532 5317 et
1554 5262 1906 5335 Gregorium

230 5349 294 5386 ιιι
326 5332 477 5402 psal.
511 5335 806 5405 ivpmnit.,
849 5334 950 5386 vix
981 5335 1159 5387 alium
1200 5351 1274 5388 ex
1320 5335 1578 5404 antiquis
1624 5332 1907 5405 reperias,

229 5404 333 5473 qui
360 5404 707 5457 meminerit.
732 5403 897 5467 Quod
937 5421 1080 5458 vero
1103 5406 1174 5459 ad
1210 5407 1359 5459 Petri
1411 5403 1654 5459 Romam
1693 5403 1911 5460 adven-

229 5480 376 5543 tum,
410 5473 766 5548 ejusquede
797 5476 1035 5529 Simone
1067 5477 1238 5547 Mago
1253 5477 1908 5548 victoriam,utrumque

230 5549 352 5598 tam
383 5545 684 5614 multiplici
717 5547 953 5600 Patrum
986 5545 1251 5601 veteriim
1276 5549 1610 5601 testimonio
1642 5545 1909 5602 celebra-

227 5619 346 5684 tur,
367 5619 430 5669 ut
460 5631 570 5670 nos
600 5617 848 5686 puderet
873 5619 968 5672 vel
1000 5619 1384 5674 recensendis
1423 5631 1625 5672 eorum
1657 5619 1914 5672 nomini-

227 5687 346 5742 bus
378 5687 678 5742 immorari
713 5703 726 5742 :
753 5693 1100 5745 cumtamen
1124 5689 1412 5762 quosdam
1431 5704 1506 5743 ex
1532 5689 1914 5745 heterodoxis

2015 4676 2483 4766 itit—intelligatur
2513 4676 2675 4766 illrum
2698 4676 3045 4766 diverticula
3067 4698 3184 4766 non
3215 4676 3558 4766 quiesiisse,
3591 4677 3695 4766 aut

2015 4749 2360 4838 obliquass‘e
2387 4765 2521 4838 iter,
2553 4761 2691 4815 dum
2713 4759 2785 4812 ad
2823 4759 3113 4827 martyres
3153 4749 3436 4813 tenderet,
3489 4761 3564 4802 ne
3602 4761 3693 4801 re-

2010 4835 2174 4910 giam
2200 4835 2584 4910 praeteri_ret.__
2663 4902 2678 4910 _
2786 4901 2798 4910 Δ
2906 4899 2964 4910 Η
3098 4896 3108 4906 _
3246 4889 3464 4910 ‘UMH

2086 4889 2510 4978 (il—(lfCariales
2530 4901 2878 4978 dicebantur
2906 4899 2988 4978 hi,
3014 4896 3115 4978 qui
3139 4889 3587 4978 magistilatibius
3609 4891 3689 4978 at:

2015 4961 2135 5051 que
2157 4961 2379 5051 officiis
2411 4972 2870 5051 municipalibus
2899 4961 3320 5051 fungebantur.
3353 4962 3436 5051 De
3468 4961 3689 5051 quibqs

2017 5029 2152 5105 vide
2169 5029 2612 5114 'Rulengerum,
2637 5029 2734 5098 ‘De
2753 5044 2890 5114 imp.
2917 5029 3082 5114 R071}.
3120 5038 3224 5092 lib.
3258 5051 3359 5114 vn,
3393 5048 3444 5114 (ξ.
3541 5035 3601 5085 et
3629 5029 3686 5114 5ζ

2019 5126 2076 5177 et
2104 5120 2344 5177 Godefr.
2377 5107 2669 5173 Caeterum
2697 5116 2756 5168 in
2777 5107 3018 5168 ferenda
3039 5112 3172 5182 lege
3194 5122 3301 5182 pro
3324 5107 3689 5182 Ariminensi

2021 5193 2292 5261 concilio,
2325 5205 2500 5260 quam
2532 5187 2605 5241 ab
2636 5186 2926 5261 Auxentio
2949 5185 3081 5261 ipso
3102 5178 3386 5261 :dictatam
3430 5178 3488 5228 et
3527 5178 3686 5261 scri-

2016 5246 2172 5336 ptam
2204 5246 3022 5336 esse‘atﬁrmat_5\_mb_rosius,
3064 5253 3122 5306 id
3153 5246 3688 5336 cnqnti‘gissjetesti-

2019 5316 2268 5390 iicantur
2309 5333 2579 5399 Ruﬁnus,
2604 5329 2761 5383 Hist.
2796 5328 2898 5381 lib.
2933 5344 2992 5394 ιι,
3010 5316 3146 5402 cap.
3174 5316 3657 5402 16;Qaudeiitius

2278 5385 2600 5465 uisci-mf;
2641 5385 3027 5465 Sozomenus,
3057 5385 3159 5448 li'b.
3193 5385 3273 5468 vn
3313 5389 3480 5468 Hist...
3514 5385 3683 5437 Eccl.

2018 5494 2145 5548 cap.
2181 5477 2266 5546 13,
2292 5477 2566 5548 nimirum
2588 5471 2949 5548 Benevolum
2968 5464 3524 5548 memo‘rimscriniis

2016 5524 2266 5615 ,’
2289 5524 2839 5601 eum—illamwdictare
2863 5557 2931 5594 ac
2953 5536 3295 5594 suscribere
3313 5529 3526 5615 jussus
3545 5524 3686 5615 filis-

2016 5623 2128 5688 εθῖι
2163 5603 2376 5689 ῐῐιείεηα
2407 5615 2734 5689 constantia
2765 5624 3105 5689 reeusasse,
3138 5621 3207 5659 ac
3226 5603 3534 5672 propterea
3556 5609 3681 5666 6J6-

2017 5681 2174 5746 ctum
2203 5681 2342 5746 esse
2373 5689 2432 5742 in
2462 5687 2742 5742 exsilium
2772 5700 2806 5738 a
2836 5681 3093 5738 Justina.
