4072 6174
419 263 580 357 ιοιιπ

1862 275 1929 337 S.
1974 271 2417 349 AMBROSII.

3675 291 3811 365 1048

417 470 536 562 tem
562 466 821 562 futuram
850 469 1255 562 spopondit,si
1286 470 1512 529 electus
1530 472 1867 546 susciperet
1887 461 2305 534 sacer-'Kciat
2344 481 2765 539 sacerdotium.
2803 483 2937 540 Non
2966 485 3110 541 tanti
3148 487 3241 542 est
3266 486 3443 543 unius
3473 488 3604 560 vita,
3633 492 3807 562 quanti

419 556 661 614 dotium.
694 556 861 615 Hanc
892 556 1067 614 ﬁdem
1097 562 1341 616 secutus
1371 577 1506 618 sum
1553 563 2010 635 promissorum.
2088 602 2100 610 ο

486 643 542 703 8.
575 644 742 714 Quod
773 646 827 702 si
856 646 928 705 de
958 647 1291 723 aliquorum
1331 652 1786 725 peregrinorum
1822 658 2090 712 assenta-

417 735 576 811 tione
633 750 700 803 se
726 735 929 809 jactat,
961 737 1045 793 ibi
1102 740 1183 794 sit
1238 740 1579 813 episcopus,
1642 743 1798 799 unde
1857 746 1996 799 sunt
2049 745 2091 799 ii

418 825 523 907 qui
551 841 686 881 eum
735 826 1116 901 episcopatus
1162 831 1368 900 putant
1405 830 1642 888 nomine
1689 848 1828 889 esse
1858 833 2087 889 donan-

418 912 581 981 dum.
612 912 764 971 Nam
795 930 909 989 ego
938 931 1048 972 nec
1097 918 1444 991 episcopum
1474 920 1634 993 novi,
1684 937 1795 977 nec
1823 923 1980 979 unde
2011 923 2090 980 sit

419 1018 570 1060 8010.

487 1093 543 1149 9.
582 1089 698 1149 Ubi
726 1092 872 1150 illud
920 1096 1357 1167 constituimus,
1408 1099 1745 1173 imperator,
1780 1102 1939 1175 quod
1964 1101 2090 1174 jam

419 1183 552 1255 ipse
591 1185 758 1241 tuum
798 1181 1092 1257 judicium
1126 1185 1443 1243 declarasti
1468 1204 1483 1261 ;
1512 1190 1631 1246 imo
1662 1191 1838 1247 etiam
1870 1192 2090 1250 dedisti

418 1271 593 1346 leges
614 1273 753 1344 (45),
801 1288 914 1329 nec
946 1274 1042 1332 cui
1071 1277 1235 1331 esset
1277 1276 1533 1333 liberum
1580 1279 1738 1335 aliud
1761 1279 2036 1354 judicare
2059 1284 2089 1338 ?

421 1361 591 1427 Quod
613 1377 747 1418 cum
766 1362 1195 1436 prmscripsisti
1216 1365 1372 1438 aliis,
1395 1368 1825 1441 praescripsisti
1855 1374 1913 1427 et
1941 1371 2050 1428 tibi
2074 1387 2088 1428 :

423 1450 624 1524 Leges
655 1452 813 1507 enim
841 1451 1162 1524 imperator
1192 1453 1324 1526 fert,
1376 1472 1527 1529 quas
1556 1459 1786 1529 primus
1818 1460 1949 1532 ipse
1982 1477 2090 1518 cu-

423 1539 660 1597 stodiat.
693 1540 877 1598 Visne
923 1539 1108 1615 igitur
1152 1543 1427 1616 experiar
1470 1548 1535 1602 ut
1571 1547 1854 1620 incipiant
1892 1550 1952 1621 ii,
1986 1552 2088 1623 qui

419 1628 658 1705 judices
688 1628 1008 1703 eliguntur,
1048 1633 1157 1688 aut
1183 1632 1477 1690 adversus
1517 1637 1679 1691 tuam
1709 1638 1913 1695 venire
1945 1655 2089 1696 sen-

2190 570 2283 624 est
2312 569 2569 643 dignitas
2599 573 2861 628 omnium
2891 574 3286 645 sacerdotum,
3321 592 3568 648 quorum
3595 578 3660 634 de
3690 596 3813 636 con-

2190 656 2324 712 silio
2355 658 2470 714 ista
2503 659 2717 715 dictavi
2760 661 2892 733 (46),
2943 662 3351 720 intimantibus
3386 681 3459 721 ne
3498 664 3640 723 forte
3667 670 3816 725 etiam

2190 748 2430 820 gentilis
2453 752 2617 804 esset
2636 750 2873 822 aliquis,
2920 755 3018 807 aut
3041 752 3305 824 Judmus,
3358 754 3459 825 qui
3507 754 3818 823 ablAuxen-

2190 837 2272 892 tio
2305 840 2469 893 esset
2525 838 2751 894 electus
2787 882 2801 909 ,
2832 841 3049 912 quibus
3090 843 3460 898 traderemus
3499 844 3569 898 de
3614 844 3817 904 Christo

2192 925 2575 998 triumphum,
2599 927 2655 983 si
2675 928 2747 983 de
2764 928 3000 985 Christo
3016 929 3308 1002 judicium
3332 933 3815 1007 committeremus,

2194 1013 2344 1079 Quid
2373 1015 2510 1071 illos
2559 1016 2738 1087 aliud,
2770 1019 2887 1073 nisi
2928 1017 3149 1076 Christi
3175 1019 3482 1093 'injuriam
3527 1023 3714 1081 audire
3741 1026 3820 1082 de-

2194 1102 2418 1159 lectat?
2445 1104 2598 1171 Quid
2646 1106 2766 1161 illis
2796 1107 2957 1164 aliud
2996 1109 3253 1181 placere,
3303 1111 3425 1166 nisi
3475 1111 3648 1183 (quod
3673 1113 3819 1185 absit)

2193 1195 2256 1247 ut
2285 1191 2507 1249 Christi
2537 1194 2814 1252 divinitas
2846 1197 3215 1270 denegetur?
3244 1198 3392 1255 Cum
3421 1200 3496 1255 iis
3517 1201 3679 1273 plane
3696 1201 3820 1258 bene

2195 1283 2472 1338 convenit
2529 1284 2770 1356 Ariano,
2803 1288 2905 1358 qui
2962 1291 3290 1344 creaturam
3339 1288 3638 1346 Christum
3688 1291 3819 1362 dicit,

2148 1413 2155 1416 .
2194 1372 2355 1443 quod
2384 1373 2560 1428 etiam
2587 1375 2843 1448 gentiles
2873 1392 2943 1432 ac
2977 1375 3168 1434 Judaei
3196 1379 3640 1451 promptissime
3667 1379 3821 1438 conﬁ-

2192 1462 2410 1517 tentur.

2267 1550 2356 1606 44.
2418 1552 2547 1608 Hoc
2593 1553 2881 1625 scriptum
2934 1559 3028 1613 est
3081 1557 3143 1613 in
3173 1557 3541 1615 Ariminensi
3590 1560 3820 1633 synodo:

2195 1640 2524 1713 meritoque
2574 1643 2891 1699 concilium
2927 1645 3073 1701 illud
3104 1646 3423 1719 exhorreo,
3459 1664 3710 1721 sequens
3734 1652 3824 1705 tra-

420 1718 685 1791 tentiam,
718 1721 818 1774 aut
847 1722 1007 1776 certe
1039 1735 1331 1778 excusare
1363 1724 1523 1795 quod
1566 1726 1943 1796 imperatoris
1973 1731 2094 1785 tam
2194 1730 2413 1784 ctatum
2452 1731 2692 1787 concilii
2727 1732 2959 1789 Nicaeni
3016 1734 3151 1808 (47),
3182 1752 3217 1791 a
3247 1753 3367 1808 quo
3397 1718 3493 1793 me
3537 1718 3644 1793 nec
3670 1754 3824 1810 mors,

425 1822 641 1909 severo
671 1810 730 1899 et
755 1809 875 1863 tam
903 1808 1172 1866 districto
1211 1809 1459 1882 imperio
1488 1828 1608 1868 non
1651 1816 1951 1885 potuerint
1978 1818 2089 1874 ob-
2124 1833 2305 1909 Bnec
2359 1818 2595 1909 gladius
2650 1822 2864 1891 poterit
2894 1837 3194 1894 separare.
3253 1824 3444 1890 Quam
3486 1827 3657 1882 fidem
3685 1808 3826 1883 etiam

420 1896 585 1955 visre
604 1898 634 1954 ?

493 1985 582 2059 10.
607 1984 726 2042 Sed
762 1984 876 2043 hoc
897 1987 1295 2061 contumacis,
1330 2005 1450 2046 non
1478 1991 1734 2048 modesti
1762 1995 1855 2051 est
1883 2011 2091 2052 sacer-

419 2076 596 2145 dotis.
618 2075 815 2148 iEcce,
858 2076 1197 2149 imperator,
1230 2077 1428 2152 legem
1461 2082 1622 2137 tuam
1648 2081 1775 2155 jam
1819 2100 1896 2141 ex
1922 2089 2090 2157 parte

418 2163 757 2238 rescindis;
816 2165 927 2222 sed
953 2165 1176 2222 utinam
1221 2183 1342 2223 non
1372 2184 1447 2225 ex
1486 2172 1673 2242 parte,
1724 2172 1833 2228 sed
1862 2173 1924 2229 in
1952 2176 2090 2231 uni-

326 2298 333 2307 ,
416 2244 663 2311 versum
692 2252 706 2311 l
738 2254 938 2330 legem
973 2256 1133 2311 enim
1166 2258 1327 2312 tuam
1348 2257 1567 2315 nollem
1597 2276 1737 2317 esse
1771 2278 1952 2334 supra
1982 2264 2090 2320 Dei

415 2343 635 2418 legem.
658 2344 767 2401 Dei
785 2344 884 2403 lex
908 2360 1021 2400 nos
1043 2344 1245 2401 docuit
1273 2347 1416 2419 quid
1437 2364 1779 2422 sequamur,
1814 2350 2088 2410 humanae

415 2432 589 2513 leges
620 2434 735 2505 hoc
764 2433 980 2490 docere
1010 2450 1131 2490 non
1185 2440 1460 2507 possunt.
1496 2438 1865 2513 Extorquere
1895 2442 2091 2500 solent

415 2512 641 2579 timidis
674 2523 1210 2595 commutationem,
1255 2524 1433 2582 fidem
1478 2512 1773 2600 inspirare
1802 2547 1923 2588 non
1948 2548 2087 2604 pos-

417 2614 578 2669 sunt.

497 2693 648 2764 862
678 2700 767 2760 11.
799 2703 945 2772 Quis
974 2706 1086 2764 erit
1130 2706 1315 2782 igitur
1342 2710 1462 2783 ille,
1494 2710 1596 2783 qui
1628 2725 1763 2767 cum
1791 2710 1952 2784 legat
1978 2726 2087 2783 per

415 2793 502 2848 tot
525 2792 868 2866 provincias
914 2811 1034 2853 uno
1075 2802 1373 2856 momento
1422 2815 1562 2856 esse
1608 2800 1965 2871 mandatum,
2024 2802 2088 2856 ut

417 2881 758 2957 quicunque
790 2883 1121 2945 obviaverit
1148 2886 1511 2961 imperatori,
1544 2889 1792 2947 feriatur
1846 2889 2084 2964 gladio:

416 2966 755 3050 quicunque
792 2973 903 3030 Dei
944 2976 1229 3049 templum
1276 2995 1397 3036 non
1442 2979 1768 3051 tradiderit,
1812 2979 2088 3050 protinus

416 3061 722 3137 occidatur
741 3063 770 3119 ?
792 3063 956 3136 .quis,
998 3065 1260 3139 inquam,
1302 3070 1397 3125 est
1427 3067 1527 3140 qui
1557 3068 1752 3140 possit
1777 3068 1875 3124 vel
1903 3084 2082 3140 unus,

414 3149 513 3207 vel
559 3152 714 3208 inter
742 3167 972 3224 paucos
1008 3153 1209 3212 dicere
1238 3156 1581 3228 imperatori
1607 3173 1621 3213 :
1655 3157 1782 3213 Lex
1810 3160 1911 3213 tua
1939 3157 2084 3213 mihi

414 3255 535 3301 non
564 3241 848 3314 probatur
866 3242 896 3298 ?
938 3241 1073 3300 Non
1113 3245 1470 3316 permittitur
1510 3246 1625 3303 hoc
1653 3246 1852 3302 dicere
1883 3262 2084 3303 sacer-

417 3330 680 3403 dotibus,
722 3330 1079 3402 permittitur
1116 3332 1333 3392 laicis?
1391 3335 1463 3391 Et
1511 3335 1806 3408 judicabit
1850 3337 1922 3392 de
1969 3336 2084 3392 ﬁde

414 3419 519 3493 qui
545 3421 645 3483 aut
670 3419 922 3493 gratiam
951 3425 1172 3494 sperat,
1205 3425 1306 3480 aut
1333 3423 1540 3479 metuit
1568 3422 1857 3480 offensam
1880 3426 1909 3479 ‘2

485 3505 574 3565 12.
607 3508 838 3569 Deinde.
881 3511 1014 3584 ipse
1062 3513 1439 3585 committam,
1471 3515 1535 3570 ut
1581 3513 1800 3586 eligam
1840 3513 2083 3586 judices

412 3597 622 3671 laicos,
656 3598 759 3673 qui
807 3617 943 3659 cum
968 3603 1265 3660 tenuerint
1309 3603 1426 3660 fide
1454 3604 1782 3675 veritatem,
1815 3605 1915 3659 aut
1940 3619 2083 3675 pro-

413 3686 774 3762 scribantur,
804 3692 904 3747 aut
929 3693 1236 3764 necantur,
1269 3692 1429 3766 quod
1454 3691 1555 3748 lex
1584 3692 1657 3749 de
1687 3692 1804 3749 ﬁde
1831 3692 1947 3748 lata
1977 3693 2085 3748 de-

414 3777 651 3835 cernit?
679 3778 810 3859 Ego
838 3779 1023 3854 igitur
1049 3784 1150 3839 aut
1185 3781 1663 3854 praevaricationi
1694 3781 1942 3839 offeram
1973 3781 2086 3838 ho-

415 3867 630 3942 mines,
660 3856 762 3929 aut
788 3885 1003 3942 poenae.

484 3956 574 4014 13.
603 3957 741 4016 Non
766 3958 911 4014 tanti
941 3960 1036 4015 est
1060 3958 1440 4033 Ambrosius,
1473 3963 1538 4017 ut
1566 3964 1805 4034 propter
1837 3976 1904 4017 se
1935 3961 2085 4034 deji-

483 4098 601 4174 (45)
630 4098 771 4157 Des'
862 4103 921 4157 at
948 4098 1063 4159 hoc
1089 4101 1222 4160 loco
1252 4105 1498 4159 sanctus
1581 4103 1763 4159 raesul
1793 4103 1912 4176 leg.
1945 4103 1979 4158 4
2009 4104 2085 4160 de

483 4172 575 4229 ide
602 4117 1056 4230 cathgggaaum
1086 4178 1145 4230 et
1170 4175 1411 4230 Arianis
1439 4176 1502 4230 in
1531 4120 1837 4230 Ecclesias
1867 4190 2083 4230 conve-

413 4172 1056 4246 Fidegcatbolicaauae
1086 4178 1145 4231 et
1170 4175 1411 4231 Arianis
1439 4176 1502 4230 in
1531 4172 1837 4231 Ecclesias
1858 4172 2083 4230 'conve-

413 4243 624 4330 nmndi
636 4243 1148 4330 licentiam—dabat,
1173 4249 1232 4330 et
1250 4246 1460 4330 capitis
1477 4262 1714 4330 poenam
1733 4262 1862 4330 ‘non
1873 4246 2079 4330 solum

414 4316 494 4373 iis
524 4316 656 4400 qui.
682 4316 877 4401 eidem
933 4316 1340 4401 constitutioni
1396 4316 1500 4401 per
1527 4317 1648 4372 vim
1697 4317 2079 4401 obsisterent,

416 4385 527 4462 sed
581 4390 758 4444 etiam
810 4389 905 4462 i187
944 4405 1049 4462 qui
1078 4390 1382 4462 supplices
1406 4388 1684 4462 Alibellos
1735 4391 2078 4462 imperatori

416 4404 527 4445 sea
581 4404 758 4444 etiam
810 4404 887 4444 iis
944 4405 1049 4462 qui
1078 4404 1382 4460 supplices
1441 4404 1678 4445 imeiios
1735 4404 2078 4458 imperatori

415 4459 713 4516 adversus
742 4461 1011 4517 eamdem
1042 4458 1341 4531 offerrent,
1390 4460 1791 4516 denuntiabat.
1820 4458 1949 4531 Qua
1977 4476 2078 4514 ra-

415 4531 578 4587 tione
604 4534 802 4588 autem
844 4546 916 4587 ea
961 4531 1063 4588 lex

418 4602 742 4675 descripsit
768 4600 1139 4660 Sozomenus
1167 4603 1271 4659 lib.
1302 4600 1404 4673 vri,
1439 4619 1569 4675 cap.
1603 4600 1692 4675 13.

816 4675 1118 4756 intelligas
1148 4677 1467 4756 episcopos
1498 4672 1695 4730 statim
1723 4675 1861 4744 post
1889 4672 2085 4756 legem

419 4744 891 4826 a_Yal_entiniano
920 4744 1116 4826 latam,
1139 4744 1658 4826 ﬁmbrbsii‘cura
1687 4745 2082 4826 conﬁnisse;

418 4816 567 4871 utin
585 4815 920 4902 hecfarum
949 4815 1197 4902 articulo
1234 4818 1522 4890 viderent,
1546 4833 1620 4874 ne
1651 4816 1795 4889 quid
1813 4815 2086 4871 Ecclesia

421 4901 489 4942 ca
568 4889 659 4942 ret
686 4886 1037 4944 detrimenti.
1508 4886 1516 4890 ⁷
1668 4886 1691 4889 ”

425 5027 466 5043 Α
623 4958 1132 5043 Niceenie‘tantum
1149 4960 1362 5043 synodi
1382 4960 1744 5043 testimonio.
1759 4975 1879 5043 non
1890 4960 2087 5043 autem

421 5027 1108 5113 Constantinopolitanae,
1149 5027 1287 5113 ideq
1298 5031 1598 5113 fortassis
1620 5032 1804 5113 utitur
1830 5030 2088 5113 Ambro-

423 5094 560 5173 sius
580 5115 597 5173 ς
627 5094 1020 5173 (ιιιοᾶξζωάιιε
1065 5094 1384 5159 auctoritas
1431 5117 1552 5159 non
1597 5103 2000 5158 admitteretur
2028 5101 2090 5157 in

423 5142 763 5239 Occidente.
798 5142 986 5229 Un‘d';
1016 5142 1339 5231 etiam‘non
1368 5175 1499 5231 sine
1543 5175 1672 5229 veri
1702 5173 2087 5229 similitudine

424 5243 776 5327 digerimus,
808 5259 943 5299 eum
984 5245 1059 5327 ad
1086 5246 1502 5327 _astrii_er_idam,
1538 5261 1713 5327 quam
1744 5244 1936 5327 obiter
1962 5246 2090 5298 tan-

424 5315 532 5388 git,
564 5314 820 5387 Spiritus
849 5317 1041 5372 sancti
1071 5317 1454 5387 divinitatem,
1487 5314 1607 5373 no_n
1636 5317 1909 5389 ejusdem
1941 5331 2069 5370 con-

428 5385 863 5460 ciliiicanones,
898 5388 1005 5443 sed
1035 5388 1355 5445 Galliarum
1390 5389 1927 5460 Hispaniarumque
1951 5402 2090 5442 con-

428 5403 547 5442 cuii
580 5403 863 5455 canones,
898 5403 1005 5443 εθα
1035 5403 1355 5445 Galliarum
1390 5403 1927 5460 hispaniarumque
1951 5403 2048 5442 cor.

424 5457 755 5541 “9919119111
783 5460 1197 5541 aroposilisse:
1670 5530 1736 5541 η
1785 5529 1819 5541 ..
1888 5529 1903 5541 .
2036 5528 2048 5541 .

496 5529 610 5601 (48)
640 5531 766 5586 Hac
786 5529 868 5587 de
896 5529 964 5587 re
993 5531 1271 5588 Socrates
1304 5532 1407 5587 lib.
1432 5549 1472 5600 i,
1506 5546 1634 5600 cap.
1668 5530 1757 5601 22,
1782 5529 1860 5583 ita
1888 5529 2087 5601 loqui-

2192 1922 2411 1978 parens
2469 1908 2797 1965 clementiae
2853 1913 2969 1967 tum
3037 1912 3418 1969 Theodosius
3479 1914 3825 1970 beatissimus

2193 1995 2514 2067 imperator
2572 2000 2631 2053 et
2694 2000 2966 2071 sequitur
3022 2003 3079 2056 et
3131 2003 3429 2072 probavit.
3466 2004 3631 2061 Hanc
3681 2005 3824 2060 ﬁdem

2194 2084 2397 2140 Galliae
2443 2088 2663 2158 tenent,
2716 2087 2869 2143 hanc
2920 2089 3246 2161 Hispaniae,
3282 2095 3343 2147 et
3393 2109 3528 2149 cum
3556 2094 3649 2166 pia
3674 2093 3826 2149 divini

2192 2172 2448 2245 Spiritus
2479 2175 2862 2232 confessione
2893 2179 3254 2236 custodiunt.

2264 2262 2352 2318 15.
2378 2263 2438 2319 Si
2458 2265 2827 2321 tractandum
2848 2269 2959 2338 est,
2983 2270 3237 2324 tractare
3259 2270 3323 2325 in
3345 2269 3617 2327 Ecclesia
3637 2271 3818 2327 didici:

2190 2353 2350 2424 quod
2378 2353 2640 2426 majores
2663 2354 2932 2411 fecerunt
2944 2357 3081 2413 mei.
3105 2357 3170 2413 Si
3190 2359 3622 2417 conferendum
3634 2362 3700 2417 de
3710 2361 3822 2431 ﬁde,

2192 2441 2569 2511 sacerdotum
2604 2443 2779 2499 debet
2825 2460 2963 2501 esse
3012 2446 3125 2500 ista
3169 2447 3432 2520 collatio,
3464 2450 3617 2506 sicut
3644 2450 3827 2506 factum

2196 2533 2286 2611 est
2317 2530 2430 2586 sub
2479 2530 2867 2589 Constantino
2915 2538 3191 2607 augustae
3242 2538 3549 2595 memoriae
3576 2540 3825 2611 principe,

2198 2608 2300 2691 qui
2318 2620 2513 2676 nullas
2524 2621 2694 2694 leges
2711 2624 2844 2678 ante
2857 2625 3146 2693 pramisit
3158 2625 3270 2695 (48)
3281 2668 3295 2694 ,
3318 2608 3684 2684 sedliberum
3696 2608 3828 2683 dedit

2192 2707 2485 2780 judicium
2549 2711 2981 2768 sacerdotibus.
3052 2713 3299 2772 Factum
3357 2720 3453 2772 est
3514 2718 3680 2773 etiam
3734 2716 3825 2772 sub

2195 2795 2542 2855 Constantio
2554 2799 2665 2872 (4'7)
2678 2803 2949 2872 augustae
2960 2804 3262 2858 memoriae
3275 2804 3649 2877 imperatore,
3661 2807 3826 2878 pater-

2192 2902 2285 2943 nae
2325 2887 2630 2960 dignitatis
2661 2889 2899 2946 haerede
2925 2906 2940 2961 ;
2972 2889 3081 2947 sed
3110 2893 3269 2963 quod
3299 2894 3461 2951 bene
3492 2895 3663 2966 coepit
3687 2894 3827 2949 aliter

2195 2979 2669 3034 consummatum
2703 2980 2814 3034 est.
2856 2979 3009 3036 Nam
3049 2982 3322 3052 episcopi
3352 2983 3644 3040 sinceram
3668 2982 3825 3054 primo

2193 3065 2564 3145 scripserant
2591 3067 2804 3137 ﬁdem;
2837 3069 2947 3124 sed
2977 3069 3117 3124 dum
3145 3070 3358 3126 volunt
3378 3073 3616 3145 quidam
3649 3072 3714 3128 de
3732 3068 3828 3125 ﬁde

2126 3141 2345 3272 cintra
2362 3156 2642 3227 palatium
2661 3156 2954 3228 judicare,
2978 3158 3039 3213 id
3062 3164 3341 3234 egerunt,
3367 3141 3429 3217 ut
3449 3159 3826 3228 circumscrip-

2193 3244 2494 3272 “unum”...
2519 3245 2612 3272 ειι..
2656 3246 3069 3272 ΛοιεΑΛΑκΑ-μιιιυυι
3111 3247 3324 3272 ε.-.ιε-;-
3354 3253 3704 3272 __.--A-_.-_L__..
3736 3244 3825 3272 n...'

2193 3244 2496 3314 ptionibus
2518 3245 2619 3300 illa
2654 3246 3075 3317 episcoporum
3100 3247 3333 3319 judicia
3354 3253 3722 3306 mutarentur.
3736 3244 3828 3313 Qui

2192 3335 2389 3389 tamen
2434 3333 2715 3389 inﬂexam
2743 3335 2943 3390 statim
2988 3352 3357 3396 revocavere
3386 3340 3740 3395 sententiam.
3768 3334 3826 3390 Et

2193 3424 2353 3478 certe
2381 3422 2575 3496 major
2602 3439 2887 3480 numerus
2922 3425 3169 3493 Arimini
3201 3427 3345 3499 (50),
3375 3428 3604 3485 Nicaeni
3625 3422 3825 3483 concilii

2193 3510 2371 3568 fidem
2397 3513 2689 3583 probavit,
2725 3513 2943 3569 Ariana
2972 3515 3210 3570 decreta
3253 3518 3575 3574 damnavit.

2273 3592 2423 3658 863
2452 3601 2539 3658 16.
2561 3600 2624 3658 Si
2653 3602 2728 3656 ad
2755 3601 3059 3675 Synodum
3087 3608 3376 3675 provocat
3405 3604 3741 3673 Auxentius,
3775 3600 3825 3656 ut

2195 3689 2267 3746 de
2323 3691 2438 3746 fide
2497 3690 2757 3763 disputet
2811 3691 2973 3761 (licet
3018 3708 3138 3749 non
3191 3695 3271 3749 sit
3328 3710 3581 3751 necesse
3619 3692 3826 3764 propter

2193 3795 2377 3836 unum
2404 3782 2490 3836 tot
2524 3780 2841 3851 episcopos
2886 3780 3121 3854 fatigari
3152 3780 3287 3853 (51),
3324 3783 3429 3855 qui
3476 3783 3645 3839 etiam
3669 3780 3718 3835 si
3742 3791 3825 3831 an-

2192 3869 2368 3942 gelus
2390 3870 2463 3925 de
2482 3869 2630 3926 coelo
2652 3872 2835 3941 esset,
2863 3871 2997 3940 paci
3028 3869 3439 3928 Ecclesiarum
3468 3887 3586 3928 non
3612 3865 3824 3925 deberet

2191 3957 2483 4029 praeferri)
2499 3973 2514 4029 ;
2539 3974 2673 4014 cum
2689 3959 2932 4014 audiero
2954 3959 3251 4032 synodum
3264 3958 3640 4034 congregari,
3654 3956 3820 4025 etipse

2193 4101 2266 4157 de
2293 4101 2603 4175 religionis
2629 4104 2850 4158 nostrae
2881 4082 3258 4175 dogmatibus
3282 4102 3614 4175 accuratius
3634 4092 3820 4175 disqui-

2191 4169 2720 4256 rei‘entfnimirum
2756 4169 3042 4256 episcopi,
3086 4195 3138 4256 ιι.
3168 4190 3377 4256 eorum
3411 4172 3648 4256 arbitrio
3683 4169 3822 4256 po}?

2193 4240 2448 4316 statique
2476 4245 2732 4317 reliquit.
2768 4240 2879 4301 Adi
2908 4240 3081 4300 etiam
3110 4245 3305 4301 Athan
3336 4248 3482 4301 orat.
3505 4243 3639 4299 adv.
3662 4240 3817 4295 Aria-

2192 4331 2376 4458 "0549)
2396 4386 2599 4444 Codex
2633 4387 2797 4443 Belv.
2823 4389 2881 4442 et
2912 4387 3012 4442 alii
3045 4390 3316 4458 quatuor,
3355 4410 3377 4436 ι(
3415 4387 3527 4443 sub
3556 4382 3812 4439 Constan-

2190 4458 2312 4530 tino
2337 4474 2349 4513 :
2389 4481 2411 4507 η
2445 4475 2564 4514 non
2594 4459 2740 4513 Satis
2768 4462 2949 4529 recte,
2974 4460 3468 4530 quemadmodum
3487 4474 3562 4514 ex
3588 4464 3811 4524 sequen-

1119 4529 1489 4605 promulgata
1536 4531 1733 4602 fuerit,
1780 4530 2084 4603 eleganter
2119 4529 2352 4631 ntibus
2382 4530 2751 4612 intelligitur.

1119 4603 1248 4631 .13..
1302 4620 1383 4631 ....
1442 4619 1547 4631 ιιι...
1603 4600 1669 4631 Δρ
2262 4600 2375 4631 ΙΚΑΧ
2405 4600 2537 4631 Πλει
2604 4601 2751 4631 ’,ιι-η

2262 4600 2375 4670 (50)
2405 4600 2826 4656 Εὰὶῐ.ἰι1ιὶῑηεθ
2873 4601 3090 4669 Paris,
3141 4622 3163 4652 ει
3220 4602 3417 4657 minor
3461 4606 3760 4670 numerus;
3791 4607 3809 4635 ι

2190 4663 2501 4743 quodcum
2523 4672 2733 4743 synodi
2754 4663 3151 4727 Ariminensis
3172 4672 3419 4728 historia
3441 4671 3627 4726 minus
3649 4663 3815 4743 cohaef

2188 4745 2298 4797 ret.
2324 4742 2554 4798 Etenim
2585 4759 2717 4818 cum
2749 4743 2832 4818 ibi
2862 4743 3052 4813 primo
3098 4743 3404 4798 Nicaenam
3431 4742 3809 4818 ﬁdemmfg‘f‘f

2190 4829 2495 4869 consensu
2547 4814 2802 4884 amplexi
2857 4807 3081 4881 essent,
3138 4817 3344 4883 postea
3400 4828 3562 4884 vero,
3607 4807 3809 4861 inﬂexis

2190 4900 2343 4964 quos
2374 4885 2447 4939 ad
2484 4882 2890 4964 Constantium
2903 4882 3363 4964 _des_t_inaverant
3380 4882 3600 4964 legatis
3615 4885 3808 4964 pr???

2189 4943 2429 5012 modum
2459 4970 2666 5011 omnes
2713 4955 2979 5010 articulis
3009 4956 3273 5010 Valentis
3305 4943 3804 5021 subscripsissent;

2192 5027 2793 5099 postremotandem.
2815 5048 2859 5099 «ί
2880 5026 3075 5097 major
3103 5042 3385 5099 numerus
3422 5048 3443 5072 η
3477 5013 3682 5097 illatum
3712 5013 3803 5099 hac

2192 5083 2636 5175 subscriptione
2665 5098 2798 5175 fidei
2831 5083 3105 5175 damnum
3125 5098 3545 5175 considerans,
3573 5083 3801 5175 resipﬂi:

2191 5185 2261 5224 ac
2282 5160 2593 5224 formulam
2609 5169 2844 5224 Arianae
2874 5168 3277 5224 confessionis
3308 5165 3569 5239 ejuravit.
3611 5160 3683 5213 De
3708 5164 3803 5276 (ἒυο

2193 5241 2438 5276 ηηηοιιιο
2460 5256 2594 5276 niam
2624 5256 2733 5276 nnc
2766 5240 2844 5276 lih
2901 5258 2919 5276 ι
2958 5240 3039 5276 ηρ
3075 5239 3188 5276 ηιθο
3243 5255 3350 5276 nnn
3403 5237 3467 5276 m
3522 5246 3666 5276 num.
3697 5225 3719 5276 1
3756 5220 3798 5276 2.

2192 5220 2594 5311 assam;
2610 5220 2866 5295 sagire
2883 5220 3040 5295 ἰ’Βὲ
3058 5220 3369 5309 θῆᾱὲξόθῇἷ.
3396 5220 3491 5306 18,
3522 5246 3666 5288 num.
3697 5220 3798 5287 122,

2192 5312 2667 5373 observavimus.
3658 5368 3667 5373 _
3759 5359 3768 5370 .

2262 5384 2374 5451 (51)
2405 5382 2502 5437 Sic
2533 5383 2704 5436 etiam
2754 5382 2813 5436 in
2845 5381 3097 5451 epistola
3144 5381 3219 5435 ad
3252 5380 3599 5451 Gratianum.
3643 5368 3797 5451 ῥῆξις

2190 5438 2404 5509 leiensi
2423 5454 2673 5529 concilio
2696 5438 2976 5529 subjecta,
2998 5453 3210 5529 num13
3240 5454 3435 5529 legere
3463 5449 3574 5529 eat:
3599 5438 3793 5529 ιιρξξξξξ

2189 5503 2533 5596 magis;
2547 5503 3115 5596 ’έιίἷέἑθῐῖῇὶεόρὶεἱῖἆ
3123 5503 3473 5596 assistam
3494 5519 3557 5596 in
3580 5503 3792 5596 reﬁgi“

424 5585 554 5681 tur:
586 5585 1411 5681 e'iTuncvigitiirﬁcum‘depace
1433 5585 1823 5681 έρροξισοινᾴἰξι
1854 5585 2089 5681 abunde
2191 5585 2459 5678 cariosos
2484 5585 2830 5681 sacerdotes
2842 5585 2963 5681 toto
2985 5594 3130 5681 orba
3149 5598 3353 5651 essent
3379 5585 3642 5649 Ecclesia:
3659 5587 3790 5633 sum'

425 5664 898 5746 disseruissetfu
934 5664 1358 5732 Constantinus
1375 5670 1625 5740 scilicet,
1655 5692 1677 5719 α
1714 5668 1996 5741 deinceps
2027 5673 2093 5727 ut
2190 5667 2303 5723 mis
2337 5667 2750 5724 sacerdotibus
2779 5664 3114 5722 destitutae!
3154 5688 3176 5715 ι
