  <div class='ocr_page' id='page_1' title='image "/cluster/home/n/w/nwhite01/storage/ocr_20150623/16/hvd.32044096580444/530.png"; bbox 0 0 4072 6174; ppageno 0'>
   <div class='ocr_carea' id='block_1_1' title="bbox 139 296 315 362">
    <p class='ocr_par' dir='ltr' id='par_1_1' title="bbox 139 296 315 362">
     <span class='ocr_line' id='line_1_1' title="bbox 139 296 315 362; baseline 0.023 -3"><span class='ocrx_word' id='word_1_1' title='bbox 139 296 315 362; x_wconf 84' lang='grc'>1049</span> 
     </span>
    </p>
   </div>
   <div class='ocr_carea' id='block_1_2' title="bbox 144 484 1893 573">
    <p class='ocr_par' dir='ltr' id='par_1_2' title="bbox 144 484 1893 573">
     <span class='ocr_line' id='line_1_2' title="bbox 144 484 1893 573; baseline 0.001 -17"><span class='ocrx_word' id='word_1_2' title='bbox 144 516 273 556; x_wconf 93' lang='lat' dir='ltr'>non</span> <span class='ocrx_word' id='word_1_3' title='bbox 293 500 492 556; x_wconf 87' lang='lat' dir='ltr'>deero.</span> <span class='ocrx_word' id='word_1_4' title='bbox 517 499 681 554; x_wconf 89' lang='lat' dir='ltr'>Tolle</span> <span class='ocrx_word' id='word_1_5' title='bbox 704 500 886 572; x_wconf 85' lang='lat' dir='ltr'>igitur</span> <span class='ocrx_word' id='word_1_6' title='bbox 900 500 1114 573; x_wconf 87' lang='lat' dir='ltr'>legem,</span> <span class='ocrx_word' id='word_1_7' title='bbox 1136 501 1189 556; x_wconf 91' lang='lat' dir='ltr'>si</span> <span class='ocrx_word' id='word_1_8' title='bbox 1209 502 1305 556; x_wconf 88' lang='lat' dir='ltr'>vis</span> <span class='ocrx_word' id='word_1_9' title='bbox 1335 517 1472 558; x_wconf 89' lang='lat' dir='ltr'>esse</span> <span class='ocrx_word' id='word_1_10' title='bbox 1493 504 1784 557; x_wconf 78' lang='lat' dir='ltr'>certamen</span> <span class='ocrx_word' id='word_1_11' title='bbox 1800 542 1814 557; x_wconf 96' lang='lat'>.</span> <span class='ocrx_word' id='word_1_12' title='bbox 1836 484 1893 549; x_wconf 80' lang='grc' dir='ltr'><strong>Α</strong></span> 
     </span>
    </p>
   </div>
   <div class='ocr_carea' id='block_1_3' title="bbox 224 589 1815 661">
    <p class='ocr_par' dir='ltr' id='par_1_3' title="bbox 224 589 1815 661">
     <span class='ocr_line' id='line_1_3' title="bbox 224 589 1815 661; baseline 0.003 -18"><span class='ocrx_word' id='word_1_13' title='bbox 224 589 310 643; x_wconf 82' lang='grc' dir='ltr'>1Ἷ.</span> <span class='ocrx_word' id='word_1_14' title='bbox 346 589 684 658; x_wconf 90' lang='lat' dir='ltr'>Venissem,</span> <span class='ocrx_word' id='word_1_15' title='bbox 718 589 1054 661; x_wconf 76' lang='lat' dir='ltr'>imperator,</span> <span class='ocrx_word' id='word_1_16' title='bbox 1096 591 1170 645; x_wconf 88' lang='lat' dir='ltr'>ad</span> <span class='ocrx_word' id='word_1_17' title='bbox 1219 593 1643 647; x_wconf 84' lang='lat' dir='ltr'>consistorium</span> <span class='ocrx_word' id='word_1_18' title='bbox 1691 593 1815 648; x_wconf 91' lang='lat' dir='ltr'>cle-</span> 
     </span>
    </p>
   </div>
   <div class='ocr_carea' id='block_1_4' title="bbox 142 678 1814 753">
    <p class='ocr_par' dir='ltr' id='par_1_4' title="bbox 142 678 1814 753">
     <span class='ocr_line' id='line_1_4' title="bbox 142 678 1814 753; baseline 0.001 -19"><span class='ocrx_word' id='word_1_19' title='bbox 142 678 384 734; x_wconf 63' lang='lat' dir='ltr'>mentiae</span> <span class='ocrx_word' id='word_1_20' title='bbox 415 680 554 746; x_wconf 83' lang='lat' dir='ltr'>tuae,</span> <span class='ocrx_word' id='word_1_21' title='bbox 579 681 641 733; x_wconf 89' lang='lat' dir='ltr'>ut</span> <span class='ocrx_word' id='word_1_22' title='bbox 663 678 791 733; x_wconf 78' lang='lat' dir='ltr'>haec</span> <span class='ocrx_word' id='word_1_23' title='bbox 823 695 1021 733; x_wconf 90' lang='lat' dir='ltr'>coram</span> <span class='ocrx_word' id='word_1_24' title='bbox 1053 696 1480 753; x_wconf 86' lang='lat' dir='ltr'>suggererem;</span> <span class='ocrx_word' id='word_1_25' title='bbox 1513 682 1564 736; x_wconf 90' lang='lat' dir='ltr'>si</span> <span class='ocrx_word' id='word_1_26' title='bbox 1596 697 1687 737; x_wconf 91' lang='lat' dir='ltr'>me</span> <span class='ocrx_word' id='word_1_27' title='bbox 1719 682 1814 736; x_wconf 86' lang='lat' dir='ltr'>vel</span> 
     </span>
    </p>
   </div>
   <div class='ocr_carea' id='block_1_5' title="bbox 142 768 1815 840">
    <p class='ocr_par' dir='ltr' id='par_1_5' title="bbox 142 768 1815 840">
     <span class='ocr_line' id='line_1_5' title="bbox 142 768 1815 840; baseline 0 -15"><span class='ocrx_word' id='word_1_28' title='bbox 142 768 555 840; x_wconf 88' lang='lat' dir='ltr'>episcopi,vel</span> <span class='ocrx_word' id='word_1_29' title='bbox 583 768 838 838; x_wconf 91' lang='lat' dir='ltr'>populus</span> <span class='ocrx_word' id='word_1_30' title='bbox 870 770 1287 839; x_wconf 89' lang='lat' dir='ltr'>permisissent</span> <span class='ocrx_word' id='word_1_31' title='bbox 1304 769 1434 840; x_wconf 73' lang='lat'>(52),</span> <span class='ocrx_word' id='word_1_32' title='bbox 1461 770 1724 826; x_wconf 80' lang='lat' dir='ltr'>dicentes</span> <span class='ocrx_word' id='word_1_33' title='bbox 1745 772 1815 825; x_wconf 92' lang='lat' dir='ltr'>de</span> 
     </span>
    </p>
   </div>
   <div class='ocr_carea' id='block_1_6' title="bbox 143 857 1669 930">
    <p class='ocr_par' dir='ltr' id='par_1_6' title="bbox 143 857 1669 930">
     <span class='ocr_line' id='line_1_6' title="bbox 143 857 1669 930; baseline 0.001 -18"><span class='ocrx_word' id='word_1_34' title='bbox 143 858 265 912; x_wconf 84' lang='lat' dir='ltr'>ﬁde</span> <span class='ocrx_word' id='word_1_35' title='bbox 297 857 355 913; x_wconf 90' lang='lat' dir='ltr'>in</span> <span class='ocrx_word' id='word_1_36' title='bbox 395 857 665 912; x_wconf 86' lang='lat' dir='ltr'>Ecclesia</span> <span class='ocrx_word' id='word_1_37' title='bbox 695 874 891 913; x_wconf 89' lang='lat' dir='ltr'>coram</span> <span class='ocrx_word' id='word_1_38' title='bbox 925 860 1141 930; x_wconf 91' lang='lat' dir='ltr'>populo</span> <span class='ocrx_word' id='word_1_39' title='bbox 1164 860 1381 915; x_wconf 78' lang='lat' dir='ltr'>debere</span> <span class='ocrx_word' id='word_1_40' title='bbox 1414 861 1669 914; x_wconf 75' lang='lat' dir='ltr'>tractari.</span> 
     </span>
    </p>
   </div>
   <div class='ocr_carea' id='block_1_7' title="bbox 223 947 1816 1019">
    <p class='ocr_par' dir='ltr' id='par_1_7' title="bbox 223 947 1816 1019">
     <span class='ocr_line' id='line_1_7' title="bbox 223 947 1816 1019; baseline 0.002 -17"><span class='ocrx_word' id='word_1_41' title='bbox 223 947 310 1002; x_wconf 89' lang='grc'>18.</span> <span class='ocrx_word' id='word_1_42' title='bbox 344 947 536 1019; x_wconf 84' lang='lat' dir='ltr'>Atque</span> <span class='ocrx_word' id='word_1_43' title='bbox 566 947 809 1018; x_wconf 87' lang='lat' dir='ltr'>utinam,</span> <span class='ocrx_word' id='word_1_44' title='bbox 858 948 1195 1019; x_wconf 79' lang='lat' dir='ltr'>imperator,</span> <span class='ocrx_word' id='word_1_45' title='bbox 1229 965 1346 1004; x_wconf 91' lang='lat' dir='ltr'>non</span> <span class='ocrx_word' id='word_1_46' title='bbox 1396 951 1816 1005; x_wconf 90' lang='lat' dir='ltr'>denuntiasses</span> 
     </span>
    </p>
   </div>
   <div class='ocr_carea' id='block_1_8' title="bbox 144 1036 1813 1111">
    <p class='ocr_par' dir='ltr' id='par_1_8' title="bbox 144 1036 1813 1111">
     <span class='ocr_line' id='line_1_8' title="bbox 144 1036 1813 1111; baseline 0.001 -19"><span class='ocrx_word' id='word_1_47' title='bbox 144 1036 265 1107; x_wconf 85' lang='lat'>(58)</span> <span class='ocrx_word' id='word_1_48' title='bbox 297 1039 360 1091; x_wconf 89' lang='lat' dir='ltr'>ut</span> <span class='ocrx_word' id='word_1_49' title='bbox 390 1053 506 1108; x_wconf 92' lang='lat' dir='ltr'>quo</span> <span class='ocrx_word' id='word_1_50' title='bbox 537 1037 751 1092; x_wconf 87' lang='lat' dir='ltr'>vellem</span> <span class='ocrx_word' id='word_1_51' title='bbox 779 1053 1092 1109; x_wconf 81' lang='lat' dir='ltr'>pergerem</span> <span class='ocrx_word' id='word_1_52' title='bbox 1113 1040 1141 1092; x_wconf 84' lang='lat'><strong><em>?</em></strong></span> <span class='ocrx_word' id='word_1_53' title='bbox 1177 1037 1446 1104; x_wconf 89' lang='lat' dir='ltr'>Quotidie</span> <span class='ocrx_word' id='word_1_54' title='bbox 1485 1040 1813 1111; x_wconf 88' lang='lat' dir='ltr'>prodibam,</span> 
     </span>
    </p>
   </div>
   <div class='ocr_carea' id='block_1_9' title="bbox 144 1126 1814 1200">
    <p class='ocr_par' dir='ltr' id='par_1_9' title="bbox 144 1126 1814 1200">
     <span class='ocr_line' id='line_1_9' title="bbox 144 1126 1814 1200; baseline 0.001 -19"><span class='ocrx_word' id='word_1_55' title='bbox 144 1141 325 1181; x_wconf 90' lang='lat' dir='ltr'>nemo</span> <span class='ocrx_word' id='word_1_56' title='bbox 354 1141 446 1180; x_wconf 90' lang='lat' dir='ltr'>me</span> <span class='ocrx_word' id='word_1_57' title='bbox 476 1126 845 1181; x_wconf 87' lang='lat' dir='ltr'>asservabat.</span> <span class='ocrx_word' id='word_1_58' title='bbox 881 1126 1149 1181; x_wconf 89' lang='lat' dir='ltr'>Debuisti</span> <span class='ocrx_word' id='word_1_59' title='bbox 1205 1143 1318 1196; x_wconf 91' lang='lat' dir='ltr'>me,</span> <span class='ocrx_word' id='word_1_60' title='bbox 1354 1144 1469 1199; x_wconf 94' lang='lat' dir='ltr'>quo</span> <span class='ocrx_word' id='word_1_61' title='bbox 1514 1129 1814 1200; x_wconf 84' lang='lat' dir='ltr'>volueras,</span> 
     </span>
    </p>
   </div>
   <div class='ocr_carea' id='block_1_10' title="bbox 145 1214 1818 1286">
    <p class='ocr_par' dir='ltr' id='par_1_10' title="bbox 145 1214 1818 1286">
     <span class='ocr_line' id='line_1_10' title="bbox 145 1214 1818 1286; baseline 0.001 -16"><span class='ocrx_word' id='word_1_62' title='bbox 145 1215 471 1284; x_wconf 90' lang='lat' dir='ltr'>destinare,</span> <span class='ocrx_word' id='word_1_63' title='bbox 490 1215 808 1286; x_wconf 83' lang='lat' dir='ltr'>quemipse</span> <span class='ocrx_word' id='word_1_64' title='bbox 824 1216 1099 1271; x_wconf 90' lang='lat' dir='ltr'>omnibus</span> <span class='ocrx_word' id='word_1_65' title='bbox 1124 1214 1462 1271; x_wconf 78' lang='lat' dir='ltr'>offerebam.</span> <span class='ocrx_word' id='word_1_66' title='bbox 1489 1218 1659 1272; x_wconf 89' lang='lat' dir='ltr'>Nunc</span> <span class='ocrx_word' id='word_1_67' title='bbox 1675 1219 1818 1273; x_wconf 90' lang='lat' dir='ltr'>mihi</span> 
     </span>
    </p>
   </div>
   <div class='ocr_carea' id='block_1_11' title="bbox 141 1304 1813 1375">
    <p class='ocr_par' dir='ltr' id='par_1_11' title="bbox 141 1304 1813 1375">
     <span class='ocr_line' id='line_1_11' title="bbox 141 1304 1813 1375; baseline 0.003 -18"><span class='ocrx_word' id='word_1_68' title='bbox 141 1319 175 1357; x_wconf 89' lang='lat' dir='ltr'>a</span> <span class='ocrx_word' id='word_1_69' title='bbox 200 1304 615 1360; x_wconf 87' lang='lat' dir='ltr'>sacerdotibus</span> <span class='ocrx_word' id='word_1_70' title='bbox 638 1304 879 1360; x_wconf 89' lang='lat' dir='ltr'>dicitur:</span> <span class='ocrx_word' id='word_1_71' title='bbox 905 1305 1040 1360; x_wconf 92' lang='lat' dir='ltr'>Non</span> <span class='ocrx_word' id='word_1_72' title='bbox 1057 1305 1302 1361; x_wconf 89' lang='lat' dir='ltr'>multum</span> <span class='ocrx_word' id='word_1_73' title='bbox 1325 1306 1591 1375; x_wconf 85' lang='lat' dir='ltr'>interest,</span> <span class='ocrx_word' id='word_1_74' title='bbox 1618 1310 1813 1362; x_wconf 90' lang='lat' dir='ltr'>utrum</span> 
     </span>
    </p>
   </div>
   <div class='ocr_carea' id='block_1_12' title="bbox 145 1392 1817 1467">
    <p class='ocr_par' dir='ltr' id='par_1_12' title="bbox 145 1392 1817 1467">
     <span class='ocr_line' id='line_1_12' title="bbox 145 1392 1817 1467; baseline 0.003 -21"><span class='ocrx_word' id='word_1_75' title='bbox 145 1392 361 1448; x_wconf 88' lang='lat' dir='ltr'>volens</span> <span class='ocrx_word' id='word_1_76' title='bbox 402 1393 727 1465; x_wconf 85' lang='lat' dir='ltr'>relinquas,</span> <span class='ocrx_word' id='word_1_77' title='bbox 780 1411 853 1449; x_wconf 93' lang='lat' dir='ltr'>an</span> <span class='ocrx_word' id='word_1_78' title='bbox 899 1396 1097 1450; x_wconf 86' lang='lat' dir='ltr'>tradas</span> <span class='ocrx_word' id='word_1_79' title='bbox 1147 1394 1327 1450; x_wconf 88' lang='lat' dir='ltr'>altare</span> <span class='ocrx_word' id='word_1_80' title='bbox 1374 1395 1632 1467; x_wconf 82' lang='lat' dir='ltr'>Christi;</span> <span class='ocrx_word' id='word_1_81' title='bbox 1684 1413 1817 1451; x_wconf 91' lang='lat' dir='ltr'>cum</span> 
     </span>
    </p>
   </div>
   <div class='ocr_carea' id='block_1_13' title="bbox 148 1483 937 1554">
    <p class='ocr_par' dir='ltr' id='par_1_13' title="bbox 148 1483 937 1554">
     <span class='ocr_line' id='line_1_13' title="bbox 148 1483 937 1554; baseline 0.001 -16"><span class='ocrx_word' id='word_1_82' title='bbox 148 1484 315 1538; x_wconf 90' lang='lat' dir='ltr'>enim</span> <span class='ocrx_word' id='word_1_83' title='bbox 343 1483 681 1554; x_wconf 87' lang='lat' dir='ltr'>reliqueris,</span> <span class='ocrx_word' id='word_1_84' title='bbox 717 1484 937 1539; x_wconf 86' lang='lat' dir='ltr'>trades.</span> 
     </span>
    </p>
   </div>
   <div class='ocr_carea' id='block_1_14' title="bbox 226 1570 1819 1646">
    <p class='ocr_par' dir='ltr' id='par_1_14' title="bbox 226 1570 1819 1646">
     <span class='ocr_line' id='line_1_14' title="bbox 226 1570 1819 1646; baseline 0.002 -20"><span class='ocrx_word' id='word_1_85' title='bbox 226 1570 320 1626; x_wconf 84' lang='grc'>19.</span> <span class='ocrx_word' id='word_1_86' title='bbox 356 1572 546 1643; x_wconf 84' lang='lat' dir='ltr'>Atque</span> <span class='ocrx_word' id='word_1_87' title='bbox 573 1572 795 1627; x_wconf 88' lang='lat' dir='ltr'>utinam</span> <span class='ocrx_word' id='word_1_88' title='bbox 814 1573 1038 1645; x_wconf 92' lang='lat' dir='ltr'>liquido</span> <span class='ocrx_word' id='word_1_89' title='bbox 1060 1574 1203 1629; x_wconf 90' lang='lat' dir='ltr'>mihi</span> <span class='ocrx_word' id='word_1_90' title='bbox 1220 1577 1445 1645; x_wconf 89' lang='lat' dir='ltr'>pateret</span> <span class='ocrx_word' id='word_1_91' title='bbox 1466 1575 1624 1646; x_wconf 91' lang='lat' dir='ltr'>quod</span> <span class='ocrx_word' id='word_1_92' title='bbox 1644 1575 1819 1629; x_wconf 83' lang='lat' dir='ltr'>Aria-</span> 
     </span>
    </p>
   </div>
   <div class='ocr_carea' id='block_1_15' title="bbox 144 1659 1819 1734">
    <p class='ocr_par' dir='ltr' id='par_1_15' title="bbox 144 1659 1819 1734">
     <span class='ocr_line' id='line_1_15' title="bbox 144 1659 1819 1734; baseline 0.004 -20"><span class='ocrx_word' id='word_1_93' title='bbox 144 1660 253 1714; x_wconf 91' lang='lat' dir='ltr'>nis</span> <span class='ocrx_word' id='word_1_94' title='bbox 278 1659 544 1716; x_wconf 86' lang='lat' dir='ltr'>Ecclesia</span> <span class='ocrx_word' id='word_1_95' title='bbox 567 1662 804 1717; x_wconf 89' lang='lat' dir='ltr'>minime</span> <span class='ocrx_word' id='word_1_96' title='bbox 816 1661 1175 1719; x_wconf 86' lang='lat' dir='ltr'>traderetur!</span> <span class='ocrx_word' id='word_1_97' title='bbox 1202 1667 1411 1734; x_wconf 90' lang='lat' dir='ltr'>sponte</span> <span class='ocrx_word' id='word_1_98' title='bbox 1435 1679 1526 1719; x_wconf 90' lang='lat' dir='ltr'>me</span> <span class='ocrx_word' id='word_1_99' title='bbox 1545 1663 1819 1720; x_wconf 73' lang='lat' dir='ltr'>offerrem</span> 
     </span>
    </p>
   </div>
   <div class='ocr_carea' id='block_1_16' title="bbox 139 1748 1815 1825">
    <p class='ocr_par' dir='ltr' id='par_1_16' title="bbox 139 1748 1815 1825">
     <span class='ocr_line' id='line_1_16' title="bbox 139 1748 1815 1825; baseline 0.003 -21"><span class='ocrx_word' id='word_1_100' title='bbox 139 1751 270 1804; x_wconf 69' lang='lat' dir='ltr'>tum</span> <span class='ocrx_word' id='word_1_101' title='bbox 300 1748 535 1821; x_wconf 88' lang='lat' dir='ltr'>pietatis</span> <span class='ocrx_word' id='word_1_102' title='bbox 565 1751 828 1806; x_wconf 88' lang='lat' dir='ltr'>arbitrio.</span> <span class='ocrx_word' id='word_1_103' title='bbox 861 1752 978 1806; x_wconf 89' lang='lat' dir='ltr'>Sed</span> <span class='ocrx_word' id='word_1_104' title='bbox 1009 1753 1061 1807; x_wconf 92' lang='lat' dir='ltr'>si</span> <span class='ocrx_word' id='word_1_105' title='bbox 1094 1768 1206 1825; x_wconf 85' lang='lat' dir='ltr'>ego</span> <span class='ocrx_word' id='word_1_106' title='bbox 1238 1753 1405 1807; x_wconf 91' lang='lat' dir='ltr'>solus</span> <span class='ocrx_word' id='word_1_107' title='bbox 1436 1753 1815 1824; x_wconf 89' lang='lat' dir='ltr'>interstrepo,</span> 
     </span>
    </p>
   </div>
   <div class='ocr_carea' id='block_1_17' title="bbox 1336 296 2389 366">
    <p class='ocr_par' dir='ltr' id='par_1_17' title="bbox 1336 296 2389 366">
     <span class='ocr_line' id='line_1_17' title="bbox 1336 296 2389 366; baseline -0.001 -3"><span class='ocrx_word' id='word_1_108' title='bbox 1336 296 1939 366; x_wconf 88' lang='lat' dir='ltr'>EPISTOLARUM</span> <span class='ocrx_word' id='word_1_109' title='bbox 1970 297 2304 363; x_wconf 84' lang='lat' dir='ltr'>CLASSIS</span> <span class='ocrx_word' id='word_1_110' title='bbox 2341 301 2389 362; x_wconf 93' lang='grc' dir='ltr'><strong>Ι.</strong></span> 
     </span>
    </p>
   </div>
   <div class='ocr_carea' id='block_1_18' title="bbox 3433 299 3617 367">
    <p class='ocr_par' dir='ltr' id='par_1_18' title="bbox 3433 299 3617 367">
     <span class='ocr_line' id='line_1_18' title="bbox 3433 299 3617 367; baseline 0.016 -3"><span class='ocrx_word' id='word_1_111' title='bbox 3433 299 3617 367; x_wconf 79' lang='lat'>1050&#39;</span> 
     </span>
    </p>
   </div>
   <div class='ocr_carea' id='block_1_19' title="bbox 2001 502 3590 574">
    <p class='ocr_par' dir='ltr' id='par_1_19' title="bbox 2001 502 3590 574">
     <span class='ocr_line' id='line_1_19' title="bbox 2001 502 3590 574; baseline 0.003 -19"><span class='ocrx_word' id='word_1_112' title='bbox 2001 507 2061 574; x_wconf 82' lang='lat' dir='ltr'>at</span> <span class='ocrx_word' id='word_1_113' title='bbox 2089 502 2508 574; x_wconf 81' lang='lat' dir='ltr'>imperatorem</span> <span class='ocrx_word' id='word_1_114' title='bbox 2541 502 2835 559; x_wconf 73' lang='lat' dir='ltr'>Ecclesiae</span> <span class='ocrx_word' id='word_1_115' title='bbox 2881 502 3085 574; x_wconf 78' lang='lat' dir='ltr'>filium,</span> <span class='ocrx_word' id='word_1_116' title='bbox 3121 508 3180 562; x_wconf 89' lang='lat' dir='ltr'>et</span> <span class='ocrx_word' id='word_1_117' title='bbox 3226 503 3590 563; x_wconf 78' lang='lat' dir='ltr'>Auxentium</span> 
     </span>
    </p>
   </div>
   <div class='ocr_carea' id='block_1_20' title="bbox 1994 573 3076 646">
    <p class='ocr_par' dir='ltr' id='par_1_20' title="bbox 1994 573 3076 646">
     <span class='ocr_line' id='line_1_20' title="bbox 1994 573 3076 646; baseline 0.004 -19"><span class='ocrx_word' id='word_1_118' title='bbox 1994 573 2299 646; x_wconf 81' lang='lat' dir='ltr'>plusquam</span> <span class='ocrx_word' id='word_1_119' title='bbox 2331 573 2591 629; x_wconf 64' lang='lat' dir='ltr'>Judaeum</span> <span class='ocrx_word' id='word_1_120' title='bbox 2623 591 2759 630; x_wconf 87' lang='lat' dir='ltr'>esse</span> <span class='ocrx_word' id='word_1_121' title='bbox 2789 573 3076 631; x_wconf 84' lang='lat' dir='ltr'>declarat.</span> 
     </span>
    </p>
   </div>
   <div class='ocr_carea' id='block_1_21' title="bbox 2004 696 3592 770">
    <p class='ocr_par' dir='ltr' id='par_1_21' title="bbox 2004 696 3592 770">
     <span class='ocr_line' id='line_1_21' title="bbox 2004 696 3592 770; baseline 0.003 -18"><span class='ocrx_word' id='word_1_122' title='bbox 2004 696 2055 752; x_wconf 86' lang='grc'>1.</span> <span class='ocrx_word' id='word_1_123' title='bbox 2089 699 2273 753; x_wconf 86' lang='lat' dir='ltr'>Video</span> <span class='ocrx_word' id='word_1_124' title='bbox 2312 714 2422 753; x_wconf 91' lang='lat' dir='ltr'>vos</span> <span class='ocrx_word' id='word_1_125' title='bbox 2462 703 2677 770; x_wconf 66' lang='lat' dir='ltr'>praeter</span> <span class='ocrx_word' id='word_1_126' title='bbox 2707 700 2947 755; x_wconf 92' lang='lat' dir='ltr'>solitum</span> <span class='ocrx_word' id='word_1_127' title='bbox 2987 700 3184 755; x_wconf 87' lang='lat' dir='ltr'>subito</span> <span class='ocrx_word' id='word_1_128' title='bbox 3218 716 3357 755; x_wconf 90' lang='lat' dir='ltr'>esse</span> <span class='ocrx_word' id='word_1_129' title='bbox 3386 701 3592 756; x_wconf 84' lang='lat' dir='ltr'>turba-</span> 
     </span>
    </p>
   </div>
   <div class='ocr_carea' id='block_1_22' title="bbox 1932 781 3595 862">
    <p class='ocr_par' dir='ltr' id='par_1_22' title="bbox 1932 781 3595 862">
     <span class='ocr_line' id='line_1_22' title="bbox 1932 781 3595 862; baseline 0.003 -21"><span class='ocrx_word' id='word_1_130' title='bbox 1932 790 2046 858; x_wconf 90' lang='lat' dir='ltr'>tos,</span> <span class='ocrx_word' id='word_1_131' title='bbox 2080 791 2253 860; x_wconf 91' lang='lat' dir='ltr'>atque</span> <span class='ocrx_word' id='word_1_132' title='bbox 2294 792 2675 845; x_wconf 87' lang='lat' dir='ltr'>asservantes</span> <span class='ocrx_word' id='word_1_133' title='bbox 2721 791 2856 845; x_wconf 89' lang='lat' dir='ltr'>mei.</span> <span class='ocrx_word' id='word_1_134' title='bbox 2900 790 3083 844; x_wconf 88' lang='lat' dir='ltr'>Miror</span> <span class='ocrx_word' id='word_1_135' title='bbox 3120 781 3270 846; x_wconf 86' lang='lat'>864</span> <span class='ocrx_word' id='word_1_136' title='bbox 3300 792 3440 862; x_wconf 90' lang='lat' dir='ltr'>quid</span> <span class='ocrx_word' id='word_1_137' title='bbox 3482 791 3595 846; x_wconf 92' lang='lat' dir='ltr'>hoc</span> 
     </span>
    </p>
   </div>
   <div class='ocr_carea' id='block_1_23' title="bbox 1937 878 3596 950">
    <p class='ocr_par' dir='ltr' id='par_1_23' title="bbox 1937 878 3596 950">
     <span class='ocr_line' id='line_1_23' title="bbox 1937 878 3596 950; baseline 0.002 -19"><span class='ocrx_word' id='word_1_138' title='bbox 1937 878 2032 947; x_wconf 89' lang='lat' dir='ltr'>sit,</span> <span class='ocrx_word' id='word_1_139' title='bbox 2066 878 2180 932; x_wconf 90' lang='lat' dir='ltr'>nisi</span> <span class='ocrx_word' id='word_1_140' title='bbox 2214 879 2364 933; x_wconf 85' lang='lat' dir='ltr'>forte</span> <span class='ocrx_word' id='word_1_141' title='bbox 2393 880 2528 950; x_wconf 90' lang='lat' dir='ltr'>quia</span> <span class='ocrx_word' id='word_1_142' title='bbox 2560 896 2663 949; x_wconf 90' lang='lat' dir='ltr'>per</span> <span class='ocrx_word' id='word_1_143' title='bbox 2691 880 2963 935; x_wconf 88' lang='lat' dir='ltr'>tribunos</span> <span class='ocrx_word' id='word_1_144' title='bbox 2995 896 3087 935; x_wconf 91' lang='lat' dir='ltr'>me</span> <span class='ocrx_word' id='word_1_145' title='bbox 3107 880 3345 935; x_wconf 89' lang='lat' dir='ltr'>vidistis</span> <span class='ocrx_word' id='word_1_146' title='bbox 3375 883 3473 935; x_wconf 89' lang='lat' dir='ltr'>aut</span> <span class='ocrx_word' id='word_1_147' title='bbox 3493 897 3596 935; x_wconf 89' lang='lat' dir='ltr'>au-</span> 
     </span>
    </p>
   </div>
   <div class='ocr_carea' id='block_1_24' title="bbox 1934 967 3597 1041">
    <p class='ocr_par' dir='ltr' id='par_1_24' title="bbox 1934 967 3597 1041">
     <span class='ocr_line' id='line_1_24' title="bbox 1934 967 3597 1041; baseline 0.003 -21"><span class='ocrx_word' id='word_1_148' title='bbox 1934 967 2106 1021; x_wconf 90' lang='lat' dir='ltr'>distis</span> <span class='ocrx_word' id='word_1_149' title='bbox 2138 968 2228 1037; x_wconf 86' lang='lat'>(55</span> <span class='ocrx_word' id='word_1_150' title='bbox 2260 968 2547 1038; x_wconf 87' lang='lat' dir='ltr'>imperiali</span> <span class='ocrx_word' id='word_1_151' title='bbox 2580 970 2850 1024; x_wconf 85' lang='lat' dir='ltr'>mandato</span> <span class='ocrx_word' id='word_1_152' title='bbox 2899 985 3038 1025; x_wconf 91' lang='lat' dir='ltr'>esse</span> <span class='ocrx_word' id='word_1_153' title='bbox 3088 972 3481 1041; x_wconf 87' lang='lat' dir='ltr'>conventum;</span> <span class='ocrx_word' id='word_1_154' title='bbox 3532 972 3597 1025; x_wconf 77' lang='lat' dir='ltr'>ut</span> 
     </span>
    </p>
   </div>
   <div class='ocr_carea' id='block_1_25' title="bbox 1933 1056 3596 1131">
    <p class='ocr_par' dir='ltr' id='par_1_25' title="bbox 1933 1056 3596 1131">
     <span class='ocr_line' id='line_1_25' title="bbox 1933 1056 3596 1131; baseline 0.002 -21"><span class='ocrx_word' id='word_1_155' title='bbox 1933 1071 2050 1127; x_wconf 91' lang='lat' dir='ltr'>quo</span> <span class='ocrx_word' id='word_1_156' title='bbox 2062 1056 2295 1128; x_wconf 89' lang='lat' dir='ltr'>vellem,</span> <span class='ocrx_word' id='word_1_157' title='bbox 2320 1057 2543 1111; x_wconf 87' lang='lat' dir='ltr'>abirem</span> <span class='ocrx_word' id='word_1_158' title='bbox 2564 1058 2701 1112; x_wconf 90' lang='lat' dir='ltr'>hinc</span> <span class='ocrx_word' id='word_1_159' title='bbox 2728 1074 2739 1113; x_wconf 93' lang='lat'>:</span> <span class='ocrx_word' id='word_1_160' title='bbox 2773 1062 2829 1113; x_wconf 91' lang='lat' dir='ltr'>et</span> <span class='ocrx_word' id='word_1_161' title='bbox 2851 1059 2902 1112; x_wconf 91' lang='lat' dir='ltr'>si</span> <span class='ocrx_word' id='word_1_162' title='bbox 2928 1058 3277 1129; x_wconf 89' lang='lat' dir='ltr'>quivellent,</span> <span class='ocrx_word' id='word_1_163' title='bbox 3302 1059 3596 1131; x_wconf 89' lang='lat' dir='ltr'>sequendi</span> 
     </span>
    </p>
   </div>
   <div class='ocr_carea' id='block_1_26' title="bbox 1931 1146 3592 1221">
    <p class='ocr_par' dir='ltr' id='par_1_26' title="bbox 1931 1146 3592 1221">
     <span class='ocr_line' id='line_1_26' title="bbox 1931 1146 3592 1221; baseline 0.002 -21"><span class='ocrx_word' id='word_1_164' title='bbox 1931 1148 2281 1215; x_wconf 88' lang='lat' dir='ltr'>potestatem</span> <span class='ocrx_word' id='word_1_165' title='bbox 2312 1146 2615 1201; x_wconf 88' lang='lat' dir='ltr'>haberent.</span> <span class='ocrx_word' id='word_1_166' title='bbox 2650 1147 2943 1203; x_wconf 89' lang='lat' dir='ltr'>Metuistis</span> <span class='ocrx_word' id='word_1_167' title='bbox 2974 1164 3117 1221; x_wconf 91' lang='lat' dir='ltr'>ergo</span> <span class='ocrx_word' id='word_1_168' title='bbox 3155 1164 3229 1203; x_wconf 93' lang='lat' dir='ltr'>ne</span> <span class='ocrx_word' id='word_1_169' title='bbox 3262 1147 3592 1204; x_wconf 76' lang='lat' dir='ltr'>Ecclesium</span> 
     </span>
    </p>
   </div>
   <div class='ocr_carea' id='block_1_27' title="bbox 1932 1234 3593 1307">
    <p class='ocr_par' dir='ltr' id='par_1_27' title="bbox 1932 1234 3593 1307">
     <span class='ocr_line' id='line_1_27' title="bbox 1932 1234 3593 1307; baseline 0.004 -19"><span class='ocrx_word' id='word_1_170' title='bbox 1932 1234 2292 1305; x_wconf 89' lang='lat' dir='ltr'>desererem,</span> <span class='ocrx_word' id='word_1_171' title='bbox 2327 1239 2383 1289; x_wconf 91' lang='lat' dir='ltr'>et</span> <span class='ocrx_word' id='word_1_172' title='bbox 2422 1236 2561 1290; x_wconf 89' lang='lat' dir='ltr'>dum</span> <span class='ocrx_word' id='word_1_173' title='bbox 2609 1236 2785 1291; x_wconf 92' lang='lat' dir='ltr'>saluti</span> <span class='ocrx_word' id='word_1_174' title='bbox 2827 1253 2976 1292; x_wconf 84' lang='lat' dir='ltr'>meae</span> <span class='ocrx_word' id='word_1_175' title='bbox 3022 1239 3220 1307; x_wconf 89' lang='lat' dir='ltr'>timeo,</span> <span class='ocrx_word' id='word_1_176' title='bbox 3252 1253 3363 1292; x_wconf 89' lang='lat' dir='ltr'>vos</span> <span class='ocrx_word' id='word_1_177' title='bbox 3408 1238 3593 1294; x_wconf 90' lang='lat' dir='ltr'>relin-</span> 
     </span>
    </p>
   </div>
   <div class='ocr_carea' id='block_1_28' title="bbox 1932 1324 3592 1397">
    <p class='ocr_par' dir='ltr' id='par_1_28' title="bbox 1932 1324 3592 1397">
     <span class='ocr_line' id='line_1_28' title="bbox 1932 1324 3592 1397; baseline 0.002 -20"><span class='ocrx_word' id='word_1_178' title='bbox 1932 1327 2219 1395; x_wconf 85' lang='lat' dir='ltr'>querem?</span> <span class='ocrx_word' id='word_1_179' title='bbox 2264 1324 2382 1379; x_wconf 89' lang='lat' dir='ltr'>Sed</span> <span class='ocrx_word' id='word_1_180' title='bbox 2412 1326 2554 1396; x_wconf 92' lang='lat' dir='ltr'>quid</span> <span class='ocrx_word' id='word_1_181' title='bbox 2603 1329 2660 1380; x_wconf 93' lang='lat' dir='ltr'>et</span> <span class='ocrx_word' id='word_1_182' title='bbox 2690 1328 2819 1397; x_wconf 87' lang='lat' dir='ltr'>ipse</span> <span class='ocrx_word' id='word_1_183' title='bbox 2861 1327 3281 1396; x_wconf 84' lang='lat' dir='ltr'>mandaverim,</span> <span class='ocrx_word' id='word_1_184' title='bbox 3314 1327 3592 1397; x_wconf 88' lang='lat' dir='ltr'>potuistis</span> 
     </span>
    </p>
   </div>
   <div class='ocr_carea' id='block_1_29' title="bbox 1932 1414 3593 1471">
    <p class='ocr_par' dir='ltr' id='par_1_29' title="bbox 1932 1414 3593 1471">
     <span class='ocr_line' id='line_1_29' title="bbox 1932 1414 3593 1471; baseline 0.002 -5"><span class='ocrx_word' id='word_1_185' title='bbox 1932 1414 2271 1469; x_wconf 86' lang='lat' dir='ltr'>advertere:</span> <span class='ocrx_word' id='word_1_186' title='bbox 2317 1414 2664 1469; x_wconf 85' lang='lat' dir='ltr'>deserendae</span> <span class='ocrx_word' id='word_1_187' title='bbox 2709 1415 2997 1470; x_wconf 58' lang='lat' dir='ltr'>Ecclesiae</span> <span class='ocrx_word' id='word_1_188' title='bbox 3048 1416 3190 1470; x_wconf 90' lang='lat' dir='ltr'>mihi</span> <span class='ocrx_word' id='word_1_189' title='bbox 3233 1416 3593 1471; x_wconf 89' lang='lat' dir='ltr'>voluntatem</span> 
     </span>
    </p>
   </div>
   <div class='ocr_carea' id='block_1_30' title="bbox 1932 1503 3596 1576">
    <p class='ocr_par' dir='ltr' id='par_1_30' title="bbox 1932 1503 3596 1576">
     <span class='ocr_line' id='line_1_30' title="bbox 1932 1503 3596 1576; baseline 0.002 -20"><span class='ocrx_word' id='word_1_190' title='bbox 1932 1503 2189 1557; x_wconf 91' lang='lat' dir='ltr'>subesse</span> <span class='ocrx_word' id='word_1_191' title='bbox 2203 1518 2320 1558; x_wconf 92' lang='lat' dir='ltr'>non</span> <span class='ocrx_word' id='word_1_192' title='bbox 2334 1518 2515 1573; x_wconf 90' lang='lat' dir='ltr'>posse</span> <span class='ocrx_word' id='word_1_193' title='bbox 2534 1520 2548 1573; x_wconf 88' lang='lat'>;</span> <span class='ocrx_word' id='word_1_194' title='bbox 2564 1505 2701 1575; x_wconf 89' lang='lat' dir='ltr'>quia</span> <span class='ocrx_word' id='word_1_195' title='bbox 2722 1504 2857 1575; x_wconf 89' lang='lat' dir='ltr'>plus</span> <span class='ocrx_word' id='word_1_196' title='bbox 2875 1504 3188 1559; x_wconf 91' lang='lat' dir='ltr'>Dominum</span> <span class='ocrx_word' id='word_1_197' title='bbox 3199 1505 3403 1560; x_wconf 90' lang='lat' dir='ltr'>mundi</span> <span class='ocrx_word' id='word_1_198' title='bbox 3419 1520 3596 1576; x_wconf 89' lang='lat' dir='ltr'>quam</span> 
     </span>
    </p>
   </div>
   <div class='ocr_carea' id='block_1_31' title="bbox 1932 1590 3595 1662">
    <p class='ocr_par' dir='ltr' id='par_1_31' title="bbox 1932 1590 3595 1662">
     <span class='ocr_line' id='line_1_31' title="bbox 1932 1590 3595 1662; baseline 0.002 -18"><span class='ocrx_word' id='word_1_199' title='bbox 1932 1591 2141 1645; x_wconf 77' lang='lat' dir='ltr'>saeculi</span> <span class='ocrx_word' id='word_1_200' title='bbox 2158 1590 2342 1662; x_wconf 82' lang='lat' dir='ltr'>hujus</span> <span class='ocrx_word' id='word_1_201' title='bbox 2366 1592 2778 1661; x_wconf 88' lang='lat' dir='ltr'>imperatorem</span> <span class='ocrx_word' id='word_1_202' title='bbox 2798 1593 3099 1649; x_wconf 89' lang='lat' dir='ltr'>timerem:</span> <span class='ocrx_word' id='word_1_203' title='bbox 3137 1609 3281 1648; x_wconf 88' lang='lat' dir='ltr'>sane</span> <span class='ocrx_word' id='word_1_204' title='bbox 3301 1593 3353 1647; x_wconf 90' lang='lat' dir='ltr'>si</span> <span class='ocrx_word' id='word_1_205' title='bbox 3376 1608 3470 1648; x_wconf 90' lang='lat' dir='ltr'>me</span> <span class='ocrx_word' id='word_1_206' title='bbox 3501 1594 3595 1649; x_wconf 87' lang='lat' dir='ltr'>vis</span> 
     </span>
    </p>
   </div>
   <div class='ocr_carea' id='block_1_32' title="bbox 1929 1680 3593 1751">
    <p class='ocr_par' dir='ltr' id='par_1_32' title="bbox 1929 1680 3593 1751">
     <span class='ocr_line' id='line_1_32' title="bbox 1929 1680 3593 1751; baseline 0.002 -18"><span class='ocrx_word' id='word_1_207' title='bbox 1929 1680 2126 1751; x_wconf 91' lang='lat' dir='ltr'>aliqua</span> <span class='ocrx_word' id='word_1_208' title='bbox 2155 1680 2477 1735; x_wconf 87' lang='lat' dir='ltr'>abduceret</span> <span class='ocrx_word' id='word_1_209' title='bbox 2506 1682 2580 1736; x_wconf 90' lang='lat' dir='ltr'>ab</span> <span class='ocrx_word' id='word_1_210' title='bbox 2613 1682 2892 1751; x_wconf 90' lang='lat' dir='ltr'>ecclesia,</span> <span class='ocrx_word' id='word_1_211' title='bbox 2914 1697 3151 1736; x_wconf 88' lang='lat' dir='ltr'>carnem</span> <span class='ocrx_word' id='word_1_212' title='bbox 3174 1698 3364 1737; x_wconf 90' lang='lat' dir='ltr'>meam</span> <span class='ocrx_word' id='word_1_213' title='bbox 3394 1686 3593 1737; x_wconf 80' lang='lat' dir='ltr'>extur-</span> 
     </span>
    </p>
   </div>
   <div class='ocr_carea' id='block_1_33' title="bbox 1930 1769 3599 1841">
    <p class='ocr_par' dir='ltr' id='par_1_33' title="bbox 1930 1769 3599 1841">
     <span class='ocr_line' id='line_1_33' title="bbox 1930 1769 3599 1841; baseline 0.001 -18"><span class='ocrx_word' id='word_1_214' title='bbox 1930 1769 2060 1823; x_wconf 89' lang='lat' dir='ltr'>bari</span> <span class='ocrx_word' id='word_1_215' title='bbox 2088 1785 2293 1840; x_wconf 89' lang='lat' dir='ltr'>posse,</span> <span class='ocrx_word' id='word_1_216' title='bbox 2328 1785 2445 1825; x_wconf 92' lang='lat' dir='ltr'>non</span> <span class='ocrx_word' id='word_1_217' title='bbox 2486 1773 2779 1826; x_wconf 82' lang='lat' dir='ltr'>mentem:</span> <span class='ocrx_word' id='word_1_218' title='bbox 2828 1774 3097 1841; x_wconf 89' lang='lat' dir='ltr'>paratum</span> <span class='ocrx_word' id='word_1_219' title='bbox 3125 1786 3218 1825; x_wconf 89' lang='lat' dir='ltr'>me</span> <span class='ocrx_word' id='word_1_220' title='bbox 3258 1787 3418 1841; x_wconf 91' lang='lat' dir='ltr'>esse,</span> <span class='ocrx_word' id='word_1_221' title='bbox 3453 1773 3516 1826; x_wconf 87' lang='lat' dir='ltr'>ut</span> <span class='ocrx_word' id='word_1_222' title='bbox 3545 1771 3599 1825; x_wconf 89' lang='lat' dir='ltr'>si</span> 
     </span>
    </p>
   </div>
   <div class='ocr_carea' id='block_1_34' title="bbox 143 1838 3596 1933">
    <p class='ocr_par' dir='ltr' id='par_1_34' title="bbox 143 1838 3596 1933">
     <span class='ocr_line' id='line_1_34' title="bbox 143 1838 3596 1933; baseline 0.002 -25"><span class='ocrx_word' id='word_1_223' title='bbox 143 1854 258 1933; x_wconf 38' lang='grc' dir='ltr'>συγ</span> <span class='ocrx_word' id='word_1_224' title='bbox 309 1838 484 1893; x_wconf 62' lang='lat' dir='ltr'>etiam</span> <span class='ocrx_word' id='word_1_225' title='bbox 519 1839 597 1933; x_wconf 49' lang='lat' dir='ltr'>de</span> <span class='ocrx_word' id='word_1_226' title='bbox 646 1840 1087 1933; x_wconf 47' lang='lat' dir='ltr'>{injﬁomnibus</span> <span class='ocrx_word' id='word_1_227' title='bbox 1116 1842 1482 1933; x_wconf 70' lang='lat' dir='ltr'>_invadendi5</span> <span class='ocrx_word' id='word_1_228' title='bbox 1528 1843 1819 1933; x_wconf 53' lang='lat' dir='ltr'>EcclOSiiS</span> <span class='ocrx_word' id='word_1_229' title='bbox 1844 1867 1899 1932; x_wconf 84' lang='grc' dir='ltr'>Β</span> <span class='ocrx_word' id='word_1_230' title='bbox 1928 1858 2027 1913; x_wconf 90' lang='lat' dir='ltr'>ille</span> <span class='ocrx_word' id='word_1_231' title='bbox 2058 1838 2299 1928; x_wconf 78' lang='lat' dir='ltr'>faceret,</span> <span class='ocrx_word' id='word_1_232' title='bbox 2336 1859 2494 1930; x_wconf 90' lang='lat' dir='ltr'>quod</span> <span class='ocrx_word' id='word_1_233' title='bbox 2525 1859 2677 1913; x_wconf 90' lang='lat' dir='ltr'>solet</span> <span class='ocrx_word' id='word_1_234' title='bbox 2707 1838 2849 1913; x_wconf 80' lang='lat' dir='ltr'>esse</span> <span class='ocrx_word' id='word_1_235' title='bbox 2890 1860 3075 1931; x_wconf 83' lang='lat' dir='ltr'>regiae</span> <span class='ocrx_word' id='word_1_236' title='bbox 3103 1838 3451 1932; x_wconf 85' lang='lat' dir='ltr'>potestatis;</span> <span class='ocrx_word' id='word_1_237' title='bbox 3483 1875 3596 1933; x_wconf 86' lang='lat' dir='ltr'>ego</span> 
     </span>
    </p>
   </div>
   <div class='ocr_carea' id='block_1_35' title="bbox 140 1926 1817 2002">
    <p class='ocr_par' dir='ltr' id='par_1_35' title="bbox 140 1926 1817 2002">
     <span class='ocr_line' id='line_1_35' title="bbox 140 1926 1817 2002; baseline 0.001 -18"><span class='ocrx_word' id='word_1_238' title='bbox 140 1930 243 1984; x_wconf 87' lang='lat' dir='ltr'>est</span> <span class='ocrx_word' id='word_1_239' title='bbox 270 1926 669 1999; x_wconf 60' lang='lat' dir='ltr'>praeceptum!</span> <span class='ocrx_word' id='word_1_240' title='bbox 714 1929 951 1984; x_wconf 88' lang='lat' dir='ltr'>Utinam</span> <span class='ocrx_word' id='word_1_241' title='bbox 988 1930 1389 2002; x_wconf 79' lang='lat' dir='ltr'>conﬁrmetur,</span> <span class='ocrx_word' id='word_1_242' title='bbox 1424 1934 1487 1986; x_wconf 88' lang='lat' dir='ltr'>ut</span> <span class='ocrx_word' id='word_1_243' title='bbox 1525 1931 1817 1988; x_wconf 89' lang='lat' dir='ltr'>Ecclesiis</span> 
     </span>
    </p>
   </div>
   <div class='ocr_carea' id='block_1_36' title="bbox 142 2016 1821 2093">
    <p class='ocr_par' dir='ltr' id='par_1_36' title="bbox 142 2016 1821 2093">
     <span class='ocr_line' id='line_1_36' title="bbox 142 2016 1821 2093; baseline 0.004 -23"><span class='ocrx_word' id='word_1_244' title='bbox 142 2016 353 2071; x_wconf 86' lang='lat' dir='ltr'>nullus</span> <span class='ocrx_word' id='word_1_245' title='bbox 381 2018 673 2072; x_wconf 90' lang='lat' dir='ltr'>molestus</span> <span class='ocrx_word' id='word_1_246' title='bbox 712 2017 826 2073; x_wconf 90' lang='lat' dir='ltr'>sit!</span> <span class='ocrx_word' id='word_1_247' title='bbox 878 2019 1024 2090; x_wconf 91' lang='lat' dir='ltr'>Opto</span> <span class='ocrx_word' id='word_1_248' title='bbox 1072 2023 1136 2074; x_wconf 89' lang='lat' dir='ltr'>ut</span> <span class='ocrx_word' id='word_1_249' title='bbox 1182 2020 1254 2075; x_wconf 91' lang='lat' dir='ltr'>de</span> <span class='ocrx_word' id='word_1_250' title='bbox 1284 2036 1397 2091; x_wconf 90' lang='lat' dir='ltr'>me,</span> <span class='ocrx_word' id='word_1_251' title='bbox 1430 2021 1623 2093; x_wconf 88' lang='lat' dir='ltr'>qualis</span> <span class='ocrx_word' id='word_1_252' title='bbox 1653 2022 1821 2077; x_wconf 90' lang='lat' dir='ltr'>vide-</span> 
     </span>
    </p>
   </div>
   <div class='ocr_carea' id='block_1_37' title="bbox 141 2107 984 2177">
    <p class='ocr_par' dir='ltr' id='par_1_37' title="bbox 141 2107 984 2177">
     <span class='ocr_line' id='line_1_37' title="bbox 141 2107 984 2177; baseline 0.004 -17"><span class='ocrx_word' id='word_1_253' title='bbox 141 2108 265 2175; x_wconf 81' lang='lat' dir='ltr'>tur,</span> <span class='ocrx_word' id='word_1_254' title='bbox 301 2107 594 2161; x_wconf 87' lang='lat' dir='ltr'>sententia</span> <span class='ocrx_word' id='word_1_255' title='bbox 631 2108 984 2177; x_wconf 85' lang='lat' dir='ltr'>proferatur.</span> 
     </span>
    </p>
   </div>
   <div class='ocr_carea' id='block_1_38' title="bbox 220 2195 1820 2272">
    <p class='ocr_par' dir='ltr' id='par_1_38' title="bbox 220 2195 1820 2272">
     <span class='ocr_line' id='line_1_38' title="bbox 220 2195 1820 2272; baseline 0.004 -23"><span class='ocrx_word' id='word_1_256' title='bbox 220 2195 313 2249; x_wconf 74' lang='lat'>20.</span> <span class='ocrx_word' id='word_1_257' title='bbox 350 2195 676 2268; x_wconf 89' lang='lat' dir='ltr'>Dignanter</span> <span class='ocrx_word' id='word_1_258' title='bbox 704 2197 904 2270; x_wconf 81' lang='lat' dir='ltr'>igitur,</span> <span class='ocrx_word' id='word_1_259' title='bbox 936 2198 1277 2270; x_wconf 89' lang='lat' dir='ltr'>Imperator,</span> <span class='ocrx_word' id='word_1_260' title='bbox 1312 2199 1516 2270; x_wconf 89' lang='lat' dir='ltr'>accipe</span> <span class='ocrx_word' id='word_1_261' title='bbox 1558 2200 1713 2272; x_wconf 91' lang='lat' dir='ltr'>quod</span> <span class='ocrx_word' id='word_1_262' title='bbox 1746 2201 1820 2255; x_wconf 91' lang='lat' dir='ltr'>ad</span> 
     </span>
    </p>
   </div>
   <div class='ocr_carea' id='block_1_39' title="bbox 143 2285 1822 2362">
    <p class='ocr_par' dir='ltr' id='par_1_39' title="bbox 143 2285 1822 2362">
     <span class='ocr_line' id='line_1_39' title="bbox 143 2285 1822 2362; baseline 0.004 -23"><span class='ocrx_word' id='word_1_263' title='bbox 143 2285 579 2340; x_wconf 89' lang='lat' dir='ltr'>consistorium</span> <span class='ocrx_word' id='word_1_264' title='bbox 608 2288 814 2341; x_wconf 90' lang='lat' dir='ltr'>venire</span> <span class='ocrx_word' id='word_1_265' title='bbox 848 2303 966 2342; x_wconf 92' lang='lat' dir='ltr'>non</span> <span class='ocrx_word' id='word_1_266' title='bbox 996 2288 1180 2358; x_wconf 88' lang='lat' dir='ltr'>potui.</span> <span class='ocrx_word' id='word_1_267' title='bbox 1216 2287 1345 2362; x_wconf 89' lang='lat' dir='ltr'>Ego</span> <span class='ocrx_word' id='word_1_268' title='bbox 1381 2289 1439 2342; x_wconf 93' lang='lat' dir='ltr'>in</span> <span class='ocrx_word' id='word_1_269' title='bbox 1464 2290 1822 2345; x_wconf 88' lang='lat' dir='ltr'>consistorio</span> 
     </span>
    </p>
   </div>
   <div class='ocr_carea' id='block_1_40' title="bbox 143 2373 1822 2450">
    <p class='ocr_par' dir='ltr' id='par_1_40' title="bbox 143 2373 1822 2450">
     <span class='ocr_line' id='line_1_40' title="bbox 143 2373 1822 2450; baseline 0.003 -21"><span class='ocrx_word' id='word_1_270' title='bbox 143 2373 272 2429; x_wconf 88' lang='lat' dir='ltr'>nisi</span> <span class='ocrx_word' id='word_1_271' title='bbox 301 2390 409 2444; x_wconf 91' lang='lat' dir='ltr'>pro</span> <span class='ocrx_word' id='word_1_272' title='bbox 440 2377 497 2429; x_wconf 90' lang='lat' dir='ltr'>te</span> <span class='ocrx_word' id='word_1_273' title='bbox 528 2378 686 2430; x_wconf 91' lang='lat' dir='ltr'>stare</span> <span class='ocrx_word' id='word_1_274' title='bbox 720 2392 839 2432; x_wconf 91' lang='lat' dir='ltr'>non</span> <span class='ocrx_word' id='word_1_275' title='bbox 870 2377 1049 2431; x_wconf 89' lang='lat' dir='ltr'>didici</span> <span class='ocrx_word' id='word_1_276' title='bbox 1080 2377 1192 2448; x_wconf 75' lang='grc'>(54)</span> <span class='ocrx_word' id='word_1_277' title='bbox 1219 2394 1230 2432; x_wconf 94' lang='lat'>:</span> <span class='ocrx_word' id='word_1_278' title='bbox 1276 2380 1334 2432; x_wconf 91' lang='lat' dir='ltr'>et</span> <span class='ocrx_word' id='word_1_279' title='bbox 1362 2378 1515 2432; x_wconf 84' lang='lat' dir='ltr'>infra</span> <span class='ocrx_word' id='word_1_280' title='bbox 1544 2380 1822 2450; x_wconf 88' lang='lat' dir='ltr'>palatium</span> 
     </span>
    </p>
   </div>
   <div class='ocr_carea' id='block_1_41' title="bbox 144 2466 1818 2541">
    <p class='ocr_par' dir='ltr' id='par_1_41' title="bbox 144 2466 1818 2541">
     <span class='ocr_line' id='line_1_41' title="bbox 144 2466 1818 2541; baseline 0.004 -24"><span class='ocrx_word' id='word_1_281' title='bbox 144 2466 383 2519; x_wconf 88' lang='lat' dir='ltr'>certare</span> <span class='ocrx_word' id='word_1_282' title='bbox 406 2480 524 2519; x_wconf 92' lang='lat' dir='ltr'>non</span> <span class='ocrx_word' id='word_1_283' title='bbox 544 2481 814 2536; x_wconf 90' lang='lat' dir='ltr'>possum,</span> <span class='ocrx_word' id='word_1_284' title='bbox 840 2467 941 2538; x_wconf 90' lang='lat' dir='ltr'>qui</span> <span class='ocrx_word' id='word_1_285' title='bbox 970 2466 1169 2538; x_wconf 90' lang='lat' dir='ltr'>palatii</span> <span class='ocrx_word' id='word_1_286' title='bbox 1199 2471 1429 2523; x_wconf 87' lang='lat' dir='ltr'>secreta</span> <span class='ocrx_word' id='word_1_287' title='bbox 1460 2484 1571 2524; x_wconf 92' lang='lat' dir='ltr'>nec</span> <span class='ocrx_word' id='word_1_288' title='bbox 1593 2484 1818 2541; x_wconf 71' lang='lat' dir='ltr'>quaero,</span> 
     </span>
    </p>
   </div>
   <div class='ocr_carea' id='block_1_42' title="bbox 143 2569 456 2608">
    <p class='ocr_par' dir='ltr' id='par_1_42' title="bbox 143 2569 456 2608">
     <span class='ocr_line' id='line_1_42' title="bbox 143 2569 456 2608; baseline 0.003 -1"><span class='ocrx_word' id='word_1_289' title='bbox 143 2569 263 2608; x_wconf 89' lang='lat' dir='ltr'>nec</span> <span class='ocrx_word' id='word_1_290' title='bbox 294 2569 456 2608; x_wconf 76' lang='lat' dir='ltr'>DOVI.</span> 
     </span>
    </p>
   </div>
   <div class='ocr_carea' id='block_1_43' title="bbox 221 2641 1823 2718">
    <p class='ocr_par' dir='ltr' id='par_1_43' title="bbox 221 2641 1823 2718">
     <span class='ocr_line' id='line_1_43' title="bbox 221 2641 1823 2718; baseline 0.005 -23"><span class='ocrx_word' id='word_1_291' title='bbox 221 2641 317 2697; x_wconf 74' lang='lat'>21.</span> <span class='ocrx_word' id='word_1_292' title='bbox 350 2642 478 2716; x_wconf 89' lang='lat' dir='ltr'>Ego</span> <span class='ocrx_word' id='word_1_293' title='bbox 508 2643 864 2701; x_wconf 88' lang='lat' dir='ltr'>Ambrosius</span> <span class='ocrx_word' id='word_1_294' title='bbox 888 2646 1208 2718; x_wconf 89' lang='lat' dir='ltr'>episcopus</span> <span class='ocrx_word' id='word_1_295' title='bbox 1242 2645 1681 2703; x_wconf 90' lang='lat' dir='ltr'>hunclibellum</span> <span class='ocrx_word' id='word_1_296' title='bbox 1714 2650 1823 2705; x_wconf 88' lang='lat' dir='ltr'>ob-</span> 
     </span>
    </p>
   </div>
   <div class='ocr_carea' id='block_1_44' title="bbox 141 2729 1825 2813">
    <p class='ocr_par' dir='ltr' id='par_1_44' title="bbox 141 2729 1825 2813">
     <span class='ocr_line' id='line_1_44' title="bbox 141 2729 1825 2813; baseline 0.007 -28"><span class='ocrx_word' id='word_1_297' title='bbox 141 2729 257 2785; x_wconf 89' lang='lat' dir='ltr'>tuli</span> <span class='ocrx_word' id='word_1_298' title='bbox 290 2731 757 2790; x_wconf 90' lang='lat' dir='ltr'>clementissimo</span> <span class='ocrx_word' id='word_1_299' title='bbox 790 2735 1152 2808; x_wconf 89' lang='lat' dir='ltr'>imperatori,</span> <span class='ocrx_word' id='word_1_300' title='bbox 1186 2740 1242 2793; x_wconf 91' lang='lat' dir='ltr'>et</span> <span class='ocrx_word' id='word_1_301' title='bbox 1272 2737 1619 2794; x_wconf 91' lang='lat' dir='ltr'>beatissimo</span> <span class='ocrx_word' id='word_1_302' title='bbox 1638 2755 1825 2813; x_wconf 87' lang='lat' dir='ltr'>augu-</span> 
     </span>
    </p>
   </div>
   <div class='ocr_carea' id='block_1_45' title="bbox 141 2821 719 2881">
    <p class='ocr_par' dir='ltr' id='par_1_45' title="bbox 141 2821 719 2881">
     <span class='ocr_line' id='line_1_45' title="bbox 141 2821 719 2881; baseline 0.009 -5"><span class='ocrx_word' id='word_1_303' title='bbox 141 2823 247 2877; x_wconf 88' lang='lat' dir='ltr'>sto</span> <span class='ocrx_word' id='word_1_304' title='bbox 282 2821 719 2881; x_wconf 87' lang='lat' dir='ltr'>Valentiniano.</span> 
     </span>
    </p>
   </div>
   <div class='ocr_carea' id='block_1_46' title="bbox 434 2948 1546 3011">
    <p class='ocr_par' dir='ltr' id='par_1_46' title="bbox 434 2948 1546 3011">
     <span class='ocr_line' id='line_1_46' title="bbox 434 2948 1546 3011; baseline 0.005 -7"><span class='ocrx_word' id='word_1_305' title='bbox 434 2948 693 3005; x_wconf 82' lang='lat' dir='ltr'>SERMO</span> <span class='ocrx_word' id='word_1_306' title='bbox 730 2950 1040 3009; x_wconf 84' lang='lat' dir='ltr'>CONTRA</span> <span class='ocrx_word' id='word_1_307' title='bbox 1078 2951 1546 3011; x_wconf 85' lang='lat' dir='ltr'>AUXENTIUM</span> 
     </span>
    </p>
   </div>
   <div class='ocr_carea' id='block_1_47' title="bbox 622 3057 1354 3134">
    <p class='ocr_par' dir='ltr' id='par_1_47' title="bbox 622 3057 1354 3134">
     <span class='ocr_line' id='line_1_47' title="bbox 622 3057 1354 3134; baseline 0.007 -21"><span class='ocrx_word' id='word_1_308' title='bbox 622 3057 694 3114; x_wconf 93' lang='lat' dir='ltr'>de</span> <span class='ocrx_word' id='word_1_309' title='bbox 731 3058 1001 3121; x_wconf 85' lang='lat' dir='ltr'>basilicis</span> <span class='ocrx_word' id='word_1_310' title='bbox 1030 3062 1354 3134; x_wconf 90' lang='lat' dir='ltr'>tradendis,</span> 
     </span>
    </p>
   </div>
   <div class='ocr_carea' id='block_1_48' title="bbox 141 3180 1827 3259">
    <p class='ocr_par' dir='ltr' id='par_1_48' title="bbox 141 3180 1827 3259">
     <span class='ocr_line' id='line_1_48' title="bbox 141 3180 1827 3259; baseline 0.008 -24"><span class='ocrx_word' id='word_1_311' title='bbox 141 3180 374 3255; x_wconf 84' lang='lat' dir='ltr'>Papuli</span> <span class='ocrx_word' id='word_1_312' title='bbox 385 3183 460 3240; x_wconf 86' lang='lat' dir='ltr'>ob</span> <span class='ocrx_word' id='word_1_313' title='bbox 480 3185 851 3258; x_wconf 88' lang='lat' dir='ltr'>imperialem</span> <span class='ocrx_word' id='word_1_314' title='bbox 861 3188 1098 3259; x_wconf 82' lang='lat' dir='ltr'>jussum</span> <span class='ocrx_word' id='word_1_315' title='bbox 1116 3189 1579 3247; x_wconf 81' lang='lat' dir='ltr'>sollicitudinem</span> <span class='ocrx_word' id='word_1_316' title='bbox 1602 3192 1658 3247; x_wconf 89' lang='lat' dir='ltr'>le</span> <span class='ocrx_word' id='word_1_317' title='bbox 1669 3197 1827 3248; x_wconf 84' lang='lat' dir='ltr'>vatu-</span> 
     </span>
    </p>
   </div>
   <div class='ocr_carea' id='block_1_49' title="bbox 224 3263 1826 3335">
    <p class='ocr_par' dir='ltr' id='par_1_49' title="bbox 224 3263 1826 3335">
     <span class='ocr_line' id='line_1_49' title="bbox 224 3263 1826 3335; baseline 0.004 -24"><span class='ocrx_word' id='word_1_318' title='bbox 224 3273 354 3322; x_wconf 87' lang='lat' dir='ltr'>rus,</span> <span class='ocrx_word' id='word_1_319' title='bbox 378 3272 927 3335; x_wconf 78' lang='lat' dir='ltr'>responsumsuum</span> <span class='ocrx_word' id='word_1_320' title='bbox 951 3264 1208 3335; x_wconf 76' lang='lat' dir='ltr'>expauit,</span> <span class='ocrx_word' id='word_1_321' title='bbox 1233 3263 1513 3335; x_wconf 84' lang='lat' dir='ltr'>additque</span> <span class='ocrx_word' id='word_1_322' title='bbox 1539 3266 1615 3319; x_wconf 85' lang='lat' dir='ltr'>ad</span> <span class='ocrx_word' id='word_1_323' title='bbox 1634 3266 1826 3320; x_wconf 86' lang='lat' dir='ltr'>consi-</span> 
     </span>
    </p>
   </div>
   <div class='ocr_carea' id='block_1_50' title="bbox 224 3329 1824 3404">
    <p class='ocr_par' dir='ltr' id='par_1_50' title="bbox 224 3329 1824 3404">
     <span class='ocr_line' id='line_1_50' title="bbox 224 3329 1824 3404; baseline 0.004 -21"><span class='ocrx_word' id='word_1_324' title='bbox 224 3329 482 3384; x_wconf 83' lang='lat' dir='ltr'>storium</span> <span class='ocrx_word' id='word_1_325' title='bbox 499 3345 567 3404; x_wconf 82' lang='lat' dir='ltr'>se</span> <span class='ocrx_word' id='word_1_326' title='bbox 598 3331 938 3404; x_wconf 85' lang='lat' dir='ltr'>non_ivisse,</span> <span class='ocrx_word' id='word_1_327' title='bbox 975 3329 1125 3404; x_wconf 82' lang='lat' dir='ltr'>quod</span> <span class='ocrx_word' id='word_1_328' title='bbox 1146 3329 1428 3389; x_wconf 59' lang='lat' dir='ltr'>basi/icui</span> <span class='ocrx_word' id='word_1_329' title='bbox 1443 3336 1824 3391; x_wconf 86' lang='lat' dir='ltr'>traditionem</span> 
     </span>
    </p>
   </div>
   <div class='ocr_carea' id='block_1_51' title="bbox 224 3401 1823 3477">
    <p class='ocr_par' dir='ltr' id='par_1_51' title="bbox 224 3401 1823 3477">
     <span class='ocr_line' id='line_1_51' title="bbox 224 3401 1823 3477; baseline 0.004 -22"><span class='ocrx_word' id='word_1_330' title='bbox 224 3406 395 3477; x_wconf 79' lang='lat' dir='ltr'>esset</span> <span class='ocrx_word' id='word_1_331' title='bbox 424 3402 671 3477; x_wconf 63' lang='lat' dir='ltr'>veritus.</span> <span class='ocrx_word' id='word_1_332' title='bbox 705 3401 861 3472; x_wconf 86' lang='lat' dir='ltr'>Tum,</span> <span class='ocrx_word' id='word_1_333' title='bbox 887 3401 1265 3461; x_wconf 66' lang='lat' dir='ltr'>adversariis</span> <span class='ocrx_word' id='word_1_334' title='bbox 1280 3407 1357 3461; x_wconf 91' lang='lat' dir='ltr'>ad</span> <span class='ocrx_word' id='word_1_335' title='bbox 1378 3407 1823 3477; x_wconf 88' lang='lat' dir='ltr'>disceptandum</span> 
     </span>
    </p>
   </div>
   <div class='ocr_carea' id='block_1_52' title="bbox 224 3471 1823 3548">
    <p class='ocr_par' dir='ltr' id='par_1_52' title="bbox 224 3471 1823 3548">
     <span class='ocr_line' id='line_1_52' title="bbox 224 3471 1823 3548; baseline 0.004 -22"><span class='ocrx_word' id='word_1_336' title='bbox 224 3472 289 3526; x_wconf 89' lang='lat' dir='ltr'>in</span> <span class='ocrx_word' id='word_1_337' title='bbox 324 3471 577 3548; x_wconf 79' lang='lat' dir='ltr'>ecclesia</span> <span class='ocrx_word' id='word_1_338' title='bbox 588 3471 951 3548; x_wconf 72' lang='lat' dir='ltr'>provocatis,</span> <span class='ocrx_word' id='word_1_339' title='bbox 979 3483 1154 3548; x_wconf 82' lang='lat' dir='ltr'>negat</span> <span class='ocrx_word' id='word_1_340' title='bbox 1175 3494 1241 3533; x_wconf 89' lang='lat' dir='ltr'>se</span> <span class='ocrx_word' id='word_1_341' title='bbox 1265 3480 1451 3532; x_wconf 87' lang='lat' dir='ltr'>armis</span> <span class='ocrx_word' id='word_1_342' title='bbox 1473 3471 1783 3533; x_wconf 75' lang='lat' dir='ltr'>exterreri</span> <span class='ocrx_word' id='word_1_343' title='bbox 1805 3498 1823 3533; x_wconf 89' lang='lat'>:</span> 
     </span>
    </p>
   </div>
   <div class='ocr_carea' id='block_1_53' title="bbox 225 3544 1824 3622">
    <p class='ocr_par' dir='ltr' id='par_1_53' title="bbox 225 3544 1824 3622">
     <span class='ocr_line' id='line_1_53' title="bbox 225 3544 1824 3622; baseline 0.004 -25"><span class='ocrx_word' id='word_1_344' title='bbox 225 3559 450 3622; x_wconf 87' lang='lat' dir='ltr'>suoque</span> <span class='ocrx_word' id='word_1_345' title='bbox 470 3544 545 3622; x_wconf 79' lang='lat' dir='ltr'>de</span> <span class='ocrx_word' id='word_1_346' title='bbox 562 3546 758 3598; x_wconf 85' lang='lat' dir='ltr'>sacris</span> <span class='ocrx_word' id='word_1_347' title='bbox 779 3549 946 3622; x_wconf 69' lang='lat' dir='ltr'>vasis</span> <span class='ocrx_word' id='word_1_348' title='bbox 973 3544 1260 3619; x_wconf 79' lang='lat' dir='ltr'>responso</span> <span class='ocrx_word' id='word_1_349' title='bbox 1287 3556 1628 3622; x_wconf 81' lang='lat' dir='ltr'>memorato,</span> <span class='ocrx_word' id='word_1_350' title='bbox 1648 3567 1824 3622; x_wconf 88' lang='lat' dir='ltr'>para-</span> 
     </span>
    </p>
   </div>
   <div class='ocr_carea' id='block_1_54' title="bbox 228 3615 1825 3692">
    <p class='ocr_par' dir='ltr' id='par_1_54' title="bbox 228 3615 1825 3692">
     <span class='ocr_line' id='line_1_54' title="bbox 228 3615 1825 3692; baseline 0.005 -24"><span class='ocrx_word' id='word_1_351' title='bbox 228 3615 433 3692; x_wconf 29' lang='lat' dir='ltr'>t_um’s.e</span> <span class='ocrx_word' id='word_1_352' title='bbox 450 3615 527 3669; x_wconf 87' lang='lat' dir='ltr'>ad</span> <span class='ocrx_word' id='word_1_353' title='bbox 537 3618 864 3671; x_wconf 87' lang='lat' dir='ltr'>certamina</span> <span class='ocrx_word' id='word_1_354' title='bbox 884 3634 1019 3673; x_wconf 90' lang='lat' dir='ltr'>esse</span> <span class='ocrx_word' id='word_1_355' title='bbox 1032 3615 1310 3692; x_wconf 75' lang='lat' dir='ltr'>testatur.</span> <span class='ocrx_word' id='word_1_356' title='bbox 1328 3620 1511 3675; x_wconf 86' lang='lat' dir='ltr'>Eludi</span> <span class='ocrx_word' id='word_1_357' title='bbox 1524 3615 1635 3675; x_wconf 83' lang='lat' dir='ltr'>non</span> <span class='ocrx_word' id='word_1_358' title='bbox 1647 3615 1825 3692; x_wconf 69' lang='lat' dir='ltr'>posse</span> 
     </span>
    </p>
   </div>
   <div class='ocr_carea' id='block_1_55' title="bbox 224 3686 1828 3764">
    <p class='ocr_par' dir='ltr' id='par_1_55' title="bbox 224 3686 1828 3764">
     <span class='ocr_line' id='line_1_55' title="bbox 224 3686 1828 3764; baseline 0.005 -24"><span class='ocrx_word' id='word_1_359' title='bbox 224 3686 346 3764; x_wconf 68' lang='lat' dir='ltr'>Dei</span> <span class='ocrx_word' id='word_1_360' title='bbox 364 3686 672 3764; x_wconf 75' lang='lat' dir='ltr'>decretum</span> <span class='ocrx_word' id='word_1_361' title='bbox 690 3690 1163 3764; x_wconf 72' lang='lat' dir='ltr'>necpreesidium</span> <span class='ocrx_word' id='word_1_362' title='bbox 1185 3692 1376 3764; x_wconf 82' lang='lat' dir='ltr'>ipsius</span> <span class='ocrx_word' id='word_1_363' title='bbox 1395 3686 1691 3764; x_wconf 76' lang='lat' dir='ltr'>superari,</span> <span class='ocrx_word' id='word_1_364' title='bbox 1718 3694 1828 3748; x_wconf 90' lang='lat' dir='ltr'>sed</span> 
     </span>
    </p>
   </div>
   <div class='ocr_carea' id='block_1_56' title="bbox 225 3758 1826 3835">
    <p class='ocr_par' dir='ltr' id='par_1_56' title="bbox 225 3758 1826 3835">
     <span class='ocr_line' id='line_1_56' title="bbox 225 3758 1826 3835; baseline 0.004 -24"><span class='ocrx_word' id='word_1_365' title='bbox 225 3758 292 3811; x_wconf 88' lang='lat' dir='ltr'>in</span> <span class='ocrx_word' id='word_1_366' title='bbox 314 3758 529 3835; x_wconf 72' lang='lat' dir='ltr'>servis</span> <span class='ocrx_word' id='word_1_367' title='bbox 543 3758 671 3812; x_wconf 90' lang='lat' dir='ltr'>suis</span> <span class='ocrx_word' id='word_1_368' title='bbox 684 3758 1108 3835; x_wconf 26' lang='lat' dir='ltr'>patileumdcm</span> <span class='ocrx_word' id='word_1_369' title='bbox 1134 3758 1303 3818; x_wconf 74' lang='lat' dir='ltr'>velle.</span> <span class='ocrx_word' id='word_1_370' title='bbox 1334 3758 1480 3817; x_wconf 77' lang='lat' dir='ltr'>Cuni</span> <span class='ocrx_word' id='word_1_371' title='bbox 1492 3765 1621 3835; x_wconf 89' lang='lat' dir='ltr'>ipse</span> <span class='ocrx_word' id='word_1_372' title='bbox 1653 3771 1826 3818; x_wconf 84' lang='lat' dir='ltr'>antea</span> 
     </span>
    </p>
   </div>
   <div class='ocr_carea' id='block_1_57' title="bbox 228 3828 1829 3905">
    <p class='ocr_par' dir='ltr' id='par_1_57' title="bbox 228 3828 1829 3905">
     <span class='ocr_line' id='line_1_57' title="bbox 228 3828 1829 3905; baseline 0.005 -24"><span class='ocrx_word' id='word_1_373' title='bbox 228 3844 347 3883; x_wconf 85' lang='lat' dir='ltr'>non</span> <span class='ocrx_word' id='word_1_374' title='bbox 364 3828 553 3905; x_wconf 77' lang='lat' dir='ltr'>fuerit</span> <span class='ocrx_word' id='word_1_375' title='bbox 574 3828 797 3905; x_wconf 68' lang='lat' dir='ltr'>captus,</span> <span class='ocrx_word' id='word_1_376' title='bbox 813 3832 1055 3905; x_wconf 81' lang='lat' dir='ltr'>liquere</span> <span class='ocrx_word' id='word_1_377' title='bbox 1073 3850 1239 3905; x_wconf 87' lang='lat' dir='ltr'>quam</span> <span class='ocrx_word' id='word_1_378' title='bbox 1272 3828 1538 3889; x_wconf 76' lang='lat' dir='ltr'>inaniter</span> <span class='ocrx_word' id='word_1_379' title='bbox 1552 3835 1829 3890; x_wconf 62' lang='lat' dir='ltr'>haeretici</span> 
     </span>
    </p>
   </div>
   <div class='ocr_carea' id='block_1_58' title="bbox 229 3899 1827 3976">
    <p class='ocr_par' dir='ltr' id='par_1_58' title="bbox 229 3899 1827 3976">
     <span class='ocr_line' id='line_1_58' title="bbox 229 3899 1827 3976; baseline 0.004 -22"><span class='ocrx_word' id='word_1_380' title='bbox 229 3899 682 3976; x_wconf 63' lang='lat' dir='ltr'>tymultuentur.</span> <span class='ocrx_word' id='word_1_381' title='bbox 708 3899 941 3976; x_wconf 79' lang='lat' dir='ltr'>Deinde</span> <span class='ocrx_word' id='word_1_382' title='bbox 964 3904 1065 3958; x_wconf 88' lang='lat' dir='ltr'>ubi</span> <span class='ocrx_word' id='word_1_383' title='bbox 1082 3899 1381 3961; x_wconf 63' lang='lat' dir='ltr'>Nabuthae</span> <span class='ocrx_word' id='word_1_384' title='bbox 1404 3906 1741 3976; x_wconf 71' lang='lat' dir='ltr'>historiam,</span> <span class='ocrx_word' id='word_1_385' title='bbox 1767 3912 1827 3961; x_wconf 89' lang='lat' dir='ltr'>et</span> 
     </span>
    </p>
   </div>
   <div class='ocr_carea' id='block_1_59' title="bbox 232 3970 1824 4048">
    <p class='ocr_par' dir='ltr' id='par_1_59' title="bbox 232 3970 1824 4048">
     <span class='ocr_line' id='line_1_59' title="bbox 232 3970 1824 4048; baseline 0.005 -24"><span class='ocrx_word' id='word_1_386' title='bbox 232 3970 474 4025; x_wconf 86' lang='lat' dir='ltr'>Christi</span> <span class='ocrx_word' id='word_1_387' title='bbox 484 3972 833 4048; x_wconf 71' lang='lat' dir='ltr'>ingressum</span> <span class='ocrx_word' id='word_1_388' title='bbox 854 3975 914 4028; x_wconf 90' lang='lat' dir='ltr'>in</span> <span class='ocrx_word' id='word_1_389' title='bbox 936 3976 1269 4048; x_wconf 83' lang='lat' dir='ltr'>Jerusalem</span> <span class='ocrx_word' id='word_1_390' title='bbox 1291 3977 1389 4031; x_wconf 88' lang='lat' dir='ltr'>rei</span> <span class='ocrx_word' id='word_1_391' title='bbox 1412 3978 1705 4048; x_wconf 73' lang='lat' dir='ltr'>prwSenti</span> <span class='ocrx_word' id='word_1_392' title='bbox 1724 3970 1824 4032; x_wconf 83' lang='lat' dir='ltr'>ac-</span> 
     </span>
    </p>
   </div>
   <div class='ocr_carea' id='block_1_60' title="bbox 229 4042 1825 4120">
    <p class='ocr_par' dir='ltr' id='par_1_60' title="bbox 229 4042 1825 4120">
     <span class='ocr_line' id='line_1_60' title="bbox 229 4042 1825 4120; baseline 0.004 -24"><span class='ocrx_word' id='word_1_393' title='bbox 229 4042 644 4120; x_wconf 60' lang='lat' dir='ltr'>commodavit,</span> <span class='ocrx_word' id='word_1_394' title='bbox 675 4044 969 4120; x_wconf 76' lang='lat' dir='ltr'>Auxentii</span> <span class='ocrx_word' id='word_1_395' title='bbox 989 4050 1358 4120; x_wconf 76' lang='lat' dir='ltr'>perstringit</span> <span class='ocrx_word' id='word_1_396' title='bbox 1394 4042 1696 4103; x_wconf 78' lang='lat' dir='ltr'>crudelem</span> <span class='ocrx_word' id='word_1_397' title='bbox 1734 4048 1825 4103; x_wconf 87' lang='lat' dir='ltr'>le-</span> 
     </span>
    </p>
   </div>
   <div class='ocr_carea' id='block_1_61' title="bbox 226 4112 1830 4191">
    <p class='ocr_par' dir='ltr' id='par_1_61' title="bbox 226 4112 1830 4191">
     <span class='ocr_line' id='line_1_61' title="bbox 226 4112 1830 4191; baseline 0.003 -23"><span class='ocrx_word' id='word_1_398' title='bbox 226 4112 717 4191; x_wconf 83' lang='lat' dir='ltr'>gem,solutisque_</span> <span class='ocrx_word' id='word_1_399' title='bbox 727 4112 1089 4191; x_wconf 65' lang='lat' dir='ltr'>Arianorum</span> <span class='ocrx_word' id='word_1_400' title='bbox 1102 4112 1830 4191; x_wconf 67' lang='lat' dir='ltr'>objectionibusJibenter</span> 
     </span>
    </p>
   </div>
   <div class='ocr_carea' id='block_1_62' title="bbox 227 4186 1827 4262">
    <p class='ocr_par' dir='ltr' id='par_1_62' title="bbox 227 4186 1827 4262">
     <span class='ocr_line' id='line_1_62' title="bbox 227 4186 1827 4262; baseline 0.003 -24"><span class='ocrx_word' id='word_1_401' title='bbox 227 4200 298 4262; x_wconf 79' lang='lat' dir='ltr'>se</span> <span class='ocrx_word' id='word_1_402' title='bbox 322 4200 518 4239; x_wconf 87' lang='lat' dir='ltr'>coram</span> <span class='ocrx_word' id='word_1_403' title='bbox 535 4186 744 4262; x_wconf 79' lang='lat' dir='ltr'>populo</span> <span class='ocrx_word' id='word_1_404' title='bbox 775 4186 1207 4262; x_wconf 81' lang='lat' dir='ltr'>disputaturum</span> <span class='ocrx_word' id='word_1_405' title='bbox 1231 4186 1552 4262; x_wconf 63' lang='lat' dir='ltr'>praedicat}</span> <span class='ocrx_word' id='word_1_406' title='bbox 1579 4192 1827 4245; x_wconf 78' lang='lat' dir='ltr'>Auxen-</span> 
     </span>
    </p>
   </div>
   <div class='ocr_carea' id='block_1_63' title="bbox 232 4257 1824 4334">
    <p class='ocr_par' dir='ltr' id='par_1_63' title="bbox 232 4257 1824 4334">
     <span class='ocr_line' id='line_1_63' title="bbox 232 4257 1824 4334; baseline 0.004 -26"><span class='ocrx_word' id='word_1_407' title='bbox 232 4257 380 4334; x_wconf 68' lang='lat' dir='ltr'>tium</span> <span class='ocrx_word' id='word_1_408' title='bbox 411 4257 680 4334; x_wconf 82' lang='lat' dir='ltr'>verojam</span> <span class='ocrx_word' id='word_1_409' title='bbox 702 4274 733 4311; x_wconf 90' lang='lat' dir='ltr'>a</span> <span class='ocrx_word' id='word_1_410' title='bbox 751 4257 1023 4334; x_wconf 56' lang='lat' dir='ltr'>paganis,</span> <span class='ocrx_word' id='word_1_411' title='bbox 1043 4277 1184 4334; x_wconf 75' lang='lat' dir='ltr'>quos</span> <span class='ocrx_word' id='word_1_412' title='bbox 1203 4257 1518 4334; x_wconf 71' lang='lat' dir='ltr'>injudices</span> <span class='ocrx_word' id='word_1_413' title='bbox 1537 4262 1824 4334; x_wconf 81' lang='lat' dir='ltr'>elegerat,</span> 
     </span>
    </p>
   </div>
   <div class='ocr_carea' id='block_1_64' title="bbox 228 4326 1831 4404">
    <p class='ocr_par' dir='ltr' id='par_1_64' title="bbox 228 4326 1831 4404">
     <span class='ocr_line' id='line_1_64' title="bbox 228 4326 1831 4404; baseline 0.006 -26"><span class='ocrx_word' id='word_1_414' title='bbox 228 4326 591 4404; x_wconf 73' lang='lat' dir='ltr'>damnatum,</span> <span class='ocrx_word' id='word_1_415' title='bbox 612 4326 765 4404; x_wconf 76' lang='lat' dir='ltr'>sicut</span> <span class='ocrx_word' id='word_1_416' title='bbox 788 4326 850 4404; x_wconf 74' lang='lat' dir='ltr'>ei</span> <span class='ocrx_word' id='word_1_417' title='bbox 863 4346 900 4404; x_wconf 60' lang='grc' dir='ltr'><em>ρ</em></span> <span class='ocrx_word' id='word_1_418' title='bbox 921 4326 1108 4387; x_wconf 78' lang='lat' dir='ltr'>Paulo</span> <span class='ocrx_word' id='word_1_419' title='bbox 1137 4337 1197 4387; x_wconf 89' lang='lat' dir='ltr'>et</span> <span class='ocrx_word' id='word_1_420' title='bbox 1222 4326 1465 4388; x_wconf 82' lang='lat' dir='ltr'>Christo</span> <span class='ocrx_word' id='word_1_421' title='bbox 1484 4326 1654 4404; x_wconf 41' lang='lat' dir='ltr'>ipso.“</span> <span class='ocrx_word' id='word_1_422' title='bbox 1669 4326 1831 4398; x_wconf 86' lang='lat' dir='ltr'>Quod</span> 
     </span>
    </p>
   </div>
   <div class='ocr_carea' id='block_1_65' title="bbox 226 4398 1832 4474">
    <p class='ocr_par' dir='ltr' id='par_1_65' title="bbox 226 4398 1832 4474">
     <span class='ocr_line' id='line_1_65' title="bbox 226 4398 1832 4474; baseline 0.004 -23"><span class='ocrx_word' id='word_1_423' title='bbox 226 4398 392 4451; x_wconf 85' lang='lat' dir='ltr'>idem</span> <span class='ocrx_word' id='word_1_424' title='bbox 416 4398 739 4474; x_wconf 72' lang='lat' dir='ltr'>haereticus</span> <span class='ocrx_word' id='word_1_425' title='bbox 756 4400 835 4474; x_wconf 84' lang='lat' dir='ltr'>ad</span> <span class='ocrx_word' id='word_1_426' title='bbox 846 4401 1142 4457; x_wconf 65' lang='lat' dir='ltr'>Caesarem</span> <span class='ocrx_word' id='word_1_427' title='bbox 1154 4421 1266 4474; x_wconf 89' lang='lat' dir='ltr'>pro</span> <span class='ocrx_word' id='word_1_428' title='bbox 1276 4398 1669 4473; x_wconf 74' lang='lat' dir='ltr'>vocarei,eum</span> <span class='ocrx_word' id='word_1_429' title='bbox 1692 4404 1832 4459; x_wconf 87' lang='lat' dir='ltr'>obli-</span> 
     </span>
    </p>
   </div>
   <div class='ocr_carea' id='block_1_66' title="bbox 231 4470 1834 4541">
    <p class='ocr_par' dir='ltr' id='par_1_66' title="bbox 231 4470 1834 4541">
     <span class='ocr_line' id='line_1_66' title="bbox 231 4470 1834 4541; baseline 0.003 -18"><span class='ocrx_word' id='word_1_430' title='bbox 231 4475 356 4523; x_wconf 76' lang='lat' dir='ltr'>tum</span> <span class='ocrx_word' id='word_1_431' title='bbox 375 4470 520 4541; x_wconf 86' lang='lat' dir='ltr'>anni</span> <span class='ocrx_word' id='word_1_432' title='bbox 535 4472 900 4541; x_wconf 87' lang='lat' dir='ltr'>superioris:</span> <span class='ocrx_word' id='word_1_433' title='bbox 920 4480 977 4527; x_wconf 88' lang='lat' dir='ltr'>et</span> <span class='ocrx_word' id='word_1_434' title='bbox 994 4470 1275 4539; x_wconf 75' lang='lat' dir='ltr'>Arianos,</span> <span class='ocrx_word' id='word_1_435' title='bbox 1294 4476 1427 4529; x_wconf 88' lang='lat' dir='ltr'>dum</span> <span class='ocrx_word' id='word_1_436' title='bbox 1440 4470 1644 4530; x_wconf 84' lang='lat' dir='ltr'>servis</span> <span class='ocrx_word' id='word_1_437' title='bbox 1665 4475 1834 4529; x_wconf 85' lang='lat' dir='ltr'>Chri-</span> 
     </span>
    </p>
   </div>
   <div class='ocr_carea' id='block_1_67' title="bbox 229 4540 1831 4618">
    <p class='ocr_par' dir='ltr' id='par_1_67' title="bbox 229 4540 1831 4618">
     <span class='ocr_line' id='line_1_67' title="bbox 229 4540 1831 4618; baseline 0.004 -26"><span class='ocrx_word' id='word_1_438' title='bbox 229 4542 317 4618; x_wconf 62' lang='lat' dir='ltr'>sti</span> <span class='ocrx_word' id='word_1_439' title='bbox 334 4540 675 4618; x_wconf 27' lang='lat' dir='ltr'>condant’in</span> <span class='ocrx_word' id='word_1_440' title='bbox 687 4543 922 4618; x_wconf 71' lang='lat' dir='ltr'>vidiam,</span> <span class='ocrx_word' id='word_1_441' title='bbox 950 4545 1132 4618; x_wconf 74' lang='lat' dir='ltr'>multo</span> <span class='ocrx_word' id='word_1_442' title='bbox 1146 4547 1390 4618; x_wconf 80' lang='lat' dir='ltr'>pejores</span> <span class='ocrx_word' id='word_1_443' title='bbox 1411 4563 1547 4618; x_wconf 84' lang='lat' dir='ltr'>esse</span> <span class='ocrx_word' id='word_1_444' title='bbox 1568 4547 1794 4601; x_wconf 65' lang='lat' dir='ltr'>Judaeis</span> <span class='ocrx_word' id='word_1_445' title='bbox 1814 4566 1831 4599; x_wconf 84' lang='lat'>.-</span> 
     </span>
    </p>
   </div>
   <div class='ocr_carea' id='block_1_68' title="bbox 230 4611 1828 4689">
    <p class='ocr_par' dir='ltr' id='par_1_68' title="bbox 230 4611 1828 4689">
     <span class='ocr_line' id='line_1_68' title="bbox 230 4611 1828 4689; baseline 0.005 -26"><span class='ocrx_word' id='word_1_446' title='bbox 230 4611 573 4689; x_wconf 64' lang='lat' dir='ltr'>{s’cclesiam</span> <span class='ocrx_word' id='word_1_447' title='bbox 605 4614 760 4689; x_wconf 81' lang='lat' dir='ltr'>enim</span> <span class='ocrx_word' id='word_1_448' title='bbox 792 4611 1234 4689; x_wconf 31' lang='grc' dir='ltr'>ηρη-Οιτιείῑνῖξξ</span> <span class='ocrx_word' id='word_1_449' title='bbox 1250 4618 1362 4672; x_wconf 89' lang='lat' dir='ltr'>sed</span> <span class='ocrx_word' id='word_1_450' title='bbox 1404 4617 1637 4672; x_wconf 88' lang='lat' dir='ltr'>Christi</span> <span class='ocrx_word' id='word_1_451' title='bbox 1670 4634 1828 4689; x_wconf 62' lang='lat' dir='ltr'>prm-</span> 
     </span>
    </p>
   </div>
   <div class='ocr_carea' id='block_1_69' title="bbox 232 4682 1829 4759">
    <p class='ocr_par' dir='ltr' id='par_1_69' title="bbox 232 4682 1829 4759">
     <span class='ocr_line' id='line_1_69' title="bbox 232 4682 1829 4759; baseline 0.005 -24"><span class='ocrx_word' id='word_1_452' title='bbox 232 4682 409 4737; x_wconf 82' lang='lat' dir='ltr'>ferre</span> <span class='ocrx_word' id='word_1_453' title='bbox 438 4684 775 4759; x_wconf 70' lang='lat' dir='ltr'>imaginem.</span> <span class='ocrx_word' id='word_1_454' title='bbox 810 4685 936 4759; x_wconf 69' lang='lat' dir='ltr'>Suh</span> <span class='ocrx_word' id='word_1_455' title='bbox 970 4704 1094 4759; x_wconf 68' lang='lat' dir='ltr'>qua?</span> <span class='ocrx_word' id='word_1_456' title='bbox 1127 4682 1226 4742; x_wconf 83' lang='lat' dir='ltr'>ubi</span> <span class='ocrx_word' id='word_1_457' title='bbox 1247 4704 1432 4759; x_wconf 88' lang='lat' dir='ltr'>pauca</span> <span class='ocrx_word' id='word_1_458' title='bbox 1464 4689 1539 4743; x_wconf 89' lang='lat' dir='ltr'>de</span> <span class='ocrx_word' id='word_1_459' title='bbox 1568 4682 1829 4743; x_wconf 45' lang='lat' dir='ltr'>suo-res-</span> 
     </span>
    </p>
   </div>
   <div class='ocr_carea' id='block_1_70' title="bbox 226 4754 1827 4830">
    <p class='ocr_par' dir='ltr' id='par_1_70' title="bbox 226 4754 1827 4830">
     <span class='ocr_line' id='line_1_70' title="bbox 226 4754 1827 4830; baseline 0.004 -23"><span class='ocrx_word' id='word_1_460' title='bbox 226 4769 420 4824; x_wconf 88' lang='lat' dir='ltr'>ponso</span> <span class='ocrx_word' id='word_1_461' title='bbox 466 4759 526 4808; x_wconf 87' lang='lat' dir='ltr'>et</span> <span class='ocrx_word' id='word_1_462' title='bbox 555 4754 796 4827; x_wconf 74' lang='lat' dir='ltr'>hymnis</span> <span class='ocrx_word' id='word_1_463' title='bbox 835 4754 1071 4827; x_wconf 76' lang='lat' dir='ltr'>adjecit,</span> <span class='ocrx_word' id='word_1_464' title='bbox 1108 4775 1172 4813; x_wconf 90' lang='lat' dir='ltr'>se</span> <span class='ocrx_word' id='word_1_465' title='bbox 1220 4754 1335 4814; x_wconf 78' lang='lat' dir='ltr'>non</span> <span class='ocrx_word' id='word_1_466' title='bbox 1365 4759 1827 4830; x_wconf 86' lang='lat' dir='ltr'>inobedientcm,</span> 
     </span>
    </p>
   </div>
   <div class='ocr_carea' id='block_1_71' title="bbox 234 4894 1831 4974">
    <p class='ocr_par' dir='ltr' id='par_1_71' title="bbox 234 4894 1831 4974">
     <span class='ocr_line' id='line_1_71' title="bbox 234 4894 1831 4974; baseline 0.004 -26"><span class='ocrx_word' id='word_1_467' title='bbox 234 4894 542 4974; x_wconf 34' lang='lat' dir='ltr'>(EQ-Mss.</span> <span class='ocrx_word' id='word_1_468' title='bbox 568 4912 686 4952; x_wconf 90' lang='lat' dir='ltr'>non</span> <span class='ocrx_word' id='word_1_469' title='bbox 717 4900 909 4971; x_wconf 88' lang='lat' dir='ltr'>pauci,</span> <span class='ocrx_word' id='word_1_470' title='bbox 947 4923 969 4947; x_wconf 81' lang='grc' dir='ltr'>α</span> <span class='ocrx_word' id='word_1_471' title='bbox 1006 4902 1101 4955; x_wconf 86' lang='lat' dir='ltr'>vel</span> <span class='ocrx_word' id='word_1_472' title='bbox 1131 4901 1417 4974; x_wconf 88' lang='lat' dir='ltr'>episc0pi,</span> <span class='ocrx_word' id='word_1_473' title='bbox 1451 4901 1546 4957; x_wconf 87' lang='lat' dir='ltr'>vel</span> <span class='ocrx_word' id='word_1_474' title='bbox 1575 4901 1831 4972; x_wconf 93' lang='lat' dir='ltr'>populus</span> 
     </span>
    </p>
   </div>
   <div class='ocr_carea' id='block_1_72' title="bbox 161 4967 627 5023">
    <p class='ocr_par' dir='ltr' id='par_1_72' title="bbox 161 4967 627 5023">
     <span class='ocr_line' id='line_1_72' title="bbox 161 4967 627 5023; baseline -0.002 -5"><span class='ocrx_word' id='word_1_475' title='bbox 161 4967 567 5023; x_wconf 88' lang='lat' dir='ltr'>remisissent.</span> <span class='ocrx_word' id='word_1_476' title='bbox 605 4993 627 5017; x_wconf 74' lang='grc' dir='ltr'>π</span> 
     </span>
    </p>
   </div>
   <div class='ocr_carea' id='block_1_73' title="bbox 236 5038 1832 5115">
    <p class='ocr_par' dir='ltr' id='par_1_73' title="bbox 236 5038 1832 5115">
     <span class='ocr_line' id='line_1_73' title="bbox 236 5038 1832 5115; baseline 0.004 -24"><span class='ocrx_word' id='word_1_477' title='bbox 236 5038 350 5106; x_wconf 83' lang='grc'>(53)</span> <span class='ocrx_word' id='word_1_478' title='bbox 384 5038 629 5115; x_wconf 74' lang='lat' dir='ltr'>Videtur</span> <span class='ocrx_word' id='word_1_479' title='bbox 657 5040 975 5115; x_wconf 70' lang='lat' dir='ltr'>imperator</span> <span class='ocrx_word' id='word_1_480' title='bbox 1003 5043 1321 5100; x_wconf 82' lang='lat' dir='ltr'>Ambrosio</span> <span class='ocrx_word' id='word_1_481' title='bbox 1353 5045 1504 5099; x_wconf 89' lang='lat' dir='ltr'>hanc</span> <span class='ocrx_word' id='word_1_482' title='bbox 1536 5046 1832 5115; x_wconf 90' lang='lat' dir='ltr'>optionem</span> 
     </span>
    </p>
   </div>
   <div class='ocr_carea' id='block_1_74' title="bbox 162 5109 1832 5184">
    <p class='ocr_par' dir='ltr' id='par_1_74' title="bbox 162 5109 1832 5184">
     <span class='ocr_line' id='line_1_74' title="bbox 162 5109 1832 5184; baseline 0.006 -23"><span class='ocrx_word' id='word_1_483' title='bbox 162 5109 559 5184; x_wconf 81' lang='lat' dir='ltr'>proposuisse</span> <span class='ocrx_word' id='word_1_484' title='bbox 590 5109 1089 5184; x_wconf 12' lang='lat' dir='ltr'>peeralmatium,</span> <span class='ocrx_word' id='word_1_485' title='bbox 1124 5119 1184 5169; x_wconf 93' lang='lat' dir='ltr'>ut</span> <span class='ocrx_word' id='word_1_486' title='bbox 1203 5116 1296 5171; x_wconf 91' lang='lat' dir='ltr'>vel</span> <span class='ocrx_word' id='word_1_487' title='bbox 1329 5117 1389 5170; x_wconf 91' lang='lat' dir='ltr'>in</span> <span class='ocrx_word' id='word_1_488' title='bbox 1412 5109 1832 5171; x_wconf 80' lang='lat' dir='ltr'>consistorium</span> 
     </span>
    </p>
   </div>
   <div class='ocr_carea' id='block_1_75' title="bbox 160 5181 1832 5242">
    <p class='ocr_par' dir='ltr' id='par_1_75' title="bbox 160 5181 1832 5242">
     <span class='ocr_line' id='line_1_75' title="bbox 160 5181 1832 5242; baseline 0.007 -12"><span class='ocrx_word' id='word_1_489' title='bbox 160 5181 393 5233; x_wconf 87' lang='lat' dir='ltr'>veniret</span> <span class='ocrx_word' id='word_1_490' title='bbox 416 5182 488 5234; x_wconf 88' lang='lat' dir='ltr'>ad</span> <span class='ocrx_word' id='word_1_491' title='bbox 511 5182 939 5238; x_wconf 89' lang='lat' dir='ltr'>defendendam</span> <span class='ocrx_word' id='word_1_492' title='bbox 953 5181 1271 5241; x_wconf 86' lang='lat' dir='ltr'>adversum</span> <span class='ocrx_word' id='word_1_493' title='bbox 1286 5188 1639 5241; x_wconf 81' lang='lat' dir='ltr'>Auxentium</span> <span class='ocrx_word' id='word_1_494' title='bbox 1665 5204 1832 5242; x_wconf 90' lang='lat' dir='ltr'>suam</span> 
     </span>
    </p>
   </div>
   <div class='ocr_carea' id='block_1_76' title="bbox 163 5249 1833 5320">
    <p class='ocr_par' dir='ltr' id='par_1_76' title="bbox 163 5249 1833 5320">
     <span class='ocr_line' id='line_1_76' title="bbox 163 5249 1833 5320; baseline 0.008 -19"><span class='ocrx_word' id='word_1_495' title='bbox 163 5249 536 5320; x_wconf 88' lang='lat' dir='ltr'>dignitatem,</span> <span class='ocrx_word' id='word_1_496' title='bbox 559 5254 655 5307; x_wconf 91' lang='lat' dir='ltr'>vel</span> <span class='ocrx_word' id='word_1_497' title='bbox 680 5256 881 5309; x_wconf 91' lang='lat' dir='ltr'>eadem</span> <span class='ocrx_word' id='word_1_498' title='bbox 913 5257 1088 5311; x_wconf 88' lang='lat' dir='ltr'>simul</span> <span class='ocrx_word' id='word_1_499' title='bbox 1125 5274 1192 5311; x_wconf 90' lang='lat' dir='ltr'>ac</span> <span class='ocrx_word' id='word_1_500' title='bbox 1230 5260 1462 5313; x_wconf 82' lang='lat' dir='ltr'>civitate</span> <span class='ocrx_word' id='word_1_501' title='bbox 1487 5260 1638 5313; x_wconf 88' lang='lat' dir='ltr'>ultro</span> <span class='ocrx_word' id='word_1_502' title='bbox 1662 5260 1833 5313; x_wconf 90' lang='lat' dir='ltr'>cede-</span> 
     </span>
    </p>
   </div>
   <div class='ocr_carea' id='block_1_77' title="bbox 160 5323 1833 5401">
    <p class='ocr_par' dir='ltr' id='par_1_77' title="bbox 160 5323 1833 5401">
     <span class='ocr_line' id='line_1_77' title="bbox 160 5323 1833 5401; baseline 0.008 -28"><span class='ocrx_word' id='word_1_503' title='bbox 160 5325 257 5399; x_wconf 78' lang='lat' dir='ltr'>ret</span> <span class='ocrx_word' id='word_1_504' title='bbox 282 5338 295 5374; x_wconf 93' lang='lat'>:</span> <span class='ocrx_word' id='word_1_505' title='bbox 328 5323 435 5401; x_wconf 81' lang='lat' dir='ltr'>sed</span> <span class='ocrx_word' id='word_1_506' title='bbox 466 5324 581 5401; x_wconf 82' lang='lat' dir='ltr'>hoc</span> <span class='ocrx_word' id='word_1_507' title='bbox 603 5328 853 5401; x_wconf 76' lang='lat' dir='ltr'>utroque</span> <span class='ocrx_word' id='word_1_508' title='bbox 879 5332 1147 5401; x_wconf 80' lang='lat' dir='ltr'>sanctum</span> <span class='ocrx_word' id='word_1_509' title='bbox 1171 5331 1486 5400; x_wconf 61' lang='lat' dir='ltr'>praesulem</span> <span class='ocrx_word' id='word_1_510' title='bbox 1506 5332 1578 5384; x_wconf 81' lang='lat' dir='ltr'>al)</span> <span class='ocrx_word' id='word_1_511' title='bbox 1603 5332 1833 5401; x_wconf 85' lang='lat' dir='ltr'>episco-</span> 
     </span>
    </p>
   </div>
   <div class='ocr_carea' id='block_1_78' title="bbox 163 5394 1508 5470">
    <p class='ocr_par' dir='ltr' id='par_1_78' title="bbox 163 5394 1508 5470">
     <span class='ocr_line' id='line_1_78' title="bbox 163 5394 1508 5470; baseline 0.009 -27"><span class='ocrx_word' id='word_1_512' title='bbox 163 5394 352 5470; x_wconf 49' lang='lat' dir='ltr'>pisnet</span> <span class='ocrx_word' id='word_1_513' title='bbox 379 5394 553 5470; x_wconf 79' lang='lat' dir='ltr'>plebe</span> <span class='ocrx_word' id='word_1_514' title='bbox 586 5394 872 5470; x_wconf 79' lang='lat' dir='ltr'>catholica</span> <span class='ocrx_word' id='word_1_515' title='bbox 904 5399 1093 5454; x_wconf 86' lang='lat' dir='ltr'>fuisse</span> <span class='ocrx_word' id='word_1_516' title='bbox 1130 5394 1508 5470; x_wconf 75' lang='lat' dir='ltr'>prohibitum.</span> 
     </span>
    </p>
   </div>
   <div class='ocr_carea' id='block_1_79' title="bbox 243 5461 1831 5542">
    <p class='ocr_par' dir='ltr' id='par_1_79' title="bbox 243 5461 1831 5542">
     <span class='ocr_line' id='line_1_79' title="bbox 243 5461 1831 5542; baseline 0.003 -21"><span class='ocrx_word' id='word_1_517' title='bbox 243 5461 472 5542; x_wconf 48' lang='lat' dir='ltr'>(ﬁ-t)__Ad</span> <span class='ocrx_word' id='word_1_518' title='bbox 500 5466 662 5542; x_wconf 78' lang='lat' dir='ltr'>hunc</span> <span class='ocrx_word' id='word_1_519' title='bbox 691 5467 888 5542; x_wconf 86' lang='lat' dir='ltr'>locum</span> <span class='ocrx_word' id='word_1_520' title='bbox 920 5471 996 5524; x_wconf 86' lang='lat' dir='ltr'>ita</span> <span class='ocrx_word' id='word_1_521' title='bbox 1045 5461 1348 5527; x_wconf 76' lang='lat' dir='ltr'>Nannius:</span> <span class='ocrx_word' id='word_1_522' title='bbox 1410 5496 1429 5522; x_wconf 85' lang='lat'><strong>«</strong></span> <span class='ocrx_word' id='word_1_523' title='bbox 1486 5474 1704 5541; x_wconf 85' lang='lat' dir='ltr'>Tacite,</span> <span class='ocrx_word' id='word_1_524' title='bbox 1738 5473 1831 5526; x_wconf 91' lang='lat' dir='ltr'>in-</span> 
     </span>
    </p>
   </div>
   <div class='ocr_carea' id='block_1_80' title="bbox 165 5535 1831 5615">
    <p class='ocr_par' dir='ltr' id='par_1_80' title="bbox 165 5535 1831 5615">
     <span class='ocr_line' id='line_1_80' title="bbox 165 5535 1831 5615; baseline 0.007 -30"><span class='ocrx_word' id='word_1_525' title='bbox 165 5535 315 5615; x_wconf 75' lang='lat' dir='ltr'>quit,</span> <span class='ocrx_word' id='word_1_526' title='bbox 349 5535 686 5615; x_wconf 69' lang='lat' dir='ltr'>illiobjicit,</span> <span class='ocrx_word' id='word_1_527' title='bbox 722 5541 895 5615; x_wconf 74' lang='lat' dir='ltr'>quod</span> <span class='ocrx_word' id='word_1_528' title='bbox 910 5557 1015 5610; x_wconf 90' lang='lat' dir='ltr'>pro</span> <span class='ocrx_word' id='word_1_529' title='bbox 1047 5558 1115 5596; x_wconf 92' lang='lat' dir='ltr'>eo</span> <span class='ocrx_word' id='word_1_530' title='bbox 1148 5543 1217 5596; x_wconf 90' lang='lat' dir='ltr'>ad</span> <span class='ocrx_word' id='word_1_531' title='bbox 1252 5543 1567 5597; x_wconf 82' lang='lat' dir='ltr'>Maximum</span> <span class='ocrx_word' id='word_1_532' title='bbox 1599 5535 1831 5615; x_wconf 79' lang='lat' dir='ltr'>legatus</span> 
     </span>
    </p>
   </div>
   <div class='ocr_carea' id='block_1_81' title="bbox 165 5602 1831 5685">
    <p class='ocr_par' dir='ltr' id='par_1_81' title="bbox 165 5602 1831 5685">
     <span class='ocr_line' id='line_1_81' title="bbox 165 5602 1831 5685; baseline 0.008 -29"><span class='ocrx_word' id='word_1_533' title='bbox 165 5602 267 5685; x_wconf 74' lang='lat' dir='ltr'>bis</span> <span class='ocrx_word' id='word_1_534' title='bbox 288 5610 525 5685; x_wconf 84' lang='lat' dir='ltr'>coactus</span> <span class='ocrx_word' id='word_1_535' title='bbox 540 5602 622 5663; x_wconf 73' lang='lat' dir='ltr'>sit</span> <span class='ocrx_word' id='word_1_536' title='bbox 644 5602 846 5685; x_wconf 77' lang='lat' dir='ltr'>contra</span> <span class='ocrx_word' id='word_1_537' title='bbox 860 5602 1049 5685; x_wconf 80' lang='lat' dir='ltr'>decus</span> <span class='ocrx_word' id='word_1_538' title='bbox 1083 5614 1419 5684; x_wconf 88' lang='lat' dir='ltr'>episcopale</span> <span class='ocrx_word' id='word_1_539' title='bbox 1442 5615 1500 5668; x_wconf 92' lang='lat' dir='ltr'>in</span> <span class='ocrx_word' id='word_1_540' title='bbox 1532 5602 1831 5669; x_wconf 75' lang='lat' dir='ltr'>consisto-</span> 
     </span>
    </p>
   </div>
   <div class='ocr_carea' id='block_1_82' title="bbox 166 5679 1832 5756">
    <p class='ocr_par' dir='ltr' id='par_1_82' title="bbox 166 5679 1832 5756">
     <span class='ocr_line' id='line_1_82' title="bbox 166 5679 1832 5756; baseline 0.007 -29"><span class='ocrx_word' id='word_1_541' title='bbox 166 5679 261 5756; x_wconf 64' lang='lat' dir='ltr'>rio</span> <span class='ocrx_word' id='word_1_542' title='bbox 294 5679 487 5756; x_wconf 57' lang='lat' dir='ltr'>stare;</span> <span class='ocrx_word' id='word_1_543' title='bbox 520 5682 704 5756; x_wconf 83' lang='lat' dir='ltr'>semel</span> <span class='ocrx_word' id='word_1_544' title='bbox 732 5698 808 5756; x_wconf 73' lang='lat' dir='ltr'>eo</span> <span class='ocrx_word' id='word_1_545' title='bbox 843 5679 1173 5740; x_wconf 78' lang='lat' dir='ltr'>destinatus</span> <span class='ocrx_word' id='word_1_546' title='bbox 1202 5679 1309 5756; x_wconf 81' lang='lat' dir='ltr'>pro</span> <span class='ocrx_word' id='word_1_547' title='bbox 1357 5701 1519 5755; x_wconf 90' lang='lat' dir='ltr'>pace,</span> <span class='ocrx_word' id='word_1_548' title='bbox 1554 5686 1739 5740; x_wconf 90' lang='lat' dir='ltr'>semel</span> <span class='ocrx_word' id='word_1_549' title='bbox 1769 5688 1832 5739; x_wconf 94' lang='lat' dir='ltr'>ut</span> 
     </span>
    </p>
   </div>
   <div class='ocr_carea' id='block_1_83' title="bbox 165 5744 1833 5829">
    <p class='ocr_par' dir='ltr' id='par_1_83' title="bbox 165 5744 1833 5829">
     <span class='ocr_line' id='line_1_83' title="bbox 165 5744 1833 5829; baseline 0.005 -28"><span class='ocrx_word' id='word_1_550' title='bbox 165 5744 429 5806; x_wconf 83' lang='lat' dir='ltr'>Gratiani</span> <span class='ocrx_word' id='word_1_551' title='bbox 445 5744 644 5807; x_wconf 80' lang='lat' dir='ltr'>fratris</span> <span class='ocrx_word' id='word_1_552' title='bbox 665 5753 951 5827; x_wconf 87' lang='lat' dir='ltr'>reliquias</span> <span class='ocrx_word' id='word_1_553' title='bbox 984 5744 1326 5829; x_wconf 71' lang='lat' dir='ltr'>reportaret.</span> <span class='ocrx_word' id='word_1_554' title='bbox 1353 5744 1459 5813; x_wconf 80' lang='lat' dir='ltr'>Est</span> <span class='ocrx_word' id='word_1_555' title='bbox 1478 5744 1671 5813; x_wconf 76' lang='lat' dir='ltr'>autem</span> <span class='ocrx_word' id='word_1_556' title='bbox 1693 5771 1833 5811; x_wconf 90' lang='lat' dir='ltr'>con-</span> 
     </span>
    </p>
   </div>
   <div class='ocr_carea' id='block_1_84' title="bbox 1930 1948 3311 2020">
    <p class='ocr_par' dir='ltr' id='par_1_84' title="bbox 1930 1948 3311 2020">
     <span class='ocr_line' id='line_1_84' title="bbox 1930 1948 3311 2020; baseline 0.001 -17"><span class='ocrx_word' id='word_1_557' title='bbox 1930 1948 2216 2018; x_wconf 89' lang='lat' dir='ltr'>subirem,</span> <span class='ocrx_word' id='word_1_558' title='bbox 2248 1950 2404 2020; x_wconf 89' lang='lat' dir='ltr'>quod</span> <span class='ocrx_word' id='word_1_559' title='bbox 2439 1949 2772 2004; x_wconf 88' lang='lat' dir='ltr'>sacerdotis</span> <span class='ocrx_word' id='word_1_560' title='bbox 2803 1964 2943 2004; x_wconf 91' lang='lat' dir='ltr'>esse</span> <span class='ocrx_word' id='word_1_561' title='bbox 2982 1949 3311 2004; x_wconf 90' lang='lat' dir='ltr'>consuevit.</span> 
     </span>
    </p>
   </div>
   <div class='ocr_carea' id='block_1_85' title="bbox 2001 2054 3597 2127">
    <p class='ocr_par' dir='ltr' id='par_1_85' title="bbox 2001 2054 3597 2127">
     <span class='ocr_line' id='line_1_85' title="bbox 2001 2054 3597 2127; baseline 0.002 -18"><span class='ocrx_word' id='word_1_562' title='bbox 2001 2057 2053 2110; x_wconf 76' lang='lat'>2.</span> <span class='ocrx_word' id='word_1_563' title='bbox 2088 2054 2238 2120; x_wconf 90' lang='lat' dir='ltr'>Quid</span> <span class='ocrx_word' id='word_1_564' title='bbox 2268 2071 2413 2127; x_wconf 88' lang='lat' dir='ltr'>ergo</span> <span class='ocrx_word' id='word_1_565' title='bbox 2468 2055 2828 2109; x_wconf 84' lang='lat' dir='ltr'>turbamini?</span> <span class='ocrx_word' id='word_1_566' title='bbox 2875 2056 3095 2111; x_wconf 89' lang='lat' dir='ltr'>Volens</span> <span class='ocrx_word' id='word_1_567' title='bbox 3144 2072 3444 2127; x_wconf 89' lang='lat' dir='ltr'>nunquam</span> <span class='ocrx_word' id='word_1_568' title='bbox 3487 2073 3597 2112; x_wconf 89' lang='lat' dir='ltr'>vos</span> 
     </span>
    </p>
   </div>
   <div class='ocr_carea' id='block_1_86' title="bbox 1931 2145 3598 2216">
    <p class='ocr_par' dir='ltr' id='par_1_86' title="bbox 1931 2145 3598 2216">
     <span class='ocr_line' id='line_1_86' title="bbox 1931 2145 3598 2216; baseline 0.001 -17"><span class='ocrx_word' id='word_1_569' title='bbox 1931 2145 2226 2214; x_wconf 88' lang='lat' dir='ltr'>deseram,</span> <span class='ocrx_word' id='word_1_570' title='bbox 2260 2147 2502 2199; x_wconf 88' lang='lat' dir='ltr'>coactus</span> <span class='ocrx_word' id='word_1_571' title='bbox 2536 2160 2868 2216; x_wconf 90' lang='lat' dir='ltr'>repugnare</span> <span class='ocrx_word' id='word_1_572' title='bbox 2898 2159 3017 2199; x_wconf 89' lang='lat' dir='ltr'>non</span> <span class='ocrx_word' id='word_1_573' title='bbox 3046 2146 3206 2200; x_wconf 92' lang='lat' dir='ltr'>novi.</span> <span class='ocrx_word' id='word_1_574' title='bbox 3241 2145 3454 2200; x_wconf 90' lang='lat' dir='ltr'>Dolere</span> <span class='ocrx_word' id='word_1_575' title='bbox 3488 2160 3598 2215; x_wconf 92' lang='lat' dir='ltr'>po-</span> 
     </span>
    </p>
   </div>
   <div class='ocr_carea' id='block_1_87' title="bbox 1930 2234 3591 2305">
    <p class='ocr_par' dir='ltr' id='par_1_87' title="bbox 1930 2234 3591 2305">
     <span class='ocr_line' id='line_1_87' title="bbox 1930 2234 3591 2305; baseline 0.001 -17"><span class='ocrx_word' id='word_1_576' title='bbox 1930 2236 2079 2304; x_wconf 88' lang='lat' dir='ltr'>tero,</span> <span class='ocrx_word' id='word_1_577' title='bbox 2112 2237 2317 2304; x_wconf 91' lang='lat' dir='ltr'>potero</span> <span class='ocrx_word' id='word_1_578' title='bbox 2349 2234 2510 2302; x_wconf 84' lang='lat' dir='ltr'>flere,</span> <span class='ocrx_word' id='word_1_579' title='bbox 2544 2237 2750 2303; x_wconf 89' lang='lat' dir='ltr'>potero</span> <span class='ocrx_word' id='word_1_580' title='bbox 2783 2248 3062 2305; x_wconf 88' lang='lat' dir='ltr'>gemere;</span> <span class='ocrx_word' id='word_1_581' title='bbox 3094 2234 3386 2289; x_wconf 88' lang='lat' dir='ltr'>adversus</span> <span class='ocrx_word' id='word_1_582' title='bbox 3407 2250 3591 2305; x_wconf 88' lang='lat' dir='ltr'>arma,</span> 
     </span>
    </p>
   </div>
   <div class='ocr_carea' id='block_1_88' title="bbox 1932 2322 3590 2395">
    <p class='ocr_par' dir='ltr' id='par_1_88' title="bbox 1932 2322 3590 2395">
     <span class='ocr_line' id='line_1_88' title="bbox 1932 2322 3590 2395; baseline 0.001 -18"><span class='ocrx_word' id='word_1_583' title='bbox 1932 2324 2170 2391; x_wconf 88' lang='lat' dir='ltr'>milites,</span> <span class='ocrx_word' id='word_1_584' title='bbox 2204 2322 2429 2377; x_wconf 90' lang='lat' dir='ltr'>Gothos</span> <span class='ocrx_word' id='word_1_585' title='bbox 2462 2338 2697 2394; x_wconf 89' lang='lat' dir='ltr'>quoque</span> <span class='ocrx_word' id='word_1_586' title='bbox 2730 2323 3007 2393; x_wconf 77' lang='lat' dir='ltr'>lacrymae</span> <span class='ocrx_word' id='word_1_587' title='bbox 3038 2338 3186 2377; x_wconf 85' lang='lat' dir='ltr'>meae</span> <span class='ocrx_word' id='word_1_588' title='bbox 3224 2339 3385 2377; x_wconf 90' lang='lat' dir='ltr'>arma</span> <span class='ocrx_word' id='word_1_589' title='bbox 3415 2328 3590 2395; x_wconf 90' lang='lat' dir='ltr'>sunt;</span> 
     </span>
    </p>
   </div>
   <div class='ocr_carea' id='block_1_89' title="bbox 1932 2412 3596 2469">
    <p class='ocr_par' dir='ltr' id='par_1_89' title="bbox 1932 2412 3596 2469">
     <span class='ocr_line' id='line_1_89' title="bbox 1932 2412 3596 2469; baseline 0.002 -3"><span class='ocrx_word' id='word_1_590' title='bbox 1932 2412 2068 2466; x_wconf 87' lang='lat' dir='ltr'>talia</span> <span class='ocrx_word' id='word_1_591' title='bbox 2100 2412 2256 2467; x_wconf 89' lang='lat' dir='ltr'>enim</span> <span class='ocrx_word' id='word_1_592' title='bbox 2309 2412 2667 2466; x_wconf 91' lang='lat' dir='ltr'>munimenta</span> <span class='ocrx_word' id='word_1_593' title='bbox 2696 2415 2835 2465; x_wconf 90' lang='lat' dir='ltr'>sunt</span> <span class='ocrx_word' id='word_1_594' title='bbox 2881 2412 3234 2467; x_wconf 88' lang='lat' dir='ltr'>sacerdotis.</span> <span class='ocrx_word' id='word_1_595' title='bbox 3268 2412 3455 2469; x_wconf 88' lang='lat' dir='ltr'>Aliter</span> <span class='ocrx_word' id='word_1_596' title='bbox 3483 2429 3596 2469; x_wconf 90' lang='lat' dir='ltr'>nec</span> 
     </span>
    </p>
   </div>
   <div class='ocr_carea' id='block_1_90' title="bbox 1932 2500 3596 2572">
    <p class='ocr_par' dir='ltr' id='par_1_90' title="bbox 1932 2500 3596 2572">
     <span class='ocr_line' id='line_1_90' title="bbox 1932 2500 3596 2572; baseline 0.001 -16"><span class='ocrx_word' id='word_1_597' title='bbox 1932 2502 2121 2557; x_wconf 91' lang='lat' dir='ltr'>debeo</span> <span class='ocrx_word' id='word_1_598' title='bbox 2153 2517 2262 2556; x_wconf 92' lang='lat' dir='ltr'>nec</span> <span class='ocrx_word' id='word_1_599' title='bbox 2294 2517 2543 2572; x_wconf 91' lang='lat' dir='ltr'>possum</span> <span class='ocrx_word' id='word_1_600' title='bbox 2572 2500 2891 2555; x_wconf 88' lang='lat' dir='ltr'>resistere:</span> <span class='ocrx_word' id='word_1_601' title='bbox 2945 2500 3155 2572; x_wconf 85' lang='lat' dir='ltr'>fugere</span> <span class='ocrx_word' id='word_1_602' title='bbox 3184 2505 3380 2556; x_wconf 89' lang='lat' dir='ltr'>autem</span> <span class='ocrx_word' id='word_1_603' title='bbox 3412 2505 3468 2556; x_wconf 91' lang='lat' dir='ltr'>et</span> <span class='ocrx_word' id='word_1_604' title='bbox 3497 2518 3596 2558; x_wconf 86' lang='lat' dir='ltr'>re-</span> 
     </span>
    </p>
   </div>
   <div class='ocr_carea' id='block_1_91' title="bbox 1931 2589 3596 2663">
    <p class='ocr_par' dir='ltr' id='par_1_91' title="bbox 1931 2589 3596 2663">
     <span class='ocr_line' id='line_1_91' title="bbox 1931 2589 3596 2663; baseline 0.002 -18"><span class='ocrx_word' id='word_1_605' title='bbox 1931 2591 2199 2662; x_wconf 89' lang='lat' dir='ltr'>linquere</span> <span class='ocrx_word' id='word_1_606' title='bbox 2232 2590 2564 2644; x_wconf 90' lang='lat' dir='ltr'>Ecclesiam</span> <span class='ocrx_word' id='word_1_607' title='bbox 2594 2605 2713 2644; x_wconf 92' lang='lat' dir='ltr'>non</span> <span class='ocrx_word' id='word_1_608' title='bbox 2747 2589 2952 2659; x_wconf 88' lang='lat' dir='ltr'>soleo;</span> <span class='ocrx_word' id='word_1_609' title='bbox 2997 2605 3070 2644; x_wconf 92' lang='lat' dir='ltr'>ne</span> <span class='ocrx_word' id='word_1_610' title='bbox 3114 2590 3249 2661; x_wconf 88' lang='lat' dir='ltr'>quis</span> <span class='ocrx_word' id='word_1_611' title='bbox 3297 2592 3596 2663; x_wconf 85' lang='lat' dir='ltr'>gravioris</span> 
     </span>
    </p>
   </div>
   <div class='ocr_carea' id='block_1_92' title="bbox 1931 2678 3598 2752">
    <p class='ocr_par' dir='ltr' id='par_1_92' title="bbox 1931 2678 3598 2752">
     <span class='ocr_line' id='line_1_92' title="bbox 1931 2678 3598 2752; baseline 0.001 -17"><span class='ocrx_word' id='word_1_612' title='bbox 1931 2697 2124 2752; x_wconf 82' lang='lat' dir='ltr'>poenae</span> <span class='ocrx_word' id='word_1_613' title='bbox 2155 2683 2314 2735; x_wconf 90' lang='lat' dir='ltr'>metu</span> <span class='ocrx_word' id='word_1_614' title='bbox 2332 2680 2550 2733; x_wconf 87' lang='lat' dir='ltr'>factum</span> <span class='ocrx_word' id='word_1_615' title='bbox 2580 2679 3017 2749; x_wconf 88' lang='lat' dir='ltr'>interpretetur.</span> <span class='ocrx_word' id='word_1_616' title='bbox 3038 2678 3217 2734; x_wconf 88' lang='lat' dir='ltr'>Scitis</span> <span class='ocrx_word' id='word_1_617' title='bbox 3249 2683 3307 2735; x_wconf 92' lang='lat' dir='ltr'>et</span> <span class='ocrx_word' id='word_1_618' title='bbox 3336 2696 3446 2736; x_wconf 91' lang='lat' dir='ltr'>vos</span> <span class='ocrx_word' id='word_1_619' title='bbox 3479 2681 3598 2751; x_wconf 89' lang='lat' dir='ltr'>ipsi</span> 
     </span>
    </p>
   </div>
   <div class='ocr_carea' id='block_1_93' title="bbox 1932 2768 3592 2842">
    <p class='ocr_par' dir='ltr' id='par_1_93' title="bbox 1932 2768 3592 2842">
     <span class='ocr_line' id='line_1_93' title="bbox 1932 2768 3592 2842; baseline 0.001 -17"><span class='ocrx_word' id='word_1_620' title='bbox 1932 2770 2091 2842; x_wconf 89' lang='lat' dir='ltr'>quod</span> <span class='ocrx_word' id='word_1_621' title='bbox 2120 2768 2579 2841; x_wconf 86' lang='lat' dir='ltr'>imperatoribus</span> <span class='ocrx_word' id='word_1_622' title='bbox 2611 2768 2837 2823; x_wconf 90' lang='lat' dir='ltr'>soleam</span> <span class='ocrx_word' id='word_1_623' title='bbox 2886 2768 3141 2840; x_wconf 87' lang='lat' dir='ltr'>deferre,</span> <span class='ocrx_word' id='word_1_624' title='bbox 3173 2784 3292 2823; x_wconf 92' lang='lat' dir='ltr'>non</span> <span class='ocrx_word' id='word_1_625' title='bbox 3342 2770 3592 2827; x_wconf 88' lang='lat' dir='ltr'>cedere:</span> 
     </span>
    </p>
   </div>
   <div class='ocr_carea' id='block_1_94' title="bbox 1934 2855 3599 2931">
    <p class='ocr_par' dir='ltr' id='par_1_94' title="bbox 1934 2855 3599 2931">
     <span class='ocr_line' id='line_1_94' title="bbox 1934 2855 3599 2931; baseline 0 -17"><span class='ocrx_word' id='word_1_626' title='bbox 1934 2859 2245 2930; x_wconf 86' lang='lat' dir='ltr'>suppliciis</span> <span class='ocrx_word' id='word_1_627' title='bbox 2293 2874 2386 2912; x_wconf 93' lang='lat' dir='ltr'>me</span> <span class='ocrx_word' id='word_1_628' title='bbox 2439 2857 2693 2912; x_wconf 91' lang='lat' dir='ltr'>libenter</span> <span class='ocrx_word' id='word_1_629' title='bbox 2739 2855 2972 2928; x_wconf 71' lang='lat' dir='ltr'>offerre,</span> <span class='ocrx_word' id='word_1_630' title='bbox 3015 2873 3126 2913; x_wconf 93' lang='lat' dir='ltr'>nec</span> <span class='ocrx_word' id='word_1_631' title='bbox 3174 2861 3434 2914; x_wconf 89' lang='lat' dir='ltr'>metuere</span> <span class='ocrx_word' id='word_1_632' title='bbox 3466 2873 3599 2931; x_wconf 82' lang='lat' dir='ltr'>quae</span> 
     </span>
    </p>
   </div>
   <div class='ocr_carea' id='block_1_95' title="bbox 1932 2952 2232 3020">
    <p class='ocr_par' dir='ltr' id='par_1_95' title="bbox 1932 2952 2232 3020">
     <span class='ocr_line' id='line_1_95' title="bbox 1932 2952 2232 3020; baseline 0.003 -17"><span class='ocrx_word' id='word_1_633' title='bbox 1932 2952 2232 3020; x_wconf 91' lang='lat' dir='ltr'>parantur.</span> 
     </span>
    </p>
   </div>
   <div class='ocr_carea' id='block_1_96' title="bbox 2002 3037 3593 3109">
    <p class='ocr_par' dir='ltr' id='par_1_96' title="bbox 2002 3037 3593 3109">
     <span class='ocr_line' id='line_1_96' title="bbox 2002 3037 3593 3109; baseline 0 -16"><span class='ocrx_word' id='word_1_634' title='bbox 2002 3039 2056 3093; x_wconf 86' lang='lat'>3.</span> <span class='ocrx_word' id='word_1_635' title='bbox 2084 3039 2318 3093; x_wconf 88' lang='lat' dir='ltr'>Utinam</span> <span class='ocrx_word' id='word_1_636' title='bbox 2333 3052 2532 3093; x_wconf 90' lang='lat' dir='ltr'>essem</span> <span class='ocrx_word' id='word_1_637' title='bbox 2545 3053 2797 3093; x_wconf 86' lang='lat' dir='ltr'>securus</span> <span class='ocrx_word' id='word_1_638' title='bbox 2812 3038 2970 3109; x_wconf 90' lang='lat' dir='ltr'>quod</span> <span class='ocrx_word' id='word_1_639' title='bbox 2993 3037 3263 3093; x_wconf 88' lang='lat' dir='ltr'>Ecclesia</span> <span class='ocrx_word' id='word_1_640' title='bbox 3292 3037 3593 3093; x_wconf 84' lang='lat' dir='ltr'>haereticis</span> 
     </span>
    </p>
   </div>
   <div class='ocr_carea' id='block_1_97' title="bbox 1934 3127 3597 3198">
    <p class='ocr_par' dir='ltr' id='par_1_97' title="bbox 1934 3127 3597 3198">
     <span class='ocr_line' id='line_1_97' title="bbox 1934 3127 3597 3198; baseline -0.001 -16"><span class='ocrx_word' id='word_1_641' title='bbox 1934 3129 2172 3183; x_wconf 89' lang='lat' dir='ltr'>minime</span> <span class='ocrx_word' id='word_1_642' title='bbox 2203 3129 2576 3183; x_wconf 82' lang='lat' dir='ltr'>traderetur?</span> <span class='ocrx_word' id='word_1_643' title='bbox 2614 3128 2705 3182; x_wconf 88' lang='lat' dir='ltr'>Ad</span> <span class='ocrx_word' id='word_1_644' title='bbox 2733 3128 3013 3198; x_wconf 89' lang='lat' dir='ltr'>palatium</span> <span class='ocrx_word' id='word_1_645' title='bbox 3042 3127 3415 3198; x_wconf 90' lang='lat' dir='ltr'>imperatoris</span> <span class='ocrx_word' id='word_1_646' title='bbox 3448 3127 3597 3182; x_wconf 90' lang='lat' dir='ltr'>irem</span> 
     </span>
    </p>
   </div>
   <div class='ocr_carea' id='block_1_98' title="bbox 1856 3215 3598 3294">
    <p class='ocr_par' dir='ltr' id='par_1_98' title="bbox 1856 3215 3598 3294">
     <span class='ocr_line' id='line_1_98' title="bbox 1856 3215 3598 3294; baseline -0.001 -22"><span class='ocrx_word' id='word_1_647' title='bbox 1856 3227 1912 3294; x_wconf 75' lang='grc' dir='ltr'>ο</span> <span class='ocrx_word' id='word_1_648' title='bbox 1933 3218 2203 3287; x_wconf 90' lang='lat' dir='ltr'>libenter,</span> <span class='ocrx_word' id='word_1_649' title='bbox 2238 3218 2287 3271; x_wconf 91' lang='lat' dir='ltr'>si</span> <span class='ocrx_word' id='word_1_650' title='bbox 2313 3218 2425 3272; x_wconf 90' lang='lat' dir='ltr'>hoc</span> <span class='ocrx_word' id='word_1_651' title='bbox 2450 3219 2804 3288; x_wconf 88' lang='lat' dir='ltr'>congrueret</span> <span class='ocrx_word' id='word_1_652' title='bbox 2824 3217 3157 3271; x_wconf 88' lang='lat' dir='ltr'>sacerdotis</span> <span class='ocrx_word' id='word_1_653' title='bbox 3177 3215 3375 3270; x_wconf 84' lang='lat' dir='ltr'>ofﬁcio</span> <span class='ocrx_word' id='word_1_654' title='bbox 3398 3231 3412 3285; x_wconf 89' lang='lat'>;</span> <span class='ocrx_word' id='word_1_655' title='bbox 3444 3218 3509 3270; x_wconf 91' lang='lat' dir='ltr'>ut</span> <span class='ocrx_word' id='word_1_656' title='bbox 3536 3215 3598 3270; x_wconf 91' lang='lat' dir='ltr'>in</span> 
     </span>
    </p>
   </div>
   <div class='ocr_carea' id='block_1_99' title="bbox 1931 3304 3599 3378">
    <p class='ocr_par' dir='ltr' id='par_1_99' title="bbox 1931 3304 3599 3378">
     <span class='ocr_line' id='line_1_99' title="bbox 1931 3304 3599 3378; baseline -0.001 -17"><span class='ocrx_word' id='word_1_657' title='bbox 1931 3308 2146 3378; x_wconf 87' lang='lat' dir='ltr'>palatio</span> <span class='ocrx_word' id='word_1_658' title='bbox 2178 3307 2371 3378; x_wconf 88' lang='lat' dir='ltr'>magis</span> <span class='ocrx_word' id='word_1_659' title='bbox 2403 3309 2709 3375; x_wconf 89' lang='lat' dir='ltr'>certarem,</span> <span class='ocrx_word' id='word_1_660' title='bbox 2741 3322 2918 3376; x_wconf 91' lang='lat' dir='ltr'>quam</span> <span class='ocrx_word' id='word_1_661' title='bbox 2958 3306 3015 3358; x_wconf 89' lang='lat' dir='ltr'>in</span> <span class='ocrx_word' id='word_1_662' title='bbox 3068 3304 3358 3359; x_wconf 88' lang='lat' dir='ltr'>Ecclesia.</span> <span class='ocrx_word' id='word_1_663' title='bbox 3392 3304 3509 3359; x_wconf 90' lang='lat' dir='ltr'>Sed</span> <span class='ocrx_word' id='word_1_664' title='bbox 3536 3305 3599 3359; x_wconf 91' lang='lat' dir='ltr'>in</span> 
     </span>
    </p>
   </div>
   <div class='ocr_carea' id='block_1_100' title="bbox 1936 3393 3594 3464">
    <p class='ocr_par' dir='ltr' id='par_1_100' title="bbox 1936 3393 3594 3464">
     <span class='ocr_line' id='line_1_100' title="bbox 1936 3393 3594 3464; baseline -0.002 -14"><span class='ocrx_word' id='word_1_665' title='bbox 1936 3396 2294 3451; x_wconf 90' lang='lat' dir='ltr'>consistorio</span> <span class='ocrx_word' id='word_1_666' title='bbox 2317 3411 2435 3449; x_wconf 92' lang='lat' dir='ltr'>non</span> <span class='ocrx_word' id='word_1_667' title='bbox 2460 3410 2598 3449; x_wconf 90' lang='lat' dir='ltr'>reus</span> <span class='ocrx_word' id='word_1_668' title='bbox 2614 3395 2765 3449; x_wconf 91' lang='lat' dir='ltr'>solet</span> <span class='ocrx_word' id='word_1_669' title='bbox 2786 3394 3062 3449; x_wconf 88' lang='lat' dir='ltr'>Christus</span> <span class='ocrx_word' id='word_1_670' title='bbox 3080 3409 3239 3462; x_wconf 90' lang='lat' dir='ltr'>esse,</span> <span class='ocrx_word' id='word_1_671' title='bbox 3266 3394 3371 3448; x_wconf 92' lang='lat' dir='ltr'>sed</span> <span class='ocrx_word' id='word_1_672' title='bbox 3385 3393 3594 3464; x_wconf 87' lang='lat' dir='ltr'>judex.</span> 
     </span>
    </p>
   </div>
   <div class='ocr_carea' id='block_1_101' title="bbox 1932 3482 3594 3554">
    <p class='ocr_par' dir='ltr' id='par_1_101' title="bbox 1932 3482 3594 3554">
     <span class='ocr_line' id='line_1_101' title="bbox 1932 3482 3594 3554; baseline -0.002 -15"><span class='ocrx_word' id='word_1_673' title='bbox 1932 3484 2186 3539; x_wconf 86' lang='lat' dir='ltr'>Causam</span> <span class='ocrx_word' id='word_1_674' title='bbox 2215 3484 2352 3538; x_wconf 84' lang='lat' dir='ltr'>fidei</span> <span class='ocrx_word' id='word_1_675' title='bbox 2370 3486 2430 3537; x_wconf 92' lang='lat' dir='ltr'>in</span> <span class='ocrx_word' id='word_1_676' title='bbox 2453 3484 2722 3537; x_wconf 89' lang='lat' dir='ltr'>Ecclesia</span> <span class='ocrx_word' id='word_1_677' title='bbox 2741 3484 3029 3554; x_wconf 85' lang='lat' dir='ltr'>agendam</span> <span class='ocrx_word' id='word_1_678' title='bbox 3062 3483 3197 3553; x_wconf 90' lang='lat' dir='ltr'>quis</span> <span class='ocrx_word' id='word_1_679' title='bbox 3237 3483 3502 3536; x_wconf 82' lang='lat' dir='ltr'>abnuat?</span> <span class='ocrx_word' id='word_1_680' title='bbox 3531 3482 3594 3536; x_wconf 87' lang='lat' dir='ltr'>Si</span> 
     </span>
    </p>
   </div>
   <div class='ocr_carea' id='block_1_102' title="bbox 1934 3570 3601 3646">
    <p class='ocr_par' dir='ltr' id='par_1_102' title="bbox 1934 3570 3601 3646">
     <span class='ocr_line' id='line_1_102' title="bbox 1934 3570 3601 3646; baseline -0.003 -18"><span class='ocrx_word' id='word_1_681' title='bbox 1934 3575 2069 3646; x_wconf 90' lang='lat' dir='ltr'>quis</span> <span class='ocrx_word' id='word_1_682' title='bbox 2102 3574 2360 3638; x_wconf 85' lang='lat' dir='ltr'>conﬁdit,</span> <span class='ocrx_word' id='word_1_683' title='bbox 2395 3573 2510 3627; x_wconf 90' lang='lat' dir='ltr'>huc</span> <span class='ocrx_word' id='word_1_684' title='bbox 2538 3574 2736 3626; x_wconf 88' lang='lat' dir='ltr'>veniat</span> <span class='ocrx_word' id='word_1_685' title='bbox 2760 3588 2772 3627; x_wconf 93' lang='lat'>:</span> <span class='ocrx_word' id='word_1_686' title='bbox 2798 3572 3138 3625; x_wconf 89' lang='lat' dir='ltr'>inclinatum</span> <span class='ocrx_word' id='word_1_687' title='bbox 3156 3570 3278 3642; x_wconf 91' lang='lat' dir='ltr'>jam</span> <span class='ocrx_word' id='word_1_688' title='bbox 3300 3572 3395 3625; x_wconf 92' lang='lat' dir='ltr'>vel</span> <span class='ocrx_word' id='word_1_689' title='bbox 3424 3572 3601 3641; x_wconf 60' lang='lat' dir='ltr'>impe.</span> 
     </span>
    </p>
   </div>
   <div class='ocr_carea' id='block_1_103' title="bbox 1934 3660 3596 3735">
    <p class='ocr_par' dir='ltr' id='par_1_103' title="bbox 1934 3660 3596 3735">
     <span class='ocr_line' id='line_1_103' title="bbox 1934 3660 3596 3735; baseline -0.002 -17"><span class='ocrx_word' id='word_1_690' title='bbox 1934 3664 2148 3718; x_wconf 86' lang='lat' dir='ltr'>ratoris</span> <span class='ocrx_word' id='word_1_691' title='bbox 2172 3662 2483 3735; x_wconf 79' lang='lat' dir='ltr'>judicium,</span> <span class='ocrx_word' id='word_1_692' title='bbox 2508 3662 2666 3732; x_wconf 87' lang='lat' dir='ltr'>quod</span> <span class='ocrx_word' id='word_1_693' title='bbox 2688 3662 2801 3715; x_wconf 89' lang='lat' dir='ltr'>lata</span> <span class='ocrx_word' id='word_1_694' title='bbox 2828 3662 2960 3732; x_wconf 85' lang='lat' dir='ltr'>lege</span> <span class='ocrx_word' id='word_1_695' title='bbox 2983 3660 3259 3731; x_wconf 82' lang='lat' dir='ltr'>patefecit</span> <span class='ocrx_word' id='word_1_696' title='bbox 3278 3660 3409 3730; x_wconf 84' lang='lat'>(56),</span> <span class='ocrx_word' id='word_1_697' title='bbox 3438 3660 3596 3731; x_wconf 91' lang='lat' dir='ltr'>quod</span> 
     </span>
    </p>
   </div>
   <div class='ocr_carea' id='block_1_104' title="bbox 1937 3749 3600 3825">
    <p class='ocr_par' dir='ltr' id='par_1_104' title="bbox 1937 3749 3600 3825">
     <span class='ocr_line' id='line_1_104' title="bbox 1937 3749 3600 3825; baseline -0.002 -19"><span class='ocrx_word' id='word_1_698' title='bbox 1937 3754 2241 3825; x_wconf 86' lang='lat' dir='ltr'>impugnat</span> <span class='ocrx_word' id='word_1_699' title='bbox 2271 3751 2446 3806; x_wconf 80' lang='lat' dir='ltr'>ﬁdem</span> <span class='ocrx_word' id='word_1_700' title='bbox 2472 3767 2484 3805; x_wconf 88' lang='lat'>:</span> <span class='ocrx_word' id='word_1_701' title='bbox 2520 3751 2613 3805; x_wconf 92' lang='lat' dir='ltr'>vel</span> <span class='ocrx_word' id='word_1_702' title='bbox 2644 3753 2879 3820; x_wconf 89' lang='lat' dir='ltr'>sperata</span> <span class='ocrx_word' id='word_1_703' title='bbox 2909 3749 3290 3803; x_wconf 89' lang='lat' dir='ltr'>ambientium</span> <span class='ocrx_word' id='word_1_704' title='bbox 3320 3765 3600 3821; x_wconf 89' lang='lat' dir='ltr'>quorum-</span> 
     </span>
    </p>
   </div>
   <div class='ocr_carea' id='block_1_105' title="bbox 1938 3838 3599 3911">
    <p class='ocr_par' dir='ltr' id='par_1_105' title="bbox 1938 3838 3599 3911">
     <span class='ocr_line' id='line_1_105' title="bbox 1938 3838 3599 3911; baseline -0.002 -15"><span class='ocrx_word' id='word_1_705' title='bbox 1938 3843 2072 3896; x_wconf 90' lang='lat' dir='ltr'>dam</span> <span class='ocrx_word' id='word_1_706' title='bbox 2102 3840 2297 3896; x_wconf 89' lang='lat' dir='ltr'>studia</span> <span class='ocrx_word' id='word_1_707' title='bbox 2324 3855 2442 3895; x_wconf 92' lang='lat' dir='ltr'>non</span> <span class='ocrx_word' id='word_1_708' title='bbox 2471 3840 2751 3911; x_wconf 90' lang='lat' dir='ltr'>requirat.</span> <span class='ocrx_word' id='word_1_709' title='bbox 2786 3840 2920 3894; x_wconf 89' lang='lat' dir='ltr'>Non</span> <span class='ocrx_word' id='word_1_710' title='bbox 2951 3840 3310 3894; x_wconf 88' lang='lat' dir='ltr'>commmitto</span> <span class='ocrx_word' id='word_1_711' title='bbox 3338 3841 3403 3893; x_wconf 92' lang='lat' dir='ltr'>ut</span> <span class='ocrx_word' id='word_1_712' title='bbox 3429 3838 3599 3910; x_wconf 86' lang='lat' dir='ltr'>quis-</span> 
     </span>
    </p>
   </div>
   <div class='ocr_carea' id='block_1_106' title="bbox 1937 3929 2937 4002">
    <p class='ocr_par' dir='ltr' id='par_1_106' title="bbox 1937 3929 2937 4002">
     <span class='ocr_line' id='line_1_106' title="bbox 1937 3929 2937 4002; baseline -0.002 -17"><span class='ocrx_word' id='word_1_713' title='bbox 1937 3946 2112 4002; x_wconf 87' lang='lat' dir='ltr'>quam</span> <span class='ocrx_word' id='word_1_714' title='bbox 2141 3930 2357 3983; x_wconf 89' lang='lat' dir='ltr'>vendat</span> <span class='ocrx_word' id='word_1_715' title='bbox 2386 3929 2666 4000; x_wconf 87' lang='lat' dir='ltr'>injuriam</span> <span class='ocrx_word' id='word_1_716' title='bbox 2696 3929 2937 3983; x_wconf 83' lang='lat' dir='ltr'>Christi.</span> 
     </span>
    </p>
   </div>
   <div class='ocr_carea' id='block_1_107' title="bbox 2009 4035 3604 4106">
    <p class='ocr_par' dir='ltr' id='par_1_107' title="bbox 2009 4035 3604 4106">
     <span class='ocr_line' id='line_1_107' title="bbox 2009 4035 3604 4106; baseline -0.003 -13"><span class='ocrx_word' id='word_1_717' title='bbox 2009 4039 2061 4093; x_wconf 80' lang='grc'>4.</span> <span class='ocrx_word' id='word_1_718' title='bbox 2106 4037 2465 4092; x_wconf 87' lang='lat' dir='ltr'>Circumfusi</span> <span class='ocrx_word' id='word_1_719' title='bbox 2510 4037 2746 4105; x_wconf 91' lang='lat' dir='ltr'>milites,</span> <span class='ocrx_word' id='word_1_720' title='bbox 2793 4052 3091 4091; x_wconf 88' lang='lat' dir='ltr'>armorum</span> <span class='ocrx_word' id='word_1_721' title='bbox 3151 4035 3411 4106; x_wconf 83' lang='lat' dir='ltr'>crepitus</span> <span class='ocrx_word' id='word_1_722' title='bbox 3461 4036 3604 4106; x_wconf 79' lang='lat'>(57),</span> 
     </span>
    </p>
   </div>
   <div class='ocr_carea' id='block_1_108' title="bbox 1937 4125 3600 4200">
    <p class='ocr_par' dir='ltr' id='par_1_108' title="bbox 1937 4125 3600 4200">
     <span class='ocr_line' id='line_1_108' title="bbox 1937 4125 3600 4200; baseline -0.002 -18"><span class='ocrx_word' id='word_1_723' title='bbox 1937 4128 2155 4200; x_wconf 92' lang='lat' dir='ltr'>quibus</span> <span class='ocrx_word' id='word_1_724' title='bbox 2177 4127 2388 4181; x_wconf 88' lang='lat' dir='ltr'>vallata</span> <span class='ocrx_word' id='word_1_725' title='bbox 2406 4128 2498 4180; x_wconf 91' lang='lat' dir='ltr'>est</span> <span class='ocrx_word' id='word_1_726' title='bbox 2520 4125 2794 4195; x_wconf 87' lang='lat' dir='ltr'>ecclesia,</span> <span class='ocrx_word' id='word_1_727' title='bbox 2821 4125 2995 4179; x_wconf 85' lang='lat' dir='ltr'>fidem</span> <span class='ocrx_word' id='word_1_728' title='bbox 3012 4140 3131 4179; x_wconf 91' lang='lat' dir='ltr'>non</span> <span class='ocrx_word' id='word_1_729' title='bbox 3148 4126 3369 4179; x_wconf 91' lang='lat' dir='ltr'>terrent</span> <span class='ocrx_word' id='word_1_730' title='bbox 3390 4140 3600 4195; x_wconf 88' lang='lat' dir='ltr'>meam,</span> 
     </span>
    </p>
   </div>
   <div class='ocr_carea' id='block_1_109' title="bbox 1938 4214 3599 4287">
    <p class='ocr_par' dir='ltr' id='par_1_109' title="bbox 1938 4214 3599 4287">
     <span class='ocr_line' id='line_1_109' title="bbox 1938 4214 3599 4287; baseline -0.004 -14"><span class='ocrx_word' id='word_1_731' title='bbox 1938 4217 2048 4273; x_wconf 90' lang='lat' dir='ltr'>sed</span> <span class='ocrx_word' id='word_1_732' title='bbox 2076 4219 2333 4271; x_wconf 88' lang='lat' dir='ltr'>mentem</span> <span class='ocrx_word' id='word_1_733' title='bbox 2360 4216 2679 4287; x_wconf 80' lang='lat' dir='ltr'>exagitant,</span> <span class='ocrx_word' id='word_1_734' title='bbox 2713 4231 2805 4283; x_wconf 87' lang='lat' dir='ltr'>ne,</span> <span class='ocrx_word' id='word_1_735' title='bbox 2840 4215 2978 4268; x_wconf 91' lang='lat' dir='ltr'>dum</span> <span class='ocrx_word' id='word_1_736' title='bbox 3011 4230 3102 4269; x_wconf 91' lang='lat' dir='ltr'>me</span> <span class='ocrx_word' id='word_1_737' title='bbox 3133 4214 3367 4283; x_wconf 89' lang='lat' dir='ltr'>tenetis,</span> <span class='ocrx_word' id='word_1_738' title='bbox 3402 4214 3599 4283; x_wconf 79' lang='lat' dir='ltr'>perni-</span> 
     </span>
    </p>
   </div>
   <div class='ocr_carea' id='block_1_110' title="bbox 1941 4303 3598 4377">
    <p class='ocr_par' dir='ltr' id='par_1_110' title="bbox 1941 4303 3598 4377">
     <span class='ocr_line' id='line_1_110' title="bbox 1941 4303 3598 4377; baseline -0.003 -16"><span class='ocrx_word' id='word_1_739' title='bbox 1941 4308 2171 4362; x_wconf 90' lang='lat' dir='ltr'>ciosum</span> <span class='ocrx_word' id='word_1_740' title='bbox 2218 4305 2439 4377; x_wconf 89' lang='lat' dir='ltr'>aliquid</span> <span class='ocrx_word' id='word_1_741' title='bbox 2469 4308 2687 4359; x_wconf 86' lang='lat' dir='ltr'>vestrae</span> <span class='ocrx_word' id='word_1_742' title='bbox 2717 4304 3021 4358; x_wconf 88' lang='lat' dir='ltr'>oboriatur</span> <span class='ocrx_word' id='word_1_743' title='bbox 3049 4303 3245 4358; x_wconf 89' lang='lat' dir='ltr'>saluti.</span> <span class='ocrx_word' id='word_1_744' title='bbox 3281 4303 3409 4374; x_wconf 88' lang='lat' dir='ltr'>Ego</span> <span class='ocrx_word' id='word_1_745' title='bbox 3439 4303 3598 4357; x_wconf 90' lang='lat' dir='ltr'>enim</span> 
     </span>
    </p>
   </div>
   <div class='ocr_carea' id='block_1_111' title="bbox 1932 4391 3598 4467">
    <p class='ocr_par' dir='ltr' id='par_1_111' title="bbox 1932 4391 3598 4467">
     <span class='ocr_line' id='line_1_111' title="bbox 1932 4391 3598 4467; baseline -0.002 -18"><span class='ocrx_word' id='word_1_746' title='bbox 1932 4395 2060 4467; x_wconf 81' lang='lat' dir='ltr'>jam</span> <span class='ocrx_word' id='word_1_747' title='bbox 2091 4394 2268 4449; x_wconf 90' lang='lat' dir='ltr'>didici</span> <span class='ocrx_word' id='word_1_748' title='bbox 2300 4410 2418 4449; x_wconf 91' lang='lat' dir='ltr'>non</span> <span class='ocrx_word' id='word_1_749' title='bbox 2442 4394 2670 4464; x_wconf 88' lang='lat' dir='ltr'>timere,</span> <span class='ocrx_word' id='word_1_750' title='bbox 2704 4394 2811 4448; x_wconf 89' lang='lat' dir='ltr'>sed</span> <span class='ocrx_word' id='word_1_751' title='bbox 2841 4394 3015 4447; x_wconf 90' lang='lat' dir='ltr'>vobis</span> <span class='ocrx_word' id='word_1_752' title='bbox 3039 4392 3244 4446; x_wconf 90' lang='lat' dir='ltr'>timere</span> <span class='ocrx_word' id='word_1_753' title='bbox 3266 4391 3400 4460; x_wconf 92' lang='lat' dir='ltr'>plus</span> <span class='ocrx_word' id='word_1_754' title='bbox 3425 4391 3598 4460; x_wconf 90' lang='lat' dir='ltr'>coepi.</span> 
     </span>
    </p>
   </div>
   <div class='ocr_carea' id='block_1_112' title="bbox 1939 4478 3602 4556">
    <p class='ocr_par' dir='ltr' id='par_1_112' title="bbox 1939 4478 3602 4556">
     <span class='ocr_line' id='line_1_112' title="bbox 1939 4478 3602 4556; baseline -0.004 -18"><span class='ocrx_word' id='word_1_755' title='bbox 1939 4484 2143 4555; x_wconf 91' lang='lat' dir='ltr'>Sinite,</span> <span class='ocrx_word' id='word_1_756' title='bbox 2177 4499 2405 4556; x_wconf 69' lang='lat' dir='ltr'>quaeso,</span> <span class='ocrx_word' id='word_1_757' title='bbox 2436 4486 2701 4538; x_wconf 89' lang='lat' dir='ltr'>vestrum</span> <span class='ocrx_word' id='word_1_758' title='bbox 2733 4482 3102 4536; x_wconf 91' lang='lat' dir='ltr'>sacerdotem</span> <span class='ocrx_word' id='word_1_759' title='bbox 3134 4480 3419 4551; x_wconf 91' lang='lat' dir='ltr'>congredi</span> <span class='ocrx_word' id='word_1_760' title='bbox 3445 4494 3456 4533; x_wconf 94' lang='lat'>:</span> <span class='ocrx_word' id='word_1_761' title='bbox 3493 4478 3602 4532; x_wconf 90' lang='lat' dir='ltr'>ha-</span> 
     </span>
    </p>
   </div>
   <div class='ocr_carea' id='block_1_113' title="bbox 1854 4567 3602 4654">
    <p class='ocr_par' dir='ltr' id='par_1_113' title="bbox 1854 4567 3602 4654">
     <span class='ocr_line' id='line_1_113' title="bbox 1854 4567 3602 4654; baseline -0.005 -25"><span class='ocrx_word' id='word_1_762' title='bbox 1854 4584 1915 4654; x_wconf 70' lang='lat' dir='ltr'><strong>n</strong></span> <span class='ocrx_word' id='word_1_763' title='bbox 1940 4574 2151 4629; x_wconf 90' lang='lat' dir='ltr'>bemus</span> <span class='ocrx_word' id='word_1_764' title='bbox 2180 4572 2586 4629; x_wconf 88' lang='lat' dir='ltr'>adversarium</span> <span class='ocrx_word' id='word_1_765' title='bbox 2615 4573 2716 4643; x_wconf 90' lang='lat' dir='ltr'>qui</span> <span class='ocrx_word' id='word_1_766' title='bbox 2736 4570 3008 4639; x_wconf 83' lang='lat' dir='ltr'>lacessit;</span> <span class='ocrx_word' id='word_1_767' title='bbox 3040 4569 3421 4623; x_wconf 89' lang='lat' dir='ltr'>adversarius</span> <span class='ocrx_word' id='word_1_768' title='bbox 3445 4567 3602 4622; x_wconf 90' lang='lat' dir='ltr'>enim</span> 
     </span>
    </p>
   </div>
   <div class='ocr_carea' id='block_1_114' title="bbox 1941 4657 3603 4731">
    <p class='ocr_par' dir='ltr' id='par_1_114' title="bbox 1941 4657 3603 4731">
     <span class='ocr_line' id='line_1_114' title="bbox 1941 4657 3603 4731; baseline -0.004 -14"><span class='ocrx_word' id='word_1_769' title='bbox 1941 4668 2147 4718; x_wconf 88' lang='lat' dir='ltr'>noster</span> <span class='ocrx_word' id='word_1_770' title='bbox 2181 4685 2202 4713; x_wconf 73' lang='grc' dir='ltr'><strong>α</strong></span> <span class='ocrx_word' id='word_1_771' title='bbox 2240 4663 2533 4731; x_wconf 86' lang='lat' dir='ltr'>diabolus,</span> <span class='ocrx_word' id='word_1_772' title='bbox 2568 4662 2722 4715; x_wconf 92' lang='lat' dir='ltr'>sicut</span> <span class='ocrx_word' id='word_1_773' title='bbox 2751 4660 2842 4714; x_wconf 93' lang='lat' dir='ltr'>leo</span> <span class='ocrx_word' id='word_1_774' title='bbox 2874 4660 3121 4731; x_wconf 83' lang='lat' dir='ltr'>rugiens</span> <span class='ocrx_word' id='word_1_775' title='bbox 3173 4657 3402 4726; x_wconf 88' lang='lat' dir='ltr'>circuit,</span> <span class='ocrx_word' id='word_1_776' title='bbox 3436 4673 3603 4728; x_wconf 77' lang='lat' dir='ltr'>quae-</span> 
     </span>
    </p>
   </div>
   <div class='ocr_carea' id='block_1_115' title="bbox 1941 4746 3602 4824">
    <p class='ocr_par' dir='ltr' id='par_1_115' title="bbox 1941 4746 3602 4824">
     <span class='ocr_line' id='line_1_115' title="bbox 1941 4746 3602 4824; baseline -0.005 -16"><span class='ocrx_word' id='word_1_777' title='bbox 1941 4770 2082 4808; x_wconf 69' lang='lat' dir='ltr'>rens</span> <span class='ocrx_word' id='word_1_778' title='bbox 2115 4769 2290 4824; x_wconf 90' lang='lat' dir='ltr'>quem</span> <span class='ocrx_word' id='word_1_779' title='bbox 2324 4752 2585 4819; x_wconf 87' lang='lat' dir='ltr'>devoret,</span> <span class='ocrx_word' id='word_1_780' title='bbox 2627 4773 2647 4798; x_wconf 79' lang='grc' dir='ltr'><strong><em>ιι</em></strong></span> <span class='ocrx_word' id='word_1_781' title='bbox 2682 4752 2745 4804; x_wconf 94' lang='lat' dir='ltr'>ut</span> <span class='ocrx_word' id='word_1_782' title='bbox 2786 4748 3093 4819; x_wconf 89' lang='lat' dir='ltr'>apostolus</span> <span class='ocrx_word' id='word_1_783' title='bbox 3145 4747 3292 4801; x_wconf 86' lang='lat' dir='ltr'>dixit</span> <span class='ocrx_word' id='word_1_784' title='bbox 3334 4746 3395 4816; x_wconf 90' lang='grc' dir='ltr'>(Ι</span> <span class='ocrx_word' id='word_1_785' title='bbox 3428 4746 3602 4801; x_wconf 89' lang='lat' dir='ltr'>Petr.</span> 
     </span>
    </p>
   </div>
   <div class='ocr_carea' id='block_1_116' title="bbox 1944 4890 3603 4962">
    <p class='ocr_par' dir='ltr' id='par_1_116' title="bbox 1944 4890 3603 4962">
     <span class='ocr_line' id='line_1_116' title="bbox 1944 4890 3603 4962; baseline -0.006 -9"><span class='ocrx_word' id='word_1_786' title='bbox 1944 4898 2250 4953; x_wconf 89' lang='lat' dir='ltr'>sistorium</span> <span class='ocrx_word' id='word_1_787' title='bbox 2272 4893 2526 4949; x_wconf 90' lang='lat' dir='ltr'>tribunal</span> <span class='ocrx_word' id='word_1_788' title='bbox 2549 4893 2941 4962; x_wconf 88' lang='lat' dir='ltr'>imperatoris,</span> <span class='ocrx_word' id='word_1_789' title='bbox 2965 4891 3065 4946; x_wconf 92' lang='lat' dir='ltr'>ubi</span> <span class='ocrx_word' id='word_1_790' title='bbox 3083 4890 3188 4962; x_wconf 92' lang='lat' dir='ltr'>jus</span> <span class='ocrx_word' id='word_1_791' title='bbox 3220 4890 3379 4945; x_wconf 92' lang='lat' dir='ltr'>dicit.</span> <span class='ocrx_word' id='word_1_792' title='bbox 3408 4911 3430 4937; x_wconf 78' lang='grc' dir='ltr'>ιι</span> <span class='ocrx_word' id='word_1_793' title='bbox 3458 4890 3603 4944; x_wconf 83' lang='lat' dir='ltr'>Haec</span> 
     </span>
    </p>
   </div>
   <div class='ocr_carea' id='block_1_117' title="bbox 1945 4962 3604 5039">
    <p class='ocr_par' dir='ltr' id='par_1_117' title="bbox 1945 4962 3604 5039">
     <span class='ocr_line' id='line_1_117' title="bbox 1945 4962 3604 5039; baseline -0.005 -16"><span class='ocrx_word' id='word_1_794' title='bbox 1945 4971 2040 5023; x_wconf 92' lang='lat' dir='ltr'>ille</span> <span class='ocrx_word' id='word_1_795' title='bbox 2063 4986 2077 5039; x_wconf 92' lang='lat'>;</span> <span class='ocrx_word' id='word_1_796' title='bbox 2110 4983 2318 5022; x_wconf 86' lang='lat' dir='ltr'>verum</span> <span class='ocrx_word' id='word_1_797' title='bbox 2339 4967 2399 5039; x_wconf 82' lang='lat' dir='ltr'>in</span> <span class='ocrx_word' id='word_1_798' title='bbox 2421 4982 2490 5039; x_wconf 92' lang='lat' dir='ltr'>e_o</span> <span class='ocrx_word' id='word_1_799' title='bbox 2514 4964 2701 5039; x_wconf 81' lang='lat' dir='ltr'>falsus</span> <span class='ocrx_word' id='word_1_800' title='bbox 2727 4968 2819 5018; x_wconf 90' lang='lat' dir='ltr'>est</span> <span class='ocrx_word' id='word_1_801' title='bbox 2837 4962 3365 5039; x_wconf 66' lang='lat' dir='ltr'>vir_do_ctus,quod</span> <span class='ocrx_word' id='word_1_802' title='bbox 3388 4965 3604 5039; x_wconf 75' lang='lat' dir='ltr'>utram-</span> 
     </span>
    </p>
   </div>
   <div class='ocr_carea' id='block_1_118' title="bbox 1944 5034 3605 5112">
    <p class='ocr_par' dir='ltr' id='par_1_118' title="bbox 1944 5034 3605 5112">
     <span class='ocr_line' id='line_1_118' title="bbox 1944 5034 3605 5112; baseline -0.005 -18"><span class='ocrx_word' id='word_1_803' title='bbox 1944 5034 2075 5112; x_wconf 49' lang='lat' dir='ltr'>que&#39;</span> <span class='ocrx_word' id='word_1_804' title='bbox 2104 5037 2405 5112; x_wconf 73' lang='lat' dir='ltr'>Ambrosii</span> <span class='ocrx_word' id='word_1_805' title='bbox 2449 5036 2801 5112; x_wconf 83' lang='lat' dir='ltr'>legationem</span> <span class='ocrx_word' id='word_1_806' title='bbox 2850 5034 3207 5112; x_wconf 78' lang='lat' dir='ltr'>existimavit</span> <span class='ocrx_word' id='word_1_807' title='bbox 3250 5034 3605 5112; x_wconf 70' lang='lat' dir='ltr'>anteriorem</span> 
     </span>
    </p>
   </div>
   <div class='ocr_carea' id='block_1_119' title="bbox 1944 5104 3601 5180">
    <p class='ocr_par' dir='ltr' id='par_1_119' title="bbox 1944 5104 3601 5180">
     <span class='ocr_line' id='line_1_119' title="bbox 1944 5104 3601 5180; baseline -0.005 -13"><span class='ocrx_word' id='word_1_808' title='bbox 1944 5104 2082 5167; x_wconf 80' lang='lat' dir='ltr'>huic</span> <span class='ocrx_word' id='word_1_809' title='bbox 2112 5109 2400 5180; x_wconf 81' lang='lat' dir='ltr'>epistolae,</span> <span class='ocrx_word' id='word_1_810' title='bbox 2436 5104 2564 5180; x_wconf 73' lang='lat' dir='ltr'>cuin</span> <span class='ocrx_word' id='word_1_811' title='bbox 2598 5111 2790 5180; x_wconf 88' lang='lat' dir='ltr'>tamen</span> <span class='ocrx_word' id='word_1_812' title='bbox 2831 5107 2917 5180; x_wconf 88' lang='lat' dir='ltr'>_de</span> <span class='ocrx_word' id='word_1_813' title='bbox 2977 5108 3169 5180; x_wconf 88' lang='lat' dir='ltr'>prima</span> <span class='ocrx_word' id='word_1_814' title='bbox 3214 5105 3342 5159; x_wconf 88' lang='lat' dir='ltr'>sola</span> <span class='ocrx_word' id='word_1_815' title='bbox 3384 5104 3444 5180; x_wconf 79' lang='lat' dir='ltr'>id</span> <span class='ocrx_word' id='word_1_816' title='bbox 3487 5104 3601 5158; x_wconf 89' lang='lat' dir='ltr'>dici</span> 
     </span>
    </p>
   </div>
   <div class='ocr_carea' id='block_1_120' title="bbox 1942 5177 3421 5255">
    <p class='ocr_par' dir='ltr' id='par_1_120' title="bbox 1942 5177 3421 5255">
     <span class='ocr_line' id='line_1_120' title="bbox 1942 5177 3421 5255; baseline -0.006 -17"><span class='ocrx_word' id='word_1_817' title='bbox 1942 5177 2171 5255; x_wconf 42' lang='lat' dir='ltr'>possit;</span> <span class='ocrx_word' id='word_1_818' title='bbox 2190 5185 2250 5255; x_wconf 81' lang='lat' dir='ltr'>ut</span> <span class='ocrx_word' id='word_1_819' title='bbox 2280 5181 2337 5233; x_wconf 90' lang='lat' dir='ltr'>in</span> <span class='ocrx_word' id='word_1_820' title='bbox 2370 5179 2794 5255; x_wconf 70' lang='lat' dir='ltr'>Admonitione</span> <span class='ocrx_word' id='word_1_821' title='bbox 2815 5178 3279 5255; x_wconf 74' lang='lat' dir='ltr'>demonstratum</span> <span class='ocrx_word' id='word_1_822' title='bbox 3310 5177 3421 5255; x_wconf 78' lang='lat' dir='ltr'>est.</span> 
     </span>
    </p>
   </div>
   <div class='ocr_carea' id='block_1_121' title="bbox 2014 5246 3606 5319">
    <p class='ocr_par' dir='ltr' id='par_1_121' title="bbox 2014 5246 3606 5319">
     <span class='ocr_line' id='line_1_121' title="bbox 2014 5246 3606 5319; baseline -0.004 -12"><span class='ocrx_word' id='word_1_823' title='bbox 2014 5246 2305 5319; x_wconf 43' lang='lat' dir='ltr'>(55)&#39;Mss.</span> <span class='ocrx_word' id='word_1_824' title='bbox 2339 5249 2625 5318; x_wconf 90' lang='lat' dir='ltr'>nonnulli,</span> <span class='ocrx_word' id='word_1_825' title='bbox 2663 5272 2685 5296; x_wconf 71' lang='grc' dir='ltr'>ιι</span> <span class='ocrx_word' id='word_1_826' title='bbox 2722 5250 2903 5303; x_wconf 90' lang='lat' dir='ltr'>miror</span> <span class='ocrx_word' id='word_1_827' title='bbox 2951 5248 3107 5319; x_wconf 88' lang='lat' dir='ltr'>quod</span> <span class='ocrx_word' id='word_1_828' title='bbox 3155 5248 3292 5301; x_wconf 89' lang='lat' dir='ltr'>hinc</span> <span class='ocrx_word' id='word_1_829' title='bbox 3350 5246 3477 5319; x_wconf 78' lang='lat' dir='ltr'>fit...</span> <span class='ocrx_word' id='word_1_830' title='bbox 3513 5261 3606 5319; x_wconf 87' lang='lat' dir='ltr'>me</span> 
     </span>
    </p>
   </div>
   <div class='ocr_carea' id='block_1_122' title="bbox 1942 5317 3597 5391">
    <p class='ocr_par' dir='ltr' id='par_1_122' title="bbox 1942 5317 3597 5391">
     <span class='ocr_line' id='line_1_122' title="bbox 1942 5317 3597 5391; baseline -0.01 -11"><span class='ocrx_word' id='word_1_831' title='bbox 1942 5317 2180 5379; x_wconf 85' lang='lat' dir='ltr'>vidistis</span> <span class='ocrx_word' id='word_1_832' title='bbox 2214 5322 2333 5387; x_wconf 90' lang='lat' dir='ltr'>alii,</span> <span class='ocrx_word' id='word_1_833' title='bbox 2365 5317 2617 5374; x_wconf 83' lang='lat' dir='ltr'>audistis</span> <span class='ocrx_word' id='word_1_834' title='bbox 2664 5321 2795 5390; x_wconf 87' lang='lat' dir='ltr'>alii;</span> <span class='ocrx_word' id='word_1_835' title='bbox 2832 5344 2851 5367; x_wconf 77' lang='grc' dir='ltr'>ι)</span> <span class='ocrx_word' id='word_1_836' title='bbox 2914 5317 3047 5391; x_wconf 59' lang='lat' dir='ltr'>quin</span> <span class='ocrx_word' id='word_1_837' title='bbox 3098 5320 3298 5373; x_wconf 78' lang='lat' dir='ltr'>ultima</span> <span class='ocrx_word' id='word_1_838' title='bbox 3329 5317 3597 5391; x_wconf 61' lang='lat' dir='ltr'>verbain</span> 
     </span>
    </p>
   </div>
   <div class='ocr_carea' id='block_1_123' title="bbox 1913 5388 3587 5465">
    <p class='ocr_par' dir='ltr' id='par_1_123' title="bbox 1913 5388 3587 5465">
     <span class='ocr_line' id='line_1_123' title="bbox 1913 5388 3587 5465; baseline -0.008 -13"><span class='ocrx_word' id='word_1_839' title='bbox 1913 5391 1920 5397; x_wconf 69' lang='grc'><em>’</em></span> <span class='ocrx_word' id='word_1_840' title='bbox 1942 5413 2090 5451; x_wconf 87' lang='lat' dir='ltr'>mss.</span> <span class='ocrx_word' id='word_1_841' title='bbox 2112 5393 2401 5465; x_wconf 88' lang='lat' dir='ltr'>plusculis</span> <span class='ocrx_word' id='word_1_842' title='bbox 2420 5393 2508 5445; x_wconf 87' lang='lat' dir='ltr'>sic</span> <span class='ocrx_word' id='word_1_843' title='bbox 2528 5388 2850 5465; x_wconf 77' lang='lat' dir='ltr'>ell&#39;cruntur</span> <span class='ocrx_word' id='word_1_844' title='bbox 2872 5409 2886 5461; x_wconf 91' lang='lat'>;</span> <span class='ocrx_word' id='word_1_845' title='bbox 2912 5388 3108 5447; x_wconf 62' lang='lat' dir='ltr'>caeteri</span> <span class='ocrx_word' id='word_1_846' title='bbox 3132 5394 3322 5443; x_wconf 87' lang='lat' dir='ltr'>autem</span> <span class='ocrx_word' id='word_1_847' title='bbox 3341 5388 3587 5441; x_wconf 90' lang='lat' dir='ltr'>accedit.</span> 
     </span>
    </p>
   </div>
   <div class='ocr_carea' id='block_1_124' title="bbox 1944 5464 3488 5541">
    <p class='ocr_par' dir='ltr' id='par_1_124' title="bbox 1944 5464 3488 5541">
     <span class='ocr_line' id='line_1_124' title="bbox 1944 5464 3488 5541; baseline -0.006 -18"><span class='ocrx_word' id='word_1_848' title='bbox 1944 5464 2136 5539; x_wconf 86' lang='lat' dir='ltr'>magis</span> <span class='ocrx_word' id='word_1_849' title='bbox 2170 5466 2550 5541; x_wconf 56' lang='lat' dir='ltr'>concinnem</span> <span class='ocrx_word' id='word_1_850' title='bbox 2580 5464 2638 5516; x_wconf 85' lang='lat' dir='ltr'>in</span> <span class='ocrx_word' id='word_1_851' title='bbox 2674 5467 2859 5541; x_wconf 67' lang='lat' dir='ltr'>textu.</span> <span class='ocrx_word' id='word_1_852' title='bbox 2931 5534 2968 5541; x_wconf 45' lang='grc' dir='ltr'><strong>η</strong></span> <span class='ocrx_word' id='word_1_853' title='bbox 3017 5536 3025 5541; x_wconf 26' lang='grc' dir='ltr'><strong><em>Δ</em></strong></span> <span class='ocrx_word' id='word_1_854' title='bbox 3189 5532 3199 5541; x_wconf 88' lang='lat'><em>_</em></span> <span class='ocrx_word' id='word_1_855' title='bbox 3478 5528 3488 5538; x_wconf 41' lang='lat'><strong><em>.</em></strong></span> 
     </span>
    </p>
   </div>
   <div class='ocr_carea' id='block_1_125' title="bbox 2014 5534 3597 5608">
    <p class='ocr_par' dir='ltr' id='par_1_125' title="bbox 2014 5534 3597 5608">
     <span class='ocr_line' id='line_1_125' title="bbox 2014 5534 3597 5608; baseline -0.009 -14"><span class='ocrx_word' id='word_1_856' title='bbox 2014 5534 2127 5608; x_wconf 75' lang='lat'>(56)</span> <span class='ocrx_word' id='word_1_857' title='bbox 2180 5538 2260 5592; x_wconf 93' lang='lat' dir='ltr'>De</span> <span class='ocrx_word' id='word_1_858' title='bbox 2307 5537 2416 5590; x_wconf 89' lang='lat' dir='ltr'>hac</span> <span class='ocrx_word' id='word_1_859' title='bbox 2454 5534 2594 5607; x_wconf 88' lang='lat' dir='ltr'>lege</span> <span class='ocrx_word' id='word_1_860' title='bbox 2638 5535 2870 5589; x_wconf 90' lang='lat' dir='ltr'>abunde</span> <span class='ocrx_word' id='word_1_861' title='bbox 2915 5534 3133 5588; x_wconf 90' lang='lat' dir='ltr'>dictum</span> <span class='ocrx_word' id='word_1_862' title='bbox 3185 5534 3244 5585; x_wconf 92' lang='lat' dir='ltr'>in</span> <span class='ocrx_word' id='word_1_863' title='bbox 3291 5534 3597 5600; x_wconf 86' lang='lat' dir='ltr'>superiore</span> 
     </span>
    </p>
   </div>
   <div class='ocr_carea' id='block_1_126' title="bbox 1946 5611 3124 5683">
    <p class='ocr_par' dir='ltr' id='par_1_126' title="bbox 1946 5611 3124 5683">
     <span class='ocr_line' id='line_1_126' title="bbox 1946 5611 3124 5683; baseline 0.001 -18"><span class='ocrx_word' id='word_1_864' title='bbox 1946 5611 2215 5682; x_wconf 89' lang='lat' dir='ltr'>cpistola.</span> <span class='ocrx_word' id='word_1_865' title='bbox 2986 5677 2995 5683; x_wconf 27' lang='grc' dir='ltr'><strong>Δ</strong></span> <span class='ocrx_word' id='word_1_866' title='bbox 3114 5673 3124 5683; x_wconf 51' lang='grc'><em>,</em></span> 
     </span>
    </p>
   </div>
   <div class='ocr_carea' id='block_1_127' title="bbox 2017 5675 3309 5751">
    <p class='ocr_par' dir='ltr' id='par_1_127' title="bbox 2017 5675 3309 5751">
     <span class='ocr_line' id='line_1_127' title="bbox 2017 5675 3309 5751; baseline -0.01 -14"><span class='ocrx_word' id='word_1_867' title='bbox 2017 5683 2129 5751; x_wconf 83' lang='lat'>(5&#39;7)</span> <span class='ocrx_word' id='word_1_868' title='bbox 2160 5683 2329 5737; x_wconf 82' lang='lat' dir='ltr'>Rom.</span> <span class='ocrx_word' id='word_1_869' title='bbox 2362 5680 2522 5750; x_wconf 90' lang='lat' dir='ltr'>edit.,</span> <span class='ocrx_word' id='word_1_870' title='bbox 2562 5700 2583 5725; x_wconf 87' lang='grc'><em>‹‹</em></span> <span class='ocrx_word' id='word_1_871' title='bbox 2619 5692 2914 5732; x_wconf 88' lang='lat' dir='ltr'>armorum</span> <span class='ocrx_word' id='word_1_872' title='bbox 2946 5675 3247 5744; x_wconf 90' lang='lat' dir='ltr'>strepitus.</span> <span class='ocrx_word' id='word_1_873' title='bbox 3289 5693 3309 5716; x_wconf 76' lang='grc' dir='ltr'>»ι</span> 
     </span>
    </p>
   </div>
  </div>
