4072 6174
548 300 703 373 1043

1997 306 2063 375 S.
2108 297 2551 376 AMBROSII.

3786 316 3901 382 1044

552 510 785 569 salvum
824 510 1021 568 fecisti
1066 511 1346 584 populum
1394 513 1558 568 tuum
1602 512 1797 583 (Deut.
1848 529 2037 582 xxxn,
2082 495 2295 583 36);}!
2325 511 2609 568 fratribus
2663 511 2929 584 psalmos
2989 511 3051 567 in
3115 511 3387 569 ecclesia
3446 512 3682 569 basilica
3728 515 3901 575 minore

553 600 903 657 conscidisti
933 618 1175 657 saccum
1198 617 1412 673 meum,
1438 605 1494 657 et
1513 602 1882 674 praecinxisti
1900 617 1993 656 me
2013 602 2215 658 laetitia

548 686 738 760 (Psal.
772 707 937 759 xxxx,
973 692 1081 755 12).
1122 714 1144 740 ι»

618 797 707 852 22.
742 797 886 853 Haec
914 814 1029 871 ego
1057 799 1346 867 dicebam,
1380 799 1625 854 miratus
1667 798 2050 869 imperatoris
2083 796 2213 852 ani-

547 901 709 941 mum
740 888 936 942 studio
969 888 1233 957 militum,
1270 889 1682 943 obsecratione
1735 888 2035 956 comitum,
2068 903 2213 957 pre-

551 976 685 1030 catu
697 976 895 1047 populi
914 991 1095 1047 posse
1123 978 1458 1032 mitescere.
1491 977 1715 1031 Interea
1745 977 2045 1031 nuntiatur
2072 974 2217 1029 mihi

548 1063 801 1119 missum
830 1065 1123 1120 notarium
1154 1066 1287 1135 (80),
1320 1067 1421 1138 qui
1452 1066 1720 1120 mandata
1750 1064 2026 1120 deferret.
2059 1063 2207 1118 Con-

549 1152 711 1207 cessi
740 1153 1058 1223 paululum,
1093 1155 1428 1209 mandatum
1446 1155 1687 1209 intimat.
1706 1153 1857 1219 Quid
1878 1152 1982 1208 tibi
2013 1153 2211 1207 visum

548 1243 661 1310 est,
694 1241 902 1313 inquit,
936 1246 998 1297 ut
1027 1246 1229 1298 contra
1250 1243 1527 1314 placitum
1558 1243 1834 1298 faceres?
1865 1242 2169 1312 Respondi
2197 1257 2209 1297 :

547 1327 716 1393 Quod
745 1331 1023 1401 placitum
1071 1332 1150 1387 sit
1195 1333 1427 1405 ignoro,
1472 1332 1688 1403 quidve
1728 1334 1949 1387 temere
1994 1330 2212 1385 factum

547 1417 796 1490 dicatur,
829 1420 1118 1475 incertum
1148 1420 1359 1477 habeo.
1393 1420 1521 1476 Ait:
1567 1419 1685 1475 Cur
1720 1420 2109 1491 presbyteros
2138 1418 2213 1473 ad

543 1504 856 1563 basilicam
884 1510 1243 1565 destinasti?
1292 1510 1355 1565 Si
1397 1512 1684 1581 tyrannus
1714 1524 1804 1579 es,
1846 1509 2004 1563 scire
2033 1507 2212 1578 volo;

543 1598 610 1651 ut
628 1596 814 1652 sciam
830 1599 1325 1670 quemadmodum
1348 1614 1440 1655 me
1456 1600 1776 1654 adversum
1787 1600 1842 1652 te
1855 1612 2206 1668 praeparem.

546 1685 744 1741 Retuli
774 1686 982 1742 dicens
1011 1703 1104 1741 me
1132 1688 1279 1741 nihil
1310 1687 1723 1758 praejudicium
1749 1686 1971 1740 fecisse
1995 1684 2211 1739 Eccle-

543 1772 690 1829 sia:
726 1790 796 1829 eo
824 1778 1088 1845 tempore
1122 1792 1237 1846 quo
1268 1776 1567 1829 audieram
1607 1777 1950 1844 occupatam
1993 1789 2132 1828 esse
2177 1788 2210 1826 a

2325 601 2603 657 diximus.

2396 710 2483 764 25.
2519 708 2804 781 Sequenti
2833 709 2928 764 die
2958 710 3149 765 lectus
3179 711 3271 765 est
3298 710 3371 765 de
3401 724 3561 765 more
3606 709 3743 765 liber
3765 711 3900 782 dona,

2326 813 2442 869 quo
2465 799 2776 869 completo,
2796 798 2954 854 hunc
2977 815 3312 854 sermonem
3333 798 3586 853 adorsus
3607 814 3750 854 sum:
3777 800 3903 855 Liber

2323 886 2513 942 lectus
2536 890 2648 957 est,
2672 887 2907 958 fratres,
2929 904 3043 961 quo
3061 888 3446 960 prOphetatur
3463 888 3616 959 quod
3634 891 3901 958 peccatores

2322 974 2383 1030 in
2403 975 2802 1046 paenitentiam
2825 979 3215 1032 revertantur.
3248 977 3570 1047 Acceptum
3590 976 3777 1046 estita,
3802 967 3900 1035 859

2321 1066 2386 1119 ut
2430 1067 2770 1135 speraretur
2816 1065 2875 1119 in
2919 1065 3199 1135 praesenti
3245 1064 3529 1121 futurum.
3576 1064 3766 1119 Addidi
3797 1068 3902 1137 quod

2269 1197 2275 1205 .
2323 1153 2414 1208 vir
2437 1152 2640 1224 justus
2672 1154 2842 1209 etiam
2876 1152 3162 1209 offensam
3192 1154 3542 1209 contrahere
3572 1154 3834 1223 voluisset,
3856 1170 3901 1210 ne

2319 1241 2415 1296 vel
2446 1244 2762 1312 spectaret,
2795 1242 2889 1298 vel
2921 1243 3293 1298 denuntiaret
3317 1242 3615 1298 excidium
3644 1242 3837 1297 civitati.
3860 1243 3901 1297 Et

2321 1332 2479 1403 quod
2491 1331 2743 1404 lugubre
2761 1333 2925 1388 esset
2943 1332 3086 1386 illud
3100 1332 3317 1387 dictum
3330 1374 3343 1395 ,
3359 1332 3728 1386 contristatus
3739 1347 3899 1402 quoque

2320 1420 2417 1489 sit,
2451 1421 2607 1492 quod
2638 1421 2899 1476 «ruisset
2927 1421 3253 1477 cucurbita.
3279 1420 3469 1476 Deum
3498 1436 3719 1495 quoque
3745 1420 3900 1474 dixisse

2318 1508 2391 1562 ad
2426 1508 2809 1581 praphetam:
2862 1532 2884 1557 α
2918 1509 2982 1566 Si
3010 1510 3200 1566 tristis
3230 1525 3297 1564 es
3342 1526 3454 1581 pro
3493 1509 3773 1564 cucurbita
3797 1509 3897 1576 (Jan.

2316 1613 2397 1668 IV,
2413 1595 2510 1667 9)?
2525 1620 2547 1645 η
2571 1598 2983 1669 Respondisse
3001 1599 3240 1655 Jonam:
3267 1598 3494 1653 Tristis
3509 1597 3899 1668 (Ibid.).Dixisse

2319 1685 2653 1754 Dominum,
2687 1687 2741 1740 si
2770 1686 2917 1742 illud
2947 1687 3174 1743 doleret
3193 1687 3355 1759 quod
3376 1689 3589 1741 exusta
3604 1689 3752 1741 esset
3768 1700 3900 1739 cucur-

2314 1773 2457 1842 bita,
2490 1777 2711 1846 quanto
2741 1777 2936 1847 magis
2967 1776 3086 1830 sibi
3115 1792 3275 1831 curae
3306 1791 3451 1831 esse
3498 1778 3752 1847 oportere
3785 1776 3899 1827 tanta

544 1862 832 1918 militibus
859 1864 1190 1933 basilicam,
1227 1864 1507 1935 gemitum
1536 1864 1941 1918 tantummodo
1971 1862 2211 1916 liberio-
2244 1872 2293 1933 Β
2316 1863 2509 1933 plebis
2542 1862 2823 1919 salutem!
2859 1864 2930 1919 Et
2985 1865 3120 1920 ideo
3170 1864 3492 1934 excidium,
3526 1863 3676 1936 quod
3716 1864 3901 1935 paratum

545 1967 671 2006 rem
701 1950 1007 2020 habuisse,
1042 1952 1360 2023 multisque
1392 1953 1841 2006 adhortantibus
1872 1954 1934 2006 ut
1974 1967 2043 2006 eo
2073 1966 2209 2020 per-

542 2055 771 2112 gerem,
820 2041 1087 2096 dixisse:
1142 2041 1402 2097 Tradere
1450 2042 1757 2096 basilicam
1790 2056 1903 2095 non
1936 2055 2208 2111 possum,

543 2130 652 2183 sed
670 2145 936 2202 pugnare
957 2146 1076 2185 non
1100 2130 1307 2185 debeo.
1324 2132 1541 2186 Postea
1559 2146 1701 2185 vero
1721 2146 1895 2201 quam
1916 2144 2213 2200 cognove-

541 2217 655 2272 rim
704 2218 964 2274 cortinas
1012 2220 1213 2292 regias
1258 2220 1394 2273 inde
1434 2236 1573 2275 esse
1613 2219 1899 2286 sublatas,
1944 2234 2078 2272 cum
2119 2232 2211 2272 me

539 2306 799 2377 populus
830 2323 900 2362 eo
930 2309 1017 2363 ire
1049 2308 1420 2378 deposceret,
1456 2309 1752 2362 direxisse
1783 2307 2207 2378 presbyteros;

538 2411 634 2450 me
686 2399 882 2452 tamen
938 2397 1205 2451 noluisse
1263 2398 1369 2466 ire,
1422 2397 1529 2451 sed
1587 2397 1852 2451 dixisse:
1906 2395 2098 2450 Credo
2146 2395 2207 2449 in

538 2481 777 2540 Christo
807 2486 966 2557 quod
996 2486 1126 2556 ipse
1157 2485 1473 2541 nobiscum
1504 2484 1680 2539 faciet
1712 2485 2047 2555 imperator.

610 2590 700 2647 23.
732 2590 795 2647 Si
826 2592 957 2647 haec
985 2592 1313 2663 tyrannidis
1343 2592 1635 2660 videntur,
1674 2591 1863 2644 habeo
1886 2605 2066 2658 arma,
2102 2588 2209 2642 sed

538 2679 603 2734 in
640 2678 863 2735 Christi
892 2682 1161 2735 nomine:
1215 2680 1405 2735 habeo
1452 2679 1736 2735 offcrcndi
1775 2679 1887 2733 mei
1938 2676 2208 2748 corporis

520 2771 910 2840 ‘potestatem.
971 2768 1122 2833 Quid
1180 2773 1511 2824 moraretur
1554 2768 1751 2836 ferire,
1791 2769 1845 2821 si
1895 2771 2208 2839 tyrannum

538 2860 814 2929 putaret?
872 2858 1070 2913 Veteri
1108 2857 1245 2929 jure
1293 2858 1406 2929 (31)
1444 2874 1477 2912 a
1523 2857 1936 2912 sacerdotibus
1995 2856 2207 2910 donata

538 2947 805 3018 imperia,
838 2963 958 3003 non
984 2950 1301 3018 usurpata:
1335 2950 1393 3002 et
1418 2947 1599 3020 vulgo
1632 2947 1748 3001 dici
1766 2945 1925 3017 quod
1955 2945 2205 3015 impera-

536 3040 702 3092 tores
719 3037 1117 3093 sacerdotium
1133 3037 1327 3109 magis
1344 3036 1690 3107 optaverint,
1707 3051 1882 3107 quam
1895 3034 2205 3106 imperium

540 3126 908 3180 sacerdotes.
959 3124 1235 3181 Christus
1280 3124 1452 3196 fugit,
1500 3140 1574 3180 ne
1633 3140 1741 3179 rex
1795 3123 1962 3178 ﬁeret
2008 3124 2201 3192 (Joan.

2315 1952 2421 2007 toti
2452 1951 2586 2007 urbi
2615 1952 2824 2020 fuerat,
2857 1954 3210 2008 removisse.

2387 2057 2474 2112 26.
2509 2057 2636 2113 Nec
2686 2074 2869 2127 mora,
2919 2060 3220 2115 nuntiatur
3262 2060 3677 2131 imperatorem
3711 2057 3900 2129 jussisse

2317 2148 2380 2201 ut
2410 2146 2757 2202 recederent
2801 2148 3018 2203 milites
3049 2149 3121 2204 de
3168 2149 3419 2204 basilica
3449 2164 3462 2205 :
3516 2146 3897 2221 negotiatoribus

2317 2250 2576 2306 quoque,
2605 2236 2762 2308 quod
2788 2237 3066 2292 exactide
3090 2237 3582 2293 condemnatione
3603 2238 3803 2291 fuerant
3816 2234 3900 2304 (33),

2315 2324 2683 2379 redderetur.
2704 2324 2847 2390 Quae
2868 2328 3009 2380 tunc
3038 2326 3231 2397 plebis
3262 2327 3450 2382 totius
3480 2326 3675 2382 laetitia
3702 2321 3818 2379 fuit!
3841 2321 3900 2393 qui

2314 2412 2495 2466 totius
2516 2413 2715 2483 populi
2745 2414 2993 2484 plausus
3011 2413 3024 2469 Ι
3058 2430 3192 2486 quae
3211 2413 3452 2487 gratim!
3489 2414 3625 2470 Erat
3642 2416 3805 2470 autem
3821 2411 3901 2465 dies

2315 2516 2432 2571 quo
2452 2516 2589 2556 sese
2605 2502 2890 2557 Dominus
2903 2519 3009 2574 pro
3026 2503 3202 2558 nobis
3215 2504 3481 2575 tradidit,
3506 2519 3619 2575 quo
3640 2503 3695 2557 in
3711 2498 3902 2556 Ecclesia

2316 2589 2654 2659 poenitentia
2675 2591 2993 2647 relaxatur.
3018 2591 3294 2646 Certatim
3318 2592 3438 2647 hoc
3461 2592 3717 2647 nuntiare
3736 2589 3901 2649 milites).

2317 2677 2611 2733 irruentes
2625 2679 2685 2733 in
2698 2680 2922 2750 altaria,
2943 2680 3169 2736 osculis
3182 2681 3533 2753 signiﬁcare
3550 2681 3705 2752 pacis
3718 2676 3902 2748 insigne.

2318 2766 2482 2821 Tunc
2512 2769 2729 2840 agnovi
2753 2770 2910 2840 quod
2934 2770 3092 2824 Deus
3112 2784 3381 2824 vermem
3420 2770 3801 2826 antelucanum
3821 2779 3907 2836 per-

2319 2858 2610 2926 cusserat,
2644 2859 2709 2911 ut
2735 2859 2854 2911 tota
2887 2857 3095 2913 civitas
3126 2862 3495 2914 servaretur.

2386 2959 2476 3017 2'7.
2508 2962 2659 3023 Haec
2695 2966 2870 3035 gesta
2910 2968 3070 3033 sunt,
3115 2967 3289 3037 atque
3342 2967 3568 3021 utinam
3605 2963 3722 3037 jam
3759 2956 3900 3017 ﬁnita!

2319 3050 2427 3105 sed
2475 3052 2788 3123 graviores
2837 3056 3034 3108 motus
3079 3052 3315 3109 futuros
3363 3055 3540 3126 plena
3577 3047 3907 3109 commotionis
3980 3100 3981 3109 χ

2315 3139 2642 3210 imperialia
2671 3140 2853 3195 verba
2883 3141 3163 3197 indicant.
3211 3142 3341 3215 Ego
3388 3146 3668 3215 tyrannus
3693 3139 3905 3211 appellor.

535 3230 617 3283 vr,
653 3213 764 3285 15).
817 3213 1122 3269 Habemus
1166 3213 1534 3284 tyrannidem
1584 3217 1866 3267 nostram.
1912 3211 2203 3282 Tyrannis
2239 3228 2291 3288 ο
2314 3230 2371 3283 et
2400 3228 2535 3299 plus
2567 3229 2742 3284 etiam
2771 3246 2948 3302 quam
2976 3211 3289 3301 tyrannus:
3315 3211 3473 3286 Νεξη
3503 3247 3634 3287 cum
3668 3228 3909 3300 imperato.

537 3302 890 3373 sacerdotis,
922 3302 1235 3357 infirmitas
1265 3305 1394 3359 est:
1434 3322 1456 3353 ι
1489 3304 1635 3357 Cum
1672 3302 1958 3371 intirmor,
1990 3302 2198 3373 inquit,

533 3394 674 3446 tunc
704 3394 915 3461 potens
946 3407 1080 3446 sum
1130 3390 1217 3461 (II
1244 3390 1380 3446 Cor.
1410 3408 1514 3460 χιι,
1548 3390 1659 3460 10).
1694 3413 1717 3439 η
1753 3389 1978 3445 Cavere
2006 3393 2203 3445 tamen

533 3480 751 3551 neipse
774 3479 893 3535 sibi
906 3485 1213 3551 tyrannum
1236 3479 1476 3548 faceret,
1494 3481 1589 3534 cui
1613 3480 1772 3533 Deus
1794 3479 2203 3533 adversarium

532 3584 652 3625 non
681 3568 978 3623 excitavit.
998 3569 1133 3624 Non
1151 3569 1265 3624 hoc
1296 3569 1613 3623 maximum
1645 3568 1843 3622 dicere
1874 3568 2006 3637 (32),
2041 3567 2197 3638 quod

531 3661 819 3731 tyrannus
831 3673 945 3731 ego
964 3658 1079 3713 sim
1096 3658 1507 3728 Valentiniani,
1524 3658 1625 3729 qui
1643 3673 1709 3712 se
1723 3672 1869 3712 meae
1881 3655 2198 3729 legationis

531 3746 773 3819 objectu
803 3746 1071 3818 queritur
1098 3746 1172 3801 ad
1201 3745 1424 3801 Italiam
1452 3762 1573 3802 non
1620 3747 1890 3817 potuisse
1920 3744 2194 3800 transire.

530 3836 747 3890 Addidi
778 3835 914 3905 quia
942 3851 1244 3907 nunquam
1273 3836 1617 3891 sacerdotes
1667 3835 1897 3907 tyranni
1938 3835 2195 3904 fuerunt,

530 3923 641 3979 sed
669 3926 953 3995 tyrannos
982 3939 1145 3996 saepe
1177 3926 1317 3980 sunt
1341 3925 1528 3995 passi.

601 4029 691 4085 24.
726 4028 991 4083 Exactus
1022 4033 1115 4085 est
1142 4032 1301 4086 totus
1331 4031 1430 4085 ille
1462 4030 1593 4085 dies
1611 4030 1672 4084 in
1688 4045 1943 4085 maerore
1961 4032 2193 4086 nostro:

531 4120 749 4175 scissae
778 4120 974 4173 tamen
994 4117 1068 4171 ab
1090 4118 1475 4173 illudentibus
1495 4118 1701 4189 pueris
1724 4119 1968 4173 cortinae
1991 4119 2195 4190 regiae.

530 4208 663 4282 Ego
712 4207 952 4262 domum
992 4207 1189 4262 redire
1232 4222 1351 4261 non
1394 4206 1598 4278 potui;
1656 4207 1792 4277 quia
1853 4207 2197 4263 circumfusi

531 4299 699 4355 erant
750 4296 988 4366 milites,
1050 4297 1150 4368 qui
1204 4294 1513 4351 basilicam
1573 4296 2002 4351 custodiebant.
2053 4296 2200 4352 Cum

603 4440 721 4511 (80)
750 4439 887 4494 Tria
916 4442 1085 4494 erant
1113 4438 1446 4494 officiorum
1478 4454 1718 4510 genera,
1752 4439 1924 4510 queis
1955 4440 2028 4494 ad
2060 4456 2198 4510 per-

531 4511 776 4569 ferenda
833 4515 1063 4566 secreta
1114 4512 1384 4566 mandata
1433 4511 1745 4565 utebantur
1786 4512 2197 4581 imperatores,

2312 3332 2440 3372 rem
2472 3318 2722 3374 comites
2744 3320 3130 3375 ohsecrarent
3150 3320 3231 3374 uti
3250 3321 3521 3391 prodiret
3539 3316 3906 3392 adgcclesiam;

2312 3406 2492 3478 idque
2519 3408 2702 3477 petitu
2731 3408 2980 3463 militum
3009 3408 3207 3463 facere
3238 3423 3305 3463 se
3329 3409 3616 3479 dicerent,
3640 3402 3904 3477 respondit;

2312 3494 2376 3550 Si
2406 3496 2582 3551 vobis
2610 3495 2864 3568 jusserit
2905 3496 3281 3567 Ambrosius,
3315 3497 3542 3553 victum
3588 3512 3675 3552 me
3710 3490 3904 3550 tradetis.

2312 3582 2465 3649 Quid
2493 3588 2630 3656 post
2657 3585 2809 3640 hanc
2855 3600 3065 3640 vocem
3113 3586 3400 3657 supersit,
3438 3585 3751 3643 considera.
3778 3580 3905 3645 Quam

2313 3688 2524 3729 vocem
2568 3689 2778 3730 omnes
2827 3673 3276 3746 cohorruerunt,
3329 3676 3443 3732 sed
3491 3675 3715 3731 habeta
3747 3668 3903 3743 quibus

2314 3766 2725 3834 exasperetur.

2384 3852 2473 3907 28.
2508 3852 2773 3924 Denique
2802 3851 2977 3908 etiam
3005 3852 3255 3924 speciali
3295 3853 3683 3925 expressione
3710 3844 3906 3915 Calligo-

2312 3958 2429 3998 nus
2459 3940 2596 4013 (34),
2629 3941 2993 4013 praepositus
3013 3941 3292 4012 cubiculi,
3316 3942 3596 3997 mandare
3623 3938 3751 3995 mihi
3773 3944 3904 3989 ausus

2312 4033 2405 4086 est
2430 4046 2442 4086 :
2477 4031 2570 4085 Me
2599 4030 2759 4100 vivo,
2790 4033 2853 4086 tu
2883 4031 3213 4086 contemnis
3244 4027 3751 4086 Valentinianum?
3772 4018 3903 4091 Cath

2310 4119 2416 4174 tibi
2480 4119 2644 4175 tollo.
2717 4119 3068 4191 Respondi:
3148 4119 3306 4173 Deus
3383 4119 3671 4190 permittat
3733 4113 3818 4168 tibi
3866 4108 3906 4160 ut

2312 4208 2562 4279 impleas
2622 4208 2779 4280 quod
2838 4208 3121 4278 minaris,
3179 4223 3292 4279 ego
3361 4210 3520 4264 enim
3576 4207 3745 4279 patiar
3793 4192 3903 4271 (ιιιοά

2314 4296 2580 4368 episcopi
2637 4297 2788 4368 (85),
2850 4300 2915 4352 tu
2971 4295 3157 4352 facies
3203 4297 3364 4368 quod
3419 4297 3723 4369 spadones.
3765 4291 3901 4357 Atque

2313 4437 2385 4492 Et
2414 4437 2654 4511 Godefr.
2687 4438 2827 4511 lege
2870 4438 2952 4511 de,
2996 4438 3259 4511 Praepos.
3292 4437 3354 4511 S.
3388 4438 3525 4494 cub.
3572 4433 3725 4511 Ωιιρᾷ
3762 4431 3900 4511 “Pw”

2314 4510 2567 4580 pertinet
2581 4505 3182 4581 adinsolentissimas
3203 4508 3463 4581 hujusce
3485 4505 3723 4581 eunuchi
3741 4505 3894 4560 minas,

532 4583 764 4639 scilicet
813 4582 1044 4651 notarii,
1091 4583 1315 4637 tribuni
1361 4585 1418 4637 et
1463 4583 1731 4637 comites.
1784 4577 2199 4636 Verumtamen
2229 4582 2285 4644 D
2313 4577 2637 4653 necnonad
2657 4580 2907 4653 liberam
2941 4596 3013 4653 ac
3030 4577 3386 4653 generosam
3410 4577 3896 4653 AmbrosiiAyocgnit

531 4655 652 4726 illm
683 4654 1472 4726 dignitates‘nonnunquam
1516 4654 1577 4708 in
1625 4668 1742 4707 uno
1792 4653 2027 4726 homine
2059 4669 2200 4726 coa-

530 4723 874 4806 lgascebant:
934 4723 1111 4806 cujus
1169 4726 1257 4806 rei
1296 4723 1562 4806 plurima
1608 4724 1882 4806 suggerit
1929 4725 2198 4806 exempla

531 4796 890 4878 quefridus
911 4796 1116 4878 adleg.
1141 4797 1267 4878 i‘de
1282 4797 1590 4878 Μέιζιρίαςξε
1614 4796 1967 4878 principum,
2002 4803 2059 4850 et
2078 4811 2199 4878 nos

535 4866 689 4940 infra
735 4882 918 4940 unum
960 4867 1023 4940 in
1064 4866 1370 4923 Ambrosii
1398 4866 2026 4937 libello'reperiemus.
2060 4866 2201 4940 Agit

532 4937 605 4993 de
635 4941 840 5011 nostro
875 4938 1246 5011 Bulengerus
1276 4939 1380 4994 lib.
1410 4956 1490 5011 vr,
1525 4955 1652 5009 cap.
1686 4940 1740 5011 5.

598 5008 724 5136 331)
752 5008 1091 5089 ln_antiqu6
1134 5009 1356 5064 findere
1407 5026 1441 5064 a
1477 5008 1765 5065 'Samiiele
1809 5008 1943 5063 Saul
1995 5011 2051 5062 et
2081 5009 2196 5062 Da-

677 5083 840 5135 uncti
877 5080 1063 5136 fuere.
1096 5097 1166 5135 ac
1213 5080 1490 5136 Salomon
1534 5098 1566 5135 a
1615 5080 1897 5136 nronheta
1942 5079 2194 5134 Nathan.

532 5079 634 5136 vid
677 5079 840 5135 uncti
877 5080 1063 5149 fuere,
1096 5097 1166 5135 ac
1213 5080 1490 5136 Salomon
1534 5098 1566 5135 a
1615 5080 1897 5150 propheta
1942 5079 2194 5134 Nathan.

534 5153 739 5226 Reges
798 5166 941 5206 vero
971 5151 1208 5226 Saul_et
1252 5152 1445 5223 Ozias,
1479 5168 1612 5226 cum
1652 5150 2018 5226 sacerdotale
2068 5167 2199 5226 mu-

532 5221 659 5280 nus
680 5226 1096 5294 usurpassent,
1131 5223 1190 5276 in
1220 5221 1466 5296 gravem
1497 5224 1602 5279 Dei
1651 5221 1938 5277 offensam
1969 5222 2199 5276 incide-

531 5297 688 5351 runt.

605 5366 719 5439 (32)
748 5366 877 5439 Hoc
917 5365 990 5420 de
1037 5365 1222 5439 priori
1267 5366 1562 5439 legatione
1619 5364 2085 5437 intelligendum,
2138 5366 2201 5418 ut

532 5455 567 5494 a
598 5437 773 5494 nobis
804 5438 1023 5492 dictum
1053 5441 1145 5492 est
1175 5438 1234 5492 in
1268 5437 1699 5493 Admonitione.

606 5511 720 5582 (33)
738 5509 901 5582 _Edit.
940 5510 1134 5580 Rom.,
1174 5530 1197 5560 ι
1231 5511 1387 5581 quod
1417 5511 1689 5565 exactum
1737 5506 1809 5560 de
1842 5505 2202 5561 condemna-

534 5580 694 5637 tione
725 5580 934 5636 fuerat.
973 5603 995 5629 ιι

608 5651 720 5720 (34)
768 5651 1051 5717 Quaenam
1084 5649 1391 5721 praepositi
1417 5646 1688 5721 _cubiculi
1722 5646 1984 5721 dignitas
2020 5651 2206 5721 esset,

540 5717 794 5792 explicat
815 5717 1190 5794 Bulengerus
1207 5717 1310 5775 lib.
1327 5718 1493 5775 iiiDe
1514 5717 1765 5788 imperio
1776 5717 1941 5773 Rom.
1965 5734 2095 5790 cap.
2120 5717 2205 5775 i3.

2313 4666 2418 4705 eas
2457 4640 2697 4724 quidem
2716 4650 2819 4707 lib.
2844 4652 2951 4724 De,
2971 4640 3234 4724 ιῘόῖςθρΙιη
3269 4668 3397 4723 cap.
3428 4652 3483 4721 6,
3512 4666 3662 4724 num.
3689 4645 3765 4724 33,
3789 4640 3898 4724 ideal

2314 4717 2560 4795 sanet-us
2590 4722 2763 4795 tacite
2793 4722 3000 4795 tangit,
3035 4717 3191 4778 sicut
3220 4717 3278 4778 et
3308 4717 3900 4795 cruentumistiususulf

2313 4776 2556 4865 pactum
2577 4776 2723 4865 fidi
2742 4776 2953 4849 assa
2968 4776 3359 4849 "instrata
3379 4776 3663 4865 modestia
3694 4783 3824 4865 f_acit,
3855 4776 3898 4865 iit

2314 4858 2462 4937 nihil
2491 4858 2919 4920 ah'insultandi
2948 4866 3124 4937 modo
3156 4865 3348 4936 magis
3366 4863 3687 4937 abhorreat.
3708 4858 3897 4937 96.532:

2315 4936 2492 5018 plicio
2522 4938 2723 5018 autem
2735 4936 2881 5018 ejus
2909 4936 3045 5018 vide
3075 4952 3209 5008 qua)
3239 4927 3315 4991 ex
3344 4934 3666 5007 Augustino
3700 4927 3895 4982 diximus

2316 5006 2377 5062 in
2404 5006 2677 5079 ejusdem
2708 5006 2846 5063 libri
2876 5006 3111 5063 admonI
3450 5006 3463 5007 ί
3719 5068 3728 5078 ,
3833 5060 3840 5069 ,

2388 5078 2504 5117 [ΩΕΧ
2533 5079 2611 5117 Nn
2644 5082 2740 5117 vni
2796 5078 2913 5117 at“!
2982 5078 3079 5117 ιιι·ιῖ
3101 5080 3233 5117 nnc}
3254 5092 3457 5117 vnnnm
3491 5075 3724 5117 animam
3738 5061 3840 5117 sub!

2388 5073 2504 5203 83-5)
2533 5079 2615 5133 Ῑῐα
2644 5082 2761 5160 vet.
2796 5078 2959 5147 edit.,
2982 5078 3083 5133 ubi
3100 5080 3236 5160 post
3254 5092 3461 5160 vocem
3491 5073 3871 5147 episcOpi'sumn

2316 5148 2394 5222 ίβῖ
2422 5166 2518 5222 ιεθ
2543 5173 2566 5197 α
2594 5149 2711 5220 pali
2735 5149 2966 5222 solent;
3004 5168 3026 5199 ii
3052 5165 3128 5222 _ac
3159 5149 3428 5222 similiter
3453 5150 3583 5218 post
3598 5151 3783 5222 vocem

2317 5210 2503 5276 dones
2540 5210 2734 5276 mente
2782 5210 3174 5291 supplendum
3222 5243 3244 5268 α
3293 5210 3484 5291 facere
3530 5214 3719 5291 solent.
3751 5210 3890 5291 iutilia

2317 5273 2879 5347 ὀὲάιῖὸιιὲῌιιιὶάέιίἑ
2899 5273 3095 5361 potuit
3138 5291 3211 5346 ad
3249 5289 3533 5363 Aichillam
3577 5285 3720 5363 illum

2357 5346 2520 5432 tium,
2567 5378 2600 5416 a
2649 5379 2766 5433 quo
2816 5346 3229 5433 interemptum
3284 5346 3887 5433 Pompeiumlibellail

2374 5416 2687 5490 elationem
2702 5416 3052 5505 Symmachi
3068 5416 3348 5505 designat
3379 5416 3884 5505 AmbrqsiQS-F‘ff?

2314 5506 2452 5559 edit.
2490 5507 2675 5577 Rom.
2694 5490 2791 5559 hic
2820 5521 2927 5577 pro
2959 5490 3429 5577 spadonesponit
3447 5493 3703 5577 spadonis
3723 5490 3884 5577 ﬁtfit}:

2312 5577 2565 5632 tinenter
2594 5576 2722 5632 sola
2753 5563 3102 5648 subjungit:
3160 5598 3182 5625 α
3216 5563 3408 5648 Minas
3448 5563 3573 5626 tuas
3599 5563 3882 5648 ηοξὶᾴρωξξλ

2314 5631 2735 5724 cat-nenLenim
2762 5631 3054 5724 occidere
3096 5650 3285 5724 potes,
3320 5644 3561 5724 animam
3603 5631 3883 5724 angam?

2311 5696 2735 5792 egestae“;
2756 5696 3229 5792 ίέιῖιᾶἷὲὸιῖρὸιῖίξ
3237 5696 3653 5791 ἕοῐὸἒόιείροιθ,
3674 5696 3880 5757 meritum
