4072 6174
105 309 268 375 1045

1337 311 1951 380 EPISTOLARUM
1981 314 2322 379 cmssrs
2350 315 2400 381 ι.
2442 409 2454 416 ν

3406 321 3566 390 1046

105 511 327 568 utinam
354 511 516 570 Deus
545 513 771 567 avertat
801 526 907 567 eos
937 511 1010 567 ab
1043 512 1334 584 Ecclesia,
1367 514 1426 569 in
1456 530 1548 570 me
1581 514 1775 571 omnia
1800 496 1854 561 Α
1894 515 2046 572 fides
2079 517 2483 575 confessionis
2513 520 2625 592 (41)
2656 523 2986 580 constantia
3029 524 3407 596 comprobata
3437 528 3549 597 est,

107 616 221 658 sua
246 601 356 657 tela
385 603 752 674 convertant,
787 616 919 657 meo
952 602 1244 675 sanguine
1277 603 1434 660 sitim
1466 619 1636 660 suam
1665 620 1772 660 ex-

106 691 302 761 pleant
327 689 441 764 (36)
467 689 480 747 l

487 800 637 864 860
670 807 1036 864 EPISTULA
1068 810 1204 864 XXI
1238 810 1374 880 (3'7).

106 915 365 988 Excusat
391 915 754 970 Ambrosius
790 916 939 988 quod
993 923 1232 972 vocatus
1264 933 1376 971 non
1429 918 1665 972 venerit
1697 919 1773 974 ad

178 987 608 1057 consistorium,
635 987 923 1042 asserens
943 988 1004 1041 in
1029 1004 1202 1042 causa
1222 987 1364 1043 fidei
1392 989 1489 1043 vel
1497 990 1774 1044 ecclesia

176 1059 611 1130 sticajudicare
640 1060 762 1112 nisi
790 1059 1140 1114 sacerdotes
1170 1062 1464 1114 neminem
1496 1061 1723 1116 debere
1748 1081 1766 1125 ;

176 1145 283 1183 nec
310 1145 375 1185 se
405 1130 469 1203 in
493 1145 562 1184 eo
606 1136 1023 1203 contumacem,
1063 1131 1213 1203 quod
1249 1131 1529 1203 iniuriam
1572 1133 1773 1188 ordini

176 1216 279 1254 suo
309 1216 416 1255 non
446 1202 668 1255 inurat.
702 1201 892 1255 Addit
921 1201 1284 1256 Auxentium
1305 1201 1492 1258 'forte
1535 1204 1771 1258 Judwos

176 1277 272 1345 aut
285 1270 556 1345 inﬁdeles
573 1272 1168 1345 electurumjudirum
1183 1274 1326 1344 loco,
1349 1274 1412 1327 id
1428 1279 1538 1342 est,
1561 1275 1769 1329 Chris-

173 1343 678 1415 tiinim‘icissimos
695 1365 711 1397 .-
736 1360 845 1398 nec
860 1343 1148 1398 recusare
1168 1343 1474 1415 quominus
1491 1346 1551 1398 in
1575 1346 1769 1400 eccle-

177 1414 269 1466 sia
289 1413 382 1468 vel
389 1415 451 1495 in
465 1415 778 1495 synodode
791 1415 889 1469 liis
914 1413 1250 1495 disputaret
1265 1433 1282 1466 :
1306 1417 1432 1495 limo
1455 1417 1686 1495 demum
1701 1433 1768 1472 se

173 1499 368 1560 coram
411 1484 602 1540 fuisse
631 1486 944 1560 dicturum,
971 1484 1094 1542 nisi
1123 1502 1155 1541 a
1186 1487 1550 1558 coepiscopis
1583 1493 1640 1542 et
1663 1504 1766 1560 po-

161 1553 301 1626 pqu
321 1561 484 1610 esset
504 1557 868 1628 prohibitus.

93 1658 570 1717 Clementissimo
599 1663 939 1734 imperatori
968 1662 1101 1734 (38),
1155 1666 1211 1719 et
1253 1664 1605 1721 beatissimo
1635 1667 1762 1722 Au-

227 1753 396 1822 gusto
420 1751 880 1823 VALENTINIANO,
912 1753 1256 1814 AMBROSIUS
1286 1755 1628 1826 episcopus.

1891 609 1948 660 et
1979 607 2266 678 sapientia
2283 609 2604 667 melioratae
2634 612 2978 684 reipublicae
3000 614 3369 685 profectibus
3398 631 3559 687 prae-

1889 695 2136 751 dicatur.

1960 784 2012 840 4.
2046 787 2290 850 Quando
2322 789 2559 860 audisti,
2595 791 3058 848 clementissime
3100 793 3439 865 imperator,
3494 795 3554 850 in

1889 889 2071 928 causa
2100 875 2238 930 fidei
2285 877 2471 933 laicos
2504 880 2575 934 de
2621 881 2902 952 episcopo
2947 882 3258 954 judicasse
3285 883 3447 954 (4‘2)?
3476 885 3558 939 Ita

1888 977 2034 1035 ergo
2057 965 2307 1035 quadam
2330 968 2664 1024 adulatione
2707 986 3042 1042 curvamur,
3075 975 3138 1027 ut
3169 973 3556 1029 sacerdotalis

1880 1050 2038 1122 juris
2061 1054 2250 1110 simus
2275 1056 2672 1130 immemores,
2699 1063 2755 1115 et
2771 1061 2931 1132 quod
2951 1061 3108 1116 Deus
3131 1062 3370 1116 donavit
3388 1063 3552 1134 mihi,

1885 1140 2000 1195 hoc
2021 1143 2150 1212 ipse
2167 1144 2300 1200 aliis
2322 1150 2520 1216 putem
2542 1163 2680 1204 esse
2723 1150 3081 1205 credendum
3098 1152 3126 1205 ἱ)
3155 1150 3218 1205 Si
3248 1151 3554 1206 docendus

1884 1232 1977 1285 est
2007 1232 2328 1303 episcOpus
2359 1252 2392 1289 a
2422 1236 2594 1309 laico,
2626 1239 2768 1310 quid
2799 1241 3126 1311 sequetur?
3157 1240 3375 1295 Laicus
3407 1256 3553 1314 ergo

1885 1318 2162 1390 disputet,
2199 1326 2256 1377 et
2285 1324 2606 1396 episcopus
2654 1328 2886 1384 audiat:
2940 1329 3261 1400 episcopus
3306 1329 3497 1384 discat
3526 1346 3560 1383 a

1881 1407 2054 1464 laico.
2105 1412 2179 1465 At
2236 1417 2395 1468 certe
2430 1408 2568 1471 861
2611 1417 2663 1472 si
2713 1419 2808 1473 vel
2856 1419 3290 1489 Scripturarum
3339 1419 3558 1474 seriem

1881 1497 2238 1570 divinarum,
2271 1503 2365 1557 vel
2396 1508 2598 1560 vetera
2647 1509 2911 1578 tempora
2954 1511 3364 1579 retractemus,
3413 1510 3551 1580 quis

1817 1659 1827 1663 _
1881 1589 1974 1641 est
2005 1588 2105 1658 qui
2160 1589 2379 1647 abnuat
2408 1593 2520 1665 (43)
2579 1596 2639 1650 in
2686 1613 2867 1652 causa
2923 1597 3079 1661 ﬁdei,
3117 1599 3178 1652 in
3221 1613 3424 1668 causa,
3458 1597 3554 1652 in-

1881 1695 2078 1751 quam,
2101 1686 2569 1757 ﬁdeiepisc0pos
2591 1685 2786 1740 solere
2799 1685 2870 1740 de
2885 1686 3341 1756 imperatoribus
3353 1685 3550 1742 Chris°

1878 1773 2076 1843 tianis,
2110 1790 2229 1829 non
2257 1774 2644 1845 imperatores
2667 1775 2740 1828 de
2769 1774 3070 1845 episcOpis
3095 1773 3368 1846 judicare
3385 1778 3415 1829 ξ)

165 1856 222 1912 1.
253 1857 574 1913 Dalmatius
606 1875 698 1914 me
730 1859 1003 1915 tribunus
1055 1863 1111 1915 et
1151 1862 1416 1916 notarius
1447 1862 1560 1933 (39)
1589 1878 1761 1917 man-
1799 1873 1850 1934 Β
1949 1864 2000 1917 5.
2026 1863 2182 1933 Eris,
2204 1863 2324 1918 Deo
2359 1863 2612 1933 favente,
2656 1863 2828 1917 etiam
2869 1864 3194 1918 senectutis
3216 1865 3548 1920 maturitate

91 1946 254 2016 dato,
289 1949 347 2002 ut
375 1948 676 2020 allegavit,
727 1948 1055 2004 clementiae
1087 1951 1362 2006 convenit
1409 1954 1525 2006 tuae
1553 1955 1764 2022 postu-

86 2035 227 2090 lans
255 2038 316 2090 ut
371 2039 429 2091 et
459 2037 591 2107 ipse
643 2037 882 2108 judices
933 2039 1196 2110 legerem
1256 2040 1413 2095 sicut
1472 2041 1762 2113 elegisset

91 2127 448 2180 Auxentius.
499 2126 625 2180 Nec
669 2129 863 2181 tamen
911 2128 1211 2198 expressit
1256 2143 1461 2184 eorum
1501 2130 1758 2201 nomina,

98 2213 211 2285 qui
245 2214 474 2269 fuerant
511 2214 782 2286 postlati:
834 2216 943 2270 sed
973 2216 1032 2270 id
1061 2217 1300 2287 addidit,
1337 2218 1494 2289 quod
1524 2219 1584 2272 in
1615 2234 1760 2273 con-

88 2303 337 2358 sistorio
368 2307 531 2360 esset
562 2304 758 2360 futura
789 2306 1054 2377 certatio,
1088 2306 1310 2362 arbitro
1341 2307 1576 2378 pietatis
1601 2307 1762 2380 judi-

93 2393 196 2447 cio
225 2396 358 2448 tuae.

161 2483 220 2536 2.
256 2481 360 2537 Cui
405 2483 492 2538 rei
522 2485 878 2554 respondeo,
926 2486 990 2539 ut
1019 2484 1297 2555 arbitror,
1333 2488 1759 2556 competenter.

83 2571 221 2626 Nec
239 2572 551 2643 quisquam
568 2577 976 2628 contumacem
995 2572 1268 2645 judicare
1289 2590 1381 2630 me
1401 2575 1594 2646 debet,
1629 2592 1762 2631 cum

87 2661 214 2715 hoc
241 2676 528 2732 asseram,
572 2663 731 2734 quod
758 2666 1032 2736 augustae
1080 2664 1382 2719 memoriae
1431 2668 1596 2735 pater
1625 2669 1762 2721 tuus

84 2766 218 2804 non
247 2749 441 2805 solum
471 2766 744 2807 sermone
774 2753 1084 2823 respondit
1112 2753 1250 2823 (40),
1283 2754 1390 2808 sed
1410 2754 1586 2809 etiam
1614 2755 1763 2827 legi-

76 2839 209 2894 bus
257 2839 386 2894 suis
416 2841 648 2896 sanxit:
700 2841 766 2896 In
816 2857 998 2897 causa
1045 2842 1182 2897 fidei
1213 2843 1309 2898 vel
1355 2844 1756 2901 ecclesiastici

75 2928 348 3000 alicujus
372 2929 598 2984 ordinis
617 2946 751 2984 eum
783 2929 1055 3001 judicare
1099 2931 1336 3002 debere,
1359 2933 1460 3004 qui
1487 2949 1598 2988 nec
1626 2951 1761 2990 mu-

79 3032 237 3072 nere
259 3018 446 3088 impar
464 3019 562 3088 sit,
589 3018 848 3091 necjure
871 3020 1186 3074 dissimilis
1211 3037 1226 3092 ;
1251 3021 1379 3076 haec
1401 3023 1559 3076 enim
1579 3024 1764 3078 verba

78 3107 372 3177 rescripti
392 3110 550 3177 sunt,
576 3108 689 3163 hoc
723 3112 834 3176 est,
873 3109 1218 3165 sacerdotes
1241 3110 1313 3165 de
1343 3113 1759 3167 sacerdotibus

1877 1953 2234 2023 provectior,
2283 1955 2340 2008 et
2386 1955 2525 2007 tunc
2575 1953 2647 2007 de
2706 1953 2819 2007 hoc
2869 1951 3149 2007 censebis
3206 1953 3398 2024 qualis
3445 1953 3543 2008 ille

1878 2043 2200 2112 episcopus
2220 2042 2315 2110 sit,
2355 2041 2456 2112 qui
2474 2041 2644 2095 laicis
2668 2040 2774 2112 jus
2793 2041 3161 2096 sacerdotale
3193 2042 3545 2098 substernit.

1881 2130 2055 2185 Pater
2071 2133 2228 2200 tuus,
2271 2131 2394 2185 Deo
2425 2130 2678 2199 favente,
2711 2129 2806 2183 vir
2848 2129 3188 2183 maturioris
3223 2131 3354 2198 aevi,
3388 2131 3555 2186 dice-

1879 2219 2016 2274 bat:
2049 2219 2184 2274 Non
2213 2221 2304 2274 est
2332 2234 2528 2273 meum
2552 2218 2824 2290 judicare
2856 2217 3010 2272 inter
3045 2217 3401 2288 episcopos;
3452 2221 3551 2273 tua

1875 2324 2034 2363 nunc
2063 2308 2205 2362 dicit
2235 2307 2578 2362 clementia:
2629 2307 2756 2378 Ego
2787 2306 2976 2360 debeo
3016 2305 3311 2377 judicare.
3346 2306 3418 2360 Et
3451 2307 3548 2362 ille

1874 2397 2276 2467 baptizatusin
2289 2395 2526 2451 Christo
2565 2395 2894 2450 intrabilem
2915 2411 2982 2449 se
3009 2395 3257 2465 ponderi
3277 2395 3418 2449 tanti
3440 2413 3552 2466 pu-

1875 2486 2034 2540 tabat
2047 2502 2184 2540 esse
2198 2485 2428 2556 judicii:
2451 2485 2759 2540 clementia
2774 2487 2891 2554 tua,
2915 2484 3008 2539 cui
3027 2484 3220 2539 adhuc
3234 2485 3550 2539 emerenda

1875 2574 2245 2644 baptismatis
2278 2577 2646 2630 sacramenta
2669 2576 3020 2644 servantur;
3065 2577 3304 2645 arrogat
3342 2574 3413 2628 de
3435 2573 3550 2628 fide

1869 2662 2192 2735 judicium;
2219 2680 2350 2718 cum
2373 2664 2510 2719 fidei
2530 2664 2721 2734 ipsius
2745 2664 3114 2718 sacramenta
3138 2678 3256 2717 non
3293 2663 3548 2717 noverit.

1945 2751 1999 2806 6.
2020 2752 2237 2817 Quales
2265 2756 2459 2808 autem
2490 2753 2738 2825 elegerit
2770 2751 3031 2824 judices,
3064 2767 3389 2822 possumus
3422 2752 3548 2806 exi-

1873 2841 2194 2896 stimationi
2216 2842 2572 2913 relinquere,
2612 2842 2845 2912 quando
2877 2857 3082 2896 eorum
3115 2841 3351 2895 nomina
3381 2840 3552 2896 timet

1872 2931 2146 3001 prodere.
2181 2930 2432 2986 Veniant
2451 2931 2646 3001 plane,
2678 2931 2732 2985 si
2764 2930 2864 3002 qui
2894 2931 3052 2999 sunt,
3085 2929 3157 2983 ad
3189 2929 3540 2984 ecclesiam:

1874 3020 2112 3074 audiant
2134 3036 2268 3074 cum
2298 3020 2536 3091 populo,
2571 3035 2689 3073 non
2721 3022 2783 3073 ut
2813 3019 3130 3091 quisquam
3174 3017 3363 3089 judex
3392 3019 3549 3074 resi-

1875 3109 2027 3178 deat,
2088 3109 2197 3164 sed
2255 3113 2320 3163 ut
2374 3108 2789 3179 unusquisque
2846 3109 2917 3163 de
2950 3124 3060 3163 suo
3091 3106 3304 3163 affectu
3335 3108 3552 3162 habeat

77 3196 581 3268 voluitjudicare.
619 3197 770 3264 Quin
800 3198 974 3253 etiam
1005 3199 1058 3253 si
1088 3199 1235 3253 alias
1268 3216 1504 3271 quoque
1535 3218 1756 3274 argue-
1799 3227 1851 3298 ὁ
1875 3213 2144 3267 examen,
2205 3199 2386 3270 eligat
2415 3213 2591 3268 quem
2640 3199 2942 3268 sequatur.
2979 3197 3191 3268 Agitur
3247 3196 3319 3250 de
3366 3197 3543 3250 istius

78 3291 258 3341 retur
279 3287 620 3357 episcopus,
641 3291 699 3342 et
715 3303 944 3342 morum
961 3291 1124 3342 esset
1146 3289 1534 3344 examinanda
1558 3307 1758 3362 causa,

79 3377 270 3430 etiam
292 3375 422 3431 hinc
441 3377 628 3431 voluit
653 3377 726 3430 ad
762 3377 1099 3447 episcopale
1115 3376 1408 3448 judicium
1441 3380 1761 3448 pertinere.

152 3466 215 3520 3.
248 3464 394 3530 Quis
424 3466 609 3538 igitur
636 3468 1061 3520 contumaciter
1090 3467 1399 3537 respondit
1431 3469 1759 3524 clementia;

76 3556 257 3610 tuae?
287 3554 390 3609 Ille
424 3555 524 3626 qui
562 3557 617 3609 te
656 3555 841 3626 patris
875 3555 1129 3610 similem
1164 3571 1303 3611 esse
1336 3556 1654 3628 desiderat,
1689 3574 1764 3612 an

81 3643 197 3716 qui
209 3643 335 3698 vult
352 3659 490 3698 esse
509 3644 860 3699 dissimilem
877 3646 905 3698 ξ)
929 3644 1062 3699 Nisi
1083 3644 1233 3700 forte
1250 3637 1389 3700 vilis
1405 3646 1763 3717 quibusdam

79 3733 260 3806 tangi
307 3733 682 3804 imperatoris
731 3733 1058 3789 mstimatur
1113 3735 1425 3805 sententia,
1481 3734 1659 3808 cujus
1707 3739 1766 3791 et

79 3879 442 3959 no‘n‘p‘otes‘
467 3878 889 3959 exstingueret
922 3877 1131 3959 Anima
1162 3892 1590 3959 namque‘quae
1640 3879 1764 3959 D‘eo

80 3949 335 4004 subdita
357 3952 468 4018 est,
494 3949 766 4003 humanae
796 3949 1070 4018 potestati
1101 3964 1220 4002 non
1245 3954 1338 4003 est
1355 3949 1647 4020 subjecta.
1671 3951 1761 4004 An

80 4035 316 4074 nocere
344 4023 400 4074 te
446 4022 668 4090 putas?
717 4021 838 4074 Imo
871 4035 1150 4090 magnum
1199 4020 1343 4074 mihi
1393 4022 1766 4076 commodum

81 4095 374 4162 praestas.
424 4091 615 4145 Vitam
663 4091 877 4145 adimis
919 4090 1320 4160 temporalem.
1372 4096 1435 4146 ut
1482 4093 1764 4147 succedat

125 4167 400 4217 ernetua.
441 4185 464 4209 ι»

80 4180 199 4233 per
243 4180 400 4217 etua.
441 4185 464 4209 η

159 4180 282 4302 (£6)
316 4233 512 4288 Verbo
543 4233 822 4304 expleant
869 4233 1074 4305 adjicit
1103 4233 1240 4288 edit.
1295 4233 1502 4290 Rom.:
1543 4255 1564 4284 ιι
1601 4234 1764 4305 Vale,

83 4321 274 4359 soror
303 4306 362 4358 in
397 4305 665 4359 Domino.
704 4330 726 4353 ι»

160 4376 290 4442 (3'7)
320 4376 551 4446 Scripta
580 4392 733 4430 anno
762 4375 887 4431 886.

157 4446 283 4521 (38)
324 4447 389 4500 In
411 4449 697 4521 uno_co_d.
743 4447 871 4521 vat.
910 4450 966 4521 et
996 4447 1185 4521 Long.
1220 4449 1334 4504 hoc
1365 4447 1577 4521 lemma
1592 4463 1766 4521 prai-

84 4518 378 4573 mittitur:
418 4540 440 4566 α
463 4518 729 4573 Libellus
761 4519 1032 4588 ejusdem
1069 4518 1371 4575 Ambrosii
1398 4521 1471 4573 ad
1504 4519 1768 4573 Valenti-

85 4590 339 4644 nianum
395 4589 808 4646 imperatorem
867 4593 1068 4644 contra
1112 4592 1489 4646 Auxentium.
1547 4613 1569 4637 η

84 4661 724 4733 quoqueAmbrosius
754 4661 831 4714 ita
873 4661 1236 4718 subscribit:
1293 4683 1315 4713 ι
1353 4662 1480 4733 Ego
1511 4661 1768 4715 Ambro-

82 4732 219 4803 sius
256 4732 584 4801 episcopus
617 4733 774 4786 hunc
803 4733 1066 4786 libellum
1098 4733 1302 4803 obtuli,
1338 4732 1448 4787 etc.
1491 4755 1511 4780 ι»

156 4802 284 4869 (39)
308 4803 571 4857 Notariis
599 4819 667 4856 ac
687 4803 943 4857 tribunis
980 4802 1366 4873 imperatores
1395 4803 1469 4858 ad
1502 4804 1768 4858 secreto-

79 4875 252 4946 toriai
275 4875 716 4946 mandatarusos
745 4874 938 4929 fuisse
961 4874 1219 4930 diximus
1237 4876 1296 4932 in
1313 4875 1487 4946 epist.
1508 4875 1771 4946 superio-

81 4960 146 4998 re
179 4945 262 4997 ad
297 4945 352 4998 Μ
360 4945 722 5000 arcellinam.

153 5014 283 5085 (40)
335 5016 703 5070 Sozomenus
750 5016 852 5070 lib.
884 5034 965 5086 vr,
1009 5032 1134 5088 cap.
1168 5017 1221 5085 '7,
1255 5017 1438 5073 refert
1467 5017 1768 5088 episcopis

81 5086 475 5160 Hellesponti
498 5103 568 5141 ac
591 5088 880 5160 Bithyniae
919 5104 952 5142 a
974 5086 1384 5144 Valentiniano
1415 5086 1769 5160 postulanti-

79 5157 222 5224 bus,
259 5181 284 5204 α
307 5163 374 5212 ut
395 5159 467 5211 ad
497 5157 907 5230 corrigendam
933 5160 1069 5214 ﬁdei
1097 5157 1768 5214 doctrinam—convenire

80 5230 599 5301 permitterentur,
621 5250 641 5276 υ
662 5231 1072 5299 imperatorem
1087 5232 1176 5285 sic
1190 5232 1606 5301 respondisse:
1630 5253 1650 5278 α
1671 5231 1769 5284 Mi-

79 5297 138 5370 hi
170 5301 427 5370 quidem
461 5301 520 5354 in
542 5297 827 5356 laicorum
851 5302 1056 5356 ordine
1083 5297 1400 5356 constituto
1424 5302 1515 5356 fas
1536 5318 1655 5356 non
1678 5305 1771 5356 est

80 5369 447 5441 hujusmodi
479 5373 715 5443 negotia
748 5372 1045 5427 curiosius
1087 5374 1373 5427 scrutari:
1424 5374 1768 5428 sacerdotes

82 5458 254 5511 vero,
320 5443 544 5513 quibus
602 5444 660 5496 id
720 5459 879 5498 curae
938 5447 1049 5515 est,
1111 5460 1386 5498 seorsum
1430 5445 1769 5515 ubicunque

83 5515 415 5581 voluerint,
468 5515 838 5568 conveniant.
879 5536 901 5564 ι
936 5514 1079 5580 Quae
1127 5531 1271 5569 sane
1304 5532 1434 5569 cum
1469 5514 1771 5570 AmbrOsii

85 5586 299 5654 verbis
353 5586 602 5654 pulchre
652 5587 988 5640 concinunt.
1050 5587 1166 5642 Sed
1198 5587 1292 5640 his
1347 5587 1564 5641 addere
1595 5587 1770 5641 etiam

85 5653 324 5726 liceret,
355 5653 521 5727 iquae
574 5663 974 5711 memorantur
1019 5674 1052 5710 a
1105 5658 1478 5713 Theodoreto
1533 5658 1634 5712 lib.
1686 5674 1766 5727 iv,

85 5740 214 5798 cap.
250 5727 309 5799 6,
348 5743 583 5783 necnon
621 5744 754 5800 qua:
788 5729 985 5784 Marce
1032 5728 1134 5784 lib.
1169 5747 1209 5783 ιι
1262 5729 1607 5785 Concordiae
1639 5745 1766 5799 cap.

1873 3287 2165 3342 Ecclesiae
2197 3287 2543 3342 sacerdote:
2576 3287 2630 3341 si
2677 3286 2928 3341 audierit
2959 3286 3125 3340 illum
3171 3285 3448 3356 populus,
3489 3287 3548 3339 et

1874 3377 2167 3447 putaverit
2195 3376 2410 3431 melius
2441 3376 2765 3448 disputare,
2823 3376 3108 3446 sequatur
3163 3374 3339 3429 ﬁdem
3371 3372 3544 3445 ejus:

1874 3482 1994 3521 non
2024 3465 2322 3520 invidebo.

1944 3553 1998 3610 '7.
2017 3555 2230 3610 Omitto
2254 3555 2391 3626 quia
2410 3553 2534 3626 jam
2577 3555 2706 3626 ipse
2727 3553 2983 3625 populus
3019 3553 3308 3625 judicavit
3333 3568 3343 3607 :
3395 3554 3550 3606 tacet

1875 3643 2012 3715 quia
2061 3659 2216 3713 eum,
2265 3660 2440 3715 quem
2485 3644 2683 3712 habet,
2731 3643 2802 3698 de
2845 3644 3010 3712 patre
3055 3644 3171 3695 tuae
3217 3639 3546 3695 clementiae

1872 3731 2194 3813 postulavit
2210 3733 2356 3805 (44):
2393 3735 2558 3788 taceo
2597 3733 2734 3804 quia
2771 3734 2938 3802 pater
2970 3730 3204 3802 pietatis
3225 3732 3341 3784 tuae
3373 3730 3539 3800 quie-

1872 3879 1927 3946 6,
1973 3881 2031 3933 et
2079 3893 2213 3948 quae
2253 3892 2435 3948 super
2479 3875 2782 3948 Ambrosii
2834 3873 3200 3948 ordination_e
3249 3871 3531 3948 disputatt

1873 3944 2042 4016 Quod
2063 3944 2257 4006 autem
2296 3944 2369 4002 ad
2404 3947 2572 4019 leges
2612 3948 2708 4001 hic
2738 3947 3102 4019 designatas,
3125 3944 3440 4019 ’Baronius
3470 3945 3544 3998 ad

1875 4015 2094 4076 ain.369
2115 4023 2319 4073 censet
2355 4015 2665 4073 indicatam
2702 4033 2840 4072 esse
2869 4015 2941 4071 ab
2976 4015 3293 4070 Ambrosio
3331 4015 3545 4068 Valen-

1874 4092 2077 4146 tiniani
2110 4091 2305 4162 legem
2335 4091 2424 4153 20,
2472 4112 2494 4137 «
2540 4090 2800 4154 Quorum
2837 4087 3282 4162 appellatioiies,
3307 4110 3334 4162 »_
3366 4087 3482 4162 sed
3513 4102 3546 4140 a

1876 4157 2200 4220 Godefride
2219 4163 2278 4215 in
2301 4162 2566 4216 eamdem
2589 4162 2780 4232 legem
2805 4157 3544 4232 refellitur,_Veri_similius

1878 4251 2024 4306 ergo
2053 4237 2329 4304 putamus
2351 4234 2574 4306 legem,
2609 4227 2679 4306 de
2714 4248 2838 4306 _qua
2869 4231 2965 4284 hic
3008 4227 3543 4306 Ambrosius,jam

1877 4299 1995 4361 non
2013 4299 2270 4359 eistare.
2297 4299 2604 4358 Alia'vero
2637 4299 2888 4356 habetur
2917 4316 3072 4354 anno
3095 4299 3200 4354 376
3231 4299 3363 4353 data
3393 4299 3544 4353 Gra-

1874 4377 2017 4455 tiani
2046 4376 2303 4455 nomine,
2336 4391 2559 4455 nempe
2597 4374 2687 4441 23,
2728 4371 3200 4455 quaujube‘turna
3235 4372 3298 4423 ut
3345 4369 3399 4455 si
3419 4384 3544 4455 qua

1876 4451 2015 4520 sunt
2032 4464 2107 4520 ex
2128 4439 2492 4520 quibusdam
2505 4439 3010 4520 dissensionibus,
3026 4439 3540 4520 levibusque‘deli-

1877 4519 1988 4573 ctis
2018 4519 2092 4573 ad
2123 4509 2435 4589 religionis
2486 4515 2924 4589 observantiam
2972 4510 3342 4589 pertinentia,
3388 4509 3540 4589 locis

1633 4590 1766 4659 Ipse
1791 4595 1848 4658 Ι)
1878 4592 2026 4658 suis,
2053 4592 2108 4644 et
2129 4579 2286 4643 asu'a
2309 4589 2640 4644 dioeceseos
2672 4585 2919 4659 synodis
2957 4579 3301 4654 Laudiantur.
3341 4603 3362 4628 »
3398 4579 3544 4634 Vide

1875 4658 2889 4734 Godefriﬂumineamdemlesem-
3206 4723 3222 4734 .
3471 4721 3506 4734 ..

1948 4731 2060 4801 (4t)
2110 4732 2218 4784 Hic
2251 4731 2528 4784 alluditur
2557 4731 2629 4782 ad
2673 4721 3036 4801 ge'nerosum
3083 4723 3228 4801 illud
3278 4721 3537 4801 Veienti-

1875 4793 2052 4858 niani'
2099 4802 2355 4857 senioris
2389 4801 2627 4871 factum,
2667 4793 2803 4871 quo
2836 4813 2970 4851 cum
3014 4796 3186 4871 inter_
3220 4793 3541 4864 praefectos

1875 4874 2096 4929 Juliani
2126 4876 2553 4939 numeraretur,
2600 4865 2934 4924 ministrum
2975 4865 3308 4939 quemdam,
3337 4880 3391 4939 Aa
3422 4879 3542 4939 quo

1877 4961 2028 5016 aqua
2075 4944 2307 5016 lustrali
2335 4935 2622 5013 aspersus
2671 4940 2880 5010 fuerat,
2934 4935 3187 5009 impacto
3236 4936 3296 4990 in
3328 4935 3540 4990 faciem

1875 5015 2076 5087 pugno
2109 5015 2339 5087 cecidit.

1946 5078 2062 5156 (42)
2095 5087 2228 5140 Non
2269 5085 2440 5140 aliter
2487 5099 2721 5155 quoque
2769 5080 3153 5156 Athanasius,
3214 5095 3350 5156 pag.
3411 5078 3540 5156 84_5,

1875 5150 2045 5213 dicit‘.
2084 5181 2105 5204 α
2131 5157 2375 5222 Quando
2393 5172 2426 5210 a
2448 5150 2681 5210 condito
2702 5169 2829 5208 aevo
2851 5153 3114 5207 auditum
3156 5155 3269 5220 est,
3306 5150 3542 5222 quando

1868 5229 2159 5299 judicium
2193 5227 2479 5282 Ecclesiae
2511 5226 2913 5281 auctoritatem
2963 5239 3131 5278 suam
3163 5222 3236 5276 ab
3284 5222 3539 5292 impera-

1872 5305 1999 5356 tore
2031 5301 2306 5370 accepit?
2337 5303 2448 5353 etc.
2479 5321 2500 5346 η

1945 5373 2058 5443 (43)
2089 5371 2264 5426 Corb.
2326 5370 2534 5439 codex,
2577 5391 2598 5415 ιι

1912 5459 2082 5497 ensu.

1875 5460 1906 5498 s
1946 5515 2058 5583 (44)
2080 5513 2222 5578 Quae
2246 5514 2306 5566 in
2331 5512 2631 5566 Ambrosii
2661 5511 2948 5583 electione
2987 5508 3187 5583 magis
3213 5502 3539 5583 singularia

1875 5571 2270 5654 contigerunt,
2295 5585 2391 5638 hic
2430 5582 2870 5654 modestissime
2903 5571 3285 5654 attinguntur.
3311 5571 3538 5654 .Ea‘fu-
3596 5607 3602 5613 -

1876 5659 2004 5710 sius
2036 5642 2278 5708 tractata
2309 5655 2574 5726 reperies
2617 5653 2771 5725 apud
2814 5642 3124 5705 Paulinu'm
3171 5647 3232 5700 in
3268 5642 3540 5718 ejusdem

1875 5726 2180 5786 Ambrosii
2212 5726 2363 5783 Vita.

2661 5368 2761 5439 qui
2817 5369 3053 5421 annuat.
3110 5385 3133 5415 ι
3195 5364 3328 5420 Non
3381 5363 3539 5417 bono
