4072 6174
575 283 753 350 1055

2117 293 2178 357 8.
2222 292 2668 358 AMBROSII.

3814 299 3922 368 1056

567 495 833 567 demisti;
863 497 1192 554 Auxentius
1223 513 1341 554 uno
1366 501 1658 554 momento
1679 499 1764 554 tot
1785 495 2236 569 pOpulos,quod
2275 485 2332 551 A
2359 497 2515 553 enim
2541 497 2748 553 laudes
2779 497 2914 570 ejus
2943 495 3100 552 ferre
3129 497 3400 568 possunt,
3425 495 3591 570 cujus
3609 496 3916 557 inﬁmitatem

563 587 625 640 in
655 587 786 656 ipso
819 589 928 656 est,
953 588 1266 643 trucidabit
1282 589 1432 644 alios
1451 588 1668 660 gladio,
1693 589 1844 644 alios
1875 588 2245 660 sacrilegio?

569 675 760 730 Meam
788 674 1096 731 basilicam
1127 677 1238 749 (7i)
1284 678 1426 750 petit
1474 682 1716 733 cruento
1750 694 1872 747 ore,
1907 677 2236 748 sanguino-

560 763 741 819 lentis
771 765 1062 820 manibus.
1109 766 1212 821 Cui
1255 767 1408 822 bene
1455 783 1727 837 praesens
1769 761 2079 837 respondit
2109 765 2235 820 lec-

561 853 641 908 tio
669 869 680 908 :
721 874 744 905 «
781 854 1085 910 Peccatori
1115 859 1304 910 autem
1337 857 1484 911 dixit
1514 857 1672 912 Deus
1707 873 1718 911 :
1753 855 1946 922 Quare
1975 859 2038 910 tu
2069 870 2240 910 enar-

561 941 932 1015 rasjustitias
973 960 1134 1000 meas
1161 946 1348 1016 (Psal.
1383 963 1540 1016 xux,
1577 946 1664 1016 16)
1687 947 1714 1000 ἱ)
1745 945 1804 1000 id
1825 948 1938 1026 est,
1964 959 2084 1000 non
2105 959 2244 1000 con-

563 1032 724 1086 venit
753 1033 885 1102 paci
915 1037 973 1088 et
1003 1033 1210 1105 furori,
1245 1051 1362 1090 non
1395 1035 1670 1090 convenit
1698 1034 1935 1090 Christo
1967 1037 2025 1089 et
2056 1033 2240 1089 Belial

571 1120 657 1190 (ΙΙ
675 1121 809 1176 Cor.
841 1139 920 1191 v1,
956 1122 1064 1192 15).
1098 1122 1450 1180 Meministis
1501 1125 1675 1180 etiam
1717 1125 1875 1196 quod
1904 1125 2121 1179 lectum
2148 1126 2241 1178 est

567 1209 743 1265 hodie
770 1210 1044 1266 Nabuthe
1075 1213 1184 1282 (2'2,
1217 1231 1276 1286 q.
1307 1214 1359 1285 8,
1395 1229 1446 1269 c.
1484 1213 1839 1284 Convenior,
1861 1213 1893 1287 ἕ
1912 1213 2235 1284 Nabuthe),

571 1302 843 1354 sanctum
871 1301 1064 1356 virum
1093 1318 1516 1373 possessorem
1551 1303 1744 1358 vinea:
1776 1319 1926 1372 suae,
1962 1302 2239 1374 interpel-

564 1387 746 1442 latum
793 1390 1071 1459 petitione
1113 1391 1300 1464 regia,
1333 1395 1397 1447 ut
1435 1393 1669 1448 vineam
1699 1407 1868 1446 suam
1899 1391 2102 1462 daret;
2137 1390 2236 1446 ubi

564 1492 692 1548 rex,
719 1479 977 1536 succisis
998 1480 1240 1550 vitibus,
1273 1481 1405 1537 olus
1427 1482 1544 1538 vile
1572 1484 1820 1552 sereret,
1855 1495 2108 1554 eumque
2137 1495 2238 1535 re-

566 1567 885 1636 spondisse
920 1583 932 1623 :
973 1589 993 1618 α
1027 1569 1202 1624 Absit
1232 1573 1294 1625 ut
1321 1587 1434 1644 ego
1465 1573 1697 1642 patrum
1725 1585 1992 1626 meorum
2011 1569 2238 1624 tradam

571 1654 976 1711 haereditatem
1007 1658 1119 1728 (III
1135 1659 1284 1730 Reg.
1317 1677 1440 1730 xm,
1472 1661 1528 1730 3)
1555 1675 1570 1730 ;
1601 1675 1806 1732 regem
1829 1659 2239 1714 contristatum

569 1759 730 1816 esse,
765 1745 924 1816 quod
963 1747 1080 1801 sibi
1109 1751 1274 1802 esset
1307 1749 1561 1802 alienum
1606 1748 1708 1819 jus
1747 1748 2032 1802 relatione
2075 1746 2238 1818 justa

563 1836 868 1904 negatum-
901 1835 1007 1889 sed
1039 1835 1309 1890 muliebri
1330 1837 1580 1892 consilio
1600 1838 1928 1907 deceptum.
1961 1836 2236 1890 Nabuthe

561 1921 713 1976 vites
745 1938 888 1977 suas
919 1924 1012 1977 vel
1046 1926 1284 1994 proprio
1325 1941 1550 1984 cruore.
1582 1926 1860 1980 defendit.
1897 1925 1959 1978 Si
2011 1925 2112 1978 ille
2143 1925 2234 1977 vi-

562 2026 734 2064 neam
769 2027 889 2066 non
919 2012 1155 2067 tradidit
1186 2029 1375 2084 suam,
1425 2031 1535 2068 nos
1569 2015 1868 2068 trademus
1900 2013 2232 2068 Ecclesiam

567 2098 791 2154 Christi
819 2103 850 2156 ‘?

641 2188 728 2242 18.
763 2188 914 2254 Quid
943 2190 1126 2263 igitur
1151 2209 1184 2246 a
1222 2207 1314 2246 me
1348 2209 1701 2264 responsum
1749 2195 1841 2247 est
1872 2191 2236 2247 contumaci-

564 2277 698 2332 ter?
727 2278 863 2333 Dixi
892 2281 1050 2334 enim
1091 2285 1418 2336 conventus
1452 2298 1464 2337 :
1499 2283 1671 2337 Absit
1718 2299 1749 2336 a
1782 2298 1873 2337 me
1918 2284 1979 2334 ut
2013 2282 2236 2335 tradam

567 2363 787 2420 Christi
830 2367 1254 2425 haereditatem.
1305 2371 1366 2426 Si
1404 2373 1503 2426 ille
1559 2375 1788 2442 patrum
1835 2371 2235 2425 haereditatcm

562 2469 682 2510 non
710 2457 966 2528 tradidit,
1001 2473 1114 2530 ego
1147 2459 1372 2514 tradam
1408 2460 1625 2515 Christi
1659 2457 2092 2516 haereditateml
2121 2457 2237 2513 Sed

565 2547 623 2598 et
653 2543 766 2599 hoc
796 2545 996 2600 addidi
1028 2563 1040 2601 :
1083 2569 1104 2595 ιι
1141 2549 1314 2604 Absit
1342 2553 1404 2604 ut
1434 2550 1659 2604 tradam
1698 2550 2100 2604 haereditatem
2129 2563 2236 2618 pa-

556 2633 734 2703 trum,
771 2656 794 2682 »
829 2633 941 2689 hoc
971 2638 1064 2689 est
1094 2636 1494 2692 haereditatem
1526 2639 1814 2710 Dionysii,
1851 2640 1952 2710 qui
1976 2638 2036 2691 in
2071 2637 2236 2690 exsi-

566 2720 646 2776 lio
674 2722 736 2776 in
765 2739 946 2778 causa
975 2725 1110 2780 fidei
1144 2727 1458 2782 defunctus
1499 2731 1612 2794 est,
1646 2728 2052 2782 haereditatem
2085 2725 2238 2780 Eus-

561 2811 743 2884 torgii
773 2812 1293 2886 (72lconfcssoris,
1319 2817 1718 2872 haereditatem
1735 2816 2036 2888 Myroclis,
2061 2817 2238 2885 atque

561 2900 823 2956 omnium
845 2905 1004 2958 retro
1034 2903 1294 2960 fidelium
1312 2906 1750 2976 episcoporum.
1775 2903 2080 2975 Respondi
2097 2919 2234 2975 ego,

565 2990 725 3061 quod
757 2992 1086 3048 sacerdotis
1117 2997 1228 3064 est,
1278 2995 1437 3066 quod
1479 2994 1852 3065 imperatoris
1901 2996 2013 3064 est,
2061 2994 2238 3050 faciat

559 3078 897 3150 imperator.
931 3082 1106 3138 Prius
1137 3085 1230 3140 est
1256 3086 1319 3140 ut
1346 3083 1600 3139 animam
1643 3083 1806 3154 mihi,
1850 3099 2026 3156 quam
2057 3083 2233 3139 ﬁdem

563 3168 809 3225 auferat.

2357 588 2723 658 praedicant?
2749 587 2950 658 Itaque
2981 590 3038 642 et
3065 586 3241 641 hodie
3273 601 3404 640 cum
3425 586 3674 640 laudatur
3697 587 3915 658 Christus,

2357 677 2710 732 Arianorum
2739 677 2989 731 amentia
3019 677 3384 736 verberatur.

2428 767 2516 821 20.
2549 766 2833 822 Geraseni
2867 766 3249 836 praesentiam
3276 763 3494 819 Christi
3520 764 3666 819 ferre
3689 781 3788 819 non
3810 771 3917 836 pote

2353 857 2484 910 rant
2515 855 2660 927 (Luc
2701 871 2827 926 vm,
2859 855 2972 924 8'7),
3007 854 3104 908 isti
3133 853 3374 926 pejores
3404 853 3705 908 Gerasenis
3731 870 3818 909 nec
3839 856 3917 910 lau-

2354 945 2648 1000 dationem
2679 943 2898 1000 Christi
2928 945 3230 998 sustinere
3264 947 3532 1014 possunt.
3562 943 3749 998 Vident
3772 960 3916 1014 pueros

2355 1033 2574 1089 Christi
2604 1033 2858 1107 gloriam
2907 1034 3326 1102 concinentes;
3373 1033 3510 1104 quia
3553 1032 3802 1103 scriptum
3829 1037 3914 1088 est:

2359 1145 2382 1171 «
2421 1123 2509 1176 Ex
2538 1138 2638 1177 ore
2669 1121 2978 1176 infantium
3008 1126 3064 1177 et
3093 1121 3430 1176 laetantium
3461 1119 3741 1192 perfecisti
3763 1122 3916 1175 laudem

2353 1211 2544 1284 (Psal.
2577 1229 2714 1283 vm,
2747 1211 2823 1282 3).
2861 1234 2882 1259 ιι
2919 1211 3171 1266 Irrident
3205 1211 3380 1266 istam
3411 1208 3690 1264 aetatulam
3717 1208 3822 1264 ﬁdei
3842 1209 3918 1280 ple-

2353 1316 2509 1368 nam,
2545 1317 2676 1356 cum
2709 1301 2910 1356 dicunt
2943 1315 2955 1356 :
2988 1323 3010 1348 «
3045 1300 3200 1356 Ecce
3221 1300 3362 1372 quid
3385 1300 3670 1354 clamant?
3693 1298 3914 1354 iSedres-

2353 1390 2558 1462 pondit
2587 1391 2663 1444 iis
2691 1389 2966 1445 Christus
2999 1406 3012 1445 :
3049 1413 3072 1438 ιι
3108 1390 3172 1444 Si
3201 1389 3262 1444 hi
3304 1389 3602 1458 tacebunt,
3645 1386 3830 1458 lapides
3849 1387 3916 1442 cla-

2353 1479 2596 1534 mabunt
2616 1481 2780 1551 (Luc.
2802 1497 2926 1549 XIX,
2949 1480 3062 1550 40),
3087 1479 3201 1534 hoc
3231 1481 3342 1547 est,
3368 1477 3640 1532 fortiores
3662 1475 3912 1542 clamabunt,

2355 1569 2690 1624 clamabunt
2732 1571 2790 1624 et
2830 1568 3118 1640 juvenes,
3169 1567 3507 1622 clamabunt
3551 1568 3605 1620 et
3644 1564 3912 1630 maturiores,

2353 1658 2688 1713 clamabunt
2724 1661 2796 1712 et'
2813 1673 2992 1713 senes
3037 1674 3048 1712 :
3083 1658 3184 1712 isti
3206 1657 3442 1728 lapides
3473 1656 3544 1710 ad
3575 1655 3724 1709 illum
3747 1653 3831 1721 (73)
3848 1652 3915 1723 jam

2352 1747 2588 1802 solidati
2621 1747 2895 1818 lapidem,
2936 1748 3009 1802 de
3043 1762 3159 1818 quo
3189 1747 3480 1817 scriptum
3511 1748 3601 1798 est
3638 1760 3651 1799 ε
3687 1765 3706 1789 α
3734 1742 3916 1812 Lapidem

2273 1867 2321 1924 Β
2352 1852 2528 1908 quem
2557 1837 3024 1908 reprobaverunt
3053 1835 3440 1906 aedificantes,
3465 1834 3562 1890 hic
3592 1832 3767 1888 factus
3789 1834 3854 1885 est
3885 1829 3916 1883 in

2354 1929 2527 1997 caput
2549 1926 2750 1999 anguli
2781 1925 2968 1996 (Psal.
2991 1941 3169 1995 cxvn,
3204 1924 3316 1995 22).

2421 2015 2510 2070 21.
2546 2016 2654 2070 His
2701 2015 2883 2087 igitur
2937 2014 3378 2070 laudationibus
3429 2013 3698 2068 invitatus
3728 2007 3916 2078 templum

2352 2119 2527 2159 suum
2555 2102 2831 2159 Christus
2862 2103 3214 2175 ingreditur,
3261 2105 3320 2157 et
3347 2101 3643 2174 ﬂagellum
3681 2095 3913 2169 prehendit,

2352 2196 2409 2248 et
2439 2192 2602 2263 ejicit
2623 2193 2694 2247 de
2715 2193 2931 2264 templo
2953 2191 3391 2247 nummularios
3425 2191 3614 2261 (Joan.
3653 2205 3708 2258 ιι,
3728 2187 3816 2257 15).
3841 2183 3918 2237 Non

2351 2283 2568 2352 patitur
2596 2282 2750 2336 enim
2779 2281 2840 2336 in
2871 2297 2981 2336 suo
3002 2281 3221 2352 templo
3251 2279 3525 2352 pecuniae
3569 2292 3696 2334 esse
3721 2286 3918 2330 vernacu-

2352 2371 2466 2441 los,
2491 2387 2610 2426 non
2638 2371 2858 2442 patitur
2877 2371 2937 2425 in
2967 2385 3078 2425 suo
3101 2370 3319 2440 templo
3345 2384 3486 2425 esse
3508 2383 3610 2424 eos
3639 2365 3730 2439 qui
3753 2361 3920 2418 vendant

2352 2461 2686 2516 cathedras.
2721 2459 2872 2526 Quid
2903 2463 3043 2515 sunt
3071 2459 3394 2530 cathedrm,
3419 2457 3538 2514 nisi
3557 2447 3918 2513 honores?Quid

2352 2552 2491 2605 sunt
2521 2549 2832 2620 columbte,
2864 2549 2982 2604 nisi
3011 2548 3319 2620 simplices
3343 2549 3594 2616 mentes,
3617 2544 3704 2600 vel
3721 2534 3917 2596 animai-

2347 2639 2482 2694 dem
2513 2639 2820 2694 candidam
2839 2641 2896 2693 et
2915 2653 3122 2709 puram
3136 2640 3462 2708 sequentes
3481 2637 3510 2690 ?
3532 2635 3653 2706 Ego
3671 2645 3794 2702 ergo
3809 2625 3920 2682 indu-

2352 2745 2480 2784 cam
2509 2727 2572 2783 in
2591 2728 2892 2799 templum,
2924 2743 3101 2800 quem
3121 2726 3402 2782 Christus
3435 2722 3722 2781 excludit?
3746 2715 3919 2774 labetur

2351 2818 2506 2873 enim
2525 2819 2708 2888 exire,
2725 2818 2827 2889 qui
2839 2817 3157 2889 dignitates
3175 2815 3380 2871 vendit
3397 2817 3455 2870 et
3467 2815 3712 2869 honores
3733 2803 3924 2879 :jubetnr

2351 2907 2534 2978 exire,
2567 2907 2670 2978 qui
2709 2906 2968 2962 vendere
2995 2905 3120 2960 vult
3152 2904 3462 2976 simplices
3492 2903 3706 2958 mentes
3721 2892 3922 2952 ﬁdelium.

2419 2997 2508 3051 22.
2551 2995 2712 3068 Ergo
2743 2996 3078 3050 Auxentius
3109 2993 3371 3068 ejicitur,
3405 2990 3759 3048 Mercurinus
3788 2979 3924 3039 exclu-
3976 3043 3977 3046 η

2349 3086 2524 3142 ditur.
2559 3085 2754 3140 Unum
2767 3088 3101 3156 portentum
3119 3087 3233 3154 est,
3263 3083 3384 3138 duo
3416 3081 3665 3154 nomina,
3694 3072 3924 3132 Etenimne

2349 3177 2819 3246 cognosceretur
2847 3174 2950 3246 qui
2979 3176 3164 3243 esset,
3196 3173 3446 3228 mutavit
3483 3169 3598 3226 sibi
3623 3161 3922 3246 vocabulum;

625 3259 712 3314 19.
740 3261 812 3314 At
842 3261 935 3316 cui
967 3262 1240 3318 tradam?
1267 3265 1549 3318 Praesens
1581 3262 1753 3317 lectio
1784 3262 2091 3334 Evangelii
2125 3263 2229 3316 do-
2265 3229 2314 3292 Ο
2424 3229 2576 3337 cquia
2606 3264 2703 3318 hic
2733 3229 2926 3318 fuerat
2947 3229 3278 3318 Auxentius
3310 3261 3630 3332 episcopus
3645 3241 3922 3315 Arianus,ad

559 3365 694 3406 cere
724 3366 836 3406 nos
867 3351 1060 3422 debet,
1092 3352 1234 3424 quid
1263 3354 1514 3424 petatur,
1537 3368 1570 3406 a
1598 3352 1816 3424 quibus
1837 3355 2086 3422 petatur.
2113 3352 2231 3407 Au-

557 3439 732 3495 distis
773 3455 982 3512 nempe
1012 3441 1152 3514 legi,
1187 3442 1344 3513 quod
1381 3458 1515 3497 cum
1561 3437 1836 3496 Christus
1883 3457 2066 3511 super
2093 3442 2230 3512 pul-

556 3529 678 3584 lam
708 3529 894 3586 asinae
924 3531 1180 3602 sederet,
1217 3531 1545 3586 clamabant
1587 3531 1844 3602 pueruli,
1896 3534 1952 3586 et
1983 3531 2229 3585 moleste

553 3619 825 3675 ferebant
851 3620 1043 3676 Judaei
1072 3621 1236 3692 (Luc.
1259 3638 1383 3691 χιχ,
1417 3620 1633 3691 35-38).
1659 3620 1922 3692 Denique
1953 3620 2231 3691 interpel-

552 3707 825 3769 laverunt
853 3710 1168 3766 Dominum
1198 3711 1425 3780 Jesum,
1460 3710 1727 3764 dicentes
1777 3715 1839 3765 ut
1873 3709 2091 3765 faceret
2120 3725 2226 3765 eos

550 3799 748 3854 tacere
773 3815 788 3867 ;
819 3800 1124 3870 respondit
1149 3817 1160 3854 :
1190 3821 1210 3848 «ι
1239 3799 1301 3854 Si
1330 3791 1392 3853 hi
1420 3799 1726 3867 tacuerint,
1754 3799 1982 3870 lapides
2014 3799 2226 3853 clama-

463 3919 466 3923 -
547 3885 696 3941 bunt
725 3887 902 3954 (Ibid.
925 3887 1038 3958 40).
1074 3887 1296 3943 Deinde
1344 3888 1662 3962 ingressus
1713 3889 2014 3958 templum,
2050 3887 2226 3959 ejecit

547 3975 997 4046 nummularios,
1029 3978 1087 4031 et
1115 3977 1446 4046 cathedras,
1482 3980 1537 4031 et
1559 3977 1866 4032 columbas
1891 3977 2221 4032 vendentes

543 4062 606 4117 in
623 4064 850 4134 templo
882 4065 1009 4120 Dei.
1045 4065 1247 4120 Lectio
1281 4081 1489 4136 nempe
1510 4066 1624 4120 ista
1648 4066 1808 4119 nulla
1839 4065 1983 4129 869
2016 4069 2222 4120 nostra

548 4151 942 4222 dispositione
990 4154 1232 4208 recitata
1278 4157 1388 4224 est,
1423 4154 1529 4209 sed
1574 4170 1718 4208 casu
1752 4170 1764 4208 :
1800 4170 1932 4225 quae
1963 4169 2225 4224 praesen-

546 4241 708 4297 tibus
737 4242 890 4298 bene
907 4246 1137 4314 aptatur
1153 4243 1540 4314 temporibus.
1565 4243 1811 4314 Semper
1829 4259 1974 4314 ergo
1997 4243 2222 4298 Christi

545 4331 754 4387 laudes
783 4332 1032 4388 verbera
1061 4333 1422 4404 perfidorum
1453 4335 1610 4386 sunt.
1647 4333 1716 4386 Et
1748 4349 1903 4387 nunc
1937 4350 2070 4388 eum
2091 4335 2226 4388 lau-

547 4421 721 4476 datur
745 4421 1044 4493 Christus,
1081 4421 1284 4476 dieunt
1325 4421 1589 4476 hmretici
1633 4422 1768 4493 quia
1808 4422 2021 4477 seditio
2053 4438 2219 4477 com-

547 4513 844 4568 movetur:
866 4511 1068 4567 dicunt
1087 4511 1353 4566 haeretici
1374 4511 1510 4583 quia
1551 4510 1646 4565 his
1668 4527 1830 4566 mors
1863 4511 2220 4584 parabatur;

546 4603 604 4656 et
622 4617 762 4656 vere
785 4603 1034 4656 mortem
1053 4601 1274 4656 habent
1290 4601 1349 4656 in
1362 4599 1640 4656 laudibus
1653 4599 1892 4656 Christi.
1913 4601 2218 4666 Quomodo

614 4744 728 4815 (71)
761 4745 972 4802 Plures
1003 4761 1175 4814 mss.,
1211 4766 1235 4797 α
1272 4745 1408 4802 Misi
1424 4747 1774 4816 basilicam;
1811 4766 1833 4796 ν
1869 4745 1967 4800 alii
1989 4747 2046 4800 et
2075 4745 2214 4800 edit.

543 4829 790 4889 omnes,
846 4838 869 4868 σι
916 4819 1108 4874 Meam
1152 4818 1490 4889 basilicam,
1545 4839 1568 4869 α
1615 4819 1728 4872 hoc
1761 4820 2094 4889 est,7unam
2145 4833 2219 4872 ex

543 4887 724 4972 meis;
756 4887 1168 4972 erantquippe
1199 4905 1318 4972 non
1357 4887 1562 4972 paucae
1595 4888 1932 4972 Mediolani.

613 4959 726 5028 ('72)
756 4961 820 5013 In
852 4959 1160 5015 codicibus
1189 4959 1718 5016 varie’scribuntur
1738 4962 1974 5014 nomina
2005 4959 2217 5014 horum

542 5030 959 5103 episcoporum
985 5048 999 5100 ;
1033 5048 1167 5086 nam
1189 5031 1249 5085 in
1279 5033 1633 5102 quibusdam
1665 5030 1944 5103 Extorgf,
1969 5035 2022 5084 et
2053 5031 2218 5103 Eux-

539 5102 852 5173 torgizpro
873 5102 1206 5173 Eustorgii,
1234 5103 1389 5158 sicut
1419 5106 1476 5158 et
1503 5103 1805 5170 Metrocli,
1839 5102 1908 5157 ac
1937 5102 2210 5165 Meroeli,

540 5187 648 5245 pro
669 5171 964 5245 ΜγιορρΙίε
985 5171 1254 5229 habetur.
1289 5174 1424 5228 Fuit
1451 5178 1644 5229 autem
1658 5176 1972 5244 Myrocles,
2008 5174 2059 5227 si
2085 5188 2217 5228 cre-

540 5241 797 5316 dendum
819 5244 1096 5316 Ughello,
1121 5248 1368 5300 octavus
1391 5241 1853 5300 Mediolanensis
1874 5247 2213 5316 episcopus,

542 5314 640 5369 sin
658 5330 802 5388 vero
819 5314 1142 5386 sequamur
1159 5318 1631 5372 vetustissimum
1654 5314 1986 5388 catalogum
2010 5317 2070 5370 in
2094 5317 2217 5370 Mu-

537 5402 657 5460 saeo
685 5385 892 5460 Italico
910 5385 1058 5459 pag.
1100 5388 1203 5442 110
1248 5389 1572 5460 vulgatum,
1619 5385 1908 5458 septimus
1941 5405 1974 5442 a
2007 5389 2212 5442 sancto

542 5457 622 5510 Ba
632 5459 834 5530 rnaba,
851 5460 952 5530 qui
964 5457 1380 5515 recentissima
1392 5477 1566 5514 manu
1579 5457 1900 5528 exemplari
1914 5459 2212 5528 ascriptus

536 5529 1180 5604 traditur.iEustorgius
1199 5534 1254 5586 et
1270 5531 1424 5600 apud
1444 5531 1832 5604 Ughellum_e_t
1847 5531 2000 5604 apud
2016 5530 2216 5604 Mabilj

536 5601 762 5658 Ionium
793 5601 1070 5657 decimus
1091 5604 1452 5656 numeratur.
1487 5601 1559 5654 Ᾱι
1579 5616 1722 5671 vero
1745 5601 2088 5671 Dionysius,
2113 5601 2216 5671 qui

542 5674 766 5726 tantum
793 5673 966 5727 tertio
999 5673 1228 5726 decimo
1277 5671 1410 5726 loco
1459 5671 1517 5723 in
1567 5670 1740 5724 Italia
1767 5670 1938 5726 sacra
1983 5670 2216 5740 ponitur

551 5740 935 5816 Eustorgium
951 5743 1012 5798 in
1028 5743 1202 5797 citato
1214 5742 1440 5797 Musaeo
1459 5755 1612 5812 pone
1634 5741 1922 5812 sequitur.
1947 5741 2120 5798 Hunc
2141 5757 2211 5797 eo

2345 3354 2752 3424 decipiendam
2799 3351 3063 3424 plebem,
3109 3367 3284 3424 quam
3324 3351 3430 3406 ille
3477 3348 3744 3412 tenuerat,
3777 3355 3830 3395 se
3855 3348 3921 3424 vo:

2345 3419 2504 3498 caret
2523 3419 2880 3497 Auxentium
2901 3441 3034 3513 (74).
3050 3419 3313 3494 Mutavit
3335 3455 3484 3512 ergo
3505 3433 3833 3496 vocabulum,
3855 3419 3920 3513 sed

2341 3533 2647 3604 perfidiam
2669 3547 2788 3587 non
2819 3511 3064 3585 mutavit
3098 3547 3111 3584 :
3146 3530 3309 3584 exuit
3341 3511 3565 3600 lupum,
3597 3511 3922 3608 sedindullllfj

2341 3603 2503 3694 immo
2537 3621 2702 3676 Nihil
2731 3620 2976 3693 prodest
3013 3619 3173 3692 quod
3203 3619 3454 3674 mutavit
3488 3627 3724 3681 nomen;
3749 3603 3856 3680 quid
3876 3603 3922 3652 si!

2340 3710 2708 3782 agnoscitur.
2760 3709 2938 3764 Alius
2966 3709 3027 3763 in
3075 3708 3333 3779 Scythiae
3384 3705 3647 3780 partibus
3683 3695 3918 3782 dicebam.

2339 3779 2491 3854 alius
2523 3799 2620 3854 hic
2647 3801 2894 3854 vocatur
2928 3814 2940 3852 :
2975 3797 3214 3852 nomina
3263 3779 3397 3868 pro?
3422 3792 3748 3868 regionibus
3785 3779 3917 3838 habet.

2337 3888 2530 3943 Habet
2559 3903 2704 3960 ergo
2730 3887 2854 3960 jam
2875 3887 2990 3943 duo
3023 3886 3293 3956 nomina;
3326 3891 3386 3941 et
3417 3887 3469 3941 si
3500 3885 3631 3940 hinc
3657 3879 3754 3935 alio
3779 3880 3918 3960 ρεπε-

2335 3978 2508 4048 xerit,
2541 3959 2782 4033 habebit
2811 3979 2868 4032 et
2897 3977 3153 4032 tertium.
3207 3975 3516 4041 Quomodo
3563 3971 3706 4027 enim
3742 3959 3919 4036 patietur

2333 4069 2398 4122 ut
2427 4069 2657 4122 maneat
2679 4067 2730 4122 ei
2764 4065 3119 4121 vocabulum
3148 4065 3222 4120 ad
3253 4064 3400 4118 tanti
3429 4061 3668 4118 sceleris
3694 4049 3919 4110 indicium'

2336 4156 2562 4212 Minora
2590 4156 2729 4211 fecit
2757 4156 2816 4210 in
2848 4155 3124 4226 Scythia;
3175 4157 3231 4210 et
3260 4155 3339 4208 ita
3371 4151 3620 4220 erubuit,
3662 4149 3716 4201 ut
3739 4132 3916 4226 mutari?t

2333 4246 2691 4302 vocabulum
2738 4261 2751 4301 :
2800 4224 3182 4301 sceleratiora
3220 4243 3318 4299 hic
3365 4257 3552 4298 ausus
3579 4239 3694 4306 est;
3723 4234 3770 4288 et
3793 4224 3912 4284 volet,

2335 4351 2692 4407 quocunque
2723 4335 3072 4406 perrexerit,
3120 4334 3360 4390 nomine
3405 4345 3516 4387 suo
3545 4324 3740 4401 prodi?
3777 4313 3915 4407 Tanto:

2333 4398 2464 4480 rum
2512 4424 2867 4495 populorum
2907 4423 3264 4496 sanguinem
3310 4436 3489 4476 manu
3534 4433 3636 4474 sua
3665 4398 3910 4470 scribet.et

2331 4514 2547 4586 poterit
2579 4513 2914 4569 consistere
2946 4513 3141 4568 animo
3163 4513 3192 4566 ?

2403 4603 2492 4658 ‘23.
2519 4602 2755 4658 Paucos
2785 4601 3139 4658 excludebat
3167 4600 3456 4656 Dominus
3485 4597 3654 4653 Jesus
3681 4589 3742 4645 de
3760 4573 3909 4648 temp“

2329 4746 2489 4819 quod
2519 4745 2907 4819 Athanasium
2945 4745 3006 4799 in
3042 4744 3271 4819 synodo
3301 4741 3533 4819 Mediol.
3583 4737 3818 4819 damnat}
3838 4720 3907 4819 άξζ

2327 4801 2663 4888 tractasset,
2711 4833 2745 4870 a
2785 4801 3131 4872 Constantio
3182 4815 3436 4912 eiectum
3487 4813 3543 4866 in
3588 4803 3835 4891 exsilium,
3866 4801 3904 4881 "1.

2327 4889 2423 4912 ιιι-
2466 4890 2610 4912 3:-..
2650 4888 2870 4912 -L::......
2900 4888 3074 4912 4---.)3
3109 4888 3195 4912 η.-
3225 4901 3357 4912 ...κη
3381 4885 3458 4912 ιη.
3513 4900 3526 4912 .
3559 4879 3676 4912 Hm!
3721 4859 3904 4912 nam“).

2327 4862 3691 4944 ἷὶιῦῗῇἒῖὂιιῖίεὲζὶῖ-ἔῶῖ’ἑιιῖἰξῖιῖιὲ“ἱῖἰ›.“ῖῐ1ίει.
3721 4883 3820 4938 cap.
3837 4862 3905 4922 i9;

2330 4960 2749 5048 Sosrtaslibs
2771 4977 2833 5048 ειν
2867 4959 3118 5048 999136,
3152 4957 3472 5048 atinas}?
3857 4995 3904 5048 ad

2403 5013 2844 5103 (ἧίέᾷίΜεέίιιοίι
2882 5013 3151 5101 pauci,'«
3190 5013 3249 5084 et
3285 5043 3464 5084 senes
3509 5013 3822 5082 istiiaudes,
3857 5016 3879 5053 θ

2329 5103 2517 5184 illam:
2551 5105 2662 5184 9.10-
2702 5122 2726 5152 ι
3431 5173 3442 5184 .
3493 5157 3896 5184 .

2405 5163 2520 5245 (74)
2548 5173 2767 5244 Omnes
2806 5173 2966 5261 e‘dit.,
3022 5187 3160 5261 «use
3211 5163 3898 5261 γὲςθιτθῐιῇίεὶιζοῇιξξὶῧξιηῖξπξης

2328 5229 2534 5318 omnes
2577 5237 2758 5314 mss,
2809 5229 3207 5318 Auxentium.
3246 5243 3317 5318 Et
3363 5229 3893 5318 certe_cprff£_°_tf°f£f

2326 5317 2489 5398 hanc.
2519 5293 2980 5398 sensusexigit.
3022 5315 3082 5398 id
3117 5315 3271 5398 enim
3302 5309 3550 5395 hocloci
3586 5293 3896 5398 ἱξιάξοξξῖξεᾟξ

2325 5387 2778 5474 brosius‘istum
2811 5366 2911 5474 quc;
2960 5386 3070 5441 sub
3120 5383 3435 5474 h‘lelrcuri‘ni
3481 5376 3690 5474 nomiie

2325 5461 2616 5542 evaserat,
2639 5461 2700 5513 ut
2722 5459 2784 5542 in
2803 5441 3155 5540 Krianorum
3177 5448 3693 5542 Mediolanensigff‘,
3712 5441 3896 5542 (Ιηυηίξᾞξ

2326 5513 2567 5614 ultimus
2601 5513 3154 5616 pseudoep‘iscopps
3172 5527 3498 5616 .éuxentius
3522 5513 3893 5616 fue‘l‘ﬂlﬂmﬁ

2326 5583 3021 5658 nominislsimilitudine
3044 5583 3307 5654 ‘facilius
3358 5591 3650 5665 irreperet,
3688 5583 3848 5636 Λυιεη

2327 5673 2826 5744 nuncupationem
2845 5673 3185 5744 adoptasse.
