4072 6174
141 387 317 451 1057

1324 382 1939 451 EPISTOLARUM
1982 382 2325 450 CLASSIS
2369 386 2419 451 Ῑ.

3449 390 3610 456 1058

139 602 284 658 suo,
305 586 640 642 Auxentius
656 586 884 642 nullum
906 585 1166 658 reliquit.
1184 585 1270 641 De
1282 586 1505 656 tempIo
1521 601 1631 641 suo
1645 586 1827 642 Jesus
1864 568 1923 626 Α
2013 583 2101 643 26.
2140 586 2285 642 Haec
2324 602 2458 660 ego,
2502 586 2965 658 fratres,coram
2991 588 3125 661 ipso
3154 590 3311 662 apud
3336 606 3447 647 vos
3476 592 3608 663 ple—

147 675 390 749 ﬂagello
435 675 619 748 ejicit,
671 676 1008 732 Auxentius
1058 676 1295 748 gladio:
1333 676 1515 731 Jesus
1570 676 1825 747 ﬂagello,

153 765 533 820 Mercurinus
592 765 814 820 securi.
875 766 1018 820 Pius
1076 765 1363 821 Dominus
1410 765 1647 838 flagello
1677 758 1825 821 870

150 854 426 909 exturbat
448 854 812 926 sacrilegos;
840 870 1088 925 nequam
1108 854 1627 926 persequiturpios
1643 854 1820 909 ferro.

151 944 241 999 De
270 958 386 1015 quo
415 942 568 998 bene
599 943 838 998 dixistis
869 943 1044 998 hodie
1072 960 1083 998 :
1121 944 1317 1016 Leges
1341 959 1485 998 suas
1507 959 1712 998 secum
1734 942 1823 998 fe-

150 1035 264 1087 rat.
289 1032 480 1101 Feret,
513 1032 757 1091 etiamsi
796 1032 971 1087 nolit:
1004 1032 1155 1087 feret
1178 1032 1598 1087 conscientiam
1632 1048 1821 1101 suam,

149 1121 269 1176 etsi
301 1136 419 1175 non
449 1119 566 1175 fert
598 1120 961 1176 chartulam:
998 1121 1460 1194 feretsanguine
1480 1122 1827 1192 inscriptam

148 1210 410 1264 animam
458 1225 646 1279 suam,
698 1210 812 1264 etsi
851 1212 1175 1265 atramento
1224 1211 1568 1281 inscriptam
1600 1211 1825 1282 episto-

150 1298 274 1353 lam
302 1314 419 1354 non
449 1298 618 1354 feret.
653 1298 883 1369 Scripta
913 1302 1023 1368 est,
1049 1299 1221 1370 Juda,
1245 1300 1416 1370 culpa
1444 1304 1543 1354 tua
1573 1299 1824 1372 graphio

146 1388 356 1443 ferreo
392 1391 449 1442 et
472 1402 673 1459 ungue
701 1374 1095 1458 adamantino,
1131 1391 1189 1443 et
1219 1389 1440 1460 scripta
1490 1390 1550 1444 in
1581 1392 1824 1459 pectore

143 1479 257 1531 tuo
288 1477 532 1545 (Jerem.
554 1493 697 1548 xvn,
733 1477 807 1548 1),
841 1477 956 1533 hoc
987 1480 1099 1548 est,
1134 1477 1216 1532 ibi
1247 1478 1488 1549 scripta,
1523 1478 1681 1533 unde
1697 1493 1828 1549 pro-

153 1564 364 1619 cessit.

230 1653 321 1707 24.
352 1653 409 1707 Is
438 1653 583 1707 mihi
624 1653 798 1707 etiam
825 1654 1000 1708 audet
1039 1655 1396 1710 mentionem
1444 1654 1641 1710 facere
1672 1657 1821 1709 trac-

156 1742 323 1796 tandi
352 1742 482 1812 ('75),
512 1742 726 1812 plenus
775 1744 1110 1814 sanguinis,
1159 1745 1374 1814 plenus
1405 1745 1682 1800 cruoris?
1711 1742 1822 1808 Qui

158 1846 315 1902 quos
337 1846 457 1885 non
474 1830 730 1901 potuerit
751 1846 1027 1886 sermone
1043 1832 1336 1903 decipere,
1365 1848 1469 1888 eos
1491 1833 1688 1911 gladio
1710 1848 1822 1902 pu-

1943 676 2082 732 nius
2112 677 2516 747 disputarem;
2549 678 2653 732 sed
2689 680 2887 733 certus
2918 695 3033 734 non
3065 680 3310 752 ignaros
3326 696 3439 737 vos
3465 698 3604 738 esse

1942 764 2101 836 ﬁdei,
2126 768 2393 821 vestrum
2418 766 2638 839 refugit
2658 782 2927 838 examen,
2952 771 3006 824 et
3042 770 3296 841 gentiles
3319 771 3609 843 quosdam

1942 858 2195 926 quatuor
2215 860 2315 910 aut
2354 856 2613 927 quinque
2655 856 2840 912 ferme
2881 857 3153 913 homines
3189 859 3368 932 elegit
3398 861 3608 933 cogni-

1940 946 2103 998 tores
2128 944 2246 998 sibi
2268 944 2404 1014 ('76),
2431 945 2485 999 si
2506 948 2702 1001 tamen
2724 945 2955 1017 aliquos
2975 947 3185 1019 elegit:
3220 965 3373 1020 quos
3394 950 3608 1006 vellem

1939 1032 2157 1087 adesse
2198 1032 2259 1086 in
2299 1035 2454 1087 coetu
2494 1034 2774 1103 omnium,
2806 1050 2925 1088 non
2972 1038 3035 1090 ut
3066 1036 3139 1090 de
3180 1036 3415 1093 Christo
3440 1037 3605 1110 judi-

1942 1124 2095 1192 cent,
2116 1122 2225 1176 sed
2243 1125 2305 1176 ut
2326 1121 2697 1193 majestatem
2737 1123 2974 1178 audiant
2992 1123 3234 1180 Christi.
3272 1126 3490 1182 'l‘amen
3521 1128 3607 1182 illi

1934 1208 2061 1280 jam
2081 1210 2154 1265 de
2175 1211 2471 1265 Auxentio
2489 1212 3036 1283 pronuntiaverunt,
3058 1214 3450 1269 cuitractandi
3466 1232 3606 1288 quo-

1940 1298 2081 1354 tidie
2098 1314 2216 1354 non
2230 1299 2628 1355 crediderunt.
2645 1300 2787 1365 Quae
2800 1301 2992 1373 major
3011 1302 3146 1374 ejus
3166 1304 3597 1376 condemnatio,

1940 1413 2115 1469 quam
2134 1397 2290 1470 quod
2311 1389 2451 1453 871
2491 1398 2619 1453 sine
2642 1399 2984 1455 adversario
3002 1402 3156 1472 apud
3185 1400 3425 1473 judices
3457 1418 3604 1459 suos

1938 1486 2134 1541 victus
2184 1488 2323 1542 est?
2374 1486 2532 1559 Ergo
2578 1490 2637 1541 et
2688 1488 2955 1558 ipsorum
3005 1490 3356 1547 sententiam
3402 1495 3606 1549 contra

1938 1574 2296 1630 Auxentium
2319 1575 2443 1645 jam
2476 1580 2767 1632 tenemus.

2009 1681 2097 1736 2'7.
2132 1680 2205 1735 Et
2234 1681 2392 1753 quod
2426 1686 2636 1750 gentes
2668 1683 2867 1756 elegit,
2895 1684 3033 1756 jure
3072 1685 3440 1747 damnandus
3471 1692 3602 1763 est;

1941 1769 2077 1842 quia
2111 1769 2378 1840 Apostoli
2402 1774 2697 1841 praecepta
2726 1772 2967 1842 dimisit,
3002 1790 3135 1829 cum
3166 1777 3488 1847 Apostolus
3520 1780 3607 1834 di-

1942 1862 2034 1913 cat
2058 1874 2070 1914 :
2110 1882 2131 1906 «
2154 1859 2346 1913 Audet
2371 1859 2586 1931 aliquis
2608 1863 2872 1915 vestrum
2904 1861 3195 1919 adversus
3214 1866 3460 1922 alterum
3491 1868 3602 1924 ha-

149 1922 237 1974 ίθί
258 1934 395 2029 isse
415 1918 741 2029 Ῑθτίξηάῗεν
768 1924 1044 2029 “uenia?
1062 1920 1231 2029 Ῐθξθξδ
1251 1938 1352 1976 ore
1375 1922 1626 2029 δίθίξῖξδν
1644 1934 1821 2023 mila.“
1868 1941 1919 2003 B
1938 1948 2091 2003 bens
2109 1949 2431 2020 negotium,
2449 1918 2707 2019 j‘udicari
2741 1951 2897 2020 apud
2922 1950 3181 2023 iniquos,
3225 1957 3282 2008 et
3302 1969 3421 2011 non
3448 1959 3605 2029 apud

153 2009 455 2080 scribens,
488 2011 545 2062 et
575 2012 789 2078 putans
820 2010 977 2080 quod
1008 2010 1106 2064 lex
1136 2010 1311 2065 fidem
1341 2013 1535 2081 possit
1564 2010 1821 2066 homini-

151 2097 273 2153 bus
294 2097 604 2168 imperare.
629 2097 765 2153 Non
784 2098 1009 2153 audivit
1029 2102 1087 2153 et
1122 2098 1181 2153 id
1203 2101 1361 2171 quod
1394 2100 1572 2155 hodie
1602 2101 1824 2155 dictum

149 2188 285 2242 est:
316 2208 338 2237 ι
359 2185 645 2251 Quoniam
665 2201 785 2241 non
813 2185 1176 2258 justiticatur
1210 2189 1387 2243 homo
1420 2203 1498 2243 ex
1537 2188 1820 2259 operibus

147 2275 312 2348 legis
341 2274 557 2346 (Galat.
590 2292 650 2345 ιι,
685 2275 795 2347 16),
830 2300 852 2322 ι»
890 2279 1023 2331 aut:
1081 2300 1103 2325 α
1140 2276 1256 2331 Per
1286 2277 1480 2349 legem
1507 2276 1629 2349 legi
1660 2293 1823 2333 mor-

152 2369 298 2419 tuus
330 2380 491 2435 sum,
532 2368 595 2418 ut
623 2364 746 2419 Deo
787 2365 983 2420 vivam
1028 2365 1207 2436 (Ibid.
1242 2365 1352 2436 19),
1407 2389 1431 2415 ιι
1482 2366 1542 2420 id
1572 2369 1683 2441 est,
1718 2382 1825 2437 per

144 2453 350 2525 legem
381 2454 709 2524 spiritalem
740 2453 1207 2525 interpretationi
1235 2454 1396 2526 legis
1429 2456 1523 2509 est
1551 2458 1821 2511 mortuus

154 2542 471 2612 corporali.
532 2542 603 2597 Et
632 2558 743 2597 nos
791 2558 898 2613 per
924 2543 1121 2614 legem
1167 2543 1401 2598 Domini
1431 2544 1620 2599 nostri
1649 2544 1825 2615 EJesu

153 2630 383 2686 Christi
423 2632 745 2686 moriamur
784 2632 921 2686 huic
974 2632 1114 2705 legi,
1167 2648 1300 2704 quae
1348 2634 1541 2688 sancit
1588 2632 1824 2689 decreta

154 2720 447 2791 perﬁdiis.
480 2720 616 2776 Non
635 2720 733 2776 lex
764 2720 1093 2776 Ecclesiam
1114 2722 1520 2795 congregavit,
1546 2723 1651 2777 sed
1675 2723 1824 2778 fides

150 2808 401 2864 Christi.
434 2809 561 2863 Lex
590 2809 746 2864 enim
776 2826 895 2865 non
923 2813 1016 2865 est
1044 2826 1119 2865 ex
1150 2811 1265 2866 fide
1291 2828 1305 2867 :
1342 2834 1365 2860 «ι
1390 2812 1601 2867 Justus
1630 2815 1823 2867 autem

150 2913 235 2953 ex
266 2898 380 2952 fide
407 2898 554 2953 vivit
583 2898 802 2969 (Galat.
825 2916 908 2969 ιιι,
934 2899 1043 2970 11).
1067 2900 1304 2955 Justum
1333 2916 1479 2973 ergo
1510 2902 1682 2972 ﬁdes,
1706 2917 1826 2957 non

150 2987 260 3043 lex
290 2987 465 3057 facit;
496 2988 634 3059 quia
665 3003 783 3043 non
815 2991 908 3043 est
936 3004 1044 3059 per
1071 2989 1266 3061 legem
1291 2989 1545 3061 justitia,
1580 2991 1689 3046 sed
1716 3007 1825 3061 per

154 3076 339 3131 ﬁdem
375 3074 616 3131 Christi.
649 3076 760 3141 Qui
804 3080 1001 3133 autem
1031 3078 1208 3132 fidem
1256 3080 1545 3151 repudiat,
1578 3083 1635 3134 et
1666 3080 1823 3152 legis

140 3164 296 3237 jura
339 3165 695 3236 praescribit,
749 3166 876 3236 ipse
925 3181 993 3221 se
1041 3169 1291 3223 testatur
1331 3168 1642 3240 injustum,
1690 3169 1828 3240 quia

162 3277 187 3304 ι
214 3253 425 3325 justus
454 3270 531 3309 ex
558 3254 672 3309 fide
699 3254 867 3309 vivit.
908 3276 929 3305 ιι

234 3343 325 3399 25.
376 3343 543 3398 Hanc
586 3359 732 3413 ergo
779 3344 974 3416 legem
1017 3345 1332 3417 quisquam
1376 3349 1679 3419 sequatur,
1713 3363 1830 3419 qua

162 3432 435 3488 firmatur
475 3432 851 3488 Ariminense
897 3435 1233 3506 concilium,
1288 3436 1349 3490 in
1398 3452 1515 3508 quo
1559 3439 1830 3491 creatura

162 3522 362 3577 dictus
384 3525 477 3577 est
494 3521 768 3578 Christus
786 3524 813 3577 ‘2
840 3523 956 3578 Sed
975 3525 1167 3580 aiunt:
1210 3545 1231 3576 ι
1257 3525 1418 3579 Misit
1441 3526 1598 3581 Deus
1616 3525 1831 3582 Filium

164 3626 345 3667 suum
394 3610 612 3666 factum
650 3627 725 3666 ex
754 3612 1021 3684 muliere,
1058 3612 1269 3669 factam
1300 3614 1413 3668 sub
1444 3614 1579 3687 lege
1609 3614 1829 3687 (Galat.

164 3717 245 3770 ιν,
279 3699 361 3769 4).
399 3723 421 3748 ι»
484 3699 644 3772 Ergo
690 3700 910 3756 factum
966 3701 1193 3773 legunt,
1248 3702 1366 3758 hoc
1419 3706 1513 3758 est
1567 3706 1832 3759 creatum

161 3789 379 3844 Nonne
400 3789 516 3844 hoc
535 3790 733 3860 ipsum
753 3790 1151 3859 considerant,
1179 3792 1337 3862 quod
1371 3796 1830 3865 proposuerunt,

161 3878 305 3950 quia
331 3877 527 3933 factus
574 3878 790 3934 dicitur
836 3879 1135 3950 Christus,
1185 3881 1295 3935 sed
1330 3902 1352 3929 ι(
1386 3896 1464 3935 ex
1499 3881 1769 3953 muliere,
1808 3905 1831 3931 ιι

162 3967 281 4023 hoc
303 3971 416 4038 est,
441 3968 769 4023 secundum
799 3971 1031 4039 partum
1067 3969 1332 4042 Virginis
1374 3969 1568 4026 factus
1590 3974 1702 4043 est,
1736 3971 1838 4043 qui

160 4056 501 4112 secundum
512 4056 768 4112 divinam
786 4057 1228 4129 generationem
1243 4075 1318 4113 ex
1330 4059 1501 4116 Patre
1514 4064 1689 4116 natus
1707 4061 1840 4117 est?

160 4146 476 4217 Legerunt
495 4148 552 4200 et
576 4145 774 4215 hodie,
810 4148 948 4217 quia
982 4168 1005 4199 ι
1039 4146 1315 4204 Christus
1345 4164 1458 4204 nos
1485 4151 1736 4205 redemit
1766 4151 1837 4205 de

156 4234 483 4290 maledicto
496 4234 673 4307 legis,
690 4235 883 4290 factus
904 4252 1010 4306 pro
1036 4237 1210 4292 nobis
1229 4237 1600 4294 maledictum
1616 4238 1836 4309 (Galat.

152 4341 246 4394 ιιι,
274 4322 390 4393 13).
414 4345 436 4374 ιι
463 4323 766 4396 Numquid
795 4326 1169 4381 maledictum
1199 4326 1476 4382 Christus
1507 4328 1839 4383 secundum

160 4413 541 4468 divinitatem
586 4415 720 4469 est?
765 4414 883 4470 Sed
928 4431 1110 4486 quare
1152 4416 1528 4471 maledictum
1587 4418 1837 4489 dicatur,

160 4502 497 4572 Apostolus
546 4505 601 4557 te
651 4502 842 4573 docet,
893 4504 1100 4559 dicens
1158 4505 1296 4575 quia
1354 4506 1641 4576 scriptum
1700 4510 1839 4562 est:

166 4613 191 4637 α
231 4590 588 4647 Maledictus
618 4592 814 4647 omnis
861 4593 961 4664 qui
1004 4594 1220 4663 pendet
1260 4594 1320 4647 in
1354 4594 1517 4667 ligno
1549 4595 1775 4666 (111111.),
1813 4620 1834 4644 ιι

1941 2038 2224 2091 sanctos?
2247 2037 2620 2092 Autnescitis
2644 2038 2921 2109 quoniam
2945 2041 3135 2094 sancti
3155 2041 3226 2096 de
3249 2043 3361 2098 hoc
3383 2047 3601 2102 mundo

1934 2125 2288 2197 judicabunt
2323 2124 2381 2195 (Ι
2395 2125 2528 2182 Cor.
2556 2142 2633 2194 γι,
2658 2123 2710 2194 1,
2734 2126 2790 2197 2)
2810 2128 2839 2180 ‘?
2872 2150 2894 2175 ιι
2932 2128 3002 2182 Et
3022 2128 3174 2184 infra
3205 2132 3321 2187 ait:
3354 2132 3453 2188 Sic
3484 2150 3602 2191 non

1937 2217 2031 2269 est
2048 2214 2203 2268 inter
2218 2229 2330 2268 vos
2351 2214 2591 2282 sapiens
2610 2214 2943 2285 quisquam,
2978 2218 3077 2288 qui
3109 2219 3304 2288 possit
3325 2219 3599 2292 judicare

1937 2303 2091 2358 inter
2110 2302 2360 2373 fratres;
2395 2302 2501 2357 sed
2526 2302 2860 2357 fraternum
2880 2303 3055 2360 fratre
3088 2305 3319 2377 judicio
3352 2313 3599 2367 conten-

1938 2392 2022 2447 dit
2066 2394 2122 2446 et
2161 2391 2276 2447 hoc
2324 2390 2478 2461 apud
2529 2391 2798 2446 infideles
2829 2392 3006 2462 (Ibid.
3036 2394 3089 2463 5,
3121 2393 3221 2466 6)?
3253 2396 3431 2453 Vides
3464 2400 3603 2473 quia

1937 2481 2097 2554 quod
2127 2480 2223 2535 ille
2256 2479 2467 2535 obtulit
2510 2483 2711 2534 contra
2758 2482 3162 2539 auctoritatem
3191 2486 3462 2557 Apostoli
3503 2490 3600 2547 sit.

1936 2570 2059 2625 Vos
2093 2570 2291 2642 eligite
2322 2571 2517 2624 utrum
2548 2570 2901 2625 Auxentium
2933 2588 3007 2627 an
3040 2573 3283 2630 Paulum
3314 2578 3483 2650 sequi
3502 2579 3602 2637 de-

1934 2660 2183 2716 beamus
2216 2660 2586 2732 magistrum.

2009 2775 2098 2833 28.
2120 2775 2239 2831 Sed
2260 2774 2402 2847 quid
2423 2775 2615 2830 dicam
2638 2775 2710 2830 de
2731 2776 3038 2849 Apostolo,
3071 2794 3206 2834 cum
3233 2780 3364 2851 ipse
3394 2781 3601 2841 Domi-

1938 2882 2054 2923 nus
2086 2865 2297 2920 clamet
2324 2880 2432 2934 per
2477 2863 2855 2934 prophetam:
2897 2887 2919 2916 α
2954 2868 3168 2923 Audite
3199 2884 3311 2940 me,
3343 2874 3599 2943 populus

1937 2971 2129 3012 meus.
2153 2954 2265 3019 Qui
2284 2953 2453 3007 scitis
2470 2952 2781 3024 judicium,
2807 2970 3056 3025 quorum
3075 2956 3137 3012 in
3159 2960 3335 3014 corde
3352 2960 3450 3016 lex
3472 2978 3601 3020 mea

1938 3048 2032 3102 est
2063 3044 2203 3116 (Isa,
2228 3059 2302 3112 LI,
2327 3042 2405 3112 Ἴ).
2434 3065 2455 3090 ιι
2486 3041 2646 3096 Deus
2678 3042 2856 3098 dicit:
2895 3065 2918 3091 ιι
2954 3045 3165 3101 Audite
3196 3064 3310 3119 me,
3341 3052 3599 3121 pepulus

1938 3150 2128 3190 meus.
2190 3131 2302 3198 Qui
2357 3131 2527 3186 scitis
2568 3130 2903 3205 judicium;
2962 3154 2985 3183 ιι
3044 3135 3377 3193 Auxentius
3422 3140 3596 3198 dicit:

1938 3223 2204 3280 Nescitis
2219 3220 2534 3293 judicium.
2550 3220 2776 3275 Videtis
2791 3222 2927 3292 quia
2941 3222 3067 3294 jam
3084 3223 3269 3279 Deum
3283 3229 3603 3285 contemnit

1867 3299 2001 3368 Cin
2028 3312 2227 3383 vobis,
2258 3310 2361 3382 qui
2399 3309 2751 3365 sententiam
2800 3311 3062 3367 caelestis
3092 3313 3307 3369 refutat
3334 3317 3606 3374 oraculi?

1947 3426 1968 3450 α
2002 3401 2214 3457 Audite
2244 3416 2357 3468 me,
2391 3399 2600 3471 inquit,
2634 3399 2889 3470 populus
2925 3416 3114 3472 meus,
3170 3425 3192 3451 ιι
3229 3403 3371 3460 dicit
3398 3406 3603 3464 Domi-

1940 3508 2076 3547 nus.
2102 3491 2236 3547 Non
2258 3490 2399 3544 dicit
2423 3504 2436 3543 :
2470 3489 2706 3559 Audite,
2740 3491 2972 3560 gentes.
2995 3490 3130 3545 Non
3153 3491 3329 3550 dicit:
3364 3496 3599 3569 Audite,

1940 3581 2155 3636 Judaei.
2180 3580 2312 3634 Jam
2340 3577 2497 3633 enim
2526 3578 2781 3648 populus
2830 3579 2933 3634 Dei
2963 3580 3067 3651 qui
3102 3580 3312 3654 fuerat,
3347 3586 3603 3656 populus

1942 3669 2166 3725 erroris
2180 3671 2272 3723 est
2289 3667 2513 3739 factus;
2536 3670 2594 3721 et
2613 3668 2714 3738 qui
2734 3668 2990 3739 populus
3004 3671 3227 3726 erroris
3257 3676 3400 3743 erat,
3418 3690 3607 3746 pepu-

1941 3758 2037 3813 lus
2070 3757 2175 3812 Dei
2205 3772 2344 3812 esse
2377 3756 2573 3827 coepit,
2607 3756 2744 3827 quia
2773 3757 2835 3811 in
2865 3755 3169 3814 Christum
3197 3761 3465 3817 credidit.
3486 3763 3604 3820 Iste

1943 3862 2088 3919 ergo
2143 3845 2400 3917 populus
2442 3844 2691 3917 judicat,
2741 3845 2918 3919 cujus
2964 3849 3025 3902 in
3072 3850 3250 3905 corde
3279 3850 3377 3906 lex
3405 3852 3606 3909 divina

1943 3940 2055 4007 est,
2089 3951 2209 3991 non
2237 3935 2533 4007 humana;
2581 3934 2681 3990 lex
2710 3950 2830 3990 non
2859 3939 3182 3994 atramento
3226 3942 3467 4011 scripta,
3502 3942 3611 3998 sed

1944 4025 2159 4096 Spiritu
2185 4024 2294 4079 Dei
2320 4024 2481 4095 vivi;
2533 4039 2653 4079 non
2694 4024 2757 4079 in
2802 4025 3024 4099 charta,
3072 4028 3183 4084 sed
3208 4029 3271 4084 in
3309 4031 3487 4087 corde
3520 4032 3609 4088 si-

1943 4117 2121 4188 gnata
2176 4114 2263 4185 (II
2282 4114 2417 4169 Cor.
2452 4130 2535 4185 ιιι,
2575 4113 2673 4185 3):
2731 4113 2832 4170 lex
2887 4117 3117 4189 gratiis,
3176 4134 3295 4175 non
3352 4121 3605 4177 cruoris.

1942 4203 2088 4270 Quis
2119 4203 2302 4275 igitur
2330 4202 2503 4258 vobis
2533 4202 2814 4276 injuriam
2858 4205 3019 4279 facit,
3051 4209 3154 4280 qui
3197 4213 3438 4266 recusat
3462 4226 3606 4266 ves-

1942 4295 2113 4364 tram,
2149 4308 2223 4347 an
2253 4292 2353 4365 qui
2374 4292 2544 4365 eligit
2570 4293 2972 4351 audientiam?

2015 4408 2104 4464 29.
2124 4407 2460 4464 Conclusus
2490 4409 2771 4483 undique,
2796 4412 2869 4466 ad
2885 4414 3207 4469 versutiam
3227 4418 3458 4486 patrum
3479 4430 3613 4471 suo-

1944 4514 2079 4553 rum
2101 4498 2387 4569 confugit.
2412 4498 2497 4552 De
2517 4498 2871 4569 imperatore
2898 4502 3025 4556 vult
3042 4503 3321 4557 invidiam
3342 4519 3607 4558 commo-

1946 4602 2108 4658 vere,
2134 4586 2626 4659 dicensjudicare
2647 4588 2864 4645 debere
2886 4589 3325 4647 adolescentem
3348 4593 3615 4647 catechu-

165 4679 289 4734 hoc
321 4682 434 4749 est,
467 4680 568 4751 qui
602 4680 663 4734 in
694 4696 870 4735 carne
902 4697 1011 4736 sua
1057 4686 1321 4737 nostram
1354 4699 1611 4755 carnem,
1642 4685 1702 4739 in
1734 4699 1844 4739 suo
1872 4659 2205 4747 Dmenum,
2230 4692 2419 4732 sacra;
2440 4677 2712 4732 lectionis
2741 4678 3035 4750 ignarum,
3066 4682 3125 4735 et
3152 4680 3213 4734 in
3244 4680 3605 4736 consistorio

166 4784 427 4839 corpore
476 4771 716 4824 nostras
764 4769 1134 4827 infirmitates
1182 4775 1239 4827 et
1286 4776 1492 4828 nostra
1535 4773 1847 4827 maledicta

170 4858 467 4927 suscepit,
486 4861 548 4912 ut
570 4858 984 4931 cruciﬁgeret;
1018 4877 1136 4915 non
1168 4861 1322 4916 enim
1351 4862 1449 4916 ille
1472 4863 1843 4933 maledictus,

172 4947 285 5002 sed
302 4948 369 5000 in
386 4949 440 5000 te
458 4947 827 5003 maledictus.
843 4948 1109 5021 Denique
1130 4950 1317 5006 habes
1338 4950 1507 5006 alibi:
1539 4974 1560 4998 α
1583 4950 1691 5016 Qui
1710 4966 1847 5021 pec-

172 5039 376 5091 catum
392 5052 511 5091 non
533 5037 832 5108 cognovit,
866 5039 974 5093 sed
1002 5055 1109 5109 pro
1132 5040 1305 5094 nobis
1322 5043 1629 5111 peccatum
1653 5039 1843 5093 factus

173 5128 309 5196 est;
346 5127 482 5197 quia
512 5132 716 5180 nostra
758 5131 1001 5196 peccata
1046 5128 1330 5198 suscepit,
1381 5131 1444 5183 ut
1473 5131 1843 5183 sacramento

178 5231 311 5271 suaa
340 5215 644 5285 passionis
675 5215 937 5271 aboleret
965 5216 1049 5288 (II
1077 5216 1211 5272 Cor.
1237 5234 1293 5288 v,
1328 5217 1435 5289 21),

248 5358 372 5428 (Ἲὸ)
393 5358 563 5413 Rom.
586 5359 723 5413 edit.
750 5358 900 5429 sola,
929 5380 950 5409 α
988 5358 1183 5415 facere
1223 5361 1600 5415 retractandi.
1626 5383 1647 5410 ι»
1675 5358 1849 5415 Forte

182 5446 257 5484 an
288 5445 398 5500 pro
434 5430 658 5502 iterum,
689 5431 995 5496 tractandi,
1032 5432 1169 5502 quia
1205 5431 1328 5502 jam
1360 5448 1513 5487 anno
1544 5434 1853 5502 superiore

182 5504 601 5556 tractaverant.
636 5501 752 5556 Sed
785 5517 904 5557 non
935 5505 1026 5557 est
1056 5501 1162 5557 Cur
1190 5501 1504 5575 propterea
1533 5501 1854 5576 quidquam

186 5576 700 5719 mlzitlggugognitor
729 5659 891 5715 saepe
924 5644 1054 5716 ipse
1102 5644 1293 5717 judex
1321 5647 1433 5717 est,
1466 5645 1569 5719 qui
1608 5661 1857 5719 causam

196 5716 544 5797 cognoscit:
579 5730 741 5793 saepe
757 5716 1267 5795 procuratorlitis,
1293 5718 1388 5775 cui
1416 5716 1570 5795 apud
1594 5717 1857 5796 judicem

1944 4766 2236 4838 judicare.
2274 4765 2457 4831 Quasi
2476 4781 2618 4822 vero
2639 4768 2949 4837 superiore
2981 4783 3136 4823 anno
3159 4771 3394 4841 quando
3414 4771 3487 4825 ad
3516 4786 3617 4842 pa-

1949 4855 2150 4909 latium
2181 4871 2313 4909 sum
2354 4855 2594 4926 petitus,
2656 4871 2789 4910 cum
2820 4858 3222 4926 praesentibus
3268 4860 3620 4930 primatibus

1950 4946 2084 4999 ante
2102 4944 2526 4999 consistorium
2547 4946 2918 5017 tractaretur,
2939 4962 3073 5002 cum
3102 4949 3420 5020 imperatOr
3453 4950 3622 5006 basi-

1952 5033 2127 5087 licam
2144 5033 2319 5087 vellet
2342 5032 2607 5104 eripere;
2646 5048 2760 5106 ego
2778 5037 2919 5090 tunc
2954 5036 3105 5093 aulae
3129 5040 3622 5111 contemplatione

1955 5122 2178 5194 regalis
2227 5121 2517 5177 infractus
2565 5123 2702 5194 sim,
2744 5127 3140 5182 constantiam
3186 5145 3305 5185 non
3334 5130 3626 5185 tenuerim

1956 5210 2307 5283 sacerdotis,
2328 5214 2427 5266 aut
2455 5211 2760 5269 imminuto
2784 5213 2921 5287 jure
2951 5217 3377 5275 discesserim?
3408 5219 3620 5275 Nonne

1956 5354 2238 5429 praasenti
2272 5371 2305 5408 a
2325 5357 2621 5429 praesente
2661 5354 2956 5429 litigatore
2993 5376 3174 5416 causa
3204 5362 3619 5417 committitur:

1960 5442 2120 5496 saepe
2142 5426 2316 5480 etiam
2336 5428 2390 5480 is
2413 5430 2537 5500 est,
2553 5499 2559 5500 ί
2576 5428 2676 5498 qui
2707 5426 2857 5485 alios
2889 5431 2961 5486 de
2994 5435 3148 5487 statu
3170 5450 3278 5487 suo
3302 5434 3627 5500 disceptan-

1958 5501 2049 5572 tes
2070 5513 2400 5572 agnpscere
2424 5514 2490 5572 se
2509 5499 2670 5569 dicit,
2696 5503 2753 5554 et
2782 5517 2986 5557 eorum
3008 5503 3223 5557 natalia
3261 5499 3624 5572 patriamque

1955 5570 2127 5642 docet
2171 5569 2291 5642 Cic.
2345 5571 2406 5642 in
2436 5570 2715 5626 Verrem:
2764 5572 2973 5627 Civum
3023 5569 3354 5629 Romanum
3385 5571 3485 5642 qui
3517 5569 3627 5642 co-

1954 5641 2223 5713 gnitores
2254 5640 2526 5719 homines
2546 5642 2846 5719 honestos
2866 5644 3050 5719 daret,
3084 5645 3379 5700 sublatum
3402 5640 3546 5698 esse
3565 5641 3628 5706 in

1959 5712 2221 5772 crucem.
2253 5712 2336 5775 lta
2366 5714 2659 5773 Nannius.
